3980 6200
1301 235 1322 244 -

341 229 3592 293 m

1388 277 2122 288 κ-ι--α--ο--ο-α--ο-ο-
2145 277 2486 286 ﬂ-—

1573 443 2376 560 PR/EFATIO.

414 842 568 918 Quae
593 839 921 905 Lectorem
957 852 1352 920 prtemonere
1388 851 1701 920 operteat,
1740 860 1864 905 non
1915 850 2038 904 tam
2082 842 2204 905 mei
2240 859 2526 906 muneris
2570 847 2841 908 ornandi
2878 849 3108 924 gratia,
3146 864 3337 928 quam
3375 859 3439 910 ut
3479 849 3590 912 ille

336 941 716 1002 instructior
748 939 822 1000 ad
862 939 1206 1017 legendum
1245 939 1523 1011 accedat,
1563 942 1780 1018 paucis
1811 941 2170 1014 expediam.
2212 942 2711 1004 Commentarios
2738 944 2802 1004 in
2864 945 3088 1007 Isaiam
3154 964 3226 1007 ac
3259 949 3604 1008 Jeremiam

335 1037 782 1115 complectitur
810 1043 1078 1114 quartus
1115 1037 1237 1097 iste
1268 1035 1925 1114 Hieronymianorum
1956 1052 2225 1116 Operum
2257 1044 2488 1099 tomus.
2514 1040 2724 1116 Atque
2750 1038 2848 1100 illi
2879 1041 3142 1118 quidem
3179 1044 3288 1121 qui
3329 1044 3601 1119 priorem

339 1136 709 1210 prephetam
766 1131 1110 1204 explicant,
1176 1131 1396 1192 decem
1441 1140 1503 1191 et
1541 1138 1683 1192 octo
1726 1131 1870 1192 libri
1913 1139 2106 1193 sunt:
2163 1148 2440 1212 quorum
2503 1134 2800 1211 quintus,
2833 1136 2944 1213 qui
3005 1139 3226 1198 decem
3296 1138 3626 1198 Visiones.
3710 1165 3712 1167 >

337 1228 641 1291 historica
696 1228 1146 1306 explanatione
1206 1228 1647 1308 prosequitur,
1717 1229 1830 1288 diu
1889 1231 2233 1305 antequam
2295 1229 2364 1287 in
2435 1228 2810 1288 universum
2893 1229 3266 1308 prophetam
3321 1232 3604 1291 scribere

337 1325 400 1386 S.
470 1328 702 1387 Doctor
757 1324 1178 1396 instituisset,
1236 1327 1314 1386 ab
1363 1325 1508 1401 ipso
1572 1332 1668 1385 est
1699 1321 2145 1395 elucubratus,
2186 1323 2346 1384 hanc
2379 1323 2608 1384 sedulo
2641 1324 2943 1400 exigente
2989 1322 3254 1404 Operam
3302 1327 3588 1388 Amabile

340 1422 553 1481 nescio
590 1439 720 1499 quo
748 1421 1090 1494 Hannoniaa
1121 1421 1411 1499 regionis
1443 1420 1770 1498 episcopo,
1800 1421 1983 1498 cujus
2016 1427 2077 1478 et
2110 1417 2356 1479 nomini
2392 1417 2794 1478 inscribitur.
2836 1421 3054 1480 Postea
3092 1438 3231 1482 cum
3268 1422 3332 1482 in
3370 1441 3435 1483 se
3489 1441 3596 1484 re-

337 1518 612 1593 cepisset
639 1520 862 1579 Isaiam
899 1536 976 1578 ex
1006 1518 1258 1594 integro
1289 1532 1640 1592 exponere,
1677 1534 1824 1577 eum
1862 1532 2123 1595 quoque
2173 1515 2408 1577 librum
2475 1518 2936 1579 commentario
2965 1518 3260 1583 inseruit.
3297 1538 3373 1580 ne
3413 1539 3602 1599 quam

337 1622 520 1674 antea
555 1615 1190 1690 explicueratearum
1228 1613 1563 1674 Visionum
1596 1611 1932 1674 historiam
1969 1610 2297 1688 superﬂuo
2322 1611 3036 1693 replicaret:solamque
3081 1615 3243 1678 adeo
3274 1633 3606 1695 anagogen

341 1709 594 1770 duobus
622 1707 1211 1788 subsequentibus;
1240 1716 1422 1770 sexto
1450 1725 1520 1769 ac
1552 1709 1854 1787 septimo,
1891 1724 2001 1784 per
2024 1710 2244 1771 eadem
2279 1710 2616 1770 Visionum
2671 1711 2873 1787 capita
2922 1729 3283 1783 recurrens,
3339 1723 3604 1793 praeter-

341 1807 536 1867 missa
563 1805 858 1878 historia,
890 1804 1433 1884 investigat.Eum
1464 1821 1656 1882 porro
1677 1803 1960 1865 diximus
1986 1803 2052 1864 in
2089 1805 2256 1866 notis
2291 1804 2785 1881 Chronologicis
2811 1807 2886 1868 ad
2917 1807 3253 1884 epistolam
3284 1811 3347 1870 in
3383 1821 3602 1874 nostra

341 1902 720 1964 recensione
740 1901 818 1963 68
851 1902 924 1962 ad
961 1917 1203 1963 annum
1234 1901 1554 1979 pertinere
1600 1900 1738 1970 397,
1775 1915 1965 1978 quam
2023 1899 2329 1978 epocham
2363 1901 2416 1962 si
2477 1901 2694 1963 denuo
2739 1902 2843 1963 hic
2870 1902 3144 1964 velimus
3199 1910 3602 1981 argumentis

344 2000 648 2079 experiri,
693 1998 886 2060 nimis
919 1999 1118 2059 multa
1155 1998 1430 2060 dicenda
1462 1999 1594 2059 sint
1654 1997 2133 2075 repetendaque
2165 2014 2346 2075 aegra)
2382 1999 2806 2074 valetudinis,
2841 1999 2908 2059 in
2957 2014 3145 2079 quam
3181 2002 3604 2082 subsequenti

345 2111 515 2157 anno
548 2095 982 2172 Hieronymus
1018 2093 1265 2166 incidit,
1306 2105 1450 2155 nota
1489 2091 1901 2170 chronologis
1934 2101 2114 2153 antea
2149 2109 2274 2154 non
2323 2095 2787 2164 animadversa,
2832 2097 3157 2177 multaque
3198 2097 3261 2158 in
3299 2115 3437 2161 eam
3473 2118 3603 2162 rem

344 2193 603 2271 longius
638 2192 1043 2262 arcessenda,
1101 2208 1248 2268 quas
1293 2191 1368 2252 ad
1417 2191 1731 2252 laudatam
1775 2187 2140 2268 epistolam,
2173 2198 2236 2250 et
2263 2191 2338 2251 ad
2375 2189 2447 2252 71
2474 2199 2535 2253 et
2572 2189 2650 2252 72
2703 2201 3070 2272 Opportune
3128 2194 3330 2274 magis
3359 2195 3608 2257 edisse-

347 2289 625 2350 ruimus.
680 2289 863 2349 Nunc
913 2288 1118 2364 ipsius
1157 2286 1616 2350 Commentarii
1672 2286 1736 2347 in
1771 2284 2145 2347 universum
2182 2286 2551 2364 prophetam
2602 2296 2752 2350 aetas
2803 2290 3142 2368 quaerenda
3205 2300 3301 2352 est
3349 2312 3365 2350 :
3428 2293 3601 2370 quod

349 2392 556 2447 tamen
587 2389 805 2462 utpote
839 2383 1013 2462 longi
1043 2383 1262 2463 Operis
1312 2383 1601 2444 studium
1669 2397 1794 2442 non
1827 2380 1940 2442 uui
1972 2395 2138 2440 anno
2193 2383 2625 2462 ascripserim,
2661 2385 2938 2448 maxime
2967 2403 3112 2446 cum
3149 2394 3209 2448 et
3248 2387 3394 2448 aliis
3453 2397 3608 2449 tunc

347 2480 556 2543 fuisse
581 2479 752 2543 curis
786 2481 1166 2554 distentum,
1202 2488 1263 2542 et
1297 2479 1692 2540 notariorum
1725 2476 2042 2538 laborasse
2070 2477 2314 2556 inOpia,
2376 2479 2661 2560 denique
2713 2489 2894 2544 aetate
2937 2491 2999 2543 et
3047 2485 3336 2562 cerporis
3398 2484 3608 2548 imbe-

349 2577 614 2638 cillitate
650 2575 1016 2638 confectum
1057 2594 1125 2638 se
1150 2576 1213 2638 in
1239 2572 1726 2638 Praefationibus
1766 2573 2072 2635 librorum
2121 2574 2312 2637 dicat.
2350 2578 2429 2636 At
2468 2577 2622 2638 satis
2652 2578 2913 2657 quidem
2949 2581 3200 2641 erudite
3244 2580 3604 2644 Tillemon-

349 2675 482 2736 tius
509 2675 836 2751 inceptum
878 2689 1044 2752 Opus
1076 2689 1246 2736 anno
1277 2672 1395 2734 1.08
1427 2669 1982 2749 subsequentibus
2017 2687 2188 2732 nono
2228 2678 2338 2732 aut
2383 2670 2634 2735 decimo
2672 2691 2869 2752 supra
2890 2676 3599 2753 quadringentesimum

350 2769 676 2847 expletum
711 2768 1196 2847 perfectumque
1228 2769 1572 2830 arbitratus
1609 2774 1726 2828 est.
1760 2765 2130 2844 Conjecerat
2159 2769 2331 2830 enim
2379 2769 2753 2832 Stilichonis
2808 2788 3057 2847 necem,
3095 2790 3236 2852 quas
3265 2775 3413 2835 anni
3484 2769 3608 2838 £08

352 2855 571 2928 mense
600 2869 886 2944 Augusto
919 2875 1158 2946 patrata
1192 2874 1314 2939 est,
1342 2865 1630 2926 denotari
1666 2863 1734 2924 in
1771 2863 2090 2924 undecimi
2143 2861 2289 2925 libri
2325 2864 2703 2928 Prmfatione
2755 2866 2838 2928 iis
2872 2869 3122 2942 verbis,
3165 2869 3398 2948 quibuts
3431 2888 3501 2932 se
3529 2873 3610 2934 ab

351 2963 620 3040 impacta
656 2963 1000 3036 calumnia,
1033 2966 1208 3043 quod
1273 2963 1613 3024 Barbarum
1646 2958 1916 3020 Romani
1953 2959 2178 3021 ducem
2212 2962 2528 3024 exercitus
2561 2963 2994 3042 suggillasset,
3051 2975 3276 3042 purgat
3313 2968 3608 3030 sanctiss.

352 3060 754 3133 Doctor,Nec
797 3069 910 3133 est,
948 3060 1270 3138 inquiens,
1327 3056 1645 3138 generalis
1695 3057 2042 3135 disputatio
2099 3059 2285 3119 unius
2329 3077 2610 3137 persona:
2640 3060 2882 3140 injuria
2921 3081 2939 3120 :
2983 3078 3115 3140 qua:
3149 3079 3288 3120 cum
3339 3061 3608 3143 benigno

348 3174 625 3218 meorum
648 3155 860 3218 studio
886 3164 1236 3229 caveretur,
1276 3155 1391 3216 Dei
1401 3153 1652 3236 judicio
1682 3161 1932 3232 repente
1952 3153 2200 3215 sublata
2233 3165 2346 3217 est.
2383 3157 2650 3231 Verum,
2689 3163 2758 3218 ut
2805 3156 2938 3220 hmo
2971 3174 3276 3237 perquam
3321 3163 3606 3238 proxima

357 3258 606 3318 veritati
638 3256 1002 3334 conjectura
1036 3255 1143 3326 sit,
1195 3271 1344 3316 eum
1375 3253 1638 3332 quidem
1676 3251 1912 3313 librum
1938 3251 2310 3314 Stilichonis
2364 3253 2785 3331 posteriorem
2821 3263 3020 3316 morte
3053 3264 3244 3325 ἁπλῶς
3276 3271 3441 3329 esse,
3478 3275 3610 3320 non

352 3360 564 3416 autem
595 3362 840 3432 quanto
869 3350 1177 3429 temporis
1207 3351 1440 3428 spatio,
1477 3348 2318 3421 indicaverit.Quamobrem
2350 3349 2590 3412 certior
2611 3351 2816 3413 multo
2839 3351 2981 3428 ejus
3013 3349 3275 3430 epochm
3309 3355 3469 3414 ratio
3489 3363 3610 3429 est,

354 3466 499 3530 quas
527 3466 604 3510 ex
623 3449 899 3510 aliarum
948 3449 1115 3509 serie
1150 3445 1661 3509 lucubrationum
1695 3444 2044 3522 colligitur,
2079 3451 2310 3507 etcum
2349 3445 2575 3522 primis
2609 3446 3065 3509 Commentarii
3098 3451 3164 3510 in
3185 3448 3610 3522 Ezecliielem,

355 3563 546 3626 quem
573 3563 717 3608 cum
751 3545 1003 3606 ineunti
1041 3561 1210 3606 anno
1243 3544 1347 3605 [ill
1390 3543 1811 3614 ascribamus,
1845 3557 1957 3618 pro
2011 3550 2184 3604 certo
2234 3557 2496 3620 quoque
2537 3541 2868 3616 habemus,
2925 3552 3180 3607 auctore
3214 3546 3349 3624 ipse
3392 3547 3614 3625 fideju-

358 3643 628 3703 bentein
662 3641 1064 3713 Praal‘atione,
1111 3657 1332 3702 recens
1364 3643 1620 3717 expleto
1653 3638 1718 3698 in
1751 3637 1980 3698 Isaiam
2016 3637 2514 3708 Commentario,
2552 3637 2949 3701 inchoatum.
2974 3641 3240 3715 Finitis,
3276 3642 3509 3721 inquit,
3544 3644 3615 3704 in

361 3741 593 3801 Isaiam
624 3739 828 3801 decem
849 3748 906 3800 et
932 3747 1068 3800 octo
1099 3736 1649 3817 Emplanationum
1672 3731 2116 3804 voluminibus,
2168 3732 2250 3792 ad
2286 3732 2704 3795 Ezechiel.....
2731 3737 3006 3795 transire
3039 3737 3489 3816 cupiebam.....
3527 3739 3615 3798 Et

284 3908 293 3916 ι
367 3853 498 3895 ecce
551 3834 760 3896 subito
800 3853 970 3895 mors
1013 3835 1174 3896 mihi
1215 3835 1603 3897 Pammachii
1656 3842 1839 3913 atque
1887 3825 2223 3900 Marcella,
2282 3829 2576 3889 Romana:
2626 3830 2807 3891 urbis
2845 3830 3113 3906 obsidio,
3159 3830 3615 3912 multorumque

357 3933 638 4010 fratrum
669 3941 725 3994 et
752 3927 1043 3993 sororum
1073 3933 1369 3994 dormitio
1405 3932 1700 3992 nuntiata
1748 3938 1859 4000 est,
1882 3936 1943 3990 et
1972 3933 2223 3998 cmtera,
2255 3940 2399 4002 quae
2437 3941 2566 3984 uno
2592 3931 2812 3988 tenore
2859 3927 3372 4006 subsequuntur,
3407 3928 3612 3989 idem-

361 4047 484 4107 que
510 4036 763 4108 tempus
780 4030 1144 4107 designant.
1185 4028 1483 4092 Vicissim
1510 4045 1590 4089 ne
1624 4026 1840 4105 operis
1864 4023 2124 4085 initium
2155 4027 2300 4082 ante
2323 4019 3029 4100 quadringentesimum
3057 4021 3372 4084 decimum
3399 4033 3610 4102 putes,

361 4123 483 4188 hoc
516 4133 681 4187 vetat
716 4141 869 4186 sane
913 4125 1504 4187 luculentissimum
1547 4121 1992 4185 testimonium
2026 4118 2090 4179 in
2124 4115 2616 4181 Commentariis
2653 4115 2721 4177 in
2749 4115 2964 4194 ipsum
2995 4118 3226 4179 Isaiam
3264 4120 3458 4180 tertio
3491 4131 3615 4180 sta-

363 4225 475 4283 tim
511 4222 670 4283 li’bro
705 4238 719 4281 :
763 4222 848 4281 De
871 4221 986 4282 hac
1034 4219 1676 4301 Visione(Seraphim)
1701 4228 1844 4278 ante
1865 4233 2062 4276 annos
2094 4213 2352 4274 circiter
2370 4211 2639 4290 triginta
2664 4229 2801 4271 cum
2824 4213 3612 4292 essem'Constantinopoii,
3643 4197 3672 4275 ἱ

361 4326 419 4377 et
470 4317 640 4396 apud
691 4317 896 4378 virum
963 4316 1536 4396 eloquentissimum
1581 4315 1956 4393 Gregorium
1992 4310 2464 4373 Nazianzenum
2521 4317 2668 4370 tunc
2704 4309 2976 4388 ejusdem
3023 4308 3201 4371 urbis
3263 4313 3618 4390 episcopum

358 4424 720 4474 sanctarum
737 4413 1214 4492 Scripturarum
1243 4412 1474 4472 studiis
1505 4410 1819 4482 erudirer,
1845 4410 1972 4470 scio
2006 4425 2100 4468 me
2133 4405 2376 4467 brevem
2399 4407 2670 4469 dictasse
2722 4407 3112 4490 subitumque
3140 4417 3500 4484 tractatum,
3543 4423 3617 4471 ut

359 4512 856 4589 experimentum
909 4527 1187 4588 caperem
1227 4506 1533 4586 ingenioii
1561 4508 1704 4567 mei.
1742 4506 1822 4567 Ili
1855 4505 2028 4568 enim
2091 4505 2348 4584 triginta
2402 4504 2605 4567 ferme
2661 4505 2811 4566 anni
2860 4505 2938 4567 ab
2980 4506 3375 4585 octogesimo
3405 4507 3614 4585 primo

363 4623 569 4684 coque
601 4608 814 4668 medio
847 4622 1037 4685 supra
1078 4604 1596 4666 trecentesimum
1621 4599 2032 4683 computandi
2064 4608 2215 4662 sunt
2251 4616 2264 4660 :
2317 4615 2447 4678 quo
2484 4605 2770 4679 tempore
2816 4601 3169 4680 Gregorius
3209 4602 3398 4680 regite
3431 4601 3611 4663 urbis

364 4701 728 4764 cathedram
789 4704 1017 4776 tenuit,
1052 4716 1086 4762 a
1114 4699 1284 4762 Maio
1319 4697 1566 4761 scilicet
1595 4705 1736 4776 post
1763 4697 2134 4777 abrogatum
2167 4696 2518 4758 Maximum
2557 4695 2862 4776 Cynicum
2903 4699 2979 4759 ad
3011 4697 3257 4760 Julium
3301 4715 3611 4774 mensem,

361 4816 494 4876 quo
549 4815 692 4860 sese
749 4797 892 4877 ipse
936 4797 1000 4858 in
1038 4796 1436 4860 meumenico
1483 4793 1770 4855 Concilio
1830 4793 2172 4856 abdicavit.
2233 4797 2443 4871 Atque
2483 4793 2667 4869 adeo,
2702 4801 2768 4855 ut
2802 4793 3240 4856 brevissimam
3298 4794 3612 4857 rationem

361 4897 566 4969 ineas,
618 4911 690 4956 ac
738 4902 923 4972 putes
969 4893 1368 4954 tricesimum
1419 4889 1547 4952 dici
1581 4890 1865 4953 rotundo
1909 4906 2204 4962 numero,
2238 4890 2353 4969 qui
2397 4881 2836 4954 annus‘fuerit
2865 4889 3435 4964 undetricesimus,
3468 4909 3608 4954 eam

359 5006 679 5052 summam
707 4989 1033 5056 conﬁcias.
1061 4997 1128 5050 ut
1155 4987 1379 5050 saltem
1402 4986 1653 5048 decimo
1692 5003 1883 5064 supra
1919 4986 2631 5067 quadringentesimum
2665 5004 2834 5051 anno
2893 4989 3208 5066 inceptam
3262 4987 3401 5067 eius
3453 5005 3610 5068 pro-
3662 5023 3668 5028 -

363 5085 573 5163 pheta:
607 5085 1134 5164 Explanationem
1165 5083 1450 5146 fatearis.
2047 5128 2053 5133 -

445 5181 566 5254 Qui
600 5182 759 5242 hanc
797 5180 1128 5259 excipiunt
1159 5180 1226 5241 in
1276 5178 1622 5242 Jeremiam
1659 5178 2194 5254 Commentarios,
2224 5177 2372 5241 aliis
2418 5177 2692 5242 subinde
2731 5178 3354 5252 elucubrationibus,
3415 5186 3605 5258 prout

364 5297 468 5341 res
496 5277 764 5353 ferebat,
798 5278 1244 5359 interpellatus
1276 5279 1338 5340 S.
1370 5279 1596 5338 Doctor
1622 5292 1739 5354 per
1767 5273 2104 5338 intervalla
2138 5275 2441 5338 dictavit:
2465 5277 2716 5356 hocque
2752 5275 2884 5338 fere
2918 5285 3315 5356 postremum
3352 5285 3448 5338 est
3474 5277 3613 5355 ejus

361 5375 612 5453 ingenii
643 5375 1109 5437 monimentum
1140 5383 1202 5435 et
1235 5373 1643 5451 labor,quem
1687 5371 1794 5434 ﬁni
1847 5373 2211 5451 proximum
2262 5389 2457 5447 mors,
2493 5379 2602 5435 aut
2641 5389 2786 5450 quae
2818 5385 3089 5436 mortem
3145 5373 3403 5453 prmivit
3440 5390 3608 5452 aagra

361 5470 686 5541 valetudo,
727 5487 1071 5550 rerumque
1113 5469 1412 5533 Ecclesia:
1453 5468 1520 5530 in
1556 5471 1755 5550 pejus,
1786 5468 2237 5544 dilabentium,
2279 5469 2520 5550 quibus
2579 5465 2773 5532 ferret
2817 5471 3188 5549 suppetias,
3226 5469 3605 5534 vicissitudo

360 5564 727 5643 intercepit.
763 5565 1166 5628 Absolvendo
1189 5565 1371 5645 operi
1407 5581 1576 5628 unus
1621 5564 1809 5628 modo
1843 5573 1954 5628 aut
1982 5568 2167 5644 alter,
2201 5583 2332 5648 quo
2362 5566 2665 5631 historica
2693 5569 2974 5633 narratio
3002 5569 3406 5634 contractiori
3442 5574 3607 5649 style

681 5675 956 5734 ΡΑτιωι.
996 5672 1220 5736 XXIV.

159 5805 861 5990 θ’θ’
1322 5792 1585 5852 ”
