3962 6192
439 305 503 370 :3
675 263 683 271 ’
1857 310 2274 382 casamo.
3612 328 3676 394 it

431 422 744 499 perimus,
801 429 873 486 ut
932 428 1093 489 nihil
1147 443 1370 490 eorum
1407 429 1984 508 prmtermittamus,
2035 451 2177 511 qum
2205 437 2277 496 ad
2302 436 2658 498 universam
2693 439 3344 517 Hieronymianorum
3403 456 3672 520 cperunt

425 519 874 583 collectionem
899 523 1044 602 jure
1083 526 1467 603 pertineant,
1502 528 1807 608 Origenis
1841 529 1908 590 in
1946 529 2170 591 Isaiam
2203 530 2516 592 Homilias
2548 550 2694 612 quas
2740 543 3089 610 supersunt
3117 537 3380 598 omnino
3418 554 3672 617 novem,

427 617 648 679 Latine
708 617 860 680 olim
899 619 1262 698 explicatas,
1327 641 1680 702 suppresso
1710 625 2087 703 Interpretis
2144 627 2446 701 nomine,
2485 630 2656 707 quod
2718 629 2862 690 illas
2898 631 3110 693 Critici
3167 632 3454 710 impense
3501 635 3669 697 docti

424 712 822 791 Hieronymo
849 716 1151 788 tribuant,
1186 735 1553 796 quanquam
1598 737 1806 791 secus,
1852 729 1920 781 ut
1959 720 2290 798 probatum
2328 724 2527 794 imus,
2563 741 2662 784 res
2719 724 2963 798 habeat,
3003 727 3126 788 huc
3185 729 3414 791 ascitas
3466 729 3670 808 jussi-

424 816 831 885 mus,utpote
863 813 1170 874 vernilem
1207 814 1490 874 sobolem
1519 818 1840 893 germanis
1874 815 2113 878 fetibus
2143 819 2524 880 subs-rvire.
2554 821 2672 893 Qui
2711 821 2848 882 illas
2883 823 2993 884 abs
3018 825 3392 904 Hieronymi
3426 828 3668 890 calamo

421 901 732 980 profectas
761 905 1002 979 volunt,
1042 918 1108 967 ut
1148 911 1486 986 plerosque
1526 910 1689 971 alios
1721 912 2033 982 omittam,
2075 914 2376 991 principui
2413 923 2562 977 sont
2595 917 2683 977 rei
2736 917 3056 980 Iitterarire
3089 901 3437 994 triumviri,
3484 925 3663 986 Eras-

423 1011 587 1066 mus,
622 997 902 1060 Huelius
973 1017 1045 1062 ac
1074 1002 1554 1066 Tillemontius.
1602 1010 1806 1084 Atque
1843 1010 2136 1068 Erasmus
2171 1010 2435 1086 quidem
2475 1028 2549 1070 ex
2580 1027 2654 1072 eo
2691 1012 2933 1089 probat,
2966 1014 3139 1092 quod
3168 1015 3308 1091 ipse
3337 1016 3396 1076 S.
3431 1019 3665 1079 Doctor

418 1095 779 1154 testeturin
828 1096 1125 1173 Cetalogo
1181 1099 1300 1158 tale
1351 1099 1682 1175 quidpiam
1717 1118 1791 1161 ex
1827 1101 2322 1166 Commentariis
2365 1107 2665 1184 Origenis
2700 1108 2764 1168 in
2817 1109 3040 1169 Isaiam
3079 1111 3298 1171 Latine
3345 1129 3415 1173 se
3447 1115 3663 1174 reddi-

417 1187 616 1263 disse,
641 1189 744 1250 ubi
789 1192 1118 1252 recensitis
1153 1193 1602 1270 duodeviginti
1641 1196 2067 1258 inJeremiam
2113 1208 2303 1279 atque
2333 1203 2731 1263 Ezechielem
2778 1205 3105 1276 Homiliis,
3144 1223 3301 1284 quas
3343 1209 3420 1268 de
3443 1211 3662 1272 Graico

415 1283 777 1345 Adamantii
806 1287 1058 1348 Latinas
1090 1287 1345 1358 fecerat,
1376 1290 1533 1351 alias
1555 1290 1773 1368 jungit
1804 1294 1890 1352 De
1919 1293 2271 1372 Seraphim,
2298 1307 2353 1357 et
2374 1296 2648 1359 Osanna.
2675 1299 2747 1358 Et
2789 1317 2937 1361 vero
2962 1301 3038 1360 de
3069 1301 3458 1380 Serapbimis
3492 1312 3664 1368 stan-

417 1379 591 1438 tibus
623 1398 818 1456 super
848 1383 1081 1444 solium
1115 1385 1362 1447 Domini
1401 1387 1543 1448 Isai.
1583 1405 1666 1456 v1,
1696 1388 1756 1457 2,
1795 1389 1964 1464 prior
1999 1391 2260 1454 istarum
2287 1412 2430 1473 quae
2461 1404 2810 1474 supersunt
2833 1379 3255 1459 Homiliarum
3282 1401 3434 1476 agit.
3453 1402 3656 1475 Quam

419 1477 560 1539 leve
593 1488 798 1542 tamen
832 1492 1278 1560 argumentum
1317 1484 1432 1546 hoc
1463 1486 1546 1546 sit
1591 1487 1665 1547 ad
1703 1487 2098 1563 probandum
2131 1500 2190 1550 et
2223 1492 2503 1569 reliquas
2528 1536 2544 1563 ,
2594 1509 2736 1570 quas
2781 1494 2940 1554 alias
2978 1494 3279 1556 Visiones
3335 1510 3656 1566 enarrant,

414 1575 878 1654 Hieronymum
903 1577 1134 1640 habere
1167 1581 1601 1656 interpretem,
1648 1599 1841 1643 nemo
1890 1599 2014 1644 non
2053 1586 2268 1644 sentit.
2330 1588 2448 1646 Sed
2487 1587 2644 1648 illud
2681 1590 2968 1665 apprime
2997 1589 3250 1661 falsum,
3289 1593 3538 1655 laudato
3587 1596 3661 1656 de

414 1669 742 1746 Seraphim
779 1680 1174 1751 syntagmate
1209 1675 1534 1751 quidpiam
1608 1677 1897 1736 denotari
1935 1678 2131 1752 aliud,
2178 1698 2366 1758 quam
2422 1700 2563 1760 qum
2610 1685 2690 1744 ita
2753 1685 3131 1746 inscribitur
3173 1688 3247 1748 ad
3312 1691 3657 1752 Damasum

417 1767 802 1840 epistola,ac
836 1786 1171 1829 numerum
1202 1769 1264 1830 in
1314 1777 1527 1830 nostra
1568 1772 1944 1832 recensione
1978 1774 2294 1836 decimum
2334 1785 2616 1840 octavum
2653 1787 2821 1840 tenet
2847 1803 2861 1840 :
2890 1797 3162 1860 quasque
3185 1789 3425 1843 tantum
3451 1785 3654 1855 abest,

415 1875 479 1921 ut
513 1863 591 1923 ab
629 1864 848 1954 aliquo
886 1864 1179 1942 Origenis
1215 1872 1480 1926 traclatu
1515 1872 1846 1942 desumpta
1886 1869 1979 1929 sic
2025 1872 2238 1935 Latine
2263 1875 2568 1936 adornata
2589 1877 2782 1944 sit,ut
2804 1878 3011 1954 potius
3032 1887 3248 1940 contra
3280 1879 3486 1958 ipsius
3508 1882 3646 1943 Ori-

413 1961 596 2036 genis
657 1945 1036 2022 sententiam
1101 1978 1228 2023 non
1290 1963 1486 2024 semel
1557 1969 1819 2041 pugnet.
1876 1965 2322 2030 Verosimilior
2351 1972 2588 2032 Huetio
2642 1973 3002 2050 conjectura
3045 1974 3291 2050 capitur
3348 1993 3428 2037 ex
3478 1979 3647 2056 stylo

415 2054 799 2136 deiectuque
833 2058 1188 2121 dictionum
1221 2059 1671 2137 quarumdam,
1705 2075 1863 2136 quas
1891 2059 2319 2140 frequentius,
2368 2067 2473 2139 ait,
2514 2067 2635 2127 sibi
2676 2069 3107 2146 Hieronymus
3133 2072 3444 2133 asciscere
3465 2054 3653 2137 amat.

411 2151 584 2224 Quas
621 2152 858 2230 profert
891 2153 956 2214 in
988 2155 1376 2230 exemplum,
1412 2153 1510 2216 ha)
1537 2161 1688 2215 sunt
1725 2176 1739 2213 :
1776 2151 2152 2224 Absconsus,
2174 2157 2565 2229 Dominicus,
2607 2163 3106 2237 nuncupatione;
3130 2162 3508 2239 principale,
3540 2182 3654 2242 pro

414 2264 493 2310 eo
519 2249 688 2328 quod
739 2257 834 2311 est
866 2259 930 2311 τὸ
951 2259 1278 2330 ἡγεμονικόν
1299 2276 1314 2326 ;
1339 2251 1711 2328 principari
1739 2252 1956 2322 alicui,
1980 2251 2393 2329 principalis,
2411 2253 2765 2331 prophetes,
2800 2257 3189 2333 repromitto,
3221 2260 3649 2335 repromissio,

409 2347 893 2424 speculatorias,
924 2346 1414 2427 turpiloquium,
1443 2345 1750 2420 Zabulus,
1785 2357 2010 2409 cuncta
2047 2348 2554 2424 Evangeliorum.
2619 2351 2746 2425 Ego
2778 2367 2925 2412 vero
2957 2368 3031 2411 ex
3083 2350 3181 2411 his
3214 2355 3504 2430 quadam
3537 2373 3643 2418 se-

411 2442 660 2520 quioris
690 2443 1044 2504 Latinitatis
1082 2446 1407 2516 vocabula,
1439 2451 1507 2505 ut
1538 2451 1712 2517 sunt,
1741 2445 2624 2521 nuncupativus,principari,
2645 2444 3126 2522 speculatorias,
3161 2447 3650 2526 turpiloquium,

412 2546 640 2598 cuncta
671 2537 1186 2616 Evangeliorum,
1224 2547 1418 2616 atque
1457 2538 1555 2598 his
1581 2537 1844 2608 similia,
1884 2538 2120 2598 nedum
2167 2536 2603 2616 frequentiora
2631 2555 2775 2600 esse
2807 2540 2872 2600 in
2919 2542 3296 2621 Hieronymi
3364 2545 3648 2624 scriptis,

415 2651 695 2712 pernego
750 2652 1012 2712 prorsus
1051 2635 1356 2698 inveniri.
1394 2636 1663 2713 [telique
1709 2636 1760 2696 si
1816 2637 2074 2713 quando
2123 2631 2390 2694 fortasse
2431 2642 2790 2708 occurrant,
2829 2651 2957 2697 non
3015 2636 3153 2714 ejus
3211 2641 3464 2717 propria
3511 2657 3649 2704 esse
3737 2690 3744 2697 .

412 2732 754 2803 contendo,
782 2732 894 2792 sed
927 2732 1014 2792 illi
1051 2749 1192 2793 cum
1263 2732 1564 2800 universo
1629 2731 2010 2807 scriptorum
2064 2729 2204 2807 ejus
2241 2729 2359 2790 aevi
2418 2729 2612 2790 choro
2653 2732 3040 2792 communia.
3071 2732 3178 2792 Ait
3215 2733 3468 2809 deinde,
3503 2753 3646 2798 cum

409 2842 576 2887 nona
634 2844 713 2886 ex
763 2827 864 2889 his
917 2828 980 2889 in
1020 2828 1248 2889 Isaiam
1291 2827 1586 2890 Homiliis
1626 2836 1938 2904 postrema
1991 2825 2096 2886 sui
2129 2833 2301 2902 parte
2347 2833 2632 2885 truncata
2677 2825 2759 2885 sit
2804 2825 2868 2886 in
2914 2827 3103 2886 editis
3160 2844 3342 2907 asque
3389 2846 3460 2891 ac
3493 2847 3647 2894 mss.

413 2923 611 2995 libris,
649 2924 841 3000 eique
883 2923 1262 3001 supplendas
1285 2926 1562 2985 detracta
1588 2923 1740 2984 olim
1776 2921 1966 2982 fuerit
1996 2926 2314 2997 postrema
2350 2935 2494 2998 pars
2536 2919 2837 2982 Homilitn
2877 2921 3100 2983 itidem
3159 2939 3348 2985 nomn
3377 2924 3441 2985 in
3477 2927 3653 2988 lere-

411 3018 628 3090 miam,
652 3036 842 3097 quam
876 3036 1066 3082 nemo
1091 3022 1360 3094 dubitat,
1394 3019 1766 3094 Hieronymi
1807 3015 2400 3090 interpretationem
2435 3032 2600 3085 esse,
2632 3014 2816 3080 facile
2873 3017 3010 3078 fieri
3072 3019 3389 3094 potuisse,
3435 3029 3504 3082 ut
3573 3022 3652 3083 li-

409 3111 660 3174 brarius
696 3115 1098 3192 imprudens,
1135 3118 1211 3176 ad
1244 3115 1723 3178 describendam
1761 3122 2139 3179 postremam
2189 3110 2369 3172 illius
2421 3119 2700 3190 partem,
2738 3111 2806 3173 in
2840 3111 3029 3190 hujus
3077 3123 3460 3190 postremam
3499 3134 3652 3181 casu

409 3201 745 3285 inciderit;
784 3210 930 3274 hinc
963 3227 1111 3273 vero
1143 3227 1273 3273 non
1308 3211 1500 3273 inane
1523 3211 1694 3272 sumi
1729 3217 2178 3289 argumentum
2231 3207 2658 3268 Homiliarum
2699 3207 2764 3268 in
2800 3208 3027 3270 Isaiam
3072 3225 3196 3272 non
3231 3228 3418 3273 secus
3452 3214 3652 3276 inter-

412 3315 654 3386 pretem
690 3305 887 3370 fuisse
934 3309 1407 3387 Hieronymum
1453 3324 1524 3371 ac
1545 3308 1969 3370 Homiliarum
1997 3305 2066 3366 in
2097 3303 2467 3367 Jeremiam.
2496 3303 2773 3365 Dixisset
2819 3304 2970 3391 hinc
3011 3306 3252 3384 colligi,
3287 3311 3461 3386 quod
3503 3327 3650 3388 pro-

408 3402 576 3464 fecto
611 3420 810 3465 unum
856 3411 1087 3480 potest,
1122 3405 1442 3483 conjectas
1466 3405 1529 3466 in
1559 3421 1758 3466 unum
1780 3398 2316 3479 Origenianorum
2344 3400 2633 3506 (operum.
2655 3399 2980 3506 exemplar
3018 3400 3086 3506 ip
3117 3411 3460 3506 utrumque
3504 3423 3651 3506 pro-

411 3498 662 3578 phetam
695 3499 1032 3574 Homilies,
1071 3499 1244 3560 nulla
1280 3500 1671 3578 interpretis,
1717 3509 1783 3560 ut
1830 3497 2129 3560 usuvenit
2153 3499 2218 3556 in
2251 3495 2530 3573 antiquis
2570 3494 2777 3568 libris,
2806 3496 2916 3557 sed
2949 3494 3234 3559 auctoris
3262 3499 3510 3562 ratione
3536 3504 3650 3561 ha-

411 3595 576 3657 bita:
610 3596 804 3673 idque
845 3613 1045 3657 unum
1072 3596 1263 3656 veteri
1303 3595 1566 3656 librario
1599 3595 1805 3655 fraudi
1842 3594 2071 3662 fuisse,
2113 3593 2290 3671 quod
2322 3609 2560 3654 nonum
2605 3603 2878 3670 utraque
2913 3591 3121 3653 locum
3157 3594 3498 3656 obtineret.
3524 3597 3644 3659 Sed

403 3690 537 3766 jam
563 3690 962 3752 Tillemontii
989 3703 1361 3769 argumenta
1386 3692 1849 3768 expendamus.
1869 3690 2166 3756 Rutinus,
2193 3688 2280 3747 ait
2303 3687 2435 3756 ille,
2455 3695 2517 3748 ul
2537 3687 2774 3748 favoris
2804 3687 2868 3747 in
2901 3687 3244 3763 Origenem
3270 3691 3643 3769 Hieronymi

409 3787 708 3864 exemplo
747 3786 1183 3864 sustiicionem
1247 3793 1564 3864 purgaret,
1598 3801 1742 3846 eum
1792 3783 2014 3844 scribit
2081 3781 2145 3840 in
2201 3780 2441 3842 Praelat.
2476 3783 2581 3842 ad
2649 3781 2883 3842 librum
2921 3781 2993 3841 de
3028 3781 3404 3860 Principiis,
3469 3787 3645 3847 ultra

408 3883 812 3960 septuaginta
845 3881 1085 3944 libellos
1117 3881 1436 3958 Origenis,
1469 3899 1617 3959 quos
1658 3879 2062 3941 IIomileticos
2093 3874 2475 3955 appellavit,
2512 3879 2932 3937 transtulisse.
2985 3877 3048 3938 Si
3095 3880 3405 3940 rationem
3465 3881 3642 3943 ineas

411 3998 486 4040 ex
521 3978 847 4050 omnibus,
874 3977 1345 4055 duodetriginta
1377 3977 1439 4036 in
1476 3977 1812 4037 Jeremiam
1849 3980 1909 4037 et
1956 3973 2369 4049 Ezechielem,
2403 3974 2660 4053 triginta
2715 3989 2976 4051 quoque
3010 3990 3238 4037 novem
3281 3977 3346 4038 in
3378 3979 3637 4054 Lucani,

408 4092 552 4136 cum
607 4076 855 4136 duabus
919 4075 980 4134 in
1024 4073 1347 4134 Canticum
1393 4073 1810 4146 canticorum,
1860 4071 2120 4132 nonnisi
2168 4071 2492 4149 sexaginta
2553 4087 2780 4132 novem
2832 4087 3144 4132 summam
3175 4072 3513 4147 conﬁcias;
3574 4085 3642 4136 ut

410 4171 572 4232 nihil
602 4171 762 4232 adeo
781 4170 859 4230 sit
895 4167 1190 4240 dubium,
1233 4167 1660 4227 numerandus
1691 4166 1880 4227 simul
1913 4184 2053 4228 esse
2077 4167 2230 4227 istas
2276 4169 2340 4228 in
2368 4167 2620 4239 Isaiam,
2653 4181 2814 4243 quas
2838 4166 3249 4242 nominatim,
3304 4168 3414 4229 lib.
3463 4186 3505 4232 Il
3539 4171 3641 4230 In-

407 4269 788 4329 vectivarum
823 4282 998 4325 num.
1026 4265 1126 4334 26,
1174 4262 1259 4324 ait
1291 4261 1492 4323 fuisse
1521 4263 1632 4323 abs
1657 4261 2081 4340 Hieronymo,
2115 4282 2260 4327 cum
2310 4265 2527 4327 Latine
2565 4265 3006 4338 redderentnr,
3038 4265 3361 4328 Catholico
3385 4269 3634 4342 sensui,

407 4362 788 4444 quibusdam
823 4360 1199 4432 immutatis,
1235 4359 1765 4421 accommodatas.
1799 4359 1884 4420 De
1921 4361 2038 4422 hoc
2075 4361 2274 4424 altero
2305 4360 2673 4424 testimonio
2706 4376 2853 4421 mox
2895 4359 3143 4421 dicam:
3178 4377 3350 4428 nunc
3383 4364 3460 4423 ad
3507 4364 3637 4437 pri-

410 4478 581 4522 mum
609 4460 782 4538 quod
814 4475 893 4518 ex
931 4472 1180 4518 summa
1219 4455 1548 4518 conficitur
1580 4463 2054 4533 argumentum,
2088 4457 2243 4519 nihil
2278 4457 2398 4520 hoc
2429 4457 2662 4519 mirum
2695 4472 2838 4516 esse
2869 4455 2998 4529 aio,
3038 4455 3094 4515 si
3125 4471 3284 4532 quas
3309 4462 3639 4535 sexaginta

407 4573 634 4618 novem
687 4569 828 4614 esse
860 4551 1243 4629 colligimus,
1293 4553 1564 4613 Ruﬁnus
1597 4551 1834 4613 dixerit
1885 4552 2050 4614 ultra
2101 4553 2531 4632 septuaginta,
2581 4557 2652 4614 ut
2699 4550 3001 4625 rotundo,
3044 4551 3219 4628 quod
3263 4552 3398 4612 fieri
3447 4563 3636 4626 ιιυιιι,

405 4667 677 4714 numero
723 4657 1008 4710 uteretur
1046 4670 1060 4709 :
1099 4646 1388 4710 nonnihil
1428 4648 1620 4710 etiam
1653 4657 2090 4726 exaggeraret,
2121 4666 2250 4727 quo
2299 4649 2439 4726 ipse
2469 4646 2898 4710 excusabilior
2931 4645 3260 4708 videretur
3309 4646 3373 4708 in
3417 4649 3644 4725 Orige-

405 4749 569 4808 uicis
614 4745 795 4804 libris
828 4743 1045 4802 Latine
1078 4742 1610 4818 interpretandis,
1669 4743 1726 4804 si
1761 4743 1902 4821 plus
1937 4744 2198 4824 jactaret
2244 4745 2680 4806 adversarium
2707 4743 2771 4802 in
2811 4741 3030 4803 eadem
3064 4740 3350 4818 palwstra
3391 4745 3636 4804 exerci-

404 4855 562 4905 tum.
601 4839 814 4902 Potuit
845 4842 928 4916 (a)
959 4847 1026 4918 et
1057 4837 1374 4899 invidiosa
1405 4837 1736 4916 diligentia
1771 4838 2049 4916 objicere
2081 4857 2226 4918 qure
2259 4845 3084 4920 occurrruntamamapa-m
3114 4838 3367 4914 scriptis
3404 4839 3633 4899 Hiero-

404 4937 727 5018 nymianis
757 4953 835 4998 ex
868 4935 1238 4995 Adamantto
1273 4933 1635 4995 intermixta
1665 4950 1680 4994 :
1707 4933 1964 5013 quidvis
2001 4938 2256 4998 tandem
2301 4938 2476 4999 aliud
2507 4955 2586 5000 eo
2639 4939 2958 5017 explendo
3009 4951 3300 5005 numero,
3366 4944 3434 4995 ut
3486 4953 3635 4996 vere

402 5035 635 5095 dixerit
663 5034 999 5113 presbyter
1031 5033 1502 5112 Aquileiensis,
1529 5031 1716 5094 liceat
1763 5035 2153 5112 excogitare,
2195 5049 2388 5112 quam
2416 5035 2593 5113 quod
2647 5035 2896 5103 volunt,
2931 5031 3238 5094 Homilias
3267 5030 3334 5091 in
3370 5031 3626 5106 Isaiam,

403 5148 549 5209 quae
572 5130 764 5191 nulla;
807 5137 982 5201 sunt,
1015 5127 1583 5208 comprehendisse
1615 5149 1631 5189 :
1663 5134 1726 5190 et
1757 5146 1918 5208 quas
1957 5131 2074 5210 (sic
2104 5131 2429 5209 Opinor)si
2470 5138 2696 5209 praeter
2725 5128 3057 5208 sexaginta
3089 5142 3321 5188 novem
3347 5125 3633 5188 laudatas

404 5230 716 5298 novisset,
745 5226 873 5306 jam
908 5242 1033 5287 non
1059 5226 1485 5302 septuaginta,
1517 5227 1625 5288 sed
1663 5224 1828 5287 ultra
1860 5228 2180 5306 octOginta
2215 5225 2472 5306 obliqua
2523 5227 2635 5289 illa
2668 5226 3019 5327 sedulitate
3053 5223 3393 5327 laudasset.
3430 5223 3638 5327 Testi-

402 5323 696 5382 monium
769 5339 954 5398 porro
1000 5321 1159 5380 illud
1217 5336 1294 5379 ex
1328 5321 1613 5382 secundo
1645 5321 2108 5384 Invectivarum
2144 5339 2320 5383 num.
2377 5323 2490 5397 26,
2537 5337 2899 5402 quanquam
2942 5317 3099 5380 alios
3169 5316 3372 5379 multo
3432 5316 3634 5394 magis

401 5418 728 5492 sollicitat,
780 5435 907 5480 non
945 5417 1312 5479 dissimulo.
1341 5416 1617 5494 Opponit
1648 5418 2041 5497 Hieronymo
2077 5419 2373 5491 Ruﬁnus,
2404 5419 2576 5498 quod
2601 5421 2794 5481 multa
2826 5436 2904 5482 ex
2931 5414 3232 5495 Origenis
3263 5415 3466 5486 libris,
3492 5429 3639 5492 quae

471 5662 544 5723 (at
576 5661 740 5710 Potuit
767 5667 821 5710 et
843 5661 1102 5723 Tractatns
1133 5659 1306 5709 decem
1334 5657 1382 5723 in
1421 5660 1658 5723 Psalmos,
1678 5674 1804 5723 quos
1822 5662 1881 5713 ab
1920 5661 2152 5722 Origenis
2200 5658 2371 5712 Greco
2392 5659 2652 5710 translatos
2684 5664 2732 5711 in
2770 5661 2994 5712 Latinum
3024 5660 3174 5712 fuisse
3201 5661 3288 5710 abs
3335 5659 3641 5718 Hieronymo

405 5721 610 5786 prapius
634 5724 691 5772 ad
726 5723 870 5771 (idem
896 5728 989 5779 est,
1014 5721 1076 5770 ob
1101 5725 1270 5770 oculos
1292 5721 1523 5772 habuisse
