3962 6192
369 350 433 414 15
1534 342 1594 400 S.
1626 338 1938 401 EUSEBII
1980 336 2412 398 HIEBONYMI
3324 286 3332 293 δ
3560 334 3625 400 16

344 469 753 535 .Christianas
797 478 985 528 aures
1016 460 1395 530 movissent,
1431 456 1495 518 in
1529 452 2064 533 interpretatione
2096 452 2309 514 Latina
2347 458 2457 513 aut
2521 450 2782 528 penitus
2834 449 3250 545 subtraxerit,
3292 457 3403 516 aut
3458 468 3626 515 com-

278 604 283 647 ε
370 572 562 631 modo
602 580 801 628 sensu
830 556 1206 638 explicarit:
1245 570 1523 632 cumque
1555 552 1810 629 aliquot
1838 549 1907 611 in
1941 547 2105 610 hanc
2132 562 2269 609 rem
2303 546 2600 625 exempla
2632 547 3036 620 adduxisset,
3063 548 3240 623 Hae,
3275 548 3516 628 inquit,
3561 553 3622 606 et

367 661 538 726 mille
576 660 706 723 alia
751 658 849 719 his
903 652 1139 716 similia
1163 653 1231 713 in
1266 646 1899 728 interpretationibus
1928 646 2082 719 tuis,
2134 645 2263 705 sive
2292 645 2362 704 in
2398 644 2498 706 his
2529 646 2686 722 ipsis
2714 643 3017 706 Homiliis
3049 644 3143 724 (in
3181 644 3462 722 Lucam),
3494 644 3625 705 sive

368 759 439 819 in
464 753 764 827 Jeremia,
790 747 885 810 vel
928 749 994 809 in
1047 747 1240 821 Isau,
1271 742 1542 804 maxime
1571 747 1773 800 autem
1803 740 1868 799 in
1918 738 2237 802 Ezechiele
2274 739 2683 802 subtraxisli.
2714 741 2854 802 Hoc
2885 738 3132 802 scilicet
3200 738 3478 819 palmare
3534 748 3628 801 est

366 858 820 934 argumentum
852 846 927 909 ad
960 842 1276 907 Homilias
1313 841 1381 901 in
1438 838 1664 900 Isaiam
1722 835 2244 915 Hieronymianis
2276 837 2806 914 ,interpretationi
2839 835 3294 910 ascribendas;
3358 851 3502 897 nam
3564 842 3627 896 et

365 931 665 1012 HOmiliaa
710 951 885 1017 sunt,
924 940 1100 1019 quod
1132 953 1322 1000 nemo
1357 933 1687 1004 dubitarit,
1710 948 1930 1011 eaeque
1961 931 2073 994 abs
2124 933 2524 1011 Hieronymo
2569 940 2744 995 certo
2795 933 3036 995 certius
3099 933 3166 995 in
3209 932 3505 994 Latinum
3547 947 3625 992 ex

365 1043 740 1108 Adamantio
773 1039 1023 1108 refusa),
1060 1050 1205 1116 quae
1242 1032 1606 1113 praecedunt
1659 1030 1952 1110 proxime
2007 1045 2081 1091 ac
2107 1029 2601 1108 subsequuntur
2630 1029 2698 1090 in
2725 1029 3067 1092 Jeremiam
3135 1037 3198 1090 et
3223 1029 3285 1089 in
3319 1025 3622 1089 Ezechie-

367 1144 517 1205 lem.
557 1142 848 1201 Attamen
882 1151 1010 1196 non
1041 1147 1178 1194 eam
1205 1130 1408 1191 fuisse
1438 1127 1654 1189 Ruﬁni
1687 1133 1989 1197 mentem,
2026 1125 2325 1205 nihilque
2360 1126 2546 1186 illum
2600 1130 2678 1189 de
2713 1125 3016 1189 Homiliis
3075 1125 3140 1188 in
3183 1126 3409 1187 Isaiam
3451 1124 3625 1201 (οεὶ-

365 1249 569 1314 tasse;
633 1236 745 1297 sed
799 1232 972 1295 aliud
1025 1228 1310 1291 voluisse
1368 1224 1743 1303 Hieronymi
1792 1223 2101 1299 scriptum
2141 1223 2209 1283 in
2249 1238 2396 1284 eum
2456 1222 2829 1301 prOpbetam
2862 1222 3159 1293 cavillari,
3198 1233 3260 1284 et
3292 1239 3407 1300 pro
3450 1231 3623 1282 certo

367 1336 599 1409 habeo,
633 1345 692 1395 et
728 1329 958 1411 paucis
991 1328 1385 1389 demonstro.
1417 1321 1770 1399 Scripserat
1803 1322 1867 1383 S.
1910 1320 2145 1381 Doctor
2175 1320 2250 1379 ad
2283 1319 2622 1381 Damasum
2678 1326 3035 1392 tractatum,
3081 1320 3223 1381 sive
3291 1315 3621 1396 epistolam

366 1437 438 1499 in
469 1441 684 1496 nostra
724 1425 1106 1493 recensione
1133 1424 1232 1494 18,
1267 1420 1347 1483 de
1373 1418 1737 1498 Seraphim,
1780 1434 1926 1497 quae
1959 1414 2142 1476 Isaiae
2167 1415 2339 1477 Visio
2378 1423 2473 1476 est
2504 1432 2639 1493 cap.
2679 1422 2896 1478 sexto:
2929 1432 3211 1493 eumque
3248 1415 3482 1487 locum,
3517 1412 3623 1473 ubi

366 1532 499 1593 duo
527 1525 850 1604 Seraphim
886 1521 1117 1585 stantia
1141 1521 1208 1581 in
1244 1519 1517 1582 circuitu
1553 1515 1793 1587 throni,
1828 1525 1890 1578 et
1928 1513 2262 1575 clamantia
2328 1512 2808 1587 describuntur,
2874 1531 3019 1593 quae
3071 1513 3376 1592 Origenes
3427 1526 3626 1588 expo-

368 1633 588 1687 suerat
636 1608 988 1685 Dominum
1026 1625 1319 1678 nostrum
1352 1616 1573 1675 Jesum
1597 1612 1943 1684 Christum,
1969 1618 2030 1672 et
2057 1610 2361 1687 Spiritum
2397 1619 2713 1684 sanctum,
2746 1611 2857 1671 ille
2893 1627 3007 1688 pro
3064 1612 3296 1672 Vetere
3327 1625 3399 1669 ac
3447 1608 3627 1669 Novo
3686 1644 3693 1654 -

368 1724 776 1783 Testamento
827 1723 923 1778 est
957 1714 1436 1786 interpretatus,
1460 1708 1567 1770 illa
1600 1708 1945 1777 Sententia,
1974 1707 2038 1767 in
2071 1724 2260 1786 quam
2285 1706 2486 1769 Grmci
2522 1708 2861 1787 Latinique
2891 1708 3128 1788 passim
3153 1713 3625 1776 conoesserant,

368 1816 589 1878 multis
628 1812 1004 1891 improbata.
1039 1811 1265 1870 Postea
1303 1822 1423 1867 nec
1461 1803 1662 1865 semel
1695 1820 1840 1865 cum
1872 1803 2068 1864 veluti
2111 1803 2407 1881 Origenis
2459 1812 2851 1884 symmystes
2898 1804 3211 1884 injuriose
3259 1802 3338 1864 ab
3378 1800 3628 1863 aemulis

370 1914 838 1980 traduceretur,
900 1913 1211 1985 quantum
1270 1903 1349 1964 ab
1402 1900 1544 1980 ejus
1605 1898 1852 1978 placitis
1909 1900 2305 1975 abhorreret,
2357 1903 2475 1964 hoc
2529 1903 2675 1980 ipso
2726 1904 3021 1982 exemplo
3066 1901 3522 1981 comprobavit.
3556 1900 3627 1961 Id

372 2010 586 2069 videre
619 2015 717 2066 est
772 2019 917 2065 cum
956 2001 1138 2074 alibi,
1169 2009 1304 2060 tum
1346 1997 1666 2075 praecipue
1701 1996 1888 2074 epist.
1924 1998 2027 2072 8's,
2058 1998 2641 2060 ad‘Pammachium
2678 2008 2740 2060 et
2787 1999 3133 2074 Oceanum,
3176 2013 3354 2058 num.
3391 1995 3451 2069 3,
3484 1995 3623 2069 ubi,

368 2106 452 2166 In
505 2102 788 2171 lectione,
844 2097 1078 2174 inquit,
1130 2096 1324 2167 Isaia,
1390 2094 1455 2153 in
1487 2110 1612 2171 qua
1660 2092 1784 2154 duo
1841 2093 2169 2174 Seraphim
2228 2092 2566 2153 clamantia
2605 2093 3078 2164 describuntur,
3125 2092 3235 2153 illo
3301 2090 3622 2172 (Origene)

374 2202 841 2277 interpretante
908 2191 1151 2253 Filium
1201 2199 1254 2249 et
1303 2189 1616 2267 Spiritum
1656 2198 1965 2263 sanctum,
2015 2207 2219 2250 nonne
2273 2208 2380 2267 ego
2426 2190 2851 2252 detestandam
2894 2189 3349 2270 expositionem
3391 2192 3458 2251 in
3502 2188 3625 2250 duo

374 2297 766 2357 Testamenta
816 2289 1101 2349 mutavi?
1159 2283 1447 2346 Habetur
1501 2284 1664 2344 liber
1720 2286 1787 2344 in
1842 2285 2128 2346 manibus
2158 2296 2301 2347 ante
2351 2287 2582 2366 viginti
2629 2305 2829 2349 annos
2883 2285 3112 2348 editus.
3149 2287 3266 2347 Hic
3295 2286 3626 2351 enimvero

371 2390 630 2453 libellus
663 2393 779 2461 est,
799 2402 917 2447 seu
941 2391 1238 2444 tractatus
1259 2381 1335 2441 de
1362 2380 1547 2451 Isaiae
1580 2380 1870 2451 Visione,
1903 2398 2093 2458 quem
2142 2391 2316 2445 notat
2364 2384 2635 2445 Ruﬁnus
2667 2402 2681 2444 :
2730 2382 2864 2445 hinc
2895 2383 3276 2461 Origeniana
3324 2381 3431 2441 illa
3482 2381 3625 2461 opi-

366 2488 570 2560 natio,
609 2499 801 2564 quam
845 2479 935 2542 ait
1015 2479 1137 2539 sibi
1174 2475 1555 2555 permisisse.
1580 2476 2041 2555 Hieronymum
2074 2477 2152 2538 ab
2182 2495 2258 2540 eo
2301 2496 2492 2556 quem
2529 2480 2899 2558 praeferebat
2930 2495 3151 2549 sensu,
3185 2479 3260 2538 ad
3295 2478 3625 2538 meliorem

368 2587 768 2647 convertere.
809 2574 1014 2637 Nulla:
1048 2572 1152 2635 hic
1189 2569 1485 2632 Homiliie
1518 2579 1669 2630 sunt
1716 2572 1782 2631 in
1825 2572 2056 2633 Isaiam
2097 2591 2111 2634 :
2168 2573 2462 2653 nihilque
2516 2575 2581 2635 in
2620 2592 2697 2637 eo
2731 2575 3149 2643 laborandum
3200 2582 3267 2635 ut
3298 2573 3363 2632 in
3409 2587 3626 2632 earum

373 2679 601 2760 prima,
639 2673 815 2754 quod
844 2671 990 2733 facit
1031 2666 1505 2739 Tillemontius,
1539 2667 1747 2729 locum
1780 2669 2112 2731 commoda
2145 2670 2673 2747 interpretatione
2706 2670 2981 2732 oblitum
3007 2714 3024 2744 ,
3057 2677 3166 2731 aut
3204 2670 3389 2747 plane
3435 2668 3628 2729 dissi-

373 2774 678 2837 mulatum
705 2768 1008 2847 reperias.

448 2870 571 2932 Sed
603 2863 1011 2944 ut,‘eXplosis
1045 2862 1356 2943 quaeillas
1387 2863 1754 2925 astruebant
1798 2865 2219 2940 argumentis,
2257 2862 2517 2925 demum
2551 2870 2613 2926 et
2661 2880 2885 2926 causas
2935 2860 3283 2925 nonnullas
3344 2860 3630 2941 profera-

370 2985 539 3042 mus,
566 2963 805 3045 quibus
833 2968 1103 3033 constet,
1140 2960 1536 3038 Hieronymo
1566 2961 1829 3039 penitds
1880 2957 2335 3037 abjudicandas
2370 2981 2388 3024 :
2443 2960 2756 3038 Optimum
2812 2959 2976 3021 illud
3005 2975 3147 3021 cum
3206 2958 3431 3035 primis
3479 2973 3628 3020 esse

367 3066 569 3128 velim
598 3056 884 3139 antiquis
912 3055 1331 3134 scriptoribus
1362 3055 1881 3118 internoscendis
1916 3063 2391 3133 argumentum,
2424 3057 2598 3133 quod
2654 3072 2732 3117 ex
2783 3053 2952 3134 stylo
2981 3053 3281 3117 sumitur.
3333 3055 3496 3115 Tum
3530 3070 3628 3115 σω

364 3161 481 3224 ille
526 3158 594 3221 in
624 3154 1127 3232 Hieronymiana
1172 3151 1453 3215 lectione
1489 3151 1675 3230 plane
1712 3150 1947 3230 hospes
1989 3150 2096 3225 sit,
2131 3150 2246 3230 qui
2278 3151 2739 3228 semilatinum,
2787 3151 3030 3231 nequid
3076 3150 3221 3229 plus
3252 3151 3485 3224 dicam,
3524 3150 3631 3212 in-

366 3266 737 3336 terpretem,
776 3266 886 3331 pro
912 3248 1309 3328 Hieronymo
1362 3248 1619 3311 habeat;
1648 3249 1951 3323 Huetius,
1990 3248 2247 3327 Opinor,
2290 3265 2434 3310 cum
2491 3266 2569 3310 ex
2606 3265 2685 3311 eo
2737 3249 3027 3328 quaedam
3072 3246 3341 3309 adduxit
3402 3244 3630 3309 media)

301 3385 304 3389 ~
370 3349 731 3415 Latinitatis
771 3342 1079 3410 vocab’ula
1112 3345 1187 3407 ad
1223 3351 1722 3424 praeconceptam
1767 3345 2144 3423 Opinionem
2175 3346 2610 3420 asserendam,
2646 3362 2839 3425 quam
2887 3349 3105 3423 potius
3158 3344 3359 3407 everti
3421 3352 3633 3405 osten-

372 3449 590 3510 dimus
621 3442 1121 3522 comparatione,
1171 3442 1375 3502 multo
1422 3446 1632 3501 tamen
1689 3440 1819 3501 illis
1873 3444 2171 3520 sequiora
2201 3442 2429 3504 callide
2469 3424 2892 3505 dissimularit
2931 3460 2945 3498 :
2982 3440 3154 3520 quod
3186 3424 3389 3520 genus
3449 3452 3625 3515 sunt,

373 3540 750 3624 figuraliter,
776 3536 1136 3606 invenibile,
1170 3535 1334 3597 illud
1361 3537 1781 3615 negotiorum,
1820 3553 1931 3615 pro
1966 3536 2130 3599 illud
2153 3539 2268 3611 rei,
2321 3538 2811 3616 magniloquax.
2850 3538 3174 3617 sufﬁciens
3196 3538 3342 3611 isto,
3369 3552 3487 3616 pro
3516 3534 3630 3595 hac

375 3648 700 3701 contentus
728 3653 821 3709 re,
848 3642 1039 3712 atque
1067 3631 1167 3693 his
1201 3632 1475 3705 similia;
1517 3631 1709 3712 hujus
1757 3636 1928 3694 enim
1961 3633 2294 3712 elegantiae
2324 3641 2494 3694 totus
2527 3642 2619 3694 est
2651 3650 2864 3696 sermo
2913 3634 3231 3713 reliquus,
3273 3630 3632 3694 subobscu-

362 3753 511 3809 .rus,
548 3730 1041 3811 incompositus,
1074 3743 1155 3788 ne
1186 3729 1264 3788 de
1308 3729 1559 3807 syntaxi
1586 3729 1790 3789 dicam
1816 3738 1925 3790 aut
1955 3730 2211 3808 agresti,
2250 3736 2360 3791 aut
2391 3728 2467 3790 ad
2496 3729 2786 3791 Graecum
2832 3729 2973 3790 ﬁcta
3022 3728 3385 3806 pueriliter.
3417 3726 3629 3806 Stylus

375 3835 522 3908 iste,
554 3828 817 3908 siquod
850 3824 1057 3887 sentio
1091 3825 1371 3903 proﬁteri
1418 3823 1627 3897 liceat,
1671 3825 1887 3886 But-ini
1920 3837 2039 3897 est,
2073 3843 2265 3902 quem
2296 3834 2357 3886 et
2385 3825 2658 3886 maxime
2686 3825 3101 3904 Origenianis
3132 3825 3388 3903 scriptis
3408 3823 3629 3884 Latine

376 3928 875 4010 interpretandis
912 3925 1173 3990 dedisse
1205 3940 1490 4003 Operam,
1527 3931 1584 3984 et
1618 3923 1901 3985 barbarie
1930 3922 2275 3983 locutionis
2312 3928 2433 3982 tam
2464 3936 2632 3999 saepe
2668 3922 2957 3983 accusari
2986 3922 3227 3984 scimus
3258 3923 3369 3984 abs
3393 3922 3627 3982 Πίερο-

378 4044 597 4109 nymo,
633 4033 702 4088 ut
728 4025 809 4086 de
839 4023 1078 4085 Graecis
1112 4023 1300 4082 bonis
1344 4022 1560 4082 Latina
1595 4020 1818 4082 fecisse
1847 4020 2171 4081 diceretur
2226 4033 2358 4079 non
2408 4016 2597 4079 bona.
2631 4017 2820 4090 Quod
2856 4018 2915 4080 si
2949 4035 3081 4080 rem
3115 4036 3233 4079 acu
3267 4017 3470 4096 tetigi,
3497 4016 3628 4078 mi-

380 4144 484 4187 ror
536 4123 759 4201 magis,
792 4122 1093 4182 Ruﬁnum
1124 4117 1334 4195 ipsum
1380 4116 1664 4193 propriis
1693 4115 1931 4177 fetibus
1968 4134 2082 4194 pro
2138 4115 2344 4177 aliena
2401 4116 2621 4179 sobole
2666 4117 3111 4196 supponendis
3150 4115 3443 4177 adhiberi
3481 4114 3629 4176 tide-

370 4222 727 4301 jussorum.
762 4217 895 4277 Iam
930 4231 1081 4276 vero
1104 4210 1415 4290 (quaealia
1447 4218 1597 4272 sunt
1635 4214 1951 4273 rationum
1987 4223 2328 4290 momenta,
2365 4222 2430 4276 ut
2458 4214 2570 4277 abs
2601 4213 3126 4293 Hieronymianis
3157 4211 3629 4290 removeantur)

379 4322 441 4379 S.
477 4320 657 4378 Pater
685 4330 829 4374 cum
866 4317 1087 4371 caetera
1129 4307 1194 4368 in
1240 4307 1531 4386 Catalogo
1564 4308 1985 4381 recensuerit,
2021 4328 2164 4388 quae
2196 4329 2274 4372 ex
2309 4312 2579 4388 Origene
2627 4310 2835 4373 fuerat
2881 4310 3366 4389 interpretatus,
3410 4308 3632 4371 Homi-

318 4450 335 4487 -ε
382 4416 612 4479 liarum
643 4410 710 4471 in
749 4408 976 4469 tsaiam
1013 4420 1343 4482 nunquam
1386 4404 1680 4465 meminit
1711 4425 1725 4463 :
1761 4422 1977 4484 neque
2010 4407 2333 4487 integrum
2364 4415 2462 4468 est
2491 4406 2768 4485 Opinari,
2802 4416 2941 4484 post
2975 4406 3350 4483 Catalognm
3371 4421 3627 4467 manum

323 4476 339 4590 ξ
380 4523 599 4574 earum
653 4502 1164 4583 interpretationi
1207 4499 1612 4575 admovisse;
1670 4504 1748 4563 ab
1807 4519 1886 4564 eo
1939 4503 2107 4564 enim
2150 4476 2453 4580 tempore
2482 4476 2857 4581 Origeniana
2890 4503 3173 4564 doctrina
3200 4476 3273 4561 in
3333 4500 3627 4562 haeresim

380 4606 779 4687 prolabente,
807 4601 890 4662 ita
921 4599 1093 4661 illam
1133 4599 1351 4661 animo
1391 4597 1761 4676 exspuit,ut
1790 4602 2120 4661 confutare
2177 4601 2412 4677 potius,
2453 4615 2645 4676 quam
2694 4598 2937 4659 Latinis
2973 4597 3310 4676 prOpinare
3369 4597 3631 4659 auribus

331 4674 341 4783 ξ
379 4674 685 4779 deinceps
717 4674 1062 4759 studuerit.
1102 4697 1197 4755 Ad
1233 4694 1365 4755 haec
1414 4696 1480 4754 in
1512 4674 1669 4772 ipsis
1707 4695 1769 4755 in
1821 4696 2045 4755 Isaiam
2096 4674 2608 4763 Commentariis,
2639 4707 2787 4752 cum
2826 4674 3106 4752 subinde
3133 4693 3274 4770 ejus
3317 4691 3633 4753 versionis

381 4796 953 4865 commemoranda;
976 4791 1206 4856 fuisset
1243 4793 1479 4854 nedum
1514 4791 1789 4865 occasio,
1824 4792 1937 4851 sed
1993 4790 2361 4861 necessitas,
2416 4802 2745 4865 nunquam
2800 4787 3136 4849 meminit:
3185 4795 3243 4851 et
3297 4790 3359 4849 in
3412 4786 3635 4849 Praefa-

381 4900 558 4958 tione
600 4894 834 4974 prioris
883 4889 1024 4952 libri
1052 4904 1197 4951 cum
1224 4889 1395 4968 ipsas
1453 4888 1666 4949 laudet
1697 4886 2201 4965 vigintiquinque
2233 4882 2547 4943 Homilies
2583 4883 2877 4961 Origenis
2928 4883 2990 4942 in
3027 4882 3198 4945 hunc
3231 4882 3631 4961 prophetam,

382 5009 464 5054 ne
497 4991 684 5053 verbo
716 4989 976 5068 quidem
1007 4985 1265 5049 ex-illis
1307 5002 1534 5045 novem
1588 4984 1737 5044 istas
1793 4986 2009 5044 Latine
2071 4999 2120 5066 a‘
2162 4999 2232 5042 se
2280 4982 2559 5044 redditas
2608 4990 2850 5043 monet.
2904 4981 3196 5059 Denique
3247 4990 3309 5042 et
3363 4979 3635 5057 PrOIOgo

384 5094 600 5149 carent
650 5083 942 5147 Homilies
996 5081 1174 5155 istm,
1222 5081 1395 5159 quod
1457 5096 1655 5141 unum
1718 5097 1862 5140 esse
1916 5078 2259 5140 discrimen
2315 5083 2391 5142 ad
2455 5079 2992 5158 Hieronymianas
3046 5080 3125 5140 ab
3192 5078 3471 5137 aliorum
3534 5077 3636 5137 in-

386 5183 954 5262 terpretationibus
1022 5180 1551 5242 internoscendas
1602 5184 1774 5239 notat
1823 5178 2119 5239 Gelasius
2172 5197 2185 5240 :
2238 5188 2454 5240 carent
2522 5193 2786 5256 quoque
2847 5193 2999 5239 mss.
3060 5175 3473 5247 auctoritate,
3530 5184 3637 5236 aut

384 5281 618 5343 veteris
674 5278 945 5355 alicujus
990 5276 1347 5339 testimonii
1410 5274 1790 5352 suffragio:
1840 5284 2032 5350 atque
2083 5286 2149 5336 ut
2203 5274 2400 5336 semel
2458 5274 2704 5347 dicam,
2763 5273 2848 5335 ita
2909 5272 3019 5333 abs
3088 5272 3465 5351 Hieronymi
3533 5272 3637 5332 in-

383 5383 575 5463 genio
621 5374 977 5449 dissident,
1020 5384 1086 5437 ut
1135 5373 1346 5437 mirari
1390 5388 1519 5435 non
1559 5372 1871 5446 desinam,
1907 5372 2315 5435 doctissimos
2353 5371 2522 5434 viros
2551 5371 2784 5433 habere
2811 5368 2948 5430 illas
2975 5383 3092 5446 pro
3117 5365 3638 5446 Hieronymianis

388 5480 704 5561 potuisse.

464 5601 736 5660 Tomum
766 5592 1003 5657 claudit
1032 5592 1110 5652 In
1128 5591 1359 5652 Isaiam
1391 5590 1663 5670 parvula
1691 5589 2081 5651 abbreviatio
2123 5588 2195 5649 de
2241 5587 2543 5667 capitulis
2576 5588 2837 5666 paucis,
2868 5587 3059 5666 cujus
3091 5592 3406 5665 quantum
3449 5599 3643 5663 opor-

386 5703 513 5758 teat
557 5694 630 5755 ad
657 5687 1019 5753 faciendum
1056 5690 1136 5749 de
1166 5691 1436 5749 Auctore
1467 5687 1829 5763 periculum
1858 5729 1874 5759 ,
1926 5703 2095 5747 nunc
2131 5686 2406 5762 primum
2458 5685 2521 5744 in
2576 5685 2782 5743 lucem
2831 5684 3101 5745 edimus.
3140 5682 3498 5744 Ascribitur
3535 5678 3646 5740 illa

390 5792 646 5865 quidem
695 5788 1088 5862 Hieronymo
1142 5784 1205 5843 in
1263 5783 1652 5843 Veronensis
1698 5782 2101 5844 bibliothecas
2164 5780 2613 5858 antiquissimo
2678 5787 2868 5856 atque
2930 5781 3189 5855 Optima;
3241 5795 3385 5840 cum
3416 5776 3642 5855 primis
