3962 6192
408 264 465 326 91
1181 264 1676 323 ΟΟΜΜΕΝΤΛΗ.
1727 262 1801 320 ΙΝ
1849 264 1980 322 15A}

2090 265 2107 320 ι
2158 244 2613 321 l’iiOl‘ilEl‘:\ii
2662 262 2797 323 Lm.
2836 264 2881 323 ῐ.
3580 266 3650 327 22

409 387 517 429 tant
553 374 696 437 libri,
724 375 815 444 qui
852 376 1245 444 pseudographi
1309 387 1606 445 putantur;
1671 389 1726 431 et
1757 378 1975 446 vigittli-
2010 382 2050 436 Α
2086 394 2180 430 nos
2215 377 2715 445 lt-gerecz'edamus.
2756 376 2826 429 Ex
2876 392 2982 444 quo
3005 376 3413 441 anituachrtis,
3436 392 3653 449 quantm

405 469 647 536 quinque
666 466 681 497 ¹
702 464 963 525 Hotnilize,
986 476 1039 518 et
1059 466 1415 536 Σημειὼσεις,
1439 484 1571 535 quas
1597 485 1689 522 nos
1721 466 1794 521 Ea
1807 479 1981 532 cerplu

409 576 695 628 possumus
726 559 1014 628 appellare.
1041 559 1301 613 Eusebius
1331 576 1548 629 quoque
1572 558 1836 625 Pamphili
1855 561 1979 629 jux-

409 662 462 704 ta
526 651 839 704 historicum
901 650 1330 719 explanationem
1380 651 1689 719 quindecim
1725 652 1745 680 ’
1811 650 1977 704 edidit

409 741 679 795 volumina
710 757 727 808 ;
761 752 816 794 et
849 739 1133 811 Didymus,
1161 741 1317 810 cujus
1364 741 1617 797 amicitiis
1643 741 1663 771 ³
1695 757 1864 809 nuper
1897 743 1976 795 usi

407 850 617 893 smnus.
651 832 721 888 ab
754 848 822 887 eo
855 832 976 887 loco
1011 833 1099 887 ubi
1137 833 1395 902 scriptum
1426 844 1509 888 est
1540 849 1555 888 :
1592 832 1976 907 Consolamini,

407 925 754 979 consolamini
779 924 1030 994 populum
1063 939 1256 983 meum.
1308 925 1606 978 sacerdotes
1637 938 1654 976 .'
1707 923 1982 992 loquimini

405 1014 476 1069 ad
504 1034 596 1070 cor
613 1015 912 1070 Jerusalem
937 1017 1077 1086 (lea.
1097 1032 1189 1083 XL,
1218 1018 1293 1081 l),
1324 1033 1493 1085 usque
1521 1017 1586 1069 ad
1638 1017 1797 1069 linem
1826 1017 1979 1069 volu-

407 1108 590 1173 minis,
624 1109 805 1161 det-em
847 1118 899 1162 et
933 1118 1055 1163 octo
1088 1107 1255 1162 edidit
1293 1120 1487 1162 tomos.
1522 1108 1846 1174 Apollinaris
1887 1126 1980 1162 an-

409 1211 513 1254 tem
543 1216 691 1255 more
716 1216 813 1253 suo
830 1201 910 1254 sic
931 1200 1146 1269 exponit
1182 1202 1388 1265 omnia,
1418 1209 1477 1254 tit
1506 1202 1761 1256 univerSa
1799 1214 1978 1255 trans-

410 1302 692 1357 συντείνει
716 1292 930 1360 punctis
949 1291 1269 1361 quibusdam
1290 1304 1453 1362 atque
1478 1293 1801 1355 intchaiIis,
1862 1295 1975 1349 imo

416 1385 742 1454 compendiis
806 1383 1023 1452 grandis
1095 1385 1195 1439 vite
1258 1385 1430 1455 spatia
1491 1384 1833 1453 praitervolet
1869 1404 1882 1439 :
1922 1396 1978 1438 ιιι

415 1492 513 1531 non
557 1486 663 1528 tam
691 1475 1125 1528 Commentarios
1179 1491 1340 1546 quam
1377 1476 1587 1530 indices
1618 1477 1979 1547 capitulorum

2079 468 2411 521 diiiieultatis
2442 469 2534 530 sit,
2562 479 2617 521 ut
2650 466 2829 521 Latini
2868 469 3062 533 nostri,
3099 484 3332 536 quorum
3367 486 3527 525 aures
3565 471 3647 525 fa-

2079 558 2316 611 stidium
2343 568 2487 619 sunt,
2514 568 2567 610 et
2597 559 2662 609 ad
2692 556 3066 627 intelligendas
3087 556 3403 629 Scripturas
3429 572 3649 615 sanctas

2079 663 2360 713 transeant,
2388 650 2686 718 plausuque
2717 658 2921 703 tantum
2946 648 3273 720 eloquentiae
3293 653 3650 717 delectantur,

2080 743 2206 796 mihi
2250 742 2550 813 ignoscant,
2583 742 2626 795 si
2697 742 2961 810 prolixius
3026 744 3246 799 locutus
3303 743 3494 811 fuero;
3526 747 3683 800 cum‘

2087 834 2252 887 Isaias
2277 832 2559 886 duodecim
2583 832 2862 903 prophetis
2882 833 3034 902 juxta
3060 850 3347 889 numerum
3373 851 3652 904 versuum,

2087 933 2177 978 attt
2203 925 2425 992 mqualis
2455 923 2501 986 ’⁵,
2540 933 2633 977 aut
2663 925 2834 993 major
2865 925 2955 979 sit.
2998 923 3182 981 Sicubi
3214 936 3390 980 autem
3422 934 3649 996 printer-

2087 1015 2266 1069 missis
2299 1013 2436 1067 LXX
2466 1013 2532 1069 de
2589 1013 2852 1069 Hebraico
2887 1016 3181 1084 disputavi,
3210 1017 3341 1072 illud
3396 1018 3451 1073 in
3479 1034 3647 1073 causa

2077 1116 2160 1159 est
2189 1107 2331 1175 quod
2366 1114 2455 1160 aut
2486 1109 2695 1170 eadem,
2729 1118 2823 1161 aut
2849 1107 3047 1162 similia
3082 1116 3206 1162 sunt
3242 1109 3495 1178 pleraque
3521 1126 3643 1165 cum

2078 1200 2312 1263 czctcris,
2343 1209 2395 1252 et
2432 1197 2628 1268 duplici
2675 1199 2914 1253 editione
2956 1200 3255 1267 proposita,
3286 1201 3428 1255 uolui
3484 1202 3651 1258 libros

2081 1289 2480 1357 explanationis
2512 1291 2825 1354 extendere,
2861 1290 2948 1356 qui
2989 1289 3148 1345 etiam
3182 1290 3234 1343 in
3286 1292 3518 1360 simplici
3552 1310 3645 1347 ex-

2078 1384 2389 1451 plutlaliune
2433 1383 2646 1434 modum
2709 1381 2991 1436 brevitatis
3044 1384 3333 1439 excedunt.
3399 1384 3504 1440 Sed
3533 1387 3644 1456 jam

2081 1478 2410 1547 propositum
2434 1489 2815 1543 exsequantur.

476 1635 495 1667 ¹
526 1633 735 1706 Pal.ti.,_
752 1646 804 1706 et
827 1633 1010 1706 viginti
1040 1648 1135 1706 sea:
1168 1631 1434 1706 Ilomilire,
1471 1633 1887 1706 etc.Aliaporro
1906 1640 1985 1691 vi-
2013 1644 2058 1703 Β
2087 1648 2150 1689 ex
2183 1652 2289 1703 quo
2326 1634 2581 1703 Didymus
2614 1635 2752 1706 diem
2787 1633 3014 1706 obierat,
3048 1635 3316 1706 siquidem
3344 1649 3498 1706 anno
3526 1636 3677 1700 398,

403 1706 563 1758 detur
609 1706 663 1757 in
716 1701 1006 1757 Philocalia
1047 1703 1160 1755 τῶν
1212 1701 1569 1771 σημειώσεων
1619 1705 1767 1756 notio
1814 1710 1976 1770 tradi,

442 1774 545 1827 uod
584 1774 656 1827 cl.
690 1773 889 1827 lluetio
915 1774 1259 1827 observatum
1296 1782 1397 1835 est,
1460 1773 1610 1838 quasi
1648 1775 1981 1841 σημειώσεις

453 1844 574 1914 orni
590 1843 721 1914 ipsa:
739 1851 1095 1914 constarent,
1117 1849 1172 1894 et
1202 1842 1513 1914 neutiquam
1547 1856 1656 1914 pro
1679 1843 1978 1914 Excerptis,

404 1915 519 1967 sive
546 1908 805 1977 Sc‘holiis,
834 1913 925 1965 sed
958 1927 1054 1977 pro
1079 1911 1242 1976 justis
1272 1908 1690 1969 Coiittneutariis
1722 1908 1979 1970 habendae

406 1984 537 2038 sint.
570 1984 794 2050 Pmprie
824 1992 1004 2035 autem
1042 1980 1405 2050 σημειοῦσθαι
1436 1982 1701 2033 adnotare
1734 1992 1836 2048 est,
1866 1985 1979 2039 sive

406 2051 853 2105 Conuuemarium
901 2051 1158 2113 scribere,
1214 2052 1298 2103 vel
1344 2051 1605 2119 scriptum
1652 2051 1869 2119 aliquod
1908 2055 1976 2109 ad

404 2123 548 2175 aliud
578 2121 835 2188 adjicere,
864 2123 1001 2175 unde
1028 2120 1409 2174 Annotationes
1436 2121 1719 2175 commode
1748 2122 1974 2193 intelligi

424 2202 652 2244 )OSSUIII.

424 2208 652 2244 )OSSlllIl.

404 2208 423 2260 ι
476 2264 497 2293 ³
529 2259 821 2325 Memorize,
862 2267 920 2313 ut
960 2260 1196 2321 videtur,
1250 2259 1422 2324 lapsu,
1472 2258 1573 2311 nisi
1625 2261 1675 2312 in
1730 2259 1977 2317 librarios

403 2332 562 2396 culpa
596 2332 895 2395 torquenda
922 2329 1015 2388 sit,
1033 2329 1329 2398 quindecim
1360 2329 1448 2381 hic
1476 2340 1729 2383 numerat
1758 2331 1974 2387 Eusebii

405 2403 575 2454 libros
625 2401 679 2452 in
728 2400 944 2462 Isaiam,
985 2414 1119 2466 quos
1165 2399 1377 2451 dixerat
1416 2400 1468 2449 in
1508 2399 1759 2467 reatalugu
1801 2400 1973 2456 decem

407 2474 780 2522 tantummodo
809 2484 824 2521 :
859 2482 955 2521 nec
991 2484 1117 2521 sane
1154 2466 1657 2538 pluresuexstitisse
1691 2466 1814 2523 aliis
1843 2486 1981 2538 quo-

405 2553 511 2604 qlte
541 2538 873 2606 argumentis
897 2541 1183 2607 evincitur.
1210 2536 1286 2607 Ex
1320 2536 1424 2589 illis
1452 2551 1614 2605 porro
1642 2538 1805 2590 multa
1838 2536 1979 2607 saepe

406 2609 630 2662 Hieron.
664 2607 717 2660 in
750 2621 883 2660 suos
913 2606 1347 2660 Commentarios
1382 2606 1676 2670 transtulit,
1701 2622 1823 2673 qua:
1855 2611 1984 2664 sub-

410 2680 535 2731 tude
586 2692 695 2731 nos.
737 2693 806 2731 ex
852 2680 923 2730 cl.
984 2675 1374 2731 MUItiftltlL‘Oltll
1427 2675 1663 2730 editione
1711 2678 1979 2734 ittdiCabi-

408 2762 549 2801 IIIUS.
1338 2794 1343 2800 .

477 2817 501 2849 ³
531 2815 849 2883 Quindecim
883 2825 1059 2869 tamen
1089 2816 1215 2868 anni
1247 2814 1366 2884 plus
1396 2816 1573 2869 minus
1596 2816 1767 2887 elapsi
1797 2826 1973 2885 erant,

2086 1713 2226 1771 quod
2277 1706 2442 1759 Curiis
2492 1704 2832 1766 auctoribus,
2885 1704 3131 1759 Palladio
3171 1720 3290 1772 cap.
3327 1705 3362 1759 4
3403 1704 3653 1759 Lausiac.

2076 1777 2242 1837 Hist.,
2276 1774 2850 1843 Sigeberto,ipsoque
2894 1774 2947 1828 iu
3005 1776 3194 1843 primis
3239 1776 3563 1843 Hieronymo
3601 1778 3654 1828 itt

2077 1841 2776 1911 Catalogo’comprohatur,
2812 1843 2969 1898 linem
3003 1841 3216 1898 vivendi
3255 1842 3399 1897 fecit.
3437 1841 3655 1897 vavto

2077 1910 2293 1967 Doctor:
2321 1914 2465 1965 circa
2505 1926 2594 1964 an.
2628 1910 2733 1966 410
2781 1912 2944 1967 hosce
2983 1911 3418 1968 Commentarios
3461 1912 3652 1966 elabo-

2076 1986 2201 2037 ralia
2212 1995 2250 2038 ι.
2754 2008 2757 2013 ⁴

2146 2051 2170 2084 ⁵
2194 2058 2300 2107 Aut
2331 2051 2576 2122 mqualis.
2599 2049 2992 2121 Prolegomeno
3016 2068 3070 2106 tv
3095 2052 3148 2106 in
3180 2052 3423 2109 Divinam
3451 2054 3648 2109 Biblio-
3672 2108 3677 2117 ,

2078 2122 2288 2180 thecam
2339 2121 2397 2178 S.
2444 2121 2752 2192 Hieronymi
2801 2124 3078 2192 composui
3132 2124 3356 2192 telrapla
3408 2135 3646 2190 antiquae

2082 2207 2146 2246 ac
2174 2208 2323 2246 nov-.e
2349 2192 2626 2246 divisionis
2650 2191 2903 2245 versuum
2935 2191 3224 2254 SCI'iplurm
3256 2191 3446 2248 sacrae.
3478 2193 3550 2247 Ex
3583 2196 3647 2248 iis

2081 2263 2224 2317 scire
2258 2263 2381 2317 licet
2418 2262 2608 2317 Isaiam
2646 2261 2925 2315 duodecim
2968 2261 3247 2331 prophetis
3274 2261 3426 2330 juxta
3461 2279 3652 2316 nume-

2086 2347 2199 2385 rum
2227 2348 2497 2397 versuum,
2519 2342 2610 2384 aut
2632 2331 2913 2399 aequalem,
2933 2341 3029 2385 aut
3052 2335 3307 2395 majorem
3334 2348 3457 2386 esse
3481 2351 3496 2386 :
3523 2350 3650 2387 naut

2075 2401 2227 2470 juxta
2276 2405 2555 2470 antiquam
2607 2398 2929 2470 divisionem
2962 2411 3084 2455 ante
3119 2402 3507 2470 Hieronymum
3558 2420 3657 2454 ιιιι-

2079 2468 2364 2524 incrautur
2398 2468 2448 2525 in
2488 2468 2622 2523 Isaia
2660 2483 2846 2522 versus
2876 2469 3036 2532 5600,
3072 2486 3192 2522 cum
3238 2470 3293 2523 in
3326 2468 3481 2524 libro
3520 2472 3654 2525 dtin-

2076 2543 2249 2593 decim
2303 2541 2693 2610 prophetarum
2739 2538 3108 2610 siutttantum
3154 2539 3315 2593 5110.
3349 2540 3561 2610 Deinde
3594 2544 3650 2593 in

2077 2606 2462 2677 tuattuscrtptis
2517 2606 2792 2662 Vet'siuttis
2841 2607 3296 2677 Ilieronymianaz,
3341 2609 3509 2663 Isaias
3553 2614 3652 2662 ha-

2076 2679 2164 2733 bet
2207 2694 2394 2749 versus
2432 2679 2594 2737 5380,
2629 2678 2765 2731 liber
2806 2688 2987 2732 autem
3029 2677 3308 2733 duodecim
3358 2679 3652 2749 prOpIteta-

2076 2762 2193 2803 ruut
2228 2747 2387 2804 5800,
2431 2749 2694 2802 Maurum.

1564 3179 1915 3285 LIBER
1998 3196 2494 3286 PRIMUS.

1989 3399 2056 3411 ἡ

479 3534 531 3604 7
564 3532 717 3604 (Cap.
747 3530 789 3584 ι.
816 3559 875 3573 .-
912 3528 1066 3584 νοις.
1102 3528 1180 3593 ι.)
1224 3545 1245 3580 ι
1280 3493 1428 3584 ve.
1461 3525 1974 3589 152ti18,ﬁiilAlII08,

2086 3523 2289 3577 Galaad
2320 3536 2364 3577 et
2404 3523 2703 3588 GnIi.’o:am,
2750 3545 2953 3583 omnem
3003 3540 3198 3584 terram
3252 3527 3558 3594 Nepltthali,
3607 3543 3657 3587 et

408 3644 572 3698 quam
618 3627 753 3680 vidit
788 3637 953 3693 super
991 3621 1186 3677 ludam
1223 3632 1280 3676 et
1319 3619 1641 3681 Jerusalem.
1681 3620 1736 3673 in
1783 3619 1979 3672 diebus

407 3722 575 3783 Ozias,
610 3718 880 3781 Joatham,
909 3716 1091 3769 Achaz
1136 3723 1188 3767 et
1233 3712 1498 3777 Ezechim,
1535 3727 1718 3781 regum
1757 3710 1914 3765 Juda.
1954 3726 1974 3760 ι

409 3815 515 3867 Pro
551 3810 715 3875 Juda,
758 3808 812 3861 in
863 3823 970 3875 quo
1015 3805 1392 3877 signiﬁcantur
1436 3803 1558 3858 dum
1606 3803 1798 3867 tribus,
1841 3797 1982 3855 LXX

408 3913 461 3955 et
500 3899 799 3954 Theodotio
843 3909 1108 3965 posuere,
1157 3893 1426 3959 Iudicum,
1481 3908 1601 3958 qua:
1651 3901 1820 3947 totam
1873 3901 1984 3946 ter-

413 4006 528 4044 ram
576 3986 862 4043 duodecim
907 3985 1144 4037 tribuum
1187 3982 1441 4037 ostendit.
1488 3980 1555 4034 Et
1602 3995 1702 4050 pro
1743 3994 1808 4034 eo
1838 3982 1980 4049 quod

413 4098 513 4137 uos
537 4097 603 4135 ex
633 4079 864 4134 llehraro
885 4077 1167 4138 vertimus,
1189 4089 1342 4141 super
1360 4072 1557 4127 ludam
1580 4081 1629 4127 et
1649 4071 1944 4129 Jerusalem
1963 4087 1983 4128 :

411 4174 490 4227 illi
523 4169 868 4240 interpretati
903 4178 1054 4233 sunt,
1082 4176 1265 4220 contra
1298 4163 1546 4218 Judwam
1577 4174 1627 4218 et
1665 4164 1980 4220 Jerusalem.

411 4263 772 4335 Symmachus
821 4272 975 4314 more
1023 4272 1121 4313 suo
1170 4255 1548 4319 manifestius,
1596 4256 1613 4287 ³
1648 4255 1712 4310 de
1765 4255 1908 4311 Iuda
1935 4265 1984 4310 et

407 4354 741 4417 Jerusalem;
779 4359 841 4406 ut
876 4364 975 4406 nec
1016 4363 1299 4420 prospera,
1340 4364 1438 4404 nec
1478 4349 1705 4404 adversa
1744 4347 1875 4402 velit
1920 4347 1985 4403 ti-

413 4450 530 4503 tulo
560 4444 953 4516 demonstrari,
1006 4442 1103 4500 sed
1148 4457 1211 4499 ea
1245 4456 1366 4510 quin
1401 4442 1470 4496 de
1498 4440 1637 4496 Juda
1673 4450 1730 4496 et
1757 4437 1985 4496 Jerusa-

414 4541 518 4594 lem
557 4540 611 4592 in
653 4546 943 4607 utramque
988 4544 1191 4607 partem
1237 4529 1589 4601 propheticus
1636 4543 1816 4584 sermo
1848 4544 1986 4600 prato

412 4629 636 4684 dixerit.
685 4626 827 4696 Ergo
866 4628 1033 4681 Isaias
1063 4621 1433 4695 principaliter
1462 4621 1528 4674 de
1561 4618 1771 4673 duabus
1807 4618 1981 4689 loqui-

413 4730 506 4773 tur
544 4719 810 4780 tribubus,
847 4713 982 4770 Juda
1032 4724 1087 4768 et
1131 4710 1414 4781 Beujamin
1449 4726 1462 4761 :
1497 4708 1743 4777 exceptis
1774 4708 1986 4775 decem,

410 4818 537 4875 quae
575 4806 634 4859 in
676 4805 925 4859 Samaria
969 4810 1147 4867 erant,
1178 4811 1247 4854 et-
1276 4797 1612 4853 vocabantur
1644 4797 1899 4864 Ephraim
1933 4806 1988 4853 et

2086 3617 2356 3670 transtulit
2400 3634 2487 3671 eos
2531 3619 2585 3672 in
2614 3621 2858 3689 Assyrios
2899 3622 2993 3692 (IV
3016 3621 3139 3691 Reg.
3177 3637 3267 3685 xv,
3306 3622 3388 3683 l8,
3424 3623 3533 3692 l9).
3581 3625 3656 3681 Ex

2085 3721 2197 3775 quo
2228 3708 2554 3773 ostenditur,
2586 3710 2764 3764 vicina
2801 3713 3083 3767 eversione
3120 3711 3378 3767 Samaria:
3419 3717 3471 3769 in
3507 3732 3657 3769 com-

2085 3797 2436 3852 monitionem
2468 3802 2697 3857 duarmu
2728 3801 2965 3857 trtbuum
2993 3803 3107 3873 haec
3146 3805 3395 3859 universa
3423 3783 3671 3862 narrari:

2153 3886 2316 3943 Ozias
2360 3898 2541 3942 auten:
2594 3889 2707 3958 ipse
2753 3900 2857 3958 est,
2900 3891 2989 3961 qui
3038 3902 3095 3946 et
3145 3894 3405 3961 Azarias,
3457 3897 3653 3964 duplici
3716 3936 3721 3945 .

2086 3980 2326 4033 nomine.
2393 3978 2459 4032 Et
2516 3993 2623 4034 uno
2678 3981 2897 4049 quidem
2949 3993 3113 4053 atque
3165 3982 3354 4039 eodem
3417 3996 3665 4056 tempore
3715 4028 3723 4049 .

2086 4067 2301 4135 Isaiam,
2338 4068 2495 4138 Osee,
2530 4070 2649 4128 Joel
2702 4082 2758 4127 et
2790 4072 2959 4129 Amos
2999 4074 3373 4144 prophetasse,
3408 4093 3474 4133 ex
3518 4080 3659 4147 regio

2084 4161 2189 4218 bus
2218 4161 2311 4232 qui
2343 4173 2621 4233 ponuntur
2648 4164 2703 4218 in
2731 4164 3314 4235 titulo,.cognoscimus
3343 4185 3357 4222 :
3388 4170 3480 4224 sed
3511 4172 3662 4238 prin-

2086 4252 2285 4321 cipium
2320 4251 2469 4307 verbi
2510 4251 2722 4308 Domini
2756 4253 2941 4309 fuit'in
2969 4254 3107 4311 Osee
3140 4254 3250 4311 lilio
3278 4256 3456 4314 Beeri.
3495 4262 3663 4314 Amos

2088 4356 2267 4404 autem
2306 4357 2461 4419 pater
2493 4348 2668 4418 Isaire,
2704 4365 2807 4405 non
2844 4359 2902 4405 ut
2930 4351 3171 4422 plerique
3206 4363 3513 4418 autumant,
3554 4365 3663 4408 ter-

2090 4437 2198 4492 tius
2229 4436 2515 4493 duodecim
2556 4440 2943 4508 prophetarum
2995 4452 3102 4508 est,
3138 4441 3234 4498 sed
3267 4443 3443 4508 alius;
3479 4447 3664 4498 diver-

2087 4528 2272 4598 sisque
2323 4528 2467 4596 apud
2518 4527 2775 4583 Hebraeos
2822 4530 3139 4585 scribuntur
3188 4534 3406 4588 litteris.
3455 4534 3513 4603 8
3563 4533 3667 4589 Iste

2088 4618 2319 4688 primam
2362 4632 2417 4672 et
2462 4629 2761 4674 extremam
2802 4620 3010 4676 litteras
3042 4621 3204 4678 habet
3239 4639 3407 4678 smn
3446 4638 3497 4679 et
3536 4641 3666 4680 sane

2092 4706 2322 4790 (V1128);
2372 4709 2461 4764 ille
2504 4726 2591 4765 MN
2631 4720 2688 4765 et
2736 4727 2941 4766 δαείη
2976 4713 3168 4784 (om)
3201 4731 3216 4767 :
3250 4725 3304 4769 et
3341 4716 3439 4769 istc
3472 4732 3666 4769 seca..-

2091 4804 2216 4855 dum
2239 4805 2498 4870 quosdam
2529 4805 2921 4872 interpretatur
2941 4808 3225 4875 fortitudo,
3248 4811 3363 4862 sive
3384 4811 3662 4870 robustus;

413 4867 623 4963 Israel;
652 4901 707 4949 et
737 4908 875 4963 quas
911 4893 1012 4951 sub
1054 4890 1206 4955 Ozia,
1241 4902 1370 4956 rege
1396 4884 1532 4942 Juda
1564 4895 1619 4941 et
1658 4885 1983 4953 Jerusztletu,
2020 4867 2062 4923 θ
2092 4892 2183 4947 ille
2217 4867 2441 4961 populus
2471 4895 2636 4949 durus
2671 4867 2750 4950 rel
2779 4867 2957 4966 gravii
2983 4913 3003 4951 :
3029 4899 3094 4953 de
3123 4867 3232 4968 quo
3267 4899 3319 4952 in
3355 4902 3519 4954 Amos
3553 4867 3668 4971 ple.

416 4986 556 5043 Phul
586 5003 677 5042 rex
706 4984 1052 5055 Assyriorum
1080 4991 1295 5039 vastare
1315 4982 1428 5051 jam
1458 4986 1721 5049 cmperat.
1748 4978 1992 5050 Denique
2089 4983 2214 5039 nius
2243 4984 2501 5039 diximus.
2531 4982 2648 5039 Non
2679 4986 2854 5042 solum
2901 4999 3080 5043 autem
3122 4990 3214 5043 hic
3249 4993 3535 5061 propheta,
3568 4995 3665 5048 sed

414 5079 869 5149 quinquagesimo
913 5084 973 5131 et
1023 5074 1263 5128 secundo
1299 5070 1510 5140 imperii
1549 5070 1671 5139 ejus
1703 5084 1870 5136 anno,
1904 5083 1993 5124 re-
2089 5083 2144 5130 et
2188 5074 2280 5129 alii
2330 5089 2451 5129 cum
2500 5075 2735 5131 habeant
2782 5078 2837 5132 in
2886 5080 3090 5133 titulo:
3138 5078 3281 5136 Vinio
3327 5099 3487 5152 quam
3536 5087 3668 5140 υξάει

414 5176 617 5233 gnautc
651 5165 792 5235 apud
825 5163 1124 5218 Samariam
1159 5160 1370 5215 Pltacee
1406 5160 1513 5214 lilio
1543 5158 1823 5226 Romelizn,
1857 5162 1994 5214 venit
2092 5163 2291 5232 Isaias,
2333 5166 2449 5221 sive
2499 5168 2725 5234 Abdias,
2772 5186 2877 5224 non
2933 5170 3173 5228 inierunt
3222 5175 3352 5244 quid
3414 5176 3664 5231 viderint.

423 5256 904 5327 Teglatlipltalasar
954 5268 1045 5308 rex
1097 5253 1529 5323 Assyriorum,“
1579 5256 1709 5321 cepit
1757 5253 1898 5323 Α]οη
1946 5263 1994 5307 et

422 5350 577 5413 Abel,
607 5354 823 5404 domum
858 5347 1089 5403 Maaclta
1116 5361 1134 5400 :
1161 5356 1208 5399 et
1230 5344 1471 5401 lanae-et
1496 5346 1661 5401 Cedet
1693 5356 1741 5402 et
1778 5347 1913 5401 Arar
1943 5356 1995 5403 et

501 5510 516 5541 '
547 5510 719 5567 Penes
758 5510 1052 5567 Eusebium
1096 5512 1458 5580 Demonstrat.
1492 5509 1698 5577 Evang.
1743 5499 1866 5580 pag'.
1897 5511 1988 5576 66,

423 5578 784 5650 Symmachus
835 5584 1017 5644 habet,
1049 5579 1318 5651 antarii;
1360 5579 1653 5651 ἰουὸαξςις,
1699 5578 1990 5651 κᾳὶᾙὺπὶρ

422 5647 523 5720 τῆς
565 5652 947 5722 Ἰερουσαλήμ,
977 5647 1421 5708 δυνεν“1ιιιιωαιιι
1455 5659 1502 5705 et
1537 5647 1848 5704 Jerusalem.
1886 5647 1991 5706 Ite-

2095 5256 2249 5312 Verbi
2279 5260 2494 5329 gratia:
2540 5257 2659 5314 Vidi
2697 5260 2981 5314 Dominum
3008 5261 3241 5320 Sabaoth
3276 5269 3538 5323 sedentem
3570 5285 3665 5323 stt-

2092 5366 2184 5419 ρετ
2218 5350 2464 5408 thronum
2502 5354 2763 5408 excelsum
2794 5366 2843 5408 et
2871 5356 3126 5411 devotum
3159 5371 3208 5413 et
3257 5359 3537 5429 Seraphin:
3563 5361 3669 5416 duo

2092 5515 2234 5592 _ct_ius
2271 5513 2649 5592 [Ηυξ-οιιγιιιιιε⁵
2677 5517 2830 5592 legit,
2859 5520 2989 5588 περὶ
3042 5518 3211 5573 ἰιύδσι
3253 5520 3348 5574 καὶ
3392 5520 3665 5592 Ἰερουσα-

2093 5585 2222 5656 λήμ,
2260 5584 2332 5641 De
2362 5583 2506 5639 Iuda
2539 5596 2585 5640 et
2615 5583 2936 5642 Jerusalem.
