3962 6192
364 330 441 396 23
1531 331 1588 390 S.
1634 330 1944 390 EUSEBII
1986 330 2440 390 HIERONYMI
3537 326 3604 383 24

366 448 416 497 in
444 445 665 497 circuitu
688 444 841 513 ejus;
865 442 958 498 sed
986 458 1106 513 qua:
1131 444 1271 498 dicta
1297 453 1445 508 sunt,
1472 451 1716 504 narrant,
1740 442 1788 495 id
1810 452 1926 495 est:
1956 456 2003 501 Α
2033 441 2295 509 propheta
2351 442 2453 492 diei
2488 440 2815 493 arbitramur
2850 454 2861 490 :
2905 438 3238 499 Illuminnre,
3282 438 3604 496 illuminare,

361 535 526 598 Audi,
559 534 765 596 coelum,
798 544 847 587 et
903 533 1119 587 auribus
1164 533 1390 599 percipe,
1429 543 1570 584 terra
1608 530 1749 599 (lsa.
1781 547 1853 597 Vl,
1878 531 1935 596 ‘l,

360 627 438 696 2).
476 625 748 683 Etzllaec
797 626 924 679 dicit
978 624 1232 678 Dominus
1288 623 1423 676 Deus
1476 624 1545 675 ad
1600 620 1938 677 Iduutamm:

362 717 621 773 Auditum
667 716 845 770 audivi
892 733 922 768 a
974 715 1222 779 Domino,
1258 724 1306 768 et
1362 714 1594 784 legatum
1644 714 1712 767 ad
1762 722 1937 782 gentes

360 808 502 863 misit
541 807 701 876 (Abd.
753 823 793 871 ι,
841 807 915 875 1).
958 804 1242 874 Propheta:
1285 806 1428 860 enim
1481 808 1628 872 prius
1669 804 1938 860 voeaban-

363 909 452 953 tur
472 898 711 952 videntes
732 898 773 963 ³,
793 898 884 966 qui
906 897 1087 951 dicere
1111 903 1367 967 poterant
1396 913 1410 951 :
1448 896 1600 951 Oculi
1626 898 1789 950 nostri
1806 913 1941 950 sem-

360 1006 453 1058 per
484 990 553 1043 ad
584 988 871 1043 Dominum
904 988 1076 1057 (Psal.
1106 1005 1217 1053 ιιν,
1251 990 1465 1069 15).,Ει
1500 1008 1514 1045 :
1554 990 1635 1043 Ad
1681 1000 1732 1045 te
1772 988 1940 1043 levavi

363 1082 541 1135 ocutbs
589 1096 727 1134 meos
773 1081 863 1148 qui
911 1080 1122 1134 habitas
1167 1079 1223 1132 in
1267 1080 1394 1134 caelo
1442 1078 1615 1147 (Psal.
1658 1094 1825 1141 cvxu,
1862 1077 1939 1143 1).

364 1173 519 1229 Unde
554 1184 609 1228 et
669 1172 929 1241 apostolis
961 1187 988 1225 a
1033 1170 1315 1226 Salvatore
1362 1173 1716 1241 praecipitur:
1752 1170 1942 1224 Lerate

364 1264 541 1319 oculos
580 1273 794 1325 vestros,
828 1272 877 1317 et
931 1263 1097 1317 videte
1145 1264 1413 1333 regiones,
1475 1263 1597 1328 quia
1639 1262 1757 1331 jam
1806 1260 1941 1315 alba:

365 1369 484 1412 sunt
516 1358 585 1411 ad
616 1373 831 1411 messem
862 1354 1046 1427 (Joan.
1080 1372 1157 1421 tv,
1188 1356 1301 1424 55).
1337 1354 1474 1411 Istos
1508 1356 1690 1411 cordis
1754 1357 1939 1411 oculos

366 1460 421 1504 et
444 1463 647 1520 sponsa
674 1448 909 1502 habebat
940 1448 993 1502 in
1022 1446 1247 1503 Cantico
1273 1448 1635 1511 canticorum,
1659 1446 1748 1500 cui
1779 1461 1942 1514 spon-

365 1556 460 1596 sus
490 1541 621 1595 dicit
653 1558 666 1593 :
712 1538 1014 1593 Vuluerasti
1050 1555 1142 1592 cor
1180 1556 1372 1602 meum,
1407 1555 1559 1592 soror
1585 1554 1697 1591 mea
1729 1550 1939 1605 sponsa,

365 1648 471 1686 uno
497 1646 562 1687 ea:
590 1632 756 1686 oculis
790 1632 893 1685 tuis
922 1630 1111 1701 (Cant.
1148 1645 1224 1695 tv,
1256 1630 1333 1698 9).
1371 1629 1431 1683 Et
1463 1630 1517 1682 in
1549 1628 1837 1697 Evangelia
1868 1628 1941 1683 le-

365 1725 573 1790 gimus:
595 1723 843 1778 Lucerna
855 1726 1087 1793 corporis
1109 1724 1186 1777 tui
1204 1731 1277 1777 est
1292 1722 1473 1778 oculus
1492 1734 1611 1775 tuus
1631 1721 1842 1791 (Matth.
1864 1736 1936 1783 vt,

2037 533 2326 586 Jerusalem
2359 548 2378 586 :
2400 533 2531 585 venit
2566 532 2704 585 enint
2740 531 2830 584 lux
2861 542 2975 589 tua,
3008 541 3054 583 et
3083 529 3249 600 gloria
3277 528 3488 582 Domini
3518 544 3605 581 su-

2040 640 2130 691 per
2158 635 2205 676 ιε
2236 633 2353 676 orta
2377 634 2449 677 est
2481 640 2501 678 :
2524 634 2597 683 et.
2636 622 2700 675 In
2733 632 2780 676 te
2821 622 3086 688 apparebit
3121 616 3392 679 Dominus,
3425 631 3474 673 et
3502 619 3608 689 glo-

2040 716 2122 770 ria
2174 715 2316 768 illius
2346 731 2499 783 super
2524 727 2571 768 te
2599 717 2900 768 ostendetur
2924 731 2942 767 :
2970 724 3017 768 et
3050 714 3358 782 gradieutur
3385 729 3523 781 reges
3554 714 3606 765 in

2039 806 2234 860 lumine
2267 817 2376 869 tuo,
2412 816 2461 857 et
2500 817 2673 873 gentes
2710 808 2762 858 in
2804 805 3079 871 splendore
3114 814 3203 857 tuo
3233 820 3251 857 :
3282 805 3487 872 quando
3526 819 3609 855 ve-

2042 900 2181 951 nient
2224 914 2397 950 omnes
2440 898 2539 965 ﬁlii
2564 900 2676 967 ejus
2711 899 2774 950 de
2811 900 2978 967 longe,
3015 909 3062 953 et
3104 899 3230 967 ﬁliis
3260 898 3401 949 illius
3431 898 3484 948 in
3513 897 3612 947 ltu-

2041 990 2195 1043 meris
2226 990 2593 1058 portabuntur,
2621 998 2669 1042 et
2704 992 2931 1057 operient
2972 1007 3087 1043 eam
3128 988 3313 1042 cameli
3374 986 3608 1040 Modiam

2039 1091 2089 1135 et
2119 1079 2291 1145 Eplia,
2322 1081 2603 1149 afferentes
2650 1097 2838 1134 aurum
2871 1090 2918 1134 et
2954 1083 3069 1134 llius
3098 1097 3116 1134 :
3144 1089 3191 1134 et
3228 1095 3404 1149 greges
3448 1076 3613 1132 Cednr

2042 1173 2500 1242 congregabantur
2549 1173 2604 1226 in
2653 1171 2973 1239 Jerusalem,
3014 1184 3061 1227 et
3105 1174 3293 1226 arietes
3347 1169 3612 1224 Nabniotlt

2041 1266 2413 1335 praperabunt,
2448 1275 2494 1317 et
2534 1275 2687 1319 erunt
2722 1266 3006 1334 placabiles
3040 1267 3225 1320 hostia:
3258 1281 3414 1333 super
3448 1262 3614 1315 altare

2043 1356 2257 1411 Domini
2291 1355 2427 1427 (Isa.
2461 1373 2604 1421 uix,
2638 1358 2663 1410 1
2705 1360 2901 1426 seqq.).

2114 1445 2374 1514 Quodque
2411 1447 2463 1498 lu
2518 1446 2676 1499 titulo
2708 1449 2926 1515 ponitur
2959 1448 3313 1516 praphetasse
3358 1445 3615 1501 eum‘sub

2045 1534 2199 1601 Ozia,
2251 1546 2306 1591 et
2353 1535 2622 1603 Joatliam,
2664 1545 2717 1591 et
2768 1538 2968 1603 Aeliaz,
3007 1548 3061 1592 et
3106 1537 3357 1601 Ezechia,
3402 1538 3614 1605 regibus

2042 1626 2203 1691 Juda,
2238 1642 2345 1681 non
2385 1636 2442 1682 ut
2475 1629 2527 1681 in
2563 1628 2685 1682 aliis
2743 1629 3016 1698 prOphetis
3051 1630 3276 1684 coaluse
3316 1629 3617 1696 intelligen-

2056 1718 2183 1773 dum
2237 1727 2340 1781 est,
2380 1726 2437 1770 ut
2486 1719 2789 1772 nesciamus
2839 1720 2967 1787 quid
3014 1720 3113 1774 sub
3164 1734 3281 1787 quo
3316 1718 3616 1788 specialiter

363 1778 475 1885 ξε).
523 1815 586 1870 In
616 1816 793 1871 Veteri
841 1778 1056 1887 quo'que
1101 1816 1303 1871 dicitur
1358 1778 1753 1879 lnstrnmeiito,
1798 1778 1941 1883 quod
1975 1778 2015 1833 Β
2054 1822 2176 1876 rege
2224 1778 2425 1862 dictum
2482 1809 2599 1863 sit:
2636 1810 2730 1863 sed
2778 1778 2947 1879 usque
2995 1810 3062 1863 ad
3119 1778 3276 1863 lin-em
3330 1778 3615 1863 roliiiiiiiiis

366 1907 602 1978 populus
637 1908 834 1961 videsit
862 1922 1049 1962 vocem
1095 1907 1185 1960 Dei
1221 1906 1413 1974 (Exod.
1451 1921 1541 1968 xx,
1573 1904 1684 1972 18).
1732 1902 1802 1955 Ex
1838 1918 1942 1969 quo

366 1997 606 2052 Montani
652 1997 1006 2050 deliramenta
1058 2000 1385 2060 conticeaut,
1417 1997 1507 2065 qui
1541 1996 1591 2048 in
1630 1998 1833 2051 exstasi
1890 2007 1943 2052 et

367 2087 549 2144 cordis
590 2089 824 2163 amentia
885 2087 1176 2156 prophetas
1225 2095 1377 2156 putat
1422 2100 1644 2142 ventura
1686 2089 1890 2142 dixisse
1925 2107 1939 2143 :

371 2194 548 2250 neque
580 2180 723 2232 enim
769 2180 952 2233 videre
992 2187 1241 2248 poterant
1268 2178 1409 2247 quod
1445 2178 1780 2249 ignorabant.
1819 2180 1944 2235 Seio

365 2270 631 2337 quosdam
667 2267 902 2323 .lndzeani
951 2280 1007 2324 et
1042 2267 1345 2324 Jerusalem
1392 2272 1457 2324 de
1505 2269 1815 2326 cmlestibus
1860 2270 1943 2323 iii-

367 2361 678 2431 terpretari,
714 2370 768 2414 et
816 2360 1012 2415 isaiam
1066 2362 1166 2414 sub
1198 2346 1438 2429 persona
1492 2360 1700 2415 Domini
1746 2359 1946 2415 Salva-

376 2454 554 2506 toris:
592 2450 736 2519 quod
782 2451 1152 2519 captivitatem
1177 2454 1196 2482 ¹
1244 2452 1387 2505 illius
1430 2452 1722 2519 provinciae
1759 2451 1811 2505 in
1849 2467 1946 2506 no-

369 2548 494 2593 stra.
517 2551 657 2593 terra
693 2540 1038 2608 prmnuntiet,
1068 2550 1125 2593 et
1159 2550 1343 2607 postea
1387 2540 1617 2594 reditum
1679 2555 1943 2595 conscen-

369 2644 595 2698 sumque
613 2629 646 2664 ³ι
674 2631 739 2683 ad
776 2640 1007 2684 montem
1032 2641 1277 2683 sanctqu
1313 2629 1365 2682 iu
1392 2630 1577 2683 diebus
1615 2631 1941 2685 novissimis.

377 2723 506 2786 Quas
539 2734 641 2773 nos
674 2719 947 2773 contraria
994 2717 1424 2772 Christianorum
1463 2719 1582 2773 ﬁdei
1616 2719 1944 2788 judicantes,

372 2811 627 2865 universa
659 2810 717 2879 9
744 2810 1099 2878 despicimus,
1130 2817 1185 2862 et
1232 2819 1521 2876 sequentes
1568 2811 1807 2865 historia:
1848 2826 1945 2865 vc-

371 2902 610 2965 ritatem,
634 2901 713 2955 sic
746 2901 1167 2969 interpretamur
1191 2901 1572 2970 spiritualiter,
1601 2913 1659 2957 ut
1688 2903 1946 2973 quidquid

372 2993 451 3047 illi
493 2992 561 3047 de
603 2990 811 3046 etelesti
858 2990 1157 3047 Jerusalem
1205 2993 1504 3057 somniant,
1541 2994 1842 3049 referamus
1880 2995 1946 3049 ad

2053 1899 2316 1968 scriptum
2353 1898 2609 1965 refertur,
2643 1901 2773 1969 quid
2806 1916 3049 1955 seorsum
3083 1902 3184 1956 sub
3216 1900 3364 1963 Ozia,
3398 1910 3451 1953 et
3491 1897 3615 1969 quid

2051 1990 2152 2043 sub
2174 1988 2451 2051 .Ioatliam,
2474 1998 2528 2042 et
2552 1988 2681 2057 quid
2704 1989 2803 2042 sub
2826 1991 3025 2051 Aeliaz,
3047 2002 3094 2041 et
3122 1991 3247 2057 quid
3274 1990 3372 2043 sub
3391 1988 3619 2042 Ezeeliia

2050 2082 2097 2134 ei
2129 2096 2157 2133 a
2195 2080 2418 2134 Domino
2466 2082 2761 2136 revelatum
2810 2083 2899 2135 sit.
2944 2082 3190 2135 Sciamus
3231 2096 3445 2148 quoque
3488 2081 3619 2132 Eze-

2055 2177 2230 2232 chiam
2268 2180 2321 2232 iti
2355 2177 2649 2233 Jerusalem
2680 2178 2701 2209 ⁸
2730 2164 3050 2232 duodecimo
3085 2192 3225 2229 anno
3260 2176 3499 2237 Romuli,
3532 2175 3618 2243 qui

2051 2271 2136 2323 sui
2180 2269 2412 2324 nominis
2464 2269 2515 2321 in
2563 2269 2712 2322 Italia
2769 2268 3007 2322 condidit
3061 2268 3357 2331 civitatein,
3400 2282 3622 2335 regnare

2052 2363 2278 2430 cmpisse
2312 2378 2326 2414 :
2365 2370 2424 2415 ut
2470 2361 2676 2430 liquido
2721 2368 3006 2429 appareat,
3044 2368 3247 2428 quanto
3294 2359 3625 2426 antiquiores

2052 2453 2161 2507 sint
2214 2461 2412 2505 nostra:
2468 2451 2733 2517 historim,
2774 2466 2932 2520 quam
2985 2449 3224 2517 gentiqu
3279 2458 3619 2502 caaterarum.

2052 2541 2442 2610 Interpretatur
2468 2552 2649 2595 autem
2676 2541 2861 2606 Isaias,
2880 2540 3114 2595 salvatus
3146 2539 3394 2592 Domini“
3422 2555 3440 2592 :
3462 2537 3618 2601 Juda,

2052 2631 2696 2702 confessiod‘erusalem,
2743 2634 2873 2687 visio
2917 2633 3063 2702 pacis
3098 2647 3117 2686 :
3150 2631 3331 2691 Ozias.
3368 2632 3621 2699 fortitudo

2053 2724 2267 2777 Domini
2295 2724 2608 2789 :Joatliam,
2660 2724 2872 2778 Domini
2923 2725 3165 2795 perfectio
3188 2741 3207 2778 :
3228 2725 3428 2787 Achaz,
3449 2734 3622 2775 tenens

2054 2813 2169 2869 sive
2197 2817 2437 2868 robustus
2467 2830 2485 2867 :
2514 2813 2797 2879 Ezechias,
2825 2816 3099 2881 imperium
3130 2815 3360 2869 Domini.
3388 2812 3490 2879 Qui
3524 2813 3623 2880 igi-

2054 2915 2141 2961 tur
2176 2904 2405 2962 Domino
2440 2906 2760 2977 praesidente
2792 2907 3048 2972 salvator,
3079 2914 3133 2960 et
3162 2914 3245 2961 est
3274 2908 3413 2959 illius
3442 2911 3618 2962 Amos.

2056 2998 2108 3052 id
2141 3008 2246 3063 est,
2280 2997 2438 3053 fortis
2476 3007 2638 3067 atque
2672 2999 2900 3061 robusti,
2933 3001 3106 3052 cernit
3151 2998 3504 3066 spiritual’ner
3546 2998 3622 3050 vi-

374 3086 575 3169 Christi
607 3083 924 3147 Ecclesium,
953 3093 1009 3137 et
1036 3083 1101 3136 ad
1132 3097 1225 3137 eos
1252 3082 1343 3152 qui
1374 3084 1455 3137 vel
1483 3095 1700 3153 propter
1728 3095 1945 3154 peccata
1977 3127 2019 3185 ο
2054 3087 2264 3143 sionem
2304 3088 2678 3155 confessionis,
2713 3090 2837 3151 dum
2877 3090 3093 3157 antiqua
3137 3098 3352 3158 peccata
3396 3089 3620 3157 deplan-

371 3163 725 3248 egredinntnr
754 3191 820 3230 ex
853 3191 938 3242 ea,
972 3176 1055 3229 vel
1090 3175 1162 3229 ob
1194 3176 1568 3245 penitentiam
1602 3189 1947 3234 revertuntur

371 3272 438 3325 ad
468 3269 649 3324 sedem
680 3268 991 3337 pristinam,
1018 3267 1083 3321 de
1128 3282 1233 3335 qua
1264 3276 1321 3320 et
1349 3266 1475 3321 illud
1522 3267 1574 3320 in
1618 3268 1718 3323 hoc
1751 3271 1937 3324 eodem

448 3428 462 3457 ί
497 3426 656 3482 Prius
707 3423 1046 3493 vocabantur.
1101 3420 1353 3493 Legimus
1400 3420 1416 3473 l
1467 3420 1670 3491 Regum
1722 3424 1888 3493 115,79
1928 3443 1940 3478 :

376 3496 511 3552 Olim
566 3497 619 3549 in
673 3493 844 3547 Israel
885 3494 956 3544 sic
999 3492 1307 3559 loquebatur
1348 3494 1702 3559 unusquisque
1748 3492 1942 3545 vadens

372 3567 645 3620 consulere
675 3564 836 3617 Deum
861 3577 879 3614 :
915 3560 1091 3614 Venite
1119 3571 1166 3614 et
1197 3578 1379 3614 eamus
1420 3562 1488 3613 ad
1527 3563 1803 3614 videntem.
1837 3563 1943 3626 Qui

373 3637 512 3691 enim
542 3634 793 3705 propheta
817 3632 1219 3705 diciturltodie,
1251 3632 1537 3705 vocabatur
1566 3630 1691 3683 olim
1741 3632 1941 3686 videns.

376 3707 467 3762 Sic
499 3700 695 3774 saepius
727 3704 779 3774 in
816 3703 967 3755 libris
1006 3701 1203 3774 Regum
1239 3710 1294 3754 et
1328 3700 1773 3774 lfaralipomenun
1810 3717 1943 3770 pro-

374 3769 956 3847 phetze'appellautur
1016 3769 1297 3847 Videntes.
1345 3770 1512 3847 Isaias
1566 3769 1944 3847 quoqueith

377 3839 539 3900 habet
583 3839 719 3899 infra
760 3858 881 3911 cap.
928 3856 1055 3905 xxx,
1087 3841 1152 3895 10
1184 3858 1199 3894 :
1234 3840 1326 3892 Dic
1380 3839 1707 3902 Videntibus,
1754 3841 1803 3911 id
1839 3849 1945 3902 est,

376 3916 661 3983 prophetis.
699 3913 830 3981 cap.
852 3915 1046 3963 iterum
1067 3926 1246 3983 sun,
1266 3910 1319 3974 5,
1338 3918 1391 3964 et
1415 3924 1534 3983 cap.
1562 3923 1753 3983 sunt,
1773 3910 1826 3971 7,
1854 3924 1948 3963 eo-

379 3977 500 4041 dem
534 3977 758 4039 nomine
780 3977 1015 4036 ridentes
1046 3980 1301 4033 dicuntur
1346 3981 1646 4048 prOphetze.
1686 3977 1946 4032 Maurum.

448 4058 469 4088 ³
508 4054 660 4119 Quod
710 4051 1093 4117 captivitatem,
1135 4058 1239 4103 etc.
1294 4047 1629 4119 Millenarios
1658 4049 1781 4119 JlOQ
1835 4049 1951 4115 loco

378 4115 607 4191 castigat
657 4115 1037 4191 Hieronymus,
1079 4120 1171 4187 qui
1219 4118 1359 4191 libro
1400 4115 1600 4191 Script.
1646 4116 1952 4191 Eccles.__in

380 4186 543 4261 Papia
589 4190 797 4259 respuit
842 4186 1486 4261 eamdem:traditionem
1515 4187 1756 4261 dicens:
1794 4186 1953 4261 t‘llic

384 4254 582 4318 dicitur
618 4254 761 4313 mille
795 4270 1062 4310 annorum
1092 4254 1372 4308 .lndaicam
1406 4255 1640 4309 edidisse
1690 4256 1953 4324 δευτέρω-

381 4350 489 4396 σιν,
512 4346 668 4399 quem
700 4328 878 4399 secuti
930 4336 1057 4378 sunt
1107 4324 1365 4399 Irenaaus,
1396 4335 1450 4399 et
1490 4326 1854 4399 Apollinarius
1899 4334 1955 4378 et

383 4396 587 4460 eteteri,
618 4398 708 4468 qui
743 4407 863 4468 post
892 4396 1342 4449 resurrectionem
1357 4396 1604 4468 rainutﬂiu
1634 4411 1691 4447 ea
1705 4411 1797 4449 rue
1826 4410 1949 4447 cum

382 4450 601 4527 QZn'ciié
624 4450 917 4522 hominum
952 4475 1325 4533 regnaturum.
1354 4466 1716 4533 Tertulliauus
1742 4480 1953 4531 quoque
1983 4450 2030 4507 ο

382 4545 438 4597 in
472 4542 605 4595 libro
635 4541 699 4591 de
731 4536 836 4604 Spe
868 4532 1122 4596 lidelium,
1153 4544 1204 4587 et
1248 4533 1552 4604 Victorinus
1586 4532 1956 4604 Petabiouen-

383 4612 478 4675 sis,
521 4619 574 4663 et
622 4602 938 4675 Lactantius
989 4603 1392 4675 hac__0pitiione
1446 4603 1742 4675 ducuntur.
1786 4620 1804 4653 ι
1863 4602 1955 4655 llis

385 4672 615 4734 addendi
649 4685 779 4732 sunt
816 4672 1061 4726 Justinus
1096 4673 1319 4748 Martyr,
1345 4674 1598 4748 Clemens
1633 4674 1956 4748 Alexandri-

385 4766 507 4815 nus,
539 4750 911 4815 Athenagoras
957 4753 1011 4795 et
1053 4741 1289 4797 nonnulli
1332 4744 1422 4797 alii
1471 4741 1769 4812 scriptores
1811 4741 1952 4795 auti-

383 4822 494 4891 qui.
538 4820 811 4877 Mantua.

455 4890 477 4922 ³
512 4891 681 4945 Antea
712 4900 826 4942 erat
856 4902 1281 4956 consensumque.

457 4958 480 4989 ⁸
509 4958 573 5011 In
617 4958 907 5014 Jerusalem
955 4951 1277 5018 duodecimo,
1312 4963 1419 5008 etc.
1466 4951 1544 5007 Ex
1592 4951 1728 5006 litim
1777 4962 1955 5021 postc-

386 5029 531 5083 riore
558 5030 957 5083 Chronicurum
990 5028 1205 5081 Eusebii
1235 5027 1349 5079 haec
1381 5024 1540 5078 habet
1568 5022 1951 5092 Hieronymus,

386 5099 479 5167 qui
522 5111 735 5163 semper
784 5101 834 5151 iu
886 5099 1153 5153 historica.
1196 5096 1503 5167 narratione
1544 5107 1608 5146 ac
1651 5105 1953 5167 tenqioruui

386 5162 825 5221 annotatioiiibus
856 5171 1011 5221 tidem
1051 5169 1180 5221 facit
1206 5166 1317 5219 suis
1345 5165 1503 5217 dictis
1540 5177 1607 5215 ex
1649 5162 1953 5229 hujusmodi

389 5235 831 5306 Syntagmatibus
875 5236 1210 5306 Eusebianis.
1268 5236 1444 5301 Quare
1495 5232 1546 5285 in
1595 5230 1847 5306 Epistula
1889 5230 1954 5306 ad

386 5299 680 5363 Damasum
706 5306 772 5376 de
800 5305 1005 5376 visione
1039 5299 1348 5376 Seraphiin,
1384 5313 1598 5376 tempus
1635 5301 1790 5376 regni.
1812 5299 1955 5376 Otia:

387 5392 453 5431 ae
486 5375 785 5428 nativitatis
812 5373 1024 5444 Romuli
1056 5372 1246 5444 probat
1272 5377 1355 5428 his
1384 5375 1557 5444 verbis
1590 5386 1603 5422 :
1630 5374 1783 5444 tt’ost
1802 5372 1955 5437 cujus

390 5454 645 5509 mortem,
696 5444 889 5512 inquit,
934 5441 1099 5499 Isaias
1155 5446 1416 5513 propheta
1472 5441 1952 5513 hauc‘visionem,

389 5531 552 5586 quam
603 5509 897 5586 explanare
942 5529 1085 5586 nunc
1134 5509 1377 5580 nitimur,
1421 5514 1587 5586 vidit.
1622 5509 1687 5586 id
1734 5521 1843 5571 est,
1889 5524 1953 5565 eo

390 5581 535 5640 anno
559 5581 973 5655 quo'Romulus,
1005 5584 1230 5647 Romam
1261 5584 1469 5650 imperii
1499 5581 1762 5655 conditor,
1797 5590 1954 5655 natus

390 5665 475 5710 est
508 5671 523 5710 :
555 5651 694 5709 sicut
731 5652 1075 5721 ttiauilestum
1111 5668 1233 5708 esse
1278 5656 1475 5721 poterit
1519 5654 1605 5715 iis,
1637 5651 1728 5718 qui
1776 5651 1954 5721 vplue-

393 5728 506 5788 lint
538 5725 715 5797 legere
745 5720 1071 5793 Temporutn
1112 5717 1334 5791 librum,
1369 5736 1529 5793 quem
1572 5717 1680 5775 nos
1714 5722 1769 5777 iu
1806 5717 1953 5775 Lati-

368 5807 387 5831 ο

2053 3180 2129 3248 git
2167 3197 2181 3233 :
2222 3189 2281 3234 et
2326 3180 2496 3249 pacis,
2531 3180 2657 3233 dum
2714 3190 2832 3246 post
2878 3181 3249 3249 pmuitentiam
3300 3180 3499 3233 transit
3553 3181 3618 3233 ad

2048 3270 2246 3337 lucem,
2280 3280 2337 3326 et
2368 3281 2569 3325 arterna
2618 3287 2749 3342 pace
2774 3272 3061 3342 requiescit
3093 3290 3107 3327 :
3144 3282 3444 3340 cunctaque
3480 3271 3622 3325 illius

2050 3440 2173 3495 nam
2220 3426 2458 3495 linguam
2511 3441 2576 3481 ex
2626 3426 2815 3482 Graeco
2858 3442 3107 3483 sermone
3154 3428 3551 3481 transtulimus.
3596 3448 3614 3479 s

2048 3494 2475 3567 illoneudu'swest
2517 3497 2906 3567 autcmrlector
2955 3496 3246 3567 Josepltutn
3285 3495 3615 3567 Scaligernm

2054 3565 2208 3619 valde
2266 3564 2649 3617 liallucinatum
2706 3566 2871 3620 luisse
2924 3582 3044 3619 cum
3086 3564 3308 3621 vocavit
3349 3564 3616 3620 Visionem

2050 3634 2333 3705 Serapltiiu
2394 3636 2619 3699 primani
2656 3634 2815 3689 Isaia:
2848 3635 3119 3700 visionem,
3154 3650 3273 3705 quae
3312 3649 3460 3689 sexta
3498 3652 3620 3689 esse

2052 3702 2214 3773 debet
2256 3705 2409 3770 juxta
2458 3705 2776 3758 divisionem
2828 3702 3220 3772 capitulorum,
3262 3705 3620 3773 ordinemque

2056 3770 2334 3825 Visiouuin
2377 3773 2427 3824 iu
2466 3775 2846 3842 manuscriptis
2881 3770 3055 3840 libris,
3090 3784 3144 3827 et
3182 3778 3319 3844 apud
3359 3770 3621 3843 Hierony-

2057 3856 2202 3894 tuum
2260 3856 2402 3908 saepe
2451 3852 2689 3895 notatum
2729 3860 2742 3895 :
2782 3859 2902 3898 naut
2948 3846 3001 3897 in
3046 3842 3230 3898 codice
3275 3842 3619 3897 Cluniacensi

2054 3920 2175 3979 post
2203 3912 2367 3979 primi
2400 3912 2621 3982 capituli
2650 3923 2963 3982 contextum
2991 3928 3204 3967 sacrum
3232 3924 3285 3967 et
3310 3912 3617 3982 Hieronymi

2051 3982 2520 4051 Commentarios,
2574 3980 2804 4051 legimus
2854 3984 2954 4036 hoc
3010 3982 3214 4038 modo:
3268 3982 3409 4035 Visio
3464 3980 3620 4036 Isaia:

2048 4051 2299 4101 secunda.
2361 4048 2839 4118 Errorem'porro
2903 4052 3161 4119 Scaligeri
3248 4052 3489 4105 invenies
3566 4055 3620 4106 in

2057 4119 2592 4173 Animaversionibus
2626 4125 2691 4173 ad
2737 4122 3127 4188 Chronol‘ogtca
3168 4122 3408 4183 Eusebii,
3445 4138 3495 4188 p.
3531 4124 3621 4187 66,

2050 4189 2157 4242 col.
2182 4190 2238 4252 ‘2,
2272 4191 2322 4241 in
2358 4190 2482 4242 line.
2516 4189 2749 4244 Consule
2784 4191 2923 4243 intra
2954 4191 3391 4247 Counneutarios
3435 4194 3490 4245 in
3530 4210 3623 4246 ea-

2050 4270 2144 4326 put
2178 4260 2405 4325 primum
2441 4258 2611 4312 Isaiie.
2653 4259 2926 4314 Maurum.

2123 4326 2282 4381 Paria
2312 4329 2395 4382 his
2418 4339 2567 4393 sunt,
2589 4343 2707 4397 qua:
2732 4332 2895 4383 tradit
2918 4329 3075 4398 epist.
3105 4331 3191 4393 18,
3217 4331 3281 4385 ad
3311 4330 3622 4398 Damasum,

2058 4413 2213 4465 num.
2251 4398 2306 4463 1,
2333 4412 2453 4465 qute
2494 4410 2546 4449 et
2578 4399 2828 4453 Martiali.
2890 4401 2942 4452 in
2983 4400 3127 4454 hunc
3172 4402 3348 4453 locum
3392 4404 3571 4456 laudat
3607 4420 3622 4456 :

2062 4484 2080 4517 s
2121 4466 2381 4535 Regnavit
2419 4466 2577 4540 Ozias
2623 4470 2775 4540 annis
2814 4471 3203 4540 quinquaginta
3246 4472 3478 4535 duobus,
3516 4488 3625 4538 quo

2062 4546 2303 4608 tempore
2340 4541 2479 4606 apud
2519 4538 2743 4608 Latinos
2782 4538 3043 4601 Amulius,
3068 4538 3221 4608 apud
3264 4540 3627 4595 Athenienses

2058 4607 2381 4678 Aganiestor
2427 4606 2744 4678 undecimus
2778 4608 3095 4675 imperabat.
3116 4606 3259 4663 'l’ost
3296 4612 3448 4678 Cujus
3482 4627 3629 4663 inor-

2060 4682 2165 4729 tem
2195 4673 2358 4748 Isaias
2384 4677 2644 4748 prOpheta
2672 4678 2810 4748 hanc
2838 4673 3123 4741 visionem,
3149 4695 3308 4746 quam
3336 4673 3628 4748 explanare

2059 4760 2202 4813 nunc
2236 4745 2476 4809 nitimur,
2514 4746 2665 4807 vidit,
2702 4747 2752 4798 id
2785 4754 2888 4808 est,
2921 4761 2983 4799 eo
3023 4745 3305 4813 annoque
3337 4745 3623 4811 Romulus,

2061 4812 2284 4867 Roniani
2335 4815 2546 4881 imperii
2588 4816 2856 4876 conditor,
2900 4825 3060 4872 natus
3105 4812 3230 4871 esti
3269 4820 3408 4872 sicut
3450 4822 3629 4871 maui-

2056 4883 2251 4938 festum
2287 4900 2408 4956 esse
2448 4886 2641 4950 poterit
2677 4885 2763 4949 iis,
2796 4886 2888 4953 qui
2938 4887 3208 4941 voluerint
3238 4888 3418 4956 legere
3458 4888 3622 4941 Tem-

2056 4967 2246 5027 porqu
2290 4954 2508 5016 librum,
2541 4968 2698 5022 quem
2736 4969 2835 5027 nos
2878 4956 2929 5009 in
2980 4956 3223 5027 Latinam
3272 4954 3507 5027 linguam
3549 4973 3616 5012 ex

2056 5021 2242 5077 δίδωθι)
2287 5021 2983 5079 sermonetranstulimus.
3020 5043 3040 5078 ι
3096 5025 3263 5081 Porro
3301 5021 3391 5082 aii.
3430 5030 3623 5081 mundi

2054 5092 2195 5168 3256
2232 5091 2457 5149 Romam
2506 5094 2673 5148 fuisse
2718 5096 3013 5162 conditam,
3048 5097 3206 5168 vulgo
3246 5109 3464 5166 recepta
3496 5112 3628 5151 sen-

2056 5167 2222 5216 tentia
2255 5174 2355 5217 est.
3156 5167 3162 5168 7
3360 5198 3383 5215 ιι

2126 5232 2419 5306 '__Salvatus
2450 5232 2676 5306 Domini.
2706 5231 2763 5306 In
2795 5236 3031 5306 antiquis
3058 5236 3380 5306 editionibtts
3402 5235 3622 5291 Erasm.

2057 5314 2110 5355 et
2143 5301 2365 5356 Marian.
2397 5314 2448 5355 et
2478 5304 2529 5356 in
2570 5305 2755 5358 multis
2797 5301 2943 5360 mss.—
2958 5308 3208 5373 legimus,
3240 5305 3486 5359 Salvator
3518 5307 3631 5359 Do—

2055 5374 2219 5435 mini;
2249 5376 2340 5425 scd
2371 5374 2459 5425 alii
2497 5376 2709 5427 codices
2757 5386 3067 5429 constanter
3108 5378 3339 5429 retinent
3383 5376 3627 5430 salvatus

2058 5442 2297 5515 Domini;
2336 5451 2385 5495 et
2426 5457 2821 5515 consequenter
2862 5445 3322 5515 hancilectionem
3368 5462 3628 5515 compto-

2052 5511 2144 5575 bat
2178 5510 2632 5581 Hieronyinianus
2662 5514 3115 5569 Commentarius.
3158 5516 3436 5568 ΜΑΚΤΙΑΝ.

2123 5582 2182 5635 lu
2215 5582 2503 5653 Nominum
2551 5582 3053 5653 librisplcrumque
3093 5584 3237 5639 salus
3281 5584 3493 5641 Domini
3526 5599 3635 5643 ex,-

2053 5656 2269 5723 pouitur
2300 5651 2470 5720 λοιιω
2500 5660 2617 5709 erat
2646 5650 2898 5713 salvator.

2974 5818 3021 5832 A—
