3980 6200
373 325 451 387 25
1163 328 1581 391 ΟΟΜΜΕΝΤΑ
1599 333 1664 400 Η,
1708 334 1787 393 ΙΝ
1826 335 1965 394 18Α“

2073 338 2100 397 ,1
2138 337 2602 402 ΡΠΟΡΠΕΤΛΜ
2664 342 2813 401 1.113.
2847 342 2892 402 Ῑ.
3069 358 3071 360 ·
3565 338 3636 400 26

377 451 627 510 tempora
665 450 950 497 transeunt
987 442 1091 497 sub
1130 443 1444 499 fortitudine
1474 446 1710 512 Domini,
1742 455 1796 501 et
1831 463 1955 516 per-
1988 457 2026 511 Α
2064 460 2143 502 rat
2187 451 2476 519 propheta,
2518 452 2644 520 quid
2699 452 2960 506 Dominus
2993 451 3065 505 sit
3097 451 3331 512 locutus,
3356 451 3498 519 quod
3542 466 3635 518 pu-

374 533 616 596 fectione
646 534 766 604 ejus
795 549 858 589 ac
885 537 1101 589 robore.
1136 535 1240 604 ιο
1266 534 1514 603 Cumque
1538 538 1716 588 omnia
1751 535 1960 601 fecerit,

371 626 522 680 dicet
551 626 680 681 illud
714 625 1066 694 Evangelium
1098 631 1113 679 ξ
1148 627 1300 681 Servi
1331 628 1544 682 inutiles
1572 645 1751 682 sumus
1776 645 1793 681 :
1821 635 1960 700 quod

369 718 512 771 enim
543 718 821 772 debuimus
853 717 1050 785 facere,
1081 719 1296 790 fecimus
1327 718 1480 790 (Luc.
1515 733 1644 786 xvtt,
1678 720 1790 790 10).

451 805 635 876 (Vers.
685 807 765 876 2.)
802 808 1006 872 «Audi,
1052 807 1275 872 etelnm,
1322 816 1376 863 et
1425 809 1650 864 auribus
1709 811 1950 879 percipe,

372 907 572 955 terra:
621 900 748 970 quia
806 898 1068 956 Dominus
1103 901 1315 956 locutus
1375 913 1479 957 est.
1513 920 1532 953 ι
1566 900 1763 970 Supra,
1835 903 1958 972 quis

375 993 676 1064 propheta,
713 995 871 1065 cujus
898 994 1061 1061 filius,
1097 995 1226 1063 quid
1257 1005 1447 1050 contra
1473 994 1664 1049 Judam
1708 1006 1763 1050 et
1794 994 1955 1051 Jeru-

374 1086 578 1151 salem,
613 1085 729 1140 sive
782 1100 946 1155 super
1000 1083 1194 1140 Judam
1257 1094 1313 1142 et
1364 1084 1696 1152 Jerusalem,
1737 1096 1794 1142 et
1847 1102 1956 1156 quo

376 1183 626 1246 tempore
665 1177 888 1242 Viderit,
943 1177 1100 1232 titulo
1146 1178 1578 1233 demonstratum
1629 1189 1762 1234 est:
1814 1195 1955 1234 nunc

373 1268 576 1322 caelum
608 1277 662 1324 et
690 1277 892 1324 terram
947 1268 1012 1322 ad
1042 1267 1369 1323 audiendum
1399 1270 1700 1340 iprovocat,
1733 1269 1787 1324 in
1818 1269 1956 1324 ctelo

374 1372 649 1428 supernas
708 1357 1023 1430 signiﬁcans
1081 1357 1470 1429 angelicasque
1519 1360 1751 1416 virtutes
1810 1378 1825 1414 :
1897 1359 1951 1415 in

339 1425 528 1515 Qterra
585 1425 898 1504 mortalium
952 1425 1578 1520 εθηυεξμετωνιλμικῶς
1608 1451 1678 1505 ab
1729 1450 1814 1507 bis
1836 1466 1954 1520 qme

378 1542 691 1606 continent,
725 1556 787 1596 ea
813 1555 933 1610 quae
973 1541 1349 1596 continentur.
1381 1540 1511 1597 Sive
1561 1543 1686 1612 quia
1714 1558 1810 1612 per
1843 1542 1954 1598 Μο-

378 1647 486 1687 sen
533 1641 700 1686 testes
760 1640 1059 1689 vocaverat
1118 1631 1379 1686 Dominus
1405 1632 1604 1687 coelum
1637 1641 1691 1688 et
1727 1641 1950 1698 terram,

380 1723 520 1778 dans
550 1722 750 1792 populo
773 1723 936 1778 Israel
967 1723 1137 1793 legem
1178 1737 1354 1788 snam,
1382 1733 1437 1778 et
1463 1723 1672 1778 dixerat
1714 1741 1730 1778 :
1769 1725 1957 1779 Atten-

2065 541 2251 610 pnlutn
2290 542 2476 604 Israel,
2507 560 2645 611 quos
2696 558 2884 598 servos
2917 541 3188 597 communi
3219 541 3334 609 lege
3373 540 3634 595 condide-

2064 645 2169 699 rat,
2193 635 2245 687 in
2266 634 2404 691 filios
2425 638 2670 698 verterit,
2691 636 2996 704 dixeritque
3019 653 3030 688 :
3066 631 3238 686 Filius
3265 633 3636 701 primogenitns

2066 739 2210 779 meus
2245 723 2414 781 Israel
2447 726 2645 794 (Exod.
2677 743 2750 793 tv,
2781 726 2895 795 2‘2).
2936 724 3173 798 Denique
3209 733 3262 777 et
3297 723 3557 776 Dominus
3579 723 3633 774 in

2010 859 2026 873 .
2062 815 2355 886 Evangelia
2419 819 2679 889 apostolis
2729 815 3078 887 repromittit,
3125 815 3264 884 quod
3309 815 3352 868 si
3406 813 3634 867 fecerint

2063 912 2396 966 voluntatem
2437 913 2575 984 ejus,
2607 912 2716 981 jam
2759 926 2866 966 non
2896 909 3130 980 appellet
3160 924 3254 964 eos
3297 923 3509 970 servos,
3538 908 3632 962 sed

2063 1003 2269 1057 amicos
2304 1002 2489 1071 (Joan.
2523 1019 2611 1070 xv,
2649 1003 2762 1072 15).
2797 1001 2949 1068 Quod
2979 1000 3029 1054 si
3065 1000 3390 1069 super-bierit
3448 998 3632 1060 Israel.

2062 1092 2289 1149 audiens
2309 1109 2368 1150 se
2405 1110 2526 1152 esse
2554 1095 3008 1167 primogenitum,
3067 1093 3331 1162 intelligat
3362 1094 3637 1162 primoge-

2062 1185 2234 1239 nitum
2277 1187 2490 1242 idcirco
2515 1202 2574 1243 se
2602 1188 2727 1253 diei,
2763 1190 2890 1259 quia
2920 1188 3144 1244 sectmdi
3197 1187 3289 1240 filii
3324 1186 3637 1249 signiticet:-

2062 1285 2151 1333 tur
2187 1292 2254 1332 ex
2305 1279 2576 1349 gentibus.
2624 1278 2741 1334 Non
2783 1280 2926 1335 enim
2965 1279 3264 1350 appellatur
3302 1273 3632 1341 unigenitns.

2061 1371 2151 1440 qui
2187 1370 2435 1424 excludat
2462 1370 2660 1426 fratres
2689 1381 2939 1435 caeteros,
2990 1372 3083 1426 sed
3129 1369 3545 1439 primogenitus,
3577 1373 3636 1417 ut

2069 1469 2336 1515 monstret
2361 1469 2414 1514 et
2469 1459 2602 1514 alios
2631 1471 2917 1515 secuturos
2949 1478 2962 1513 :
2994 1470 3046 1514 et
3091 1472 3269 1514 tamen
3316 1457 3462 1524 juxta
3519 1467 3635 1518 my-

2063 1555 2230 1611 steria
2247 1551 2670 1621 Scripturarum,
2708 1569 2815 1607 non
2841 1550 3177 1621 primogeniti
3219 1548 3492 1615 accipiunt
3530 1545 3639 1598 lue-

2059 1647 2372 1710 redilatem,
2405 1643 2500 1698 sed
2559 1645 2806 1699 secundi.
2874 1641 3274 1710 Pritnogenitus
3336 1637 3436 1691 fuit
3478 1637 3632 1702 Cain,

2063 1737 2156 1792 sed
2190 1737 2322 1792 Abel
2380 1752 2607 1791 munera
2663 1735 2984 1806 placuerunt
3053 1735 3182 1788 Deo.
3237 1731 3637 1800 Primogenitus

379 1816 471 1878 de,
503 1815 708 1881 caelum,
740 1823 790 1869 et
815 1815 1259 1884 laquar:audiat
1315 1825 1457 1869 terra
1503 1816 1658 1870 verba
1709 1817 1815 1870 oris
1861 1817 1958 1871 mei

2073 1830 2282 1895 lsmael,
2309 1829 2403 1884 sed
2440 1829 2591 1883 Isaac
2629 1830 2838 1897 accepit
2876 1827 3268 1882 liwreditatem.
3300 1820 3639 1889 Primogcni-

388 1903 579 1976 (Deut.
599 1921 753 1974 xxxi,
783 1907 837 1978 1)
877 1923 890 1960 :
923 1915 1046 1974 post
1079 1905 1574 1974 praevaricationem
1613 1906 1816 1977 populi,
1841 1922 1964 1963 eos-

295 2039 304 2048 .
387 1997 514 2054 dem
546 2013 760 2054 rursum
796 1999 850 2054 in
890 1998 1263 2055 testimonium
1312 2009 1498 2068 vocat,
1525 2009 1586 2054 ut
1618 2011 1814 2056 cuncta
1856 2001 1964 2057 ele-

289 2157 293 2160 _
389 2100 568 2146 menta
608 2101 959 2163 cognoscant,
985 2092 1132 2163 juste
1175 2091 1345 2148 Deum
1395 2092 1447 2147 in
1503 2093 1764 2149 ultionem
1805 2111 1963 2150 man-

391 2185 646 2239 datorum
699 2199 930 2240 suorum
976 2186 1042 2240 ad
1092 2184 1428 2240 iracundiam
1472 2187 1825 2244 concitatum.
1857 2188 1964 2244 Pro

387 2274 602 2340 eretum,
627 2273 954 2331 H’ebraicum
980 2289 1176 2331 suam
1201 2274 1414 2347 (tam)
1442 2277 1598 2331 emtas
1633 2287 1811 2344 sonat,
1845 2278 1966 2349 plu-

389 2364 488 2417 rali
553 2379 776 2417 numero
805 2379 824 2420 :
858 2363 1092 2418 maxime
1128 2380 1250 2418 cum
1293 2363 1474 2419 audite
1502 2365 1734 2434 dixerit,
1769 2365 1820 2420 id
1856 2374 1962 2430 est,

390 2472 528 2511 SBIU
582 2459 810 2526 nam),
856 2459 999 2526 quod
1051 2456 1244 2527 plurali
1302 2457 1526 2513 ell'ertur
1581 2472 1823 2524 numero,
1856 2471 1964 2511 non

389 2549 681 2617 singulari.
732 2547 834 2603 Sed
885 2549 1107 2617 quidam
1172 2548 1366 2604 volunt
1416 2549 1698 2618 pluraliter
1746 2549 1965 2620 quidem

390 2639 499 2694 dici
532 2639 724 2706 caelos,
755 2641 849 2695 sed
899 2641 1247 2711 singulariter
1297 2641 1545 2711 intelligi,
1577 2642 1736 2712 juxta
1778 2641 1907 2698 illud
1948 2642 1965 2674 ²

389 2733 535 2803 quod
566 2733 804 2802 singulas
844 2733 1094 2788 civitates
1158 2733 1375 2791 Thebas
1415 2742 1470 2788 et
1516 2736 1760 2790 Athenas
1811 2749 1970 2791 voca-

390 2842 535 2882 mus.
571 2825 778 2896 Estque
811 2826 1063 2882 Hehraici
1090 2827 1427 2882 characteris
1463 2827 1687 2894 idioma,
1718 2835 1778 2883 ut
1802 2833 1823 2862 ³
1849 2843 1969 2882 om-

387 2918 482 2972 nia
513 2933 636 2988 quae
669 2919 723 2973 in
787 2918 1049 2990 syllabam
1085 2918 1346 2974 finiuntur
1403 2934 1458 2973 tu
1505 2917 1616 2989 (ω’)
1670 2918 1966 2975 masculina

393 3011 528 3076 sint,
559 3021 612 3065 et
645 3010 898 3080 pluralia,
929 3020 987 3065 ut
1017 3010 1310 3066 Cberubim
1344 3019 1399 3067 et
1433 3010 1740 3082 Seraphitn.
1765 3013 1829 3066 Et
1851 3028 1970 3083 qua:

389 3105 447 3160 in
487 3104 740 3173 ora(m),
771 3103 1027 3158 feminina
1078 3113 1134 3159 et
1167 3104 1402 3174 pluralia
1439 3123 1454 3159 :
1488 3114 1544 3159 ut
1597 3106 1858 3161 Sabaoth.
1905 3105 1972 3160 Et

391 3195 496 3250 hoc
544 3195 841 3250 notandum
888 3195 1032 3265 quod
1082 3195 1236 3250 caelis
1281 3195 1512 3263 dicatur,
1552 3197 1754 3263 audite,
1787 3205 1968 3261 terrae,

391 3288 612 3341 auribus
650 3288 895 3357 percipe;
921 3302 984 3342 ea
1023 3286 1166 3343 enim
1202 3302 1321 3356 quae
1364 3287 1578 3342 excelsa
1624 3297 1768 3354 sunt,
1797 3287 1969 3356 majo-

389 3394 506 3433 rem
539 3378 743 3434 habent
777 3378 1187 3449 intelligentiam
1225 3394 1242 3433 :
1291 3393 1414 3448 qua:
1446 3378 1757 3443 humiliora,
1788 3388 1967 3435 terre-

391 3470 480 3524 nis
531 3470 787 3526 sensibus
842 3470 1209 3526 involvuntur.
1265 3468 1423 3527 Unde
1483 3479 1538 3525 et
1601 3469 1852 3525 Salvator
1913 3471 1966 3524 in

394 3559 688 3631 Evangelia
726 3580 740 3616 :
784 3561 888 3627 Qui
910 3563 1084 3628 habet,
1120 3563 1316 3632 inquit,
1353 3579 1510 3618 aures
1547 3561 1821 3629 audiendi,
1864 3579 1968 3617 au-

390 3653 504 3707 diat
549 3653 774 3725 (Matth.
814 3670 889 3719 xi,
927 3652 1039 3725 15).
1079 3653 1136 3708 Si
1173 3655 1297 3723 quis
1325 3655 1489 3725 igitur
1531 3654 1734 3710 coelum
1773 3663 1879 3720 est,
1913 3662 1968 3710 et

398 3744 562 3802 habet
589 3747 980 3817 municipatum
1028 3748 1083 3802 in
1127 3746 1468 3814 cmlestibus,
1509 3748 1694 3802 audiat
1743 3749 1968 3818 mystice

390 3854 517 3909 quae
549 3839 827 3893 dicuntur.
858 3837 917 3893 Si
965 3837 1089 3908 quis
1125 3847 1394 3905 terrenus,
1434 3839 1739 3909 simplicem
1767 3855 1969 3911 sequa—

393 3936 485 3983 tur
544 3928 850 3983 historiam.
909 3928 1042 3983 illud
1113 3942 1331 3996 quoque
1379 3928 1966 3995 animadvertendum,

391 4020 535 4088 quod
571 4032 681 4073 non
723 4019 918 4075 dixerit
949 4037 962 4075 ε
993 4020 1152 4084 Audi,
1173 4020 1385 4084 ctutum,
1417 4030 1464 4075 et
1498 4021 1714 4076 auribus
1742 4023 1968 4092 percipe,

405 4123 571 4177 terra,
607 4111 737 4181 quid
768 4113 921 4168 vobis
956 4114 978 4146 ³
1005 4113 1218 4168 locutus
1271 4113 1343 4168 sit
1387 4113 1678 4180 Dominus;
1710 4117 1804 4170 sed
1842 4115 1970 4184 quid

391 4204 605 4258 locutus
631 4203 702 4257 sit
731 4204 889 4271 mihi,
926 4213 983 4260 ut
1014 4206 1154 4275 quod
1186 4221 1286 4277 ego
1315 4205 1496 4260 audivi
1533 4206 1586 4260 in
1621 4208 1839 4274 spiritu,
1873 4225 1968 4264 vo-

390 4297 476 4350 bis
511 4297 608 4366 ιι
647 4296 902 4364 referam,
929 4299 1023 4368 qui
1058 4298 1233 4367 ipsum
1263 4300 1578 4369 loquentem
1628 4300 1820 4359 audire
1856 4316 1962 4355 non

397 4389 702 4445 moremini.
733 4388 965 4458 Quidam
998 4391 1358 4463 (Origenistat)
1405 4392 1604 4448 cmlum
1661 4401 1717 4447 et
1770 4404 1968 4450 terram

2031 3383 2038 3392 ”
2078 3384 2204 3449 Deo,
2233 3382 2764 3452 quomodopeccare
2794 3387 3116 3449 potuerunt,

2067 1929 2155 1976 tus
2185 1921 2350 1989 Esau,
2380 1921 2472 1976 sed
2497 1919 2928 1974 benedictionem
2959 1917 3128 1987 patris
3160 1915 3329 1970 Jacob
3383 1914 3642 1982 supplan-

2068 2020 2212 2068 tator
2237 2013 2458 2084 eripuit.
2501 2011 2904 2080 Primogenitus
2954 2010 3172 2073 Ruben,
3200 2008 3293 2061 sed
3335 2017 3506 2060 tamen
3548 2006 3643 2059 be-

2067 2104 2306 2159 nedictio
2340 2102 2565 2158 seminis
2594 2100 2796 2156 Christi
2823 2099 3154 2154 transfertur
3185 2099 3250 2152 ad
3279 2097 3498 2151 ludam.
3536 2095 3643 2148 Ita.-

2067 2212 2174 2266 qne
2205 2195 2279 2250 illi
2302 2196 2456 2265 juxta
2491 2193 2793 2249 vocationis
2837 2191 3082 2246 ordinem
3117 2189 3275 2258 primi
3310 2187 3550 2251 fuerunt,
3589 2197 3644 2240 et

2068 2287 2486 2358 appellabantur
2542 2293 2707 2354 caput
2739 2301 2754 2339 :
2793 2298 2892 2339 nos
2930 2283 3155 2338 secundi
3187 2283 3278 2349 qui
3327 2280 3643 2334 dicebamnr

2069 2377 2262 2445 cauda,
2298 2377 2441 2433 versi
2473 2391 2664 2433 sumus
2699 2377 2752 2430 in
2791 2383 2977 2444 caput,
3010 2381 3066 2428 et
3092 2373 3181 2426 Dei
3211 2372 3541 2440 appellamur
3583 2370 3645 2422 fi.-

2069 2471 2148 2529 lii.
2177 2471 2442 2541 Quotquot
2472 2471 2609 2523 enim
2632 2473 2930 2536 receperunt
2957 2481 3099 2529 eum,
3127 2464 3269 2518 dedit
3305 2465 3378 2517 eis
3407 2470 3644 2532 potesta-

2072 2571 2173 2616 tem
2222 2561 2364 2631 ﬁlios
2417 2559 2512 2614 Dei
2558 2559 2674 2628 ﬁeri
2702 2555 2886 2629 (Joatt.
2923 2571 2962 2622 t,
3000 2556 3112 2623 12).
3176 2555 3280 2608 Nec
3337 2557 3647 2622 accepimus

2070 2651 2321 2724 Spiritum
2353 2649 2635 2707 servitutis
2677 2649 2731 2704 in
2770 2649 2984 2715 timore,
3040 2647 3132 2702 sed
3183 2647 3434 2716 Spiritum
3477 2645 3648 2712 adop-

2082 2745 2272 2812 tionis,
2300 2744 2353 2798 in
2381 2759 2489 2813 quo
2530 2743 2868 2798 clamamus:
2901 2740 3075 2805 Abba,
3121 2737 3282 2793 Pater
3317 2738 3490 2808 (Rom.
3530 2751 3652 2797 vin,
3692 2765 3696 2769 -

2075 2835 2164 2906 15)
2195 2836 2362 2908 :quia
2394 2833 2637 2905 perfecta
2675 2833 2894 2888 dilectio
2926 2831 3076 2886 foras
3125 2830 3289 2884 mittit
3323 2829 3572 2882 timorem
3606 2826 3648 2894 (ι

2071 2925 2239 2983 Ιοαη.
2285 2942 2360 2986 tv.
2408 2923 2518 2993 l8).
2569 2922 2763 2979 Melius
2801 2933 2886 2978 est
2913 2929 3093 2976 autem
3123 2920 3276 2990 juxta
3325 2918 3650 2973 Hebraicum

2075 3020 2279 3090 legere,
2312 3017 2481 3073 Filios
2515 3017 2765 3079 enutrivi,
2788 3030 2948 3085 quam
2980 3013 3155 3085 genui,
3187 3028 3253 3068 ne
3286 3011 3537 3066 videatur
3570 3009 3661 3063 illi

2077 3113 2223 3168 dicto
2275 3109 2373 3182 [αι.
2423 3107 2675 3180 dictum],
2705 3107 2846 3176 quod
2891 3107 2944 3160 itt
2989 3105 3215 3159 Joannis
3248 3101 3490 3170 Epistola
3517 3101 3654 3169 legi-

2083 3217 2223 3267 mus,
2253 3215 2376 3256 csse
2403 3198 2766 3255 contrarium:
2798 3195 3006 3261 Omnis,
3027 3196 3116 3264 qui
3143 3206 3295 3248 natus
3327 3202 3403 3247 est
3434 3209 3499 3247 ea:
3526 3192 3653 3257 Deo,

2080 3311 2188 3349 non
2211 3303 2386 3362 peccat
2416 3291 2457 3361 (l
2494 3290 2660 3346 Joau.
2696 3306 2777 3356 ιιι,
2806 3289 2882 3360 9).
2918 3287 3057 3356 Ergo
3085 3287 3172 3341 isti
3213 3286 3260 3340 si
3294 3287 3402 3339 nati
3437 3294 3562 3340 sunt
3588 3299 3653 3339 ex

3191 3377 3292 3445 12
3329 3391 3448 3429 cum
3476 3373 3657 3429 omnis

2074 3475 2169 3546 qui
2195 3489 2259 3529 ex
2299 3473 2408 3527 Deo
2437 3481 2603 3527 natus
2634 3480 2736 3535 est,
2769 3485 2994 3540 peccare
3022 3483 3126 3523 non
3157 3468 3370 3538 possit?

2149 3564 2329 3638 (Vers.
2362 3564 2440 3634 5.)
2475 3583 2493 3616 ι
2516 3562 2783 3635 Cognovit
2817 3565 2914 3618 bos
2966 3575 3341 3632 possessorem
3392 3573 3573 3623 suum,
3603 3566 3658 3613 et

2075 3658 2264 3713 asinus
2322 3668 2559 3725 praesepe
2596 3653 2799 3708 domini
2851 3653 2957 3710 sui.
3009 3650 3172 3706 Israel
3225 3665 3330 3704 non
3379 3649 3658 3720 cognovit,

2074 3749 2304 3822 populus
2352 3763 2505 3804 meus
2556 3762 2665 3801 non
2731 3745 3014 3800 intellexit.
3046 3763 3064 3795 ι
3105 3743 3206 3797 Pro
3240 3757 3346 3811 quo
3378 3742 3473 3796 soli
3504 3740 3646 3794 LXX

2077 3840 2528 3897 transtulerunt:
2570 3837 2746 3892 Israel
2793 3846 2970 3890 autem
3023 3851 3102 3888 me
3158 3850 3261 3888 non
3310 3842 3572 3902 cegnovtt,
3608 3840 3658 3885 et

2086 3932 2310 4003 populus
2341 3947 2420 3985 me
2447 3946 2548 3984 non
2582 3928 2859 3983 intellexit.
2891 3926 2955 3982 Ut
2990 3926 3145 3995 juxta
3195 3935 3420 3978 crateras
3466 3933 3520 3978 et
3554 3922 3657 3977 lle-

2035 4079 2043 4086 ,
2078 4026 2342 4089 braicum,
2372 4035 2754 4092 possessorem
2791 4036 2949 4074 suum
2981 4018 3148 4072 lsrael
3175 4033 3281 4071 non
3309 4018 3654 4097 cognoverit.

2078 4127 2131 4173 et
2153 4131 2392 4187 prmsepe
2418 4113 2632 4169 Domini
2668 4113 2749 4166 sui
2779 4112 3009 4182 populus
3043 4127 3148 4163 non
3195 4109 3544 4163 intellexerit.
3585 4107 3652 4162 Et

2081 4220 2167 4267 est
2203 4225 2398 4265 sensus
2426 4207 2747 4277 perspicuus
2781 4222 2797 4260 :
2825 4203 2936 4276 Ego
2969 4218 3064 4260 eos
3096 4203 3344 4271 adoptavi
3393 4202 3448 4255 in
3493 4201 3656 4267 filios,

2087 4312 2140 4374 et
2176 4303 2277 4358 feci
2310 4300 2566 4372 populum
2608 4299 2963 4369 peculiarem,
2996 4307 3050 4352 et
3099 4307 3304 4365 partem
3368 4309 3539 4347 meam
3593 4308 3658 4348 ac

2078 4395 2376 4451 funiculum
2414 4393 2753 4448 hereditatis
2782 4405 2935 4454 meae,
2968 4387 3345 4457 appellavique
3379 4385 3653 4454 primoge-

391 4483 547 4549 quasi
575 4481 880 4537 animantia
905 4481 926 4512 "
955 4482 1022 4537 ad
1053 4483 1383 4538 audiendum
1422 4485 1704 4552 provocari
1753 4495 1968 4554 putant,
2003 4518 2048 4574 υ
2077 4490 2260 4556 nitas;
2296 4487 2374 4541 ilii
2421 4494 2598 4540 autem
2632 4497 2732 4539 nec
2755 4483 2890 4550 {hoc
2945 4481 3164 4548 quidem
3216 4478 3482 4542 fecerunt,
3511 4476 3656 4544 quod

392 4574 539 4641 juxta
569 4573 726 4640 illud,
751 4575 894 4645 quod
920 4574 991 4630 de
1014 4585 1158 4630 terra
1191 4577 1242 4630 in
1278 4575 1389 4629 alio
1420 4579 1540 4631 loco
1572 4578 1772 4632 dicitur
1806 4595 1820 4632 :
1868 4579 1974 4642 Qui

392 4667 598 4733 respicit
629 4675 849 4734 terram,
876 4675 926 4721 et
957 4665 1088 4735 facit
1106 4684 1221 4721 eam
1247 4677 1466 4723 tremere
1488 4668 1665 4740 (Psal.
1689 4685 1806 4734 cm,
1836 4670 1925 4739 32)
1955 4686 1970 4723 :

394 4773 516 4812 cum
545 4759 647 4814 hoc
672 4757 963 4828 potestatis
995 4759 1086 4814 Dei
1119 4760 1216 4827 sit,
1259 4775 1368 4816 non
1397 4769 1629 4817 terrena:
1665 4761 1974 4832 intelligen-

397 4852 504 4904 tize.
1042 4924 1048 4930 '

469 4960 489 4993 ι
516 4943 682 5000 Filios
713 4947 874 5014 genui
904 4957 958 5001 et
979 4947 1224 5002 exaltavi‘
1253 4961 1268 5002 :
1307 4945 1406 5014 ipsi
1438 4955 1620 5002 autem
1653 4957 1978 5016 spreverunt

397 5052 503 5091 me.
535 5055 555 5089 ι
601 5036 708 5092 Pro
739 5055 847 5108 quo
876 5038 1241 5111 Symmachus
1270 5046 1324 5094 et
1348 5036 1656 5092 Theodotio
1697 5039 1771 5092 ita
1799 5048 1979 5092 verte-

398 5139 524 5184 runt
551 5146 568 5186 :
606 5127 780 5185 Filios
807 5133 1033 5187 enutriti
1100 5141 1148 5185 et
1175 5131 1429 5186 exaltavi.
1449 5131 1531 5186 Ab
1571 5132 1674 5186 hoc
1701 5129 1822 5186 loco
1850 5147 1978 5186 nar-

468 5338 485 5368 ¹
522 5335 697 5391 Juxta
727 5335 880 5397 illud,
919 5345 1025 5389 etc.
1071 5334 1216 5388 Idem
1256 5334 1416 5388 habet
1439 5331 1615 5402 Epist.
1644 5332 1709 5386 ad
1737 5330 1965 5402 Marcel-

399 5407 505 5460 lam
536 5411 601 5461 de
630 5409 816 5462 decem
851 5404 1174 5460 Nominibus
1205 5403 1322 5470 Dei,
1353 5405 1403 5458 iu
1437 5397 1566 5459 voce
1589 5403 1785 5456 Eloim.
1813 5397 1971 5454 qu-

400 5493 538 5534 ῙΙΔΝ.

466 5551 486 5579 ¹
522 5548 590 5603 Ut
633 5551 831 5613 omnia,
881 5554 1012 5610 etc.,
1051 5543 1286 5609 Excepta
1327 5553 1453 5597 sunt
1500 5542 1753 5599 nonnulla
1795 5539 1973 5606 inlll,

400 5632 524 5687 quae
562 5631 692 5673 sunt
736 5619 1094 5681 feminina,nt
1135 5623 1282 5674 cura:
1324 5615 1582 5679 nascln'm,
1614 5613 1895 5687 mulieres;
1921 5621 1977 5666 et

401 5682 454 5741 in
477 5687 640 5751 ΟΤΙΙ,
669 5703 787 5752 ante
811 5699 937 5744 sunt
968 5687 1292 5749 masculina,
1315 5701 1364 5739 v.
1403 5700 1455 5754 g.
1484 5693 1641 5754 must
1665 5682 1842 5748 abotli,
1875 5698 1974 5748 pa-

402 5765 546 5828 tres;
590 5769 758 5822 mm
809 5758 1100 5836 schematlt,
1157 5752 1545 5827 nomina,'cte.
1579 5752 1865 5839 ‘MAITIAN.
1905 5782 1974 5792 —-

2082 4583 2241 4637 bruta
2277 4579 2488 4634 faciunt
2510 4575 2790 4640 animalia,
2815 4584 2873 4629 ut
2903 4571 3178 4628 beneficiis
3206 4570 3570 4628 vincerentur,
3605 4578 3660 4621 et

2083 4671 2449 4742 intelligerent
2492 4678 2764 4740 pastorem
2833 4682 2896 4719 ac
2956 4663 3250 4718 nutricium
3309 4676 3490 4715 suum.
3549 4657 3663 4714 Nec

2081 4765 2423 4835 comparavit
2446 4778 2540 4818 eos
2567 4763 2822 4826 canibus,
2853 4758 2996 4827 quod
3027 4755 3444 4825 sagacissimum
3485 4765 3656 4821 genus

2077 4857 2441 4912 animantium
2467 4865 2572 4920 est,
2591 4864 2645 4907 et
2679 4868 2774 4923 pro
2801 4865 2965 4920 parvo
2994 4849 3118 4903 cibo
3143 4845 3482 4906 dominorum
3516 4848 3658 4896 tecta

2075 4947 2317 5004 defendit
2344 4966 2359 5002 :
2387 4948 2482 5000 sed
2517 4943 2816 4999 stolidioris
2839 4955 3038 4996 sensus
3071 4936 3194 4993 bovi
3223 4943 3277 4988 et
3307 4935 3484 4999 asino,
3518 4946 3660 5002 quo—

2075 5057 2196 5096 rum
2241 5040 2474 5095 alterum
2516 5046 2774 5105 carpenta
2825 5033 3070 5096 trahens,
3109 5025 3433 5082 durissimas
3497 5034 3657 5078 terra:

2077 5133 2264 5198 glebas
2295 5131 2457 5186 vertit
2490 5141 2734 5195 vomere,
2764 5126 2994 5179 alterum
3027 5126 3207 5191 portat
3245 5131 3437 5183 onera,
3473 5124 3528 5170 et
3558 5116 3661 5170 ho-

2082 5331 2338 5398 Quaedam
2370 5331 2718 5396 excipiuntur
2747 5341 2810 5381 ex
2845 5334 3072 5394 utraque
3107 5333 3282 5394 parte,
3309 5332 3428 5388 qna:
3458 5316 3654 5373 Gram-

2080 5405 2266 5457 matici
2302 5404 2460 5471 vulgo
2492 5409 2702 5454 uolant.

2146 5473 2166 5502 ³
2193 5472 2305 5525 Duo
2335 5466 2464 5526 mss.
2490 5473 2761 5522 locuturus
2805 5466 2892 5520 hic
2926 5482 3020 5535 pro
3055 5466 3287 5520 locutus.

2147 5543 2170 5574 ⁸
2198 5543 2367 5606 Quasi
2400 5540 2714 5602 animantia,
2756 5546 2864 5592 etc.
2897 5537 3234 5606 Origenistas
3283 5539 3431 5606 notat
3463 5545 3656 5606 δεθη-

2073 5600 2328 5680 ευΙεἜρ.
2369 5611 2436 5666 ad
2490 5600 2733 5676 Avitum,
2767 5608 2834 5664 de
2879 5600 3036 5663 libris
3077 5605 3198 5661 Peri
3231 5605 3453 5658 are/ton.
3499 5600 3653 5656 qu-

2076 5699 2223 5740 TIAN.
