3980 6200
329 298 399 359 ‘27
1496 298 1561 357 S.
1610 292 1916 356 EUSEBH
1971 288 2415 351 IllEilUNYMI
3508 279 3575 342 28

333 416 537 481 mitium
593 412 646 467 iit
695 413 990 482 gradiendo
1020 414 1257 470 laborem
1305 424 1570 482 temperat
1600 431 1617 468 :
1657 415 1799 464 unde
1848 419 1898 461 ct
1932 411 1977 469 Α
2008 406 2313 475 iniquitate,
2344 402 2540 458 semini
2574 416 2828 471 nequam,
2868 399 2993 455 tiliis
3021 400 3304 456 sceleratis
3342 418 3356 453 ;
3384 400 3577 452 tle-reli-

337 512 576 575 iumenta
612 504 951 573 appellantur
996 506 1179 568 abeo,
1215 508 1354 575 quod
1400 505 1588 573 juvent
1634 503 1901 558 homines.

336 594 522 649 Potest
550 595 637 648 hic
663 595 816 649 locus
836 607 888 650 et
923 598 990 651 de
1026 596 1135 650 Deo
1158 597 1317 652 Patre
1359 595 1584 665 intelligi
1617 612 1634 652 :
1668 594 1762 650 sed
1794 610 1906 646 ma-

334 688 419 756 εἰς
449 686 684 741 refertur
715 690 779 741 atl
814 688 1034 752 Filium,
1078 690 1220 758 quod
1257 707 1362 743 nou
1417 689 1730 759 cognoverit
1756 702 1903 750 eum,

338 794 517 845 nt-qne
551 784 855 847 susceperit
887 784 1119 848 populus
1145 783 1350 838 lsracl:
1384 785 1537 851 cujus
1566 783 1709 835 diem
1734 780 1906 833 Abra-

335 869 455 920 Ιιίιιι
492 870 643 931 vidit,
680 880 730 924 et
764 871 973 925 lzctatus
1021 884 1104 926 est
1140 890 1155 927 :
1188 883 1240 928 ct
1297 875 1351 927 in
1411 875 1562 944 cujus
1610 873 1903 928 adventum

332 964 575 1016 Olllttilllll
634 965 1012 1032 prophetarum
1078 978 1203 1022 vola
1252 969 1578 1035 pendebant.
1629 968 1731 1034 Qui
1756 978 1804 1021 et
1851 968 1904 1019 in

345 1051 633 1122 Evangelia
672 1056 736 1107 ad
788 1053 1087 1111 Jerusalem
1137 1060 1375 1126 loquitur
1431 1078 1443 1113 :
1498 1059 1711 1124 Quoties
1771 1060 1905 1113 t-o'ui

347 1159 662 1213 caugregare
703 1145 845 1212 ﬁlius
882 1158 1018 1211 (nos,
1038 1151 1172 1202 sicut
1209 1151 1411 1218 gallina
1443 1151 1612 1218 pullos
1641 1149 1735 1202 sub
1790 1150 1905 1203 alus

344 1250 486 1299 suas,
518 1244 568 1289 et
598 1236 815 1291 noluisti
855 1238 1065 1306 (Matth.
1116 1256 1271 1307 unt,
1309 1243 1434 1307 57)!
1478 1241 1779 1308 Qumrimus
1817 1244 1905 1295 tibi

339 1326 546 1393 pariter
578 1327 868 1396 legerimus
908 1333 1096 1386 bovem
1133 1340 1185 1385 et
1213 1333 1542 1388 asimintHn
1578 1335 1907 1387 Deutcrouo-

339 1420 444 1471 tnio
468 1421 729 1486 scriptum
764 1433 845 1476 est
880 1439 892 1474 :
926 1421 1047 1478 Non
1100 1427 1278 1477 orabis
1331 1427 1386 1478 in
1433 1426 1595 1480 vitulo
1644 1426 1804 1479 simul
1858 1436 1904 1479 et

335 1508 487 1561 acino
527 1509 713 1580 (Deut.
748 1527 885 1577 xxtt,
936 1513 1046 1580 10).
1096 1515 1162 1568 Ει
1196 1516 1249 1568 itt
1297 1518 1397 1570 hoc
1445 1517 1635 1571 eodem
1692 1516 1903 1570 Isaias:

340 1602 532 1655 Beatus
581 1604 668 1669 qui
704 1605 928 1657 seminat
987 1622 1142 1675 super
1187 1623 1389 1661 onmem
1438 1625 1650 1675 aquam,
1682 1609 1771 1661 ubi
1819 1610 1906 1661 bos

336 1692 504 1745 calcat
556 1702 605 1746 et
653 1696 835 1747 asinus
865 1694 1004 1765 (Isa.
1058 1713 1230 1763 χχχιι,
1291 1698 1405 1768 ‘20).
1470 1699 1643 1751 Simul
1679 1709 1795 1753 arat
1849 1699 1901 1752 in

333 1782 470 1838 bore
498 1794 553 1839 et
580 1786 732 1841 asino
766 1787 959 1853 Ebion,
986 1788 1182 1860 dignus
1221 1805 1318 1858 pro
1341 1791 1644 1846 humilitate
1683 1806 1904 1855 sensus,

337 1887 652 1943 paupertate
689 1879 707 1909 ¹
736 1880 973 1936 nominis
1007 1881 1132 1948 sui;
1166 1883 1256 1952 qui
1305 1883 1385 1937 sic
1422 1884 1610 1952 recipit
1670 1883 1909 1952 Evange-

336 1966 490 2032 lium,
530 1977 589 2021 ut
625 1965 976 2025 Iudaicarum
1016 1971 1487 2040 superstitionum,
1536 1988 1652 2042 qua:
1705 1972 1758 2027 itt
1790 1986 1910 2027 um-

336 2057 430 2111 bra
460 2067 513 2112 et
547 2058 780 2131 imagine
808 2074 1221 2131 prmcesserunt,
1253 2065 1605 2119 caeremonias
1658 2079 1762 2131 non
1820 2080 1907 2117 re-

337 2148 565 2220 linquat.
603 2151 794 2208 Beatns
839 2163 923 2208 est
963 2166 1140 2209 autem
1168 2155 1258 2224 qui
1304 2155 1541 2209 seminat
1586 2156 1637 2208 iit
1680 2154 1908 2224 eloquiis

338 2235 743 2308 Scripturarum
781 2253 887 2296 tant
933 2241 1136 2299 Veteris
1161 2262 1323 2312 quam
1355 2244 1487 2299 Novi
1530 2244 1905 2312 Instrumenti,

339 2336 393 2381 et
430 2328 604 2383 calcat
656 2346 824 2401 aquas
862 2333 1163 2389 occidentis
1216 2335 1430 2401 litterae,
1482 2344 1539 2391 ut
1610 2335 1905 2407 metat13

336 2419 570 2475 fructum
614 2424 837 2492 spiritus
890 2425 1231 2482 vivitieantis.
1264 2427 1370 2485 Bos
1416 2431 1573 2499 juxta
1629 2445 1903 2500 auagogeu

337 2512 572 2569 refertur
612 2515 679 2569 ad
736 2514 947 2584 Israel;
980 2518 1072 2588 qui
1122 2517 1281 2589 Legis
1335 2520 1571 2589 portavit
1614 2521 1822 2591 iugum,
1853 2531 1910 2576 et

336 2605 595 2658 mundum
623 2606 823 2661 animal
842 2617 942 2663 est.
968 2610 1167 2664 Asinus
1196 2621 1541 2680 peccatorum
1571 2630 1738 2674 onere
1770 2630 1909 2683 pra:-

335 2706 613 2762 gravatus,
644 2698 883 2766 gentium
925 2702 1159 2769 populus
1188 2704 1480 2772 accipitur,
1509 2704 1596 2759 cui
1642 2704 1905 2760 Dominus

340 2783 664 2853 loquebatur
697 2804 712 2842 :
756 2785 931 2843 Venite
975 2790 1042 2842 ad
1094 2806 1194 2857 me,
1243 2809 1418 2847 omnes
1451 2796 1541 2861 qui
1577 2788 1830 2850 laboratis
1858 2804 1907 2850 et

336 2877 544 2930 onerati
574 2879 719 2943 estis,
747 2888 795 2931 et
849 2895 943 2948 ego
1005 2880 1242 2949 reﬁciam
1291 2898 1377 2937 vos
1412 2882 1632 2954 (Matth.
1665 2899 1764 2948 xu,
1789 2884 1904 2950 28).

340 2967 631 3025 l‘barisaiis
654 2985 784 3034 ergo
826 2981 876 3026 et
907 2972 1115 3029 Scribis
1142 2988 1249 3028 non
1275 2977 1652 3046 credentibus,
1685 2979 1779 3049 qui
1807 2980 1906 3034 ha-

339 3061 538 3115 bebant
568 3060 727 3134 chis
752 3063 958 3119 clavem
986 3077 1149 3135 atque
1187 3067 1456 3132 notitiam,
1488 3076 1545 3123 et
1569 3083 1698 3123 vere
1724 3069 1905 3140 appel-

337 3152 590 3208 labantur
622 3154 803 3220 lsrael,
834 3156 888 3210 id
924 3168 1028 3225 est,
1069 3173 1213 3213 mens
1242 3159 1422 3214 videns
1463 3158 1633 3214 Deum
1653 3161 1698 3226 ',
1728 3161 1906 3216 credi-

337 3245 417 3300 dit
450 3261 577 3316 pars
612 3248 790 3318 pepuli
826 3246 1155 3316 Judazorum,
1205 3258 1263 3304 ut
1313 3265 1418 3304 una
1466 3248 1555 3304 die
1596 3251 1695 3304 tria
1739 3250 1904 3304 millia

335 3337 498 3393 simul
530 3340 832 3403 crederent,
863 3350 917 3394 et
943 3340 1049 3393 alia
1071 3340 1158 3395 die
1185 3340 1424 3410 quinque
1456 3340 1644 3395 millia.
1671 3340 1905 3411 Sapien-

339 3428 485 3482 tibus
546 3444 760 3499 quoque
817 3431 999 3484 saeculi
1053 3445 1162 3485 non
1236 3430 1624 3501 recipientibus
1686 3444 1903 3486 crucem

335 3520 562 3583 Christi,
593 3520 808 3575 indocta
844 3522 1121 3576 nationum
1169 3524 1322 3576 turba
1358 3521 1616 3591 suscepit.
1654 3519 1808 3578 Unde
1852 3530 1907 3577 ct

335 3611 635 3680 Apostolus
670 3610 990 3681 loquebatur
1031 3629 1046 3667 :
1081 3611 1258 3666 Videte
1292 3613 1614 3667 vocationem
1657 3623 1904 3680 vestram,

336 3703 529 3774 fratres
555 3719 575 3758 :
604 3704 728 3773 quia
762 3720 865 3781 non
899 3704 1054 3757 multi
1087 3706 1350 3773 sapientes
1370 3711 1652 3759 secundum
1674 3722 1904 3771 carnem,

337 3811 440 3849 non
493 3796 645 3849 multi
697 3805 947 3863 potentes,
980 3812 1084 3850 non
1142 3798 1297 3851 multi
1354 3796 1606 3864 nobiles;
1643 3798 1735 3853 sed
1793 3812 1910 3867 quas

338 3885 504 3941 stulta
531 3897 652 3940 sunt
686 3888 892 3950 mundi,
915 3888 1065 3957 elegit
1098 3886 1259 3954 Deus,
1300 3899 1355 3942 ut
1379 3889 1669 3960 confundat
1699 3889 1911 3955 sapien-

345 3987 455 4041 tes;
484 3987 531 4032 et
561 3994 678 4047 quae
699 3977 915 4047 inﬁrma
939 3989 1058 4032 sunt
1091 3981 1297 4047 mundi,
1323 3979 1471 4047 elegit
1503 3979 1666 4043 Deus,
1698 3989 1753 4032 ut
1781 3995 1908 4033 con-

345 4069 536 4139 fundat
580 4071 740 4138 fortia
771 4068 810 4139 (Ι
842 4069 969 4125 Cor.
996 4085 1035 4136 t,
1070 4068 1162 4137 ‘16,
1214 4069 1330 4140 27).
1364 4070 1471 4125 Sed
1535 4072 1649 4126 hate
1700 4081 1912 4138 coacta,
1942 4083 1947 4088 ‘

342 4161 590 4229 superior
623 4174 745 4213 vera
773 4159 1149 4231 interpretatio
1175 4171 1281 4216 est.

412 4250 591 4323 (Vers.
641 4250 720 4322 4.)
754 4271 773 4305 ι
807 4249 901 4308 Vae
957 4257 1103 4323 genti
1158 4252 1477 4324 peccatrlci,
1524 4253 1720 4325 populo
1763 4255 1916 4324 gravi

420 4420 437 4450 ⁸
469 4417 789 4473 llebraicum

347 4527 467 4575 nus,
490 4512 652 4583 quasi
663 4509 1009 4583 desiderans;
1042 4514 1169 4579 quia
1204 4529 1373 4583 egeno
1397 4523 1480 4568 est
1518 4528 1737 4579 semper
1763 4513 1910 4568 desi-

344 4584 578 4637 derium.
605 4578 776 4633 Ebion
812 4578 1277 4647 igiturliaireticu's
1307 4585 1501 4639 merito
1523 4585 1602 4639 sic
1630 4585 1806 4640 dictus
1827 4594 1912 4638 est

344 4666 546 4725 pauper
564 4668 582 4716 ;
600 4665 721 4704 cum
745 4652 966 4725 umbras
992 4650 1174 4725 μεθίει,
1196 4669 1362 4707 vacua
1391 4664 1439 4708 et
1466 4671 1633 4725 egena
1657 4655 1911 4710 elementa

347 4717 791 4794 amplecteretur,
823 4717 1022 4794 Christi
1074 4717 1187 4788 iam
1222 4717 1543 4779 coruscant'e
1574 4724 1905 4794 Evangelia;

348 4801 405 4846 et
446 4792 651 4845 Domini
686 4792 856 4843 nostri
886 4790 1235 4863 divinitatem
1256 4809 1361 4846 non
1397 4790 1908 4863 susciperetfquem

351 4878 543 4929 put-uin
581 4863 851 4914 hominem
879 4862 1167 4923 cogitabat.
1199 4862 1466 4918 Eusebius
1492 4862 1585 4918 lib.
1612 4881 1670 4918 ιιι
1705 4862 1911 4919 Ere-les.

351 4931 498 4991 Hist.
550 4948 672 4997 cap.
701 4930 779 4997 (2|
822 4946 837 4982 :
875 4948 896 4982 ι
925 4929 1162 4985 Ebionaei
1218 4934 1455 5000 nomine,
1484 4936 1625 5002 quod
1671 4938 1912 5002 ipsorum

352 5002 546 5076 utentis
578 5014 631 5054 et
656 5002 1026 5076 intelligemus
1048 5005 1363 5076 tenuitatem
1390 5006 1505 5076 sive
1535 5015 1909 5076 paupertatem

349 5071 609 5124 declarat.
632 5087 651 5117 ι
712 5069 981 5143 Manlian.
1015 5100 1073 5114 —
1130 5071 1203 5143 ld
1241 5086 1369 5126 vero
1396 5069 1912 5143 plerique'erudito-

350 5151 472 5194 rum
498 5148 721 5212 negant,
744 5142 813 5195 ab
836 5140 1042 5212 Ebione
1067 5142 1300 5212 quodam
1331 5140 1449 5212 ejus
1483 5140 1755 5200 haereseos
1776 5157 1910 5212 ape-

353 5219 471 5265 tore
494 5206 772 5281 Ehionitas
798 5206 1118 5279 appellatos.
1158 5211 1225 5265 Et
1265 5206 1425 5266 facile
1451 5228 1544 5281 per
1582 5206 1907 5269 allusion'etn

350 5281 418 5334 ad
468 5279 828 5370 voluntariam
876 5288 1247 5349 paupertatem
1309 5279 1594 5352 (siquidem
1621 5293 1767 5370 pun
1811 5284 1915 5339 He-

352 5369 766 5442 braice_inopem
794 5369 978 5442 isonat)
1014 5387 1218 5442 nomen
1240 5372 1529 5429 adduxisse
1550 5369 1654 5430 sibi
1691 5379 1912 5433 videan-

357 5449 479 5496 tur:
511 5439 807 5495 Cbristiani
845 5454 912 5494 ex
959 5439 1164 5495 ’lethali
1209 5441 1413 5508 inopia,
1445 5452 1499 5497 et
1551 5447 1749 5501 mentis
1786 5463 1912 5503 sen-

350 5524 553 5589 susque
568 5519 810 5589 egestate
832 5512 1272 5589 denomiaarunt.
1294 5510 1557 5589 Origenes
1574 5514 1627 5567 in
1646 5513 1908 5572 Philncal.

350 5580 450 5646 τῆς
489 5581 766 5649 πτωχείας
805 5581 902 5648 τῆς
940 5580 1176 5653 διανοίας
1204 5580 1552 5653 ὲπῳνῷιιους,
1583 5590 1911 5653 paupertatis

352 5663 466 5722 sua:
504 5653 691 5722 mentis
715 5651 1047 5722 gignomines
1072 5662 1248 5722 vocat.
1274 5650 1341 5706 Et
1364 5651 1560 5709 Euseb.
1583 5650 1739 5709 Eccl.
1771 5656 1908 5714 Hist.

355 5717 392 5772 Ι.
420 5735 494 5776 ιιι.
526 5735 575 5778 c.
610 5720 637 5776 1
674 5737 689 5777 :
719 5717 828 5777 Τόῦ
871 5721 1061 5777 Ἑϐίων
1098 5721 1359 5792 ὀνόματος
1408 5724 1506 5795 τὴν
1532 5723 1630 5795 τῆς
1675 5726 1910 5792 διανοίας

2008 507 2244 564 queruut
2316 495 2602 549 Dominum
2669 509 2685 546 :
2751 491 3261 556 blasiibemaverunt
3328 500 3577 545 sztuctum

2010 587 2173 641 Israel
2210 603 2224 642 :
2262 587 2552 639 abalienati
2606 592 2736 638 sunt
2767 595 3090 638 retrorsum.
3123 603 3140 632 ι
3182 582 3292 637 lloc
3337 587 3479 650 quod
3526 583 3578 636 in

2010 678 2197 732 ultimo
2233 679 2384 749 posui
2422 676 2766 732 :Abalienati
2804 686 2925 729 sunt
2962 685 3277 739 retrorsum,
3321 673 3457 728 LXX
3493 674 3580 727 ln-

2011 779 2274 838 tcrprctes
2309 785 2416 822 non
2446 769 2667 831 habent,
2693 780 2749 821 et
2780 781 2876 835 pro
2903 766 3415 832 blasphemaverunt.
3447 768 3584 820 Scri-

1930 870 1935 875 '
2008 862 2155 915 luitur
2190 863 2241 927 in
2283 861 2386 927 eis,
2422 858 2491 912 ad
2534 860 2866 912 iracundiam
2899 859 3336 912 concitaverunt:
3366 867 3421 911 et
3481 872 3579 926 pro

2008 954 2203 1010 semine
2234 968 2478 1021 nequam,
2510 966 2686 1004 semen
2732 950 3038 1017 pessimum.
3076 948 3233 1014 Quod
3285 947 3463 1000 caeteri
3493 963 3582 1001 se-

2009 1054 2255 1110 quentes,
2295 1040 2618 1095 Hebraicum
2668 1055 2869 1094 uenatu
2896 1039 2917 1070 ⁸
2948 1037 3188 1107 (ειν-ηε)
3241 1037 3582 1104 interpretati

2010 1146 2157 1196 sum,
2187 1136 2541 1201 pessimorum
2575 1150 2592 1189 :
2631 1142 2692 1187 ut
2724 1149 2831 1187 non
2871 1142 2977 1186 tam
3020 1131 3248 1186 seminis
3275 1130 3465 1183 vitium
3511 1132 3582 1185 sit

2012 1226 2100 1297 (ne
2122 1225 2248 1280 boni
2281 1235 2335 1279 et
2362 1224 2487 1279 mali
2509 1223 2722 1279 diversa
2753 1233 2970 1293 putetur
3000 1237 3122 1278 esse
3152 1223 3395 1290 natura),
3415 1239 3575 1291 quam

2008 1332 2195 1372 eorum
2256 1316 2494 1379 malitiae,
2530 1315 2621 1386 qui
2684 1314 2961 1370 voluntate
3017 1315 3239 1385 propria
3287 1313 3574 1369 Dominum

2009 1408 2438 1477 dereliqtterunt.

2078 1498 2138 1553 In
2205 1500 2475 1568 principio
2524 1501 2817 1555 voluminis
2871 1499 3058 1555 titulus
3112 1508 3237 1566 est,
3270 1513 3580 1569 personam,

2009 1603 2251 1652 causam,
2277 1600 2595 1659 tempusque
2625 1604 3059 1645 commemorans
3102 1605 3116 1644 :
3148 1590 3201 1643 iu
3236 1590 3471 1643 secundo
3503 1588 3584 1641 in-

2013 1691 2186 1737 tentos
2211 1682 2487 1738 auditores
2516 1682 2645 1738 facit
2672 1701 2687 1739 :
2719 1684 2769 1737 in
2810 1683 2971 1738 tertio
2995 1692 3181 1737 narrat
3219 1683 3347 1751 quid
3373 1681 3581 1739 locutus

2011 1777 2080 1829 sit
2103 1773 2365 1834 Dominus
2403 1790 2418 1827 :
2454 1774 2507 1828 in
2540 1783 2735 1843 quarto
2763 1775 2917 1844 quasi
2952 1773 3007 1828 in
3031 1775 3340 1829 excessibus
3363 1782 3577 1842 gentem

2012 1866 2252 1935 increpat
2303 1865 2693 1934 peccatricem,
2724 1873 2779 1919 et
2804 1865 3058 1935 pepulum
3089 1865 3308 1931 plenum
3345 1862 3428 1917 vel
3459 1852 3582 1932 ‘gra-

2010 1971 2129 2011 vein
2155 1956 2458 2026 iniquitate.
2493 1955 2617 2011 Non
2652 1970 2761 2024 quo
2791 1956 2897 2008 alia
2925 1954 2998 2011 sit
3042 1972 3174 2025 gens
3218 1965 3272 2009 et
3317 1955 3457 2010 alius
3489 1970 3585 2024 po-

2012 2049 2189 2120 pulus,
2227 2058 2286 2103 ut
2343 2049 2561 2119 quidam
2598 2038 2815 2117 putant,
2849 2048 2942 2102 sed
2991 2050 3106 2116 ipse
3142 2046 3309 2102 lsrael
3371 2058 3426 2100 et
3452 2062 3584 2115 gens

2009 2142 2310 2212 appellatur
2330 2152 2385 2196 et
2410 2141 2665 2212 populus,
2694 2149 2749 2195 et
2777 2140 2873 2195 lilii
2907 2142 3183 2207 scelerati,
3224 2140 3340 2193 sive
3369 2140 3579 2207 iniqui;

2010 2245 2069 2289 ιιι
2098 2235 2190 2304 qui
2220 2236 2452 2303 primum
2492 2250 2588 2304 per
2642 2234 2967 2288 beneﬁcium
3005 2233 3096 2287 lilii
3138 2230 3396 2301 appellati
3449 2240 3580 2283 sunt

2010 2327 2250 2395 Domini,
2319 2337 2507 2398 postea
2535 2328 2664 2382 vitio
2691 2343 2791 2384 suo
2820 2337 3146 2382 vocarentur
3186 2325 3279 2379 lilii
3322 2323 3611 2405 illiillllla-‘

2011 2421 2110 2488 tis;
2140 2423 2275 2487 sive,
2302 2419 2407 2492 14
2430 2430 2488 2474 ιιι
2522 2420 2715 2488 reliqui
2741 2435 2978 2476 consona
3010 2433 3143 2474 voce
3173 2419 3448 2482 dixerunt,
3480 2413 3581 2482 ﬁlii

2008 2522 2418 2579 corrumpentes,
2447 2509 2497 2562 id
2527 2520 2603 2564 est
2638 2507 2837 2582 [suppL
2866 2507 2997 2580 υἱοὶ]
3037 2505 3460 2577 διαφθείροντες,
3489 2502 3582 2572 qui

2010 2613 2216 2657 natura:
2240 2602 2436 2656 bonum
2468 2616 2564 2656 suo
2593 2602 2727 2655 vitio
2760 2602 3132 2671 perdiderunt.
3159 2600 3423 2667 Quodque
3450 2596 3577 2666 jun:

2008 2695 2151 2760 gitur
2182 2714 2197 2750 :
2230 2693 2729 2762 Blasphemaverunt
2758 2703 3003 2746 sanctum
3034 2690 3230 2754 Israel,
3267 2692 3567 2758 preprietle

2005 2785 2207 2841 Judaeis
2241 2786 2436 2840 dicitur
2466 2785 2932 2841 conclamantibus
2963 2799 2977 2840 :
3038 2779 3162 2836 Non
3208 2783 3456 2837 habemus
3494 2799 3573 2836 re-

2007 2894 2142 2948 gem,
2174 2878 2272 2931 nisi
2301 2875 2563 2932 Cwsarem
2593 2876 2767 2946 (Joan.
2793 2891 2910 2938 six,
2948 2874 3077 2945 l5);
3120 2884 3173 2927 et
3217 2893 3231 2928 :
3271 2871 3458 2927 Nonne
3497 2873 3584 2926 hic

2007 2982 2081 3025 est
2110 2969 2251 3041 fabri
2272 2969 2415 3039 ﬁlius
2452 2967 2668 3039 (Matth.
2700 2982 2819 3027 xm,
2853 2965 2969 3033 55);
3001 2976 3076 3028 et,
3109 2964 3435 3017 Dwmonium
3482 2965 3581 3019 Ita-

1931 3082 1976 3142 ο
2014 3061 2115 3129 bet,
2141 3071 2186 3115 et
2213 3058 2584 3115 Samaritanus
2613 3069 2688 3113 est
2712 3056 2891 3128 (Joan.
2928 3072 3045 3118 vut.
3069 3055 3183 3125 48).
3215 3056 3350 3122 Quia
3396 3056 3564 3125 igitur

2011 3150 2421 3219 dereliquerunt
2444 3149 2743 3215 Christum,
2773 3157 2828 3203 et
2857 3147 3370 3218 blasphemaverunt
3407 3146 3581 3201 Sanc-

2014 3254 2125 3297 tum
2155 3242 2361 3310 Israel,
2396 3242 2602 3297 idcirco
2648 3240 2941 3296 abalienati
2993 3252 3120 3295 sunt
3156 3250 3484 3302 retrorsum,
3522 3249 3581 3294 ut

2013 3334 2106 3403 qui
2152 3334 2566 3403 appellabantur
2603 3349 2732 3404 pars
2760 3348 2816 3389 et
2844 3333 2940 3407 lilii
2972 3333 3088 3401 Dei,
3120 3344 3308 3401 postea
3332 3332 3580 3388 diceren-

2014 3440 2101 3482 tur
2142 3443 2161 3483 :
2194 3426 2322 3481 Filii
2344 3426 2502 3481 alieni
2533 3427 2741 3479 mentiti
2772 3436 2888 3479 sunt
2924 3426 3051 3479 ntihi
3084 3425 3256 3494 (Psal.
3298 3441 3427 3490 χιιι,
3463 3424 3576 3494 46).

2005 3516 2273 3589 Praecepit
2309 3518 2581 3584 Salvator,
2617 3531 2688 3571 ne
2721 3518 3065 3586 apprehenso
3090 3526 3295 3579 aratro,
3325 3517 3580 3583 respiciat.

2008 3628 2129 3669 mus
2161 3622 2280 3682 post
2326 3621 2534 3683 tergum
2580 3610 2732 3681 (Luc.
2770 3625 2846 3678 Ix,
2889 3610 3001 3680 (52),
3034 3627 3101 3665 ne
3145 3611 3420 3664 intitemur
3449 3625 3585 3663 uxo-

2014 3723 2129 3763 rem
2160 3705 2278 3760 Lot.
2306 3700 2463 3759 Unde
2492 3712 2545 3758 et
2570 3703 2858 3774 Apostolus
2879 3704 3179 3757 extendens
3197 3719 3254 3757 se
3291 3703 3345 3756 in
3379 3705 3582 3772 priora,

2008 3798 2372 3870 p05teriorum
2429 3795 2776 3850 obliviscitur
2825 3795 3078 3865 (Philipp.
3142 3811 3223 3860 tn,
3261 3795 3369 3864 l5).
3426 3794 3583 3860 Quod

2015 3900 2195 3944 autem
2225 3889 2555 3958 dixit,juxta
2583 3886 2743 3954 LXX,
2766 3887 2958 3958 papula
2976 3886 3125 3956 pleno
3144 3888 3369 3954 peccatis
3388 3884 3577 3956 (Zarh.

2018 3997 2071 4048 ν,
2100 3980 2179 4050 7),
2205 3979 2443 4036 ostendit
2466 3978 2667 4033 nullam
2691 3980 2924 4048 speciem
2956 3986 3300 4048 peccatorum
3334 3976 3387 4031 in
3412 3976 3576 4032 Israel

2017 4072 2216 4143 populo
2248 4087 2351 4125 uon
2383 4071 2405 4103 ⁸
2434 4069 2625 4126 fuisse.
2683 4069 2782 4125 Sin
2840 4080 3021 4125 autem
3061 4069 3372 4138 legerimus,
3421 4078 3479 4122 ut
3528 4070 3578 4122 in

2012 4162 2279 4218 llcbraico
2321 4172 2427 4229 est,
2474 4150 2668 4233 popqu
2723 4164 2867 4232 gravi
2904 4162 3201 4231 iniquitate,
3232 4160 3373 4214 illius
3432 4161 3583 4213 testi-

2015 4254 2181 4310 monii
2209 4254 2580 4323 recordentur,
2603 4255 2747 4325 quod
2774 4254 3035 4323 iniquitas
3068 4253 3258 4306 sedeat
3302 4266 3466 4322 super
3494 4261 3579 4305 tae

930 4428 971 4477 κ
1014 4418 1207 4485 Ebion,
1240 4421 1655 4494 interpretatum
1685 4430 1769 4478 est
1793 4438 1907 4494 egeo

2016 4419 2294 4494 πτωχείαν
2312 4417 2934 4494 αὐτῷνᾲξιξοφᾳίνογτοῳ
2948 4413 3136 4494 ,ις-αὐτη
3154 4412 3582 4494 γὰεζιὲιπικλήσει

2013 4493 2042 4544 ὀ
2080 4483 2297 4560 atriobe
2329 4492 2461 4561 παρ’
2501 4487 2757 4557 Ἐϐραίος
2796 4483 3180 4561 ρνομάζεταῐ]
3225 4483 3442 4537 Ebionis
3490 4502 3583 4561 no-

2015 4564 2153 4615 mine
2202 4555 2615 4630 pauper'tatem;
2649 4558 2838 4630 mentis
2891 4571 3073 4611 eorum
3098 4555 3406 4630 _denotante
3445 4570 3465 4610 :
3506 4558 3583 4609 sic

2011 4632 2151 4686 enim
2171 4626 2370 4700 pauper
2393 4628 2535 4699 apud
2566 4626 2615 4681 Η
2621 4626 2815 4680 ebrteos
2844 4627 3108 4680 nominari
3130 4626 3281 4679 solet.

2084 4728 2105 4758 ³
2136 4722 2199 4779 Id
2246 4732 2347 4785 est,
2380 4736 2524 4774 mens
2573 4718 2750 4774 videns
2797 4716 2987 4772 Deum.
3024 4717 3307 4787 Vulgarem
3363 4717 3582 4772 Crasso-

2013 4810 2135 4849 rum
2184 4793 2271 4846 bic
2321 4791 2568 4859 sequitur
2599 4789 3120 4859 interpretationem,
3154 4803 3315 4857 quam
3350 4787 3485 4841 inira
3525 4787 3577 4840 in

2012 4873 2174 4934 caput
2202 4876 2325 4916 xciv
2368 4856 2596 4934 castigat
2643 4856 2993 4934 ltisverbis:
3034 4856 3121 4910 Vir
3172 4856 3354 4934 autem
3402 4859 3577 4934 vitreus

2017 4926 2203 4994 Deum.
2235 4947 2338 4985 non
2372 4931 2425 4985 in
2468 4926 2876 4988 elementisrsed
2902 4931 2959 4981 in
2985 4944 3113 4981 sono
3148 4930 3287 4981 vocis
3322 4937 3420 4981 est.
3452 4927 3579 4980 Vide

2014 5005 2082 5059 de
2107 5002 2296 5057 eodem
2348 5000 2565 5054 nomine
2607 4996 2944 5062 Qtttestiones
2975 4997 3270 5052 Hebraicas
3306 4999 3356 5050 in
3398 4996 3574 5051 Gene-

2014 5076 2136 5127 sim.
2188 5063 2707 5125 Maurum—Vide
2741 5082 2860 5134 qua:
2914 5069 2965 5120 itt
3016 5069 3109 5120 tib.
3142 5064 3361 5120 Nomia.
3422 5078 3475 5119 et
3522 5065 3575 5120 in

2013 5144 2216 5209 Quaest.
2248 5139 2498 5195 Hebraic.
2530 5138 2585 5192 in
2609 5137 2825 5209 Cenes.
2850 5142 2917 5190 de
2955 5141 3053 5209 hac
3082 5136 3403 5205 etytnmogia
3434 5135 3578 5209 dixi-

2015 5207 2154 5274 mus,
2180 5226 2341 5280 quam
2377 5225 2478 5262 non
2502 5207 2877 5280 inclementis,
2902 5207 2989 5260 sed
3033 5208 3085 5258 in
3115 5223 3245 5280 sono
3264 5210 3400 5280 uocis
3434 5207 3582 5280 ptisl‘

2014 5291 2145 5343 tattt,
2182 5275 2333 5335 notat
2369 5281 2483 5349 ipse
2518 5277 2740 5332 llieron.
2777 5278 2915 5331 infra
2965 5280 3016 5329 in
3060 5291 3183 5346 cap.
3222 5277 3313 5339 44.
3348 5275 3489 5345 quod
3524 5285 3579 5330 et

2014 5351 2268 5406 Martiali.
2302 5352 2577 5405 observat.

2086 5446 2106 5478 ³
2138 5444 2454 5498 Hebraicum
2488 5442 2855 5504 Mereim,etc.
2893 5441 2947 5492 In
2977 5439 3391 5508 quampluriutis
3422 5440 3572 5493 codi-

2012 5516 2167 5572 cibus
2214 5529 2343 5568 mss.
2394 5512 2657 5580 scriptutu
2711 5519 2795 5565 est
2839 5510 3137 5574 merechim,
3174 5511 3327 5579 juxta
3374 5524 3577 5563 morem

2013 5581 2744 5653 antiquorum(librariorum
2770 5618 2787 5643 ,
2818 5582 2931 5653 qui
2946 5582 3259 5653 scribebant
3297 5582 3440 5636 mehe
3480 5593 3579 5647 pro

2014 5674 2114 5720 tne,
2146 5649 2203 5710 et
2228 5651 2385 5706 michi
2424 5666 2518 5719 pro
2544 5650 2612 5720 mi
2652 5653 2731 5720 vel
2756 5651 2874 5720 mii.
2914 5649 3188 5706 Maurus.

2086 5719 2107 5757 ⁸
2141 5728 2256 5781 Duo
2279 5736 2434 5787 mss.,
2454 5719 2643 5790 populo
2670 5719 2921 5790 defuisse.
