3962 6192
362 315 431 378 99
1136 313 1282 372 COM
1296 314 1639 376 MEN'l‘Ali.
1679 315 1755 373 IN
1801 315 1924 373 13A

2031 317 2079 374 si
2124 315 2582 376 l’liUPl-lETAM
2631 320 2782 381 LIB.
2823 325 2876 382 Ι.
3540 335 3608 390 3;)

361 435 564 484 lentum
600 429 826 497 plumbi,
855 441 905 484 et
931 447 994 486 ex
1023 434 1332 500 peccatoris
1365 445 1594 494 persona
1641 431 1851 482 dicatur
1881 429 1929 480 itt
1963 437 2008 488 Δ
2040 441 2290 484 rerentur
2321 433 2614 487 amicitias.
2650 433 2795 505 Ergo
2837 436 2940 491 hoc
2985 439 3126 506 quod
3165 440 3294 492 dicit
3325 455 3339 494 :
3379 439 3496 494 Non
3533 457 3609 497 est

361 524 566 592 psalmo
593 523 872 576 tricesimo
902 525 1130 590 septimo
1162 542 1178 577 :
1216 522 1445 576 Elevatw
1469 532 1591 574 sunt
1629 519 1930 587 iniquitates

361 629 486 667 mea?
513 612 670 680 super
686 621 845 681 caput
873 629 1041 666 meum
1073 630 1090 667 :
1119 616 1269 682 quasi
1309 631 1439 666 onus
1499 629 1653 680 grave
1683 616 1931 679 ingratiu-

361 716 426 758 tte
456 714 577 758 sunt
606 722 764 773 super
801 722 880 760 me
922 705 1035 777 (Ps.
1076 722 1286 770 xxxvii,
1311 706 1388 776 5).
1423 704 1706 760 Manifesta
1750 718 1931 756 trans-

358 799 646 863 currimus,
716 808 774 852 ut
827 801 880 852 in
911 799 1345 863 obscurioribus,
1378 807 1432 852 et
1483 798 1534 850 in
1569 799 1651 851 bis
1678 813 1798 865 qua:
1841 809 1932 851 ex-

360 889 672 956 planatione
696 888 959 958 indigent,
995 888 1368 944 immorentur.

432 980 612 1050 (Vers.
645 982 726 1048 5.)
767 999 784 1032 ι
812 983 866 1036 In
899 997 1005 1048 quo
1030 984 1332 1046 percutiam
1358 997 1452 1037 vos
1498 983 1639 1036 ultra
1673 982 1933 1035 addentes

368 1073 960 1144 prmvaricationem?»
1022 1074 1141 1138 Quo
1181 1073 1493 1128 testimonio
1543 1073 1802 1126 discimus
1845 1072 1930 1125 id-

355 1165 504 1220 circo
552 1165 842 1220 Dominum
871 1175 1156 1232 percutere
1187 1166 1582 1232 delinquentes,
1625 1175 1684 1216 ut
1711 1178 1934 1230 percus-

357 1271 450 1312 sos
475 1257 740 1325 corrigat,
775 1267 830 1310 et
879 1271 988 1310 non
1024 1266 1130 1309 tam
1161 1271 1316 1322 ptena
1349 1256 1446 1320 sit,
1481 1271 1640 1323 quam
1668 1262 1930 1309 emenda-

359 1347 452 1402 tio.
481 1348 688 1416 Estque
722 1361 916 1402 sensus
952 1347 1111 1403 :Non
1149 1348 1368 1402 invenio
1392 1364 1550 1416 quant
1610 1347 1783 1416 plagis
1833 1360 1936 1400 ve-

355 1440 486 1494 stris
510 1437 713 1507 possim
754 1437 1015 1492 adbibere
1066 1437 1430 1492 medicinam:
1468 1435 1649 1490 omnia
1690 1435 1930 1490 membra

355 1539 535 1588 vestra
561 1531 720 1601 plena
741 1539 870 1586 sunt
893 1531 1176 1583 vulnerum
1206 1545 1222 1582 :
1267 1530 1469 1582 nullam
1503 1540 1709 1596 partem
1739 1543 1935 1596 corpo-

360 1623 436 1677 ris
471 1637 596 1692 quae
643 1636 749 1676 non
793 1621 866 1674 sit
920 1629 1045 1674 ante
1073 1633 1354 1687 percussa,
1390 1619 1620 1686 reperio.
1658 1616 1751 1674 Vel
1781 1628 1931 1672 certe

356 1713 460 1767 hoc
495 1712 656 1767 modo
690 1728 703 1762 :
732 1710 922 1767 Nullas
946 1711 1161 1766 invenio
1193 1709 1406 1779 plagas,
1443 1711 1638 1776 quibus
1691 1717 1928 1762 vestram

2037 521 2092 574 in
2135 537 2196 575 eo
2225 523 2455 586 sanitas,
2507 527 2573 576 ad
2622 538 2918 580 extremam
2971 531 3134 582 refert
3188 531 3548 596 captivitatem
3592 554 3606 589 ε

2035 615 2248 681 quando
2294 624 2412 680 post
2461 614 2640 668 Titum
2686 627 2740 669 et
2789 617 3201 685 Vespasianum.
3267 632 3320 674 ct
3368 623 3608 675 ultimam

2035 709 2376 761 eversionem
2402 707 2728 773 Jerusalem,
2754 713 2852 765 sub
2878 712 3022 766 [Elin
3047 714 3319 767 lladriano
3345 731 3516 784 usque
3543 717 3608 769 ad

2033 813 2276 866 praesens
2301 811 2516 868 tempus
2541 803 2743 864 nullum
2773 805 3071 859 remedium
3101 817 3182 860 est
3208 824 3222 860 :
3251 807 3611 877 itupletmqtte

2033 893 2176 959 quod
2207 894 2467 962 scriptum
2491 906 2574 949 est
2601 915 2613 948 :
2641 895 2837 952 Omnes
2855 899 3244 951 declinaverunt
3272 916 3288 952 :
3307 879 3467 952 simul
3490 901 3610 952 iuu-

2034 987 2149 1040 tiles
2176 988 2307 1055 facti
2331 998 2451 1041 sunt
2482 1006 2499 1042 :
2533 1007 2635 1043 non
2698 1001 2773 1044 est
2821 994 2911 1061 qui
2948 993 3105 1058 faciat
3135 991 3348 1051 bonum,
3391 1009 3490 1045 non
3532 1003 3610 1046 est

2035 1094 2194 1142 usque
2217 1079 2284 1131 ad
2310 1096 2470 1132 unum
2505 1079 2677 1148 (Rom.
2729 1098 2811 1146 Ill,
2849 1083 2958 1150 12).
3018 1083 3274 1151 Quodque
3331 1084 3561 1136 infertur
3592 1103 3604 1136 :

2036 1167 2162 1223 Non
2187 1186 2264 1223 est
2295 1173 2348 1224 in
2374 1189 2432 1226 eo
2459 1174 2681 1233 sanitas.
2721 1174 2802 1227 vel
2835 1175 2886 1227 iu
2923 1177 3120 1243 populo
3146 1173 3405 1244 intelligo,
3444 1176 3523 1229 vel
3556 1179 3607 1230 in

2034 1277 2283 1328 corpore,
2319 1265 2398 1318 vel
2436 1265 2485 1318 iu
2531 1267 2725 1334 capite.

2106 1351 2284 1421 (Vers.
2314 1354 2346 1408 6
2374 1353 2392 1423 )
2424 1373 2442 1406 ι
2483 1355 2596 1410 Non
2625 1366 2706 1409 est
2735 1358 3132 1426 circumligata,
3164 1376 3258 1412 nec
3285 1370 3469 1413 curata
3501 1376 3609 1413 nte-

2035 1446 2303 1500 tlicamiue
2335 1465 2344 1498 :
2375 1463 2552 1515 neque
2576 1448 2681 1500 fota
2725 1450 2865 1505 oleo.
2900 1470 2917 1500 ι
2955 1450 3056 1504 Pro
3088 1467 3195 1520 quo
3238 1451 3372 1504 LXX
3429 1463 3608 1506 trans-

2037 1537 2278 1588 tulerunt
2309 1553 2323 1590 :
2350 1537 2468 1591 Non
2511 1549 2582 1591 est
2613 1541 2876 1606 malagma
2915 1541 3197 1608 imponere,
3221 1559 3383 1612 neque
3414 1543 3607 1607 oleum,

2036 1643 2196 1692 neque
2231 1627 2572 1696 alligaturus.
2615 1633 2718 1701 16
2754 1631 2937 1700 Usque
2962 1634 3122 1688 hodie
3152 1635 3341 1686 vulnus
3369 1645 3419 1688 et
3450 1636 3604 1700 litor,

2035 1727 2088 1770 et
2125 1717 2275 1788 plaga
2307 1729 2522 1772 tumens
2555 1723 2733 1789 populi
2772 1722 2936 1775 lsrael
2973 1741 3076 1777 non
3113 1737 3194 1778 est
3228 1725 3604 1790 circumligata

355 1803 600 1873 frangant
642 1803 924 1856 duritiam.
961 1802 1174 1867 Quanto
1212 1801 1358 1854 enim
1402 1809 1674 1854 tormenta
1721 1799 1927 1869 majora
1962 1791 2004 1846 Β
2033 1810 2292 1874 fasciolis,
2329 1827 2427 1866 nec
2462 1823 2647 1867 curam
2693 1817 3070 1871 medicamine.
3104 1817 3255 1881 Quod
3294 1818 3478 1885 Αιμιῖιε,
3521 1817 3606 1868 in-

361 1903 513 1958 sunt,
539 1903 690 1949 tanto
729 1894 899 1963 magis
939 1894 1132 1948 crescit
1172 1892 1424 1961 impietas
1447 1901 1502 1945 et
1540 1891 1819 1960 iniquitas,
1849 1891 1927 1944 si-

354 2002 445 2050 ve,
471 1995 532 2040 ut
555 1985 859 2041 Theodotio
891 1986 1188 2050 transtulit,
1228 1983 1535 2048 declinatio,
1568 1993 1627 2038 ut
1660 1982 1928 2037 recedatis

353 2089 412 2134 et
435 2079 718 2134 declinelis
745 2095 776 2132 a
815 2079 1060 2132 Domino.
1114 2077 1282 2143 Quale
1327 2087 1410 2132 est
1459 2077 1586 2130 illtttl
1618 2075 1868 2130 Ieremia:
1905 2092 1922 2130 :

353 2172 477 2227 Siue
508 2189 668 2226 causa
723 2173 956 2241 percussi
982 2171 1119 2239 ﬁlios
1167 2180 1405 2224 vestros:
1433 2167 1772 2235 disciplinam
1823 2185 1926 2222 non

356 2266 628 2335 recepistis
659 2263 879 2334 (Jerem.
909 2279 972 2330 tt,
1008 2263 1123 2328 50).
1171 2262 1327 2318 Unde
1356 2263 1530 2316 iratus
1567 2263 1808 2331 loquitur
1833 2277 1928 2330 per

353 2356 493 2413 Osee
514 2374 532 2411 :
567 2356 686 2410 Non
711 2357 932 2412 visitabo
955 2371 1112 2425 super
1144 2355 1289 2423 ﬁlias
1325 2363 1549 2422 vestras,
1584 2371 1700 2410 cum
1732 2355 1925 2422 fuerint

351 2449 662 2517 fornicatur:
693 2457 742 2502 et
770 2463 930 2514 super
980 2463 1146 2502 nurus
1189 2456 1411 2512 vestras,
1446 2463 1566 2500 cum
1593 2447 1928 2501 adulterave-

350 2543 454 2594 rint
490 2539 641 2610 (Ose.
691 2556 766 2607 tv,
820 2539 932 2608 14).
964 2539 1030 2594 Et
1052 2555 1148 2610 per
1177 2539 1559 2596 Ezechieleme
1581 2537 1744 2592 Zelus
1769 2540 1926 2593 fmé’tt

351 2635 552 2687 recedet
585 2649 619 2685 α
660 2642 728 2697 te,
770 2641 820 2686 et
855 2647 956 2686 non
979 2632 1184 2686 irascar
1208 2633 1297 2686 tibi
1315 2633 1552 2698 amplius
1569 2630 1785 2698 (Ezech.
1815 2636 1954 2696 NI,"

350 2725 462 2792 42).
497 2726 573 2779 De
601 2726 797 2794 quibus
818 2734 870 2778 et
914 2723 1016 2793 15
1044 2725 1097 2778 in
1128 2723 1360 2778 Psalmis
1391 2724 1618 2792 legimus
1651 2739 1665 2777 :
1697 2721 1818 2776 Non
1849 2734 1926 2776 est

349 2817 743 2883 ﬁrmamentum
771 2816 827 2870 in
849 2816 1009 2885 plaga
1037 2831 1218 2869 eorum
1243 2831 1268 2880 ,t
1286 2817 1422 2868 etin
1454 2814 1720 2869 laboribus
1738 2815 1925 2868 ‘Iadt‘itio

353 2925 477 2961 num
519 2924 624 2962 non
661 2919 810 2972 sunt,
865 2923 955 2960 nec
1001 2923 1120 2961 cum
1157 2907 1486 2968 hominum?»
1512 2906 1926 2976 ﬂagemtbtintt‘rr

356 2999 532 3073 (Psul.
568 3015 740 3066 mm,
765 3000 822 3064 Δ,
856 2999 934 3068 5).

2033 1912 2360 1972 terpretalus
2393 1915 2474 1958 est
2507 1906 2742 1974 μότωσιν
2777 1909 2817 1969 ⁸,
2848 1907 3064 1961 linteola
3094 1909 3362 1972 videlicet,
3389 1925 3510 1974 qnze
3540 1912 3605 1958 ad

2029 1999 2405 2051 exsiccandam
2428 1997 2636 2051 saniem
2689 2007 2742 2051 et
2769 2001 3103 2067 purulentias
3129 2001 3487 2054 extraltendas
3518 2001 3603 2053 in-

2025 2086 2292 2155 jiciuntur
2340 2088 2676 2143 vulneribus.
2726 2087 2908 2156 Neque
2957 2091 3066 2159 fota
3113 2092 3222 2144 oleo
3259 2110 3274 2146 :
3314 2103 3364 2145 ttt
3416 2107 3602 2145 eorum

2029 2179 2226 2233 duritia
2260 2178 2518 2250 lacrymis
2553 2181 2880 2248 pmttitentite
2913 2182 3238 2236 molliretur.
3275 2182 3377 2236 Pro
3409 2184 3604 2251 [trario-

2026 2271 2114 2332 lis,
2162 2271 2362 2341 quibus
2413 2271 2625 2326 Israelis
2675 2288 3013 2342 nequaquam
3063 2274 3433 2344 circumligata
3478 2287 3605 2330 sunt

2027 2363 2272 2430 vulnera,
2319 2361 2460 2416 LXX
2507 2365 2772 2434 malagma
2825 2366 3232 2422 transtulerunt.
3285 2365 3438 2421 Jaret
3477 2384 3608 2436 ergo

2026 2452 2316 2509 confossus
2342 2458 2411 2515 ζει
2461 2455 2868 2509 contrucidatus
2916 2455 3098 2521 Israel,
3154 2459 3281 2525 quia
3338 2459 3606 2512 interfecit

2030 2528 2547 2615 medirnitt,’tfui-~ad
2583 2548 2877 2600 curandam
2910 2559 3132 2602 venerat
3167 2551 3382 2603 domum
3420 2550 3602 2606 Israel.

2029 2636 2261 2692 Unde‘et
2292 2626 2604 2692 in'Je'reniia
2630 2638 2906 2706 τροπικῶς
2933 2641 3032 2692 sub
3064 2653 3292 2708 persona
3315 2639 3606 2710 Babylonis

2031 2728 2327 2795 loquuntur
2377 2729 2548 2796 angeli
2601 2745 2614 2781 :
2665 2728 2976 2783 Curavimus
3025 2730 3369 2800 Babylonem,
3403 2743 3452 2785 et
3503 2750 3605 2784 non

2024 2820 2109 2874 est
2130 2803 2335 2874 sumite:
2357 2818 2682 2890 ('lere‘méta,
2714 2820 2792 2888 9),
2829 2823 3014 2876 urbem
3046 2808 3294 2878 videlicet
3328 2823 3606 2877 confusio-

2029 2912 2112 2965 nis
2137 2895 2301 2981 atiiu'e
2320 2896 2598 2966 vitiorum.
2620 2913 2679 2966 Et
2705 2913 2759 2966 in
2790 2912 3083 2981 Evangelio
3107 2912 3257 2982 (Luc.
3290 2914 3343 2983 ιι)
3360 2915 3606 2984 legimus,

2028 3004 2443 3057 descendentem
2473 3005 2536 3058 de
2564 3001 2865 3058 Jerusalem
2908 3005 2960 3058 in
2989 3003 3208 3060 Jericho
3246 3021 3273 3059 a
3303 3006 3608 3062 latronibus

430 3111 448 3144 ι
494 3091 666 3146 Omne
687 3099 846 3158 caput
869 3087 1203 3160 languidum,
1231 3100 1279 3144 et
1299 3104 1460 3144 omne
1490 3104 1586 3144 cor
1608 3104 1861 3145 moerens.
1895 3108 1914 3142 ι
1944 3128 1990 3190 C
2028 3095 2409 3158 vulneratum,
2479 3105 2838 3164 curatumque
2883 3111 2911 3150 a
2955 3096 3333 3163 Samaritana;
3383 3108 3437 3153 et
3483 3110 3608 3169 post

350 3187 534 3241 Animi
572 3187 757 3242 latitia
792 3186 1064 3240 interdum
1101 3186 1341 3240 dolorem
1378 3185 1623 3254 corporis
1659 3187 1869 3255 mitigat
1903 3203 1920 3245 ;

347 3281 488 3350 quod
521 3280 568 3335 si
600 3281 667 3333 ad
692 3279 1096 3348 :egrotationetn
1125 3279 1374 3347 corporis
1404 3280 1628 3333 accedat
1655 3279 1925 3347 aegritudo

347 3373 542 3436 animi,
562 3373 872 3440 duplicatur
894 3370 1203 3427 infirmitas.
1226 3371 1374 3426 inter
1395 3373 1540 3440 ipsos
1567 3389 1780 3442 quoque
1804 3389 1926 3429 sen-

348 3481 461 3533 sus,
490 3473 545 3519 et
581 3467 758 3520 onmia
788 3465 1030 3519 membra
1065 3464 1330 3531 corporis,
1361 3464 1712 3534 principalem
1748 3465 1922 3520 locum

347 3560 558 3614 obtinet
585 3565 768 3626 caput,
803 3559 855 3615 in
883 3571 993 3631 quo
1031 3557 1180 3611 visus
1219 3565 1274 3610 et
1308 3558 1589 3621 odoratus,
1624 3556 1842 3611 auditus
1871 3567 1927 3612 et

345 3662 542 3723 gustus
570 3662 676 3706 est.
706 3650 842 3706 Cum
876 3650 1040 3724 igitur
1066 3660 1236 3718 caput
1267 3650 1520 3715 doluerit,
1543 3650 1724 3704 omnia
1752 3665 1925 3705 mem-

349 3749 449 3798 bra
489 3743 686 3798 debilia
717 3751 864 3796 sunt.
891 3741 957 3796 Et
984 3757 1080 3811 per
1109 3742 1479 3812 metaphoram
1509 3744 1684 3808 docet,
1717 3741 1858 3809 quod
1892 3757 1923 3796 a

346 3837 688 3907 principibus
720 3850 891 3906 usque
917 3836 984 3890 ad
1014 3846 1315 3890 extremam
1356 3837 1590 3905 plebem,
1627 3851 1656 3889 a
1684 3836 1921 3890 doctori-

344 3931 449 3984 bus
513 3942 681 3994 usque
721 3926 786 3980 ad
819 3927 1126 3996 imperitum
1162 3924 1373 3994 vulgus,
1409 3926 1461 3979 in
1497 3925 1645 3979 nullo
1674 3926 1747 3980 sit
1779 3925 1924 3979 sani-

349 4030 436 4073 tas
462 4056 479 4083 ,
509 4017 606 4074 sed
637 4032 828 4072 omnes
857 4017 909 4072 in
945 4017 1280 4086 impietatem
1323 4017 1438 4086 pari
1471 4018 1665 4072 ardore
1694 4031 1925 4071 consen-

350 4112 508 4164 liant.

423 4225 441 4254 ι
482 4205 522 4255 Δ
545 4202 724 4270 planta
756 4201 908 4270 pedis
940 4215 1113 4270 usque
1143 4201 1209 4254 ad
1234 4202 1514 4267 verticem,
1554 4217 1658 4256 non
1679 4214 1764 4258 est
1789 4205 1923 4260 ineo

339 4297 550 4350 sanitas
585 4309 603 4348 :
641 4295 943 4360 vulnus,et
958 4294 1120 4358 livor,
1154 4303 1208 4345 et
1228 4296 1381 4363 plaga
1400 4304 1635 4350 tumens.
1681 4313 1699 4345 ι
1733 4295 1924 4350 Servat

338 4396 576 4454 emptam
597 4385 1008 4440 translationem
1027 4403 1041 4440 :
1065 4403 1092 4438 a
1115 4385 1344 4453 pedibus
1363 4400 1536 4456 usque
1554 4388 1620 4440 ad
1641 4388 1920 4454 verticem,

2031 3186 2406 3240 austeritatem
2436 3187 2566 3250 vini,
2596 3186 2827 3242 infusam
2856 3188 3168 3242 vulneribus
3197 3191 3311 3260 eius
3339 3191 3439 3244 olei
3474 3193 3606 3245 rnol-

2027 3278 2332 3333 litudiucm.
2361 3277 2440 3332 Ab
2470 3295 2533 3332 eo
2561 3294 2690 3349 ergo
2724 3280 2859 3346 loco,
2892 3280 2982 3334 ubi
3023 3297 3184 3347 supra
3234 3283 3446 3336 dixerat
3493 3300 3505 3336 :
3539 3283 3607 3336 lu

2025 3387 2126 3439 quo
2153 3373 2444 3438 percutiam
2483 3388 2606 3435 vos;
2639 3383 2693 3426 et
2720 3389 2732 3423 :
2763 3389 2913 3426 omne
2956 3386 3112 3443 caput
3148 3374 3480 3442 languidum,
3514 3392 3606 3429 us-

2027 3480 2130 3530 que
2155 3467 2219 3517 ad
2254 3467 2354 3518 hoc
2384 3464 2531 3534 quod
2568 3463 2800 3518 infertur
2837 3482 2851 3519 :
2899 3462 3024 3520 Non
3048 3476 3123 3519 est
3149 3477 3336 3519 curata
3370 3469 3603 3521 medica-

2028 3555 2186 3618 mine,
2220 3571 2383 3624 neque
2418 3554 2530 3623 fota
2562 3554 2698 3619 oleo,
2735 3556 3104 3611 translationis
3150 3557 3447 3612 similitudo
3489 3573 3606 3614 ser-

2027 3655 2262 3710 vatur,et
2286 3647 2766 3701 irremediabilium
2791 3649 3084 3716 descriptio
3111 3651 3391 3703 vulnerum
3444 3661 3603 3705 atter-

2026 3751 2148 3790 nam
2182 3737 2545 3803 captivitatem
2578 3740 2831 3806 exprimit
2854 3737 3185 3796 Judaaorum.

2096 3827 2274 3898 (Vers.
2309 3827 2386 3896 7.)
2429 3847 2448 3878 ι
2491 3828 2656 3884 Terra
2689 3841 2866 3885 vestra
2912 3831 3124 3885 deserta
3165 3851 3179 3886 :
3213 3831 3461 3886 civitates
3513 3848 3603 3887 ve-

2023 3929 2152 3975 strae
2182 3921 2302 3990 igne
2325 3935 2600 3976 succensa:
2627 3939 2641 3976 :
2671 3925 2940 3992 regionem
2963 3932 3198 3977 vestram
3225 3925 3276 3977 in
3308 3937 3600 3995 conSpcctu

2027 4022 2207 4068 vestro
2233 4013 2393 4068 alieni
2426 4014 2706 4080 devorant,
2731 4024 2783 4068 et
2808 4015 3140 4070 desolabitur
3168 4015 3308 4071 sicut
3348 4016 3400 4070 in
3432 3996 3602 4072 vasti-

2027 4114 2139 4162 tate
2177 4106 2379 4161 hostili.
2433 4125 2453 4158 ι
2493 4106 2619 4162 llzec
2651 4107 2752 4163 sub
2795 4106 3106 4178 Babyloniis
3144 4125 3210 4164 ex
3253 4119 3407 4179 parte
3452 4126 3601 4165 cotu-

2025 4197 2167 4267 pleta
2218 4207 2369 4264 sunt,
2417 4198 2642 4253 incenso
2690 4198 2912 4269 templo,
2956 4201 3212 4255 subversa
3273 4201 3597 4270 Jerusalem,

2027 4292 2246 4360 quando
2268 4290 2540 4360 regionem
2569 4291 2758 4346 decem
2791 4292 3028 4346 tribuum
3062 4293 3390 4348 Samaritani
3416 4312 3600 4364 possc-

2030 4383 2252 4446 derunt,
2281 4393 2335 4436 et
2365 4383 2416 4436 in
2450 4391 2655 4436 tantam
2692 4385 2906 4437 redacta
2937 4393 3019 4439 est
3053 4397 3193 4439 terra
3226 4387 3599 4456 repromissio-

340 4485 396 4538 id
415 4481 608 4543 est,ab
627 4480 735 4533 ituo
757 4495 931 4547 usque
946 4482 1010 4533 ad
1031 4496 1300 4534 sutumum
1322 4485 1363 4546 ³,
1387 4483 1455 4536 ab
1475 4485 1731 4536 extremis
1751 4497 1922 4551 usque
1950 4475 2001 4534 ι)
2030 4477 2113 4529 nis
2146 4475 2517 4539 solitudinem,
2557 4488 2614 4531 ut
2659 4493 2690 4530 a
2726 4479 2970 4534 leonibus
3021 4490 3344 4534 vastaretur.
3382 4480 3600 4535 Plenius

341 4579 411 4630 ad
441 4577 662 4644 primos.
685 4581 796 4628 toto
813 4571 1048 4628 confossi
1066 4582 1194 4626 sunt
1222 4573 1700 4642 corporeJ’ulnus,
1721 4575 1917 4642 inquit,

338 4680 389 4722 et
422 4671 552 4720 livor
572 4679 620 4721 et
644 4669 802 4737 plaga
835 4679 1036 4718 tumens
1066 4680 1084 4717 :
1113 4673 1205 4717 aut
1233 4665 1379 4719 enim
1404 4666 1725 4719 verberibus
1754 4665 1920 4717 livent

337 4775 594 4828 corpora,
632 4771 725 4812 aut
761 4759 930 4827 plagis
977 4766 1204 4823 tument,
1252 4767 1346 4810 aut
1393 4758 1544 4810 biant
1577 4757 1918 4811 vulneribus.

335 4855 672 4919 Qua-rimus,
712 4851 794 4905 cui
841 4851 956 4904 bace
1007 4849 1236 4918 tempori
1276 4851 1576 4917 coaptanda
1623 4853 1756 4905 sint.
1791 4849 1922 4904 Post

337 4945 723 5014 Babylonicum
754 4944 1124 5011 captivitatem
1155 4942 1255 4996 sub
1297 4940 1614 5005 Zorobabel,
1659 4949 1712 4996 et
1756 4941 1917 5008 Ezra,

332 5055 403 5092 ac
436 5036 656 5090 Neemia
691 5035 856 5089 Israel
887 5048 1137 5088 reversus
1168 5043 1253 5088 est
1295 5033 1347 5086 in
1391 5032 1654 5098 Judaeum,
1692 5043 1747 5086 et
1778 5034 1919 5087 anti-

330 5146 503 5199 quum
534 5127 739 5197 recepit
777 5135 1002 5182 statum.
1035 5125 1148 5180 Sub
1189 5125 1418 5179 diversis
1460 5139 1676 5194 quoque
1717 5125 1920 5194 princi-

329 5223 496 5289 pibus
525 5235 587 5272 ac
622 5220 838 5286 regibus
867 5219 1120 5285 templum
1145 5218 1425 5285 augustius
1451 5217 1717 5270 fabricatu
1731 5233 1780 5269 tu
1809 5226 1912 5283 est,

329 5313 388 5365 in
430 5321 638 5362 tantum
687 5320 744 5362 ut
773 5313 935 5362 etiam
979 5318 1328 5363 externarum
1363 5307 1627 5376 gentium,
1668 5307 1917 5362 Laceda-

330 5404 673 5463 mentorum,
713 5409 766 5453 et
806 5398 1243 5462 Atheniensium,
1289 5411 1354 5451 ac
1391 5397 1760 5449 Romanorum
1805 5410 1916 5449 me-

406 5558 423 5587 ¹
476 5556 540 5608 Id
579 5563 680 5618 est,
727 5555 791 5607 ab
837 5557 964 5618 imo,
1003 5565 1108 5608 etc.
1157 5548 1510 5616 blanuscripti
1565 5548 1913 5616 quamplures

322 5643 471 5698 qttos
501 5625 734 5693 inspexi,
757 5628 950 5698 legunt
979 5626 1080 5677 hoc
1103 5623 1265 5675 modo
1416 5635 1620 5672 summo
1648 5634 1812 5698 usque
1841 5621 1912 5672 ad

321 5686 604 5752 s'unttnuui
619 5711 638 5756 ;
671 5686 764 5748 sed
799 5686 938 5748 tt'ntts
966 5709 1160 5748 sensus
1193 5690 1479 5755 utrobique
1506 5698 1612 5742 est.
1643 5686 1908 5745 Maurus.

324 5796 400 5808 —
431 5766 570 5824 Cod.
600 5766 828 5821 Palattn.
867 5763 1319 5836 quemadmodum
1351 5759 1441 5818 alii
1468 5775 1634 5829 penes
1656 5757 1909 5814 Martian.

2026 4575 2208 4620 autem
2228 4579 2392 4635 atque
2418 4566 2712 4636 perfectius
2730 4570 2858 4639 quid
2878 4569 3116 4625 futurum
3140 4573 3210 4625 sit
3231 4573 3329 4626 sub
3354 4572 3603 4626 Romana

2022 4657 2337 4726 captivitate
2371 4659 2699 4712 describitur
2727 4677 2742 4713 :
2776 4661 2994 4727 quando
3021 4662 3326 4716 universam
3355 4661 3599 4716 Judaeum.

2022 4748 2300 4805 Romanus
2333 4751 2563 4804 vastavit
2597 4753 2892 4818 exercitus,
2927 4755 3280 4822 civitatesque
3314 4768 3601 4807 succensa}

2021 4851 2172 4903 sunt,
2195 4850 2250 4897 et
2274 4843 2548 4912 regionem
2581 4859 2768 4898 eorum
2800 4845 3260 4914 inprtesentiarum
3312 4845 3467 4898 alieni
3501 4845 3595 4898 de~

2021 4946 2236 4999 vorant,
2269 4947 2323 4991 et
2352 4951 2518 5006 usque
2550 4937 2616 4990 ad
2657 4937 2818 4992 finem
2849 4940 3029 4992 mundi
3063 4939 3431 5008 perseverabit
3494 4953 3589 4990 va-

2019 5027 2178 5082 8titas
2206 5027 2537 5082 Iudaeorum.
2564 5027 2860 5084 Possumus
2883 5040 3062 5083 autem
3108 5030 3220 5081 lucc
3264 5029 3600 5096 trapologice

2019 5119 2085 5174 de
2115 5119 2490 5188 peccatoribus
2517 5120 2783 5190 accipere,
2816 5120 2904 5188 qui
2950 5120 3016 5173 de
3053 5118 3338 5173 sanctitate
3365 5120 3592 5188 pristina

2018 5217 2360 5276 corruerunt,
2392 5222 2678 5282 postquam
2719 5211 3012 5265 contrariis
3046 5209 3249 5265 fuerint
3282 5212 3461 5266 traditi
3493 5227 3592 5272 po-

2020 5305 2306 5358 testatibus
2334 5321 2347 5358 :
2379 5304 2518 5371 quod
2547 5302 2725 5356 omnia
2756 5316 2942 5356 eorum
2977 5303 3112 5355 bona
3147 5303 3369 5356 veniant
3396 5301 3459 5354 ad
3494 5305 3589 5356 de-

2016 5404 2268 5448 sertum:
2295 5402 2350 5447 et
2393 5393 2590 5462 prioris
2615 5391 2842 5461 iustitia:
2883 5389 3024 5448 Deus
3064 5407 3170 5446 non
3212 5392 3527 5447 recordetur
3573 5408 3587 5444 :

2016 5570 2048 5606 a
2071 5567 2275 5619 summa
2310 5567 2468 5619 usque
2500 5553 2568 5604 ad
2597 5567 2881 5606 summum.

2084 5627 2102 5654 ³
2124 5617 2296 5674 Palat.
2322 5617 2522 5674 Latinis
2573 5622 2770 5675 litteris
2813 5623 3054 5676 motosin.
3076 5620 3321 5675 Martiali.
3345 5617 3588 5688 μότυσιν,

2017 5707 2112 5760 pro
2146 5692 2407 5758 μότωσιν,
2449 5705 2568 5760 qua:
2615 5705 2714 5746 vos
2762 5695 2977 5764 proprie
3006 5693 3330 5746 curationem
3349 5687 3589 5745 vulneri.

2013 5772 2190 5819 δυιιειι.
