3962 6192
304 1137 318 1154 .
403 1069 860 1134 consequentibus
904 1070 1165 1137 propheta
1200 1079 1450 1132 testatur,
1497 1073 1682 1126 dicens

399 319 458 382 3i

406 434 509 503 l7
543 442 597 484 et
637 432 760 500 igne
802 431 1000 486 diaboli
1044 433 1222 484 omnia
1259 429 1703 492 succendantnr;
1756 437 1809 480 et
1861 428 1972 480 sint
2005 431 2046 486 Α

402 525 656 595 pabulum
695 524 1014 588 bestiarum,
1053 525 1118 575 de
1147 525 1344 593 quibus
1375 533 1429 574 et
1461 521 1510 572 in
1546 520 1654 573 alio
1687 525 1803 572 loco
1834 522 1971 574 scri-

398 630 549 686 ptum
581 629 663 671 est
690 634 705 670 :
737 615 818 669 Ne
843 617 1024 669 tradas
1048 617 1225 670 bestiis
1263 614 1496 667 animant
1523 611 1850 678 conﬁtentem
1881 612 1975 665 tibi

401 703 577 772 (Psal.
613 719 799 763 usui,
842 703 952 771 19).

473 797 654 863 (Vers.
685 795 762 865 8.)
797 816 813 844 t
842 795 1258 863 Derelinquetur
1294 796 1398 850 lilia
1433 795 1561 850 Sion
1591 799 1731 850 sicut
1757 796 1977 850 umbra-

401 887 578 939 culnm
611 886 662 939 in
698 886 851 938 vinea
881 904 894 938 :
921 885 1131 938 etsicut
1157 888 1427 953 tugurium
1452 887 1504 940 in
1525 889 1919 942 cucumerario.
1952 905 1970 938 ι

403 979 558 1045 Quod
606 980 758 1032 vinea
805 979 1105 1048 appellatus
1149 980 1221 1033 sit
1265 982 1442 1035 omnis
1494 981 1679 1046 Israel,
1729 982 1870 1036 idem
1924 981 1976 1034 in

1745 1090 1758 1125 :
1820 1071 1979 1125 Vinea

407 1158 547 1210 enim
578 1157 790 1211 Domini
817 1156 1070 1220 Sabaoth,
1103 1161 1286 1213 domus
1333 1171 1406 1214 est
1448 1165 1619 1215 Israel
1668 1179 1686 1217 .'
1735 1174 1781 1215 et
1828 1163 1981 1216 homo

405 1249 573 1315 Juda,
617 1249 816 1302 novella
849 1251 1106 1318 plautatio
1141 1261 1295 1319 atque
1323 1252 1516 1306 dilecta
1581 1254 1744 1323 (infra
1776 1269 1890 1319 cap.
1926 1273 1980 1319 γ,

409 1340 461 1408 7)
490 1360 504 1394 ;
536 1350 588 1392 ct
625 1341 676 1392 in
708 1340 920 1393 Psalmo
954 1357 972 1395 :
1011 1341 1226 1395 Vineam
1250 1343 1314 1396 de
1345 1343 1576 1413 Egypto
1609 1345 1931 1398 transtulisti
1965 1361 1984 1399 :

407 1430 607 1498 ejecisti
635 1442 808 1499 gentes
832 1441 880 1484 et
911 1433 1168 1502 plautasti
1192 1449 1307 1485 eam
1337 1431 1515 1502 (Psal.
1545 1450 1728 1499 Lutx,
1755 1435 1830 1501 9).
1863 1433 1985 1488 ηερε

410 1521 560 1574 vinea
613 1525 875 1590 quamdiu
933 1524 1234 1577 uberrimos
1283 1526 1466 1578 attulit
1519 1524 1751 1586 fructus,
1796 1526 1987 1580 habuit

410 1612 686 1665 custodem
717 1611 904 1676 Deutu,
930 1615 995 1666 de
1023 1629 1131 1682 quo
1161 1616 1416 1668 srrihitur
1451 1635 1463 1669 :
1503 1615 1626 1669 Non
1656 1619 1985 1680 dormitabit,

411 1716 574 1767 neque
619 1703 840 1756 dormiet
881 1705 970 1773 qui
1013 1706 1237 1758 custodit
1288 1704 1459 1758 Israel
1514 1705 1688 1775 (Psal.
1733 1723 1858 1768 cxx.
1904 1709 1982 1777 4).

411 1793 702 1861 Postquam
742 1809 869 1848 vero
917 1795 1389 1850 vindemiaverunt
1419 1812 1535 1850 eam
1568 1813 1760 1852 omnes
1809 1811 1987 1853 trans-

409 1895 601 1939 euntes
633 1886 796 1950 viam,
842 1895 898 1941 et
945 1891 1172 1942 vastavit
1216 1904 1332 1942 eam
1367 1905 1496 1956 aper
1529 1891 1595 1945 de
1625 1892 1758 1944 silva
1801 1906 1817 1946 :
1857 1893 1986 1947 reli-

412 1975 532 2044 quit
557 1977 814 2045 templum
845 1992 1004 2030 suum
1039 1977 1316 2044 Dominus,
1349 1981 1627 2049 iratusque
1652 1997 1989 2053 consurgens

417 2065 492 2118 ait
523 2083 537 2119 :
565 2063 795 2134 Surgite,
823 2067 1072 2123 abeamus
1097 2072 1217 2124 hinc
1251 2073 1263 2102 '
1295 2087 1315 2133 ;
1345 2086 1398 2127 et
1432 2089 1446 2126 :
1479 2072 1820 2136 Relinquetur
1851 2075 1990 2128 vobis

414 2157 600 2212 domus
629 2168 793 2211 vestra
819 2159 1022 2213 deserta
1054 2160 1273 2231 (Matth.
1299 2178 1455 2227 χχιιι,
1486 2163 1598 2231 58).
1630 2163 1686 2215 Et
1719 2179 1815 2233 per
1837 2163 1992 2218 Jerc-

419 2253 580 2306 mium
613 2269 631 2306 :
663 2252 867 2322 Reliqui
896 2254 1111 2309 domum
1143 2274 1312 2310 meam
1356 2275 1374 2312 :
1411 2261 1587 2312 dimisi
1633 2260 1993 2314 [nereditatem

419 2359 610 2397 meam.
644 2342 811 2398 Facta
853 2355 930 2400 est
972 2349 1258 2401 haereditas
1305 2365 1418 2402 mea
1452 2349 1598 2415 mihi,
1637 2351 1771 2402 sicut
1816 2350 1895 2404 leo
1939 2352 1994 2404 in

419 2435 552 2489 silva
585 2452 605 2491 :
644 2438 785 2490 dedit
825 2454 980 2506 super
1023 2457 1100 2494 me
1133 2457 1302 2495 vocem
1339 2459 1514 2506 suam,
1527 2453 1829 2528 yrgptere-a.
1857 2444 1995 2498 adiri

419 2545 536 2581 eam
579 2529 794 2597 (Jerem.
849 2547 944 2595 xu,
979 2533 1058 2602 7).
1096 2533 1408 2587 Similitudo
1443 2511 1630 2613 θνξξιιξ

424 2622 606 2691 templi
666 2633 714 2676 et
751 2620 1048 2677 Jerusalem
1099 2636 1308 2689 sumpta
1360 2634 1442 2678 est
1465 2609 1996 2698 'ab‘llérftolis,~éni

422 2715 678 2778 quamdiu
712 2713 873 2768 vinea
907 2729 1131 2768 uvarum
1171 2715 1328 2783 plena
1363 2727 1710 2794 esthpqquu}
1741 2721 1996 2794 pustodes

423 2803 479 2856 in
509 2802 857 2857 umbraculis.
902 2801 956 2856 In
993 2779 1392 2887 cucunieraripi

426 2908 707 2962 pomorum
739 2896 1037 2949 custodiam
1069 2907 1287 2963 vocant,
1308 2874 1998 2964 'ﬁéi-i-hiae'ﬁmit‘cas'utiv

425 2995 645 3054 propter
689 2987 939 3040 ardorem
985 2987 1115 3041 solis
1167 3003 1230 3041 ac
1279 2989 1458 3043 radios
1512 2990 1863 3046 declinandos
1900 3009 1914 3045 :
1946 3003 2000 3048 et

1565 314 1624 374 S.
1673 308 1988 370 EUSEBII
2031 309 2473 371 IIIERONYMI

2079 443 2224 492 men,
2258 431 2415 500 quasi
2455 430 2687 485 Sodoma
2723 431 3040 493 luissetuus,
3083 441 3136 484 et
3166 431 3318 496 quasi
3351 429 3654 485 Gomorrha

2077 521 2284 575 similes
2309 536 2574 576 essemus.
2611 543 2628 574 ν
2663 523 2816 576 llnnc
2846 523 3024 575 locum
3058 523 3257 577 Paulus
3291 524 3570 590 apostolus
3593 524 3657 577 ad

2078 614 2351 668 Romanos
2375 615 2585 682 plenius
2607 617 2845 673 disserit.
2867 616 3114 668 scribens
3140 633 3151 666 :
3184 615 3311 668 Dico
3338 633 3482 684 ergo,
3521 632 3656 668 nuu-

2081 708 2206 777 quid
2242 708 2434 774 repulit
2465 709 2599 761 Deus
2628 711 2878 776 papulum
2911 708 3104 761 suum?
3131 707 3277 759 Absit
3303 707 3324 760 Ι
3346 724 3466 760 nam
3499 718 3546 760 et
3569 726 3660 778 ego

2083 797 2332 850 Israelita
2367 815 2502 863 sum,
2538 815 2602 851 ea:
2647 798 2841 852 semine
2875 798 3170 859 Abraham,
3207 797 3271 849 de
3304 797 3442 848 tribu
3473 796 3664 863 Benja-

2080 891 2214 942 miu.
2255 887 2378 944 Non
2407 891 2596 956 repulit
2626 889 2768 942 Deus
2795 890 2991 958 plebem
3033 904 3184 941 suam
3213 905 3369 958 quam
3398 889 3661 955 prascirit

2083 982 2257 1050 (Rom.
2297 998 2368 1039 ιη.
2408 983 2458 1044 Ι,
2498 981 2577 1052 2).
2623 981 2685 1034 Et
2724 990 2842 1049 post
2877 981 3156 1049 paululum
3198 997 3213 1032 :
3257 978 3346 1032 Sic
3375 994 3494 1048 ergo
3528 987 3575 1031 et
3610 979 3661 1030 iu

2083 1076 2182 1124 isto
2231 1080 2456 1140 tempore
2507 1072 2744 1139 reliquirc
2789 1069 3077 1123 secundum
3121 1066 3427 1120 electionem
3477 1067 3661 1136 gratia’

2083 1163 2243 1216 salva:
2271 1163 2425 1230 factis
2461 1171 2583 1215 sunt
2654 1162 2830 1232 (ibid.,
2876 1166 2947 1225 v).
2988 1161 3059 1212 Ex
3088 1174 3194 1226 quo
3222 1159 3542 1224 ostenditur,
3575 1173 3663 1210 su-

2087 1255 2297 1321 periora
2324 1269 2442 1322 quae
2473 1264 2656 1307 contra
2682 1253 2996 1307 Jerusalem
3018 1261 3070 1304 et
3100 1250 3296 1305 Judam
3331 1264 3512 1303 sermo
3540 1265 3662 1317 pro-

2087 1345 2334 1413 pheticus
2370 1345 2734 1400 comminatus
2764 1352 2867 1406 est,
2910 1359 3012 1396 non
3046 1344 3109 1396 ad
3153 1335 3496 1409 Babylonica:
3537 1355 3662 1406 cap-

2095 1435 2325 1489 tivitatis
2361 1435 2643 1489 referenda
2679 1445 2910 1504 tempus,
2944 1435 3036 1484 sed
3071 1434 3136 1486 ad
3181 1433 3429 1484 ultimam
3461 1429 3660 1482 [lonia-

2089 1541 2302 1590 norum,
2363 1526 2579 1595 quando
2631 1525 2683 1578 in
2769 1517 3246 1592 apostolis'salvm
3312 1523 3470 1575 facta:
3527 1529 3652 1574 sunt

2092 1617 2333 1687 reliqnize
2363 1618 2543 1687 populi
2575 1601 2884 1672 Judtrornm
2917 1633 2932 1679 ;
2963 1628 3018 1669 et
3053 1631 3154 1668 uua
3192 1613 3280 1666 die
3315 1613 3662 1667 crediderunt

2093 1709 2193 1760 tria
2231 1708 2419 1773 millia,
2450 1716 2504 1761 et
2535 1707 2702 1761 altera
2727 1709 2970 1776 quinque
3004 1704 3190 1768 millia,
3223 1714 3277 1754 et
3312 1702 3364 1755 in
3395 1711 3509 1755 toto
3533 1701 3662 1754 orbe

2096 1799 2448 1868 Evangelium
2475 1799 2797 1852 seminatnm
2822 1807 2927 1851 est.
2951 1796 3054 1849 Pro
3078 1794 3301 1848 Domino
3322 1795 3661 1853 exercituum,

2091 1892 2234 1960 quod
2264 1905 2382 1953 nos,
2413 1891 2584 1943 secuti
2613 1888 2890 1958 Aquilam,
2927 1888 2978 1939 in
3022 1885 3269 1939 Latinum
3298 1887 3579 1945 vertimus,
3609 1883 3661 1936 in

2098 1980 2326 2035 Hebraeo
2361 1980 2573 2048 legitur.
2605 1979 2859 2033 Dominus
2885 1977 3130 2039 sabaotlt,
3159 1975 3302 2044 quod
3338 1973 3475 2027 LXX
3502 1973 3665 2026 inter-

2093 2083 2272 2142 pretes
2303 2085 2400 2141 pro
2435 2071 2675 2125 locorum
2695 2070 2955 2138 qualitate
2992 2067 3278 2135 dupliciter
3307 2065 3664 2127 transferunt,

2093 2172 2186 2218 aut
2208 2161 2488 2215 Dominum
2519 2160 2797 2220 virtutum,
2821 2170 2911 2211 aut
2943 2156 3216 2210 Dominum
3241 2156 3662 2222 omnipotentem.

2102 2259 2168 2312 Et
2207 2256 2580 2326 qumrendnm,
2617 2262 2796 2307 utrum
2826 2251 2900 2306 de
2936 2251 3096 2304 Patre
3123 2251 3350 2309 dicatur,
3387 2265 3451 2301 an
3487 2247 3554 2301 de
3582 2245 3668 2300 Fi-

2095 2350 2188 2404 lio.
2219 2348 2332 2404 Nec
2355 2348 2573 2402 dubium
2602 2346 2729 2414 quin
2780 2346 2907 2398 illud
2949 2345 3090 2411 quod
3136 2342 3394 2397 vicesimo
3425 2339 3480 2393 in
3507 2339 3664 2392 tertio

2099 2440 2199 2514 [al.
2249 2439 2466 2511 quarto)
2500 2439 2704 2510 psalmo
2737 2437 2931 2506 legitur
2967 2452 2982 2488 :
3017 2434 3260 2488 Attollite
3281 2446 3481 2501 portas,
3516 2433 3657 2499 prin-

2092 2536 2258 2604 cipes,
2277 2542 2493 2600 vestrm,
2515 2529 2882 2604 ghslevainini,
2903 2535 3070 2598 porta:
3092 2525 3386 2587 mternalcs,
3407 2533 3453 2575 ct
3479 2522 3670 2574 introi-

2086 2599 2535 2697 «Ιὶίΐέξιλοὲοξ-ᾇὲξ
2549 2600 2680 2697 (hiis
2709 2630 2780 2674 est
2805 2622 2903 2672 iste
2932 2635 3022 2672 rea:
3050 2619 3275 2687 glorite?
3302 2615 3554 2668 Dominus
3585 2629 3671 2666 sa-

2099 2716 2256 2770 baotlt
2285 2688 2466 2784 (ῥέα-[ί
2491 2688 2652 2776 ίκὶιῖ,
2687 2715 2740 2776 7,
2769 2713 2848 2782 8),
2888 2711 2941 2764 id
2977 2720 3076 2774 est,
3111 2709 3365 2762 Dominus
3397 2706 3667 2767 uirtutum,

2084 2797 2316 2888 ξρὲἐ
2456 2803 2766 2888 ﬂorilegae
2806 2803 3084 2856 Christum
3115 2799 3402 2856 referatur.
3436 2798 3526 2866 qui
3552 2805 3671 2888 post

2099 2878 2832 2973 ᾖξιςεξοᾶὧίὲτὲυιὶιὶιὶξῶῃξθά
2881 2895 3047 2949 caelos
3093 2896 3275 2946 victor
3304 2889 3570 2943 ascendit.
3607 2887 3672 2940 Et

2104 2993 2154 3044 iu
2185 2992 2290 3045 alio
2321 2991 2437 3045 loco
2467 2993 2530 3044 de
2555 2987 2782 3043 Domino
2807 2987 3024 3052 dicitur,
3054 2987 3196 3054 quod
3231 3000 3320 3036 rex
3345 2983 3527 3052 gloria:
3551 2982 3621 3033 sit
3653 2997 3666 3032 :

427 3077 551 3131 inde
583 3077 662 3130 vel
699 3077 963 3144 homines,
1000 3081 1082 3134 vel
1113 3078 1364 3135 bestiolas
1392 3097 1510 3148 qtae
1553 3081 1793 3136 insidiari
1819 3084 1993 3138 solent
2021 3088 2066 3148 ο
2100 3082 2160 3138 Si
2207 3084 2343 3136 enim
2395 3081 2778 3150 cognovissent,
2831 3095 3100 3147 nunquam
3156 3075 3432 3129 Dominum
3487 3075 3672 3144 gloria:

426 3168 568 3221 natis
598 3167 864 3238 frugibus,
893 3170 1138 3240 abigunt.
1167 3169 1303 3225 Cum
1352 3183 1533 3226 autem
1577 3173 1754 3226 ablata
1800 3173 2007 3228 fuerint

428 3257 725 3312 istiusmodi
775 3259 1070 3327 genimina,
1123 3271 1403 3316 remanent
1460 3264 1666 3316 arentia
1738 3263 1995 3318 frnticnm

428 3351 740 3404 umbracula
813 3353 1163 3422 casulaeqne.
1216 3357 1500 3408 recedente
1573 3360 1818 3421 custode,
1871 3358 1993 3426 quia

428 3457 536 3496 non
575 3443 739 3497 habet
774 3445 916 3497 ultra
945 3447 1088 3513 quod
1133 3457 1334 3504 servet.
1382 3447 1522 3516 Ergo
1561 3457 1617 3502 et
1655 3430 1998 3518 omnipotens

433 3533 572 3588 υνυς
603 3536 888 3602 dereliquit
933 3539 1215 3605 templum,
1248 3547 1302 3592 et
1357 3539 1540 3594 urbem
1589 3539 1720 3595 fecit
1751 3556 1872 3595 esse
1901 3543 1998 3595 dc-

429 3638 628 3680 sertam
667 3644 680 3679 :
719 3629 857 3696 quod
891 3645 993 3682 non
1044 3633 1264 3684 necesse
1310 3644 1392 3686 est
1427 3634 1768 3686 sermonibus
1801 3649 1999 3702 appro-

432 3717 578 3783 bare,
610 3721 766 3772 nohis
794 3720 1112 3787 praesertim,
1148 3723 1239 3789 qni
1269 3723 1512 3776 videmus
1535 3723 1804 3776 desertam
1842 3725 1996 3789 Sion,

431 3818 482 3862 et
511 3825 752 3864 evtrsam
781 3809 1099 3876 Jerusalem,
1152 3814 1516 3883 templumque
1545 3831 1712 3884 usque
1735 3818 1800 3870 ad
1828 3817 1998 3870 solum

433 3903 691 3958 dirutum.
724 3902 876 3968 Quod
923 3915 1100 3959 autem
1137 3905 1298 3960 lilium
1333 3905 1459 3961 Sion
1491 3919 1666 3972 vocat,
1694 3908 2002 3963 clementis-

429 3993 549 4047 simi
571 3997 812 4062 parentis
839 4004 1103 4050 monstrat
1126 3997 1402 4054 allectum.
1433 3999 1544 4054 Nec
1574 3999 1768 4053 mirum
1800 3999 1842 4052 si
1869 3998 1996 4053 Sion

431 4085 727 4152 appelletur
773 4086 898 4149 lilia,
947 4089 1250 4141 cutnetiam
1277 4088 1514 4158 Babylon
1557 4089 1858 4158 saepissime
1892 4092 1998 4144 lilia

434 4188 791 4243 nnucupetur.
813 4177 1014 4233 Omnes
1035 4183 1178 4232 enim
1208 4189 1401 4232 natura
1437 4181 1530 4233 lilii
1555 4180 1644 4234 Dei
1672 4197 1881 4246 smnus,
1906 4183 2000 4238 sed

435 4275 619 4319 nostro
648 4267 774 4320 vitio
807 4269 968 4322 alicui
1000 4267 1284 4325 elIicimur.
1317 4267 1477 4322 Juxta
1509 4286 1810 4342 anagogen,
1842 4271 1998 4326 vinea

435 4355 528 4411 Dei
567 4370 620 4411 et
663 4374 942 4426 pomorum
979 4361 1284 4428 paradisus,
1321 4362 1500 4415 anima
1543 4374 1726 4416 nosua
1768 4363 1874 4432 18
1903 4380 1999 4432 ap-

433 4449 618 4516 pellari
649 4459 864 4517 potest:
896 4452 983 4504 cui
1006 4451 1049 4504 si
1082 4467 1253 4516 mens,
1279 4454 1328 4504 id
1365 4461 1448 4505 cst
1515 4453 1662 4518 νοῦς,
1693 4455 1993 4523 praefuerit,
2033 4439 2072 4493 ί)

436 4537 596 4593 habet
629 4539 912 4594 custodem
945 4542 1142 4595 mentis
1177 4541 1345 4598 Deum
1377 4560 1392 4597 :
1422 4544 1504 4598 sin
1533 4555 1712 4598 autem
1744 4545 1870 4600 vitia
1906 4561 2003 4600 nos

435 4629 590 4698 quasi
626 4632 866 4700 qnzedam
900 4633 1085 4686 bestiae
1119 4634 1319 4688 fuerint
1361 4635 1688 4702 deprmdata,
1735 4637 2001 4707 relinqui-

434 4735 559 4775 mur
592 4735 622 4774 a
651 4721 876 4776 custode
901 4720 1030 4789 Deo,
1067 4729 1122 4776 et
1161 4724 1341 4778 omnia
1375 4735 1556 4780 nostra
1587 4726 1905 4796 redigentur
1934 4734 2000 4784 ad

437 4816 807 4872 solitudinem.

511 4929 530 4962 ε
572 4908 685 4966 Nisi
721 4911 976 4968 Dominus
1015 4914 1354 4970 exercituum
1391 4913 1697 4985 reliquisset
1733 4916 1884 4971 nobis
1921 4933 2010 4974 sc-

511 5117 776 5192 ‘§urg_ile.
819 5120 876 5172 In
920 5117 1210 5192 Evangelio
1235 5115 1529 5192 secundum
1562 5115 1848 5192 Joannem,
1873 5135 1997 5192 cap.

438 5186 524 5249 Η,
557 5185 926 5258 51,’1θεὶῐηυε,
957 5185 1184 5258 Surgite,
1205 5201 1394 5258 (eamus
1422 5185 1562 5258 hinc.
1590 5189 1870 5250 Quomodo
1902 5185 2002 5244 an-

439 5267 542 5311 tetu
573 5255 1176 5323 iratusccnsurrexerit,
1199 5256 1354 5309 facile
1375 5255 1645 5324 colligitur
1663 5273 1724 5310 ex
1745 5271 2000 5316 contestu

436 5327 676 5396 ejusdem
725 5328 936 5392 rapitis,
971 5332 1094 5396 quia
1144 5333 1194 5380 in
1232 5341 1294 5380 co
1333 5328 1622 5393 diSpntuvit
1663 5328 1730 5380 de
1778 5337 2000 5394 mundo,

438 5399 614 5467 deque
647 5395 886 5467 principe
919 5395 1316 5467 uuindightqus,
1349 5396 1438 5462 qui
1475 5410 1578 5467 non
1603 5464 1614 5467 Α
1635 5407 1812 5464 potest
1845 5401 2003 5467 Spiri—

440 5464 550 5518 tum
582 5465 784 5519 Christi
815 5467 1080 5533 accipere.
1107 5464 1370 5520 Min'rtau.
1391 5496 1458 5506 —
1478 5466 1566 5518 Sic
1595 5464 1764 5519 ferme
1787 5464 2006 5525 disserit

439 5535 492 5589 iu
519 5538 679 5603 epist.
721 5534 810 5597 68,
855 5536 923 5587 ad
971 5533 1255 5588 Paulinum
1290 5552 1308 5589 :
1345 5554 1362 5586 t
1411 5535 1659 5590 Salvator
1725 5538 1788 5590 ad
1841 5540 2008 5594 distzi-

440 5605 595 5678 pulos
643 5621 769 5678 suos
799 5604 1048 5678 loquens.
1081 5620 1201 5658 cum
1235 5616 1379 5678 esset
1413 5608 1464 5678 in
1501 5608 1721 5678 templo.
1767 5609 2002 5678 Surgite,

442 5672 633 5742 inquit,
679 5676 938 5728 abeamus
979 5674 1141 5739 hinc;
1173 5682 1229 5727 et
1262 5673 1327 5726 ad
1354 5672 1624 5730 Judzeosz'
1652 5672 2007 5744 Relinquittur

444 5747 593 5800 vobis
644 5745 837 5802 donius
873 5754 1052 5800 Vestra
1090 5750 1320 5798 deserta.
1356 5763 1372 5795 ι
1434 5746 1563 5810 Qua:
1618 5747 1722 5802 duo
1775 5749 2000 5806 diversis

2101 3173 2482 3241 cruciﬁxisseut
2526 3171 2564 3239 (l
2602 3170 2726 3226 Cor.
2763 3184 2824 3232 Il,
2859 3169 2938 3235 8).
2971 3166 3109 3236 Ergo
3142 3183 3246 3218 non
3297 3165 3471 3219 solum
3515 3165 3668 3233 juxta

2099 3262 2476 3332 Apocalypsim
2503 3259 2748 3326 Joannis,
2779 3267 2833 3312 et
2867 3257 3168 3326 apostolum
3202 3253 3462 3318 Paulum,
3494 3252 3586 3305 sed
3618 3252 3671 3304 in

2102 3356 2279 3410 Veteri
2331 3370 2546 3423 quoque
2591 3352 2959 3413 Testamento,
2999 3349 3250 3402 Dominus
3293 3346 3537 3407 sabaotli,
3571 3344 3674 3397 hoc

2100 3461 2184 3504 est
2230 3448 2571 3515 omnipotens,
2622 3445 2870 3501 Christus
2895 3443 3220 3511 appellatur.
3247 3439 3301 3493 Si
3325 3440 3467 3492 enim
3493 3438 3672 3490 onmia

2101 3539 2274 3594 Patris
2307 3539 2422 3593 Filii
2456 3548 2603 3600 sunt,
2646 3546 2719 3601 et,
2754 3547 2811 3588 ιιι
2837 3537 2951 3602 ipse
2978 3535 3211 3601 loquitur
3241 3534 3292 3584 in
3325 3531 3613 3596 Evangelio
3655 3544 3672 3581 :

2105 3629 2244 3682 Data
2277 3640 2348 3682 est
2381 3628 2507 3681 milii
2538 3628 2706 3680 omnis
2738 3634 2969 3695 potestas
3007 3624 3111 3693 19
3139 3624 3191 3675 in
3219 3623 3347 3675 ca'lo
3377 3631 3424 3675 et
3448 3623 3499 3673 in
3531 3630 3674 3672 terra

2101 3723 2319 3793 (Matth.
2362 3735 2551 3781 xxvut.
2589 3720 2712 3784 18);
2761 3727 2814 3772 et
2864 3735 2878 3771 :
2933 3716 3123 3770 Omnia
3168 3733 3279 3768 mea
3317 3724 3407 3766 tua
3448 3723 3591 3776 sunt,
3623 3721 3673 3764 et

2100 3813 2364 3884 gloriﬁcor
2398 3815 2452 3866 in
2479 3815 2551 3865 eis
2593 3811 2612 3842 ’
2642 3829 2656 3877 ;
2689 3827 2786 3865 cur
2818 3826 2927 3872 non
2955 3810 3115 3864 etiam
3145 3806 3544 3873 Omnipotentis
3576 3820 3674 3857 no-

2104 3922 2224 3960 men
2258 3905 2522 3960 releratur
2557 3901 2957 3968 ad'Christum,
3025 3910 3083 3954 ut
3114 3901 3258 3954 sicut
3295 3901 3432 3952 Deus
3474 3895 3588 3957 Dei,
3620 3906 3678 3947 et

2104 3999 2364 4054 Dominus
2392 3997 2626 4063 Domini,
2659 3998 2739 4052 sic
2773 3994 3132 4064 Omnipotens
3163 3989 3556 4061 Omnipoteutis
3586 3987 3681 4042 Fi-

2106 4089 2204 4140 lius
2233 4090 2340 4142 sit?

2176 4179 2352 4250 (Vers.
2389 4183 2497 4252 ΙΟ.)
2539 4201 2554 4234 t
2612 4181 2808 4235 Audite
2859 4182 3078 4233 verhnm
3131 4180 3364 4241 Domini,
3405 4180 3683 4247 principes

2107 4275 2467 4328 Sodomorum
2519 4290 2538 4328 :
2585 4273 2847 4342 percipite
2883 4275 3108 4326 auribus
3141 4274 3313 4341 legem
3353 4271 3442 4325 Dei
3482 4273 3683 4337 nostri,

2106 4370 2333 4436 populus
2354 4366 2689 4420 Goutorrha‘.
2725 4386 2742 4418 ι
2769 4367 2942 4420 Salvis
2967 4368 3121 4419 lactis
3161 4366 3403 4433 reliquiis
3429 4381 3521 4434 per
3553 4382 3689 4434 apo-

2111 4461 2278 4514 stolos
2328 4457 2504 4528 populi
2558 4457 2741 4521 Israel,
2795 4457 3016 4512 Scrihas
3047 4470 3097 4510 et
3136 4458 3463 4518 Pharismos,
3495 4466 3548 4508 et
3585 4475 3682 4522 p0-

2113 4552 2295 4622 pnlum
2359 4551 2777 4613 suceiautautem
2817 4565 2835 4603 :
2870 4549 3153 4620 Cruciﬁge,
3215 4550 3461 4618 cruciﬁge
3520 4550 3689 4602 talem

2111 4642 2295 4714 (Joau.
2337 4659 2446 4707 six,
2493 4642 2570 4712 6),
2604 4645 2944 4713 propheticus
2989 4658 3165 4696 sermo
3214 4643 3579 4705 convertitur;
3631 4653 3694 4696 et.

2111 4744 2266 4788 vocat
2285 4749 2376 4789 eos
2400 4735 2668 4803 principes
2690 4734 3069 4798 Sodomorum,
3099 4743 3152 4786 et
3178 4736 3430 4802 populum
3456 4733 3695 4788 Gotnor-

2109 4830 2242 4888 rhze,
2273 4828 2424 4896 juxta
2476 4827 2604 4880 illud
2647 4828 2788 4894 quod
2837 4828 2886 4878 in
2920 4827 3372 4893 consequentibus
3405 4825 3631 4895 legimus
3673 4844 3705 4883 :

2115 4920 2460 4989 Iuiquitatem
2508 4935 2658 4972 suam
2703 4920 2834 4970 sicut
2867 4917 3101 4972 Sodoma
3147 4918 3592 4971 annuntiaverttut
3635 4930 3707 4974 et

2112 5118 2448 5188 temporibus
2479 5117 2617 5172 dicta
2651 5127 2798 5177 sunt.
2840 5126 3000 5188 atque
3033 5117 3258 5169 alterum
3308 5118 3358 5168 in
3398 5119 3719 5177 cmuuculo

2113 5193 2177 5243 ad
2214 5186 2526 5256 discipulos.
2577 5190 2802 5240 alterum
2839 5189 2905 5240 ad
2936 5186 3148 5239 Judaz-os
3181 5188 3231 5239 iu
3272 5192 3467 5254 templi.
3524 5205 3537 5240 :
3589 5196 3730 5247 ενα

2113 5278 2176 5313 t-x
2207 5261 2436 5312 Mattlnei
2465 5257 2750 5325 Evangelia
2776 5259 3068 5311 secundum
3099 5257 3353 5309 Hebraeos
3381 5260 3462 5309 hie
3494 5259 3730 5312 viden-

2114 5343 2197 5383 tur
2237 5330 2463 5382 reeitati.
2494 5327 2546 5380 lu
2581 5327 2744 5381 l‘alat.
2777 5339 2954 5379 autem
2992 5330 3130 5378 vobis
3161 5327 3522 5381 desideratur.
3555 5329 3733 5389 Vide

2115 5415 2232 5468 qua:
2269 5401 2318 5450 iu
2346 5415 2464 5450 Cum
2497 5398 2657 5464 epist.
2691 5415 2836 5468 nutu.
2870 5397 2904 5448 5
2931 5399 3302 5468 observamus.

2179 5473 2198 5502 ²
2263 5468 2448 5522 islltzec
2499 5470 2564 5520 de
2617 5467 2814 5519 casulis
2843 5475 2894 5518 et
2921 5467 3089 5518 vinea:
3115 5467 3337 5519 custode
3365 5481 3428 5520 ex
3465 5467 3740 5529 Eusebii

2102 5540 2540 5598 Commentariis,
2574 5553 2603 5590 e
2633 5537 2826 5603 quibus
2853 5537 2953 5588 alia
2982 5544 3146 5588 inulta
3180 5537 3426 5604 inferius,
3465 5540 3689 5596 Μενὶο
3713 5575 3741 5587 -

2105 5613 2254 5665 ribus
2290 5619 2494 5660 tantum
2523 5607 2701 5660 verbis
2727 5614 2974 5672 excerpta
3006 5616 3150 5659 sunt.

2176 5679 2195 5710 ³
2231 5677 2470 5734 Vatican.
2497 5692 2621 5740 ms.,
2651 5685 2697 5730 et
2731 5676 3066 5745 gloriﬁcabor
3091 5677 3144 5732 in
3174 5677 3268 5732 eis.
