3962 6192
400 335 470 399 33
1183 318 1669 383 COMMENTAR.
1716 317 1797 377 IN
1836 317 2105 378 ISAIAM
2146 321 2616 386 PROPIIETAM
2659 326 2805 393 LIB.
2852 329 2902 392 Ι.
3412 344 3418 351 ‘
3584 338 3655 401 :54

399 444 759 504 ostenderunt.
815 436 905 494 Va:
950 437 1143 491 animai
1182 426 1363 489 eorum
1402 432 1574 502 :quia
1606 431 1968 502 cogitaverunt
2009 446 2049 495 Α
2084 435 2418 488 tatemnnlla
2446 436 2623 491 videat
2646 450 2919 507 creatura,
2964 449 3018 495 et
3046 447 3173 497 tunc
3198 451 3378 497 mente
3400 457 3660 504 cernatur

398 537 681 595 consilium
711 533 995 597 pessimum
1017 533 1206 582 contra
1234 524 1565 592 semetipsos,
1586 522 1815 575 dicentes
1840 536 1857 574 :
1885 520 1981 572 Al-

399 630 619 700 ligemus
629 626 863 696 justum,
881 619 1131 691 quoniam
1151 617 1355 671 inutilis
1377 624 1451 670 est
1478 613 1624 667 nobis
1653 610 1844 682 (infra,
1870 612 1977 678 tu).

401 725 544 793 Ergo
583 726 869 790 propterea
901 713 1174 783 principes
1202 718 1468 766 vocantur
1500 706 1885 769 Sodomorum,
1926 712 1983 757 et

402 816 630 886 populus
650 810 989 871 Gomorrliae,
1008 805 1133 876 quia
1158 806 1529 874 cogitaverunt
1552 799 1837 856 consilium
1858 811 1982 866 pes-

400 910 626 967 simum,
648 914 703 957 et
728 896 1333 970 alligaveruntjustmn,
1363 902 1526 961 atque
1556 891 1830 953 dixerunt,
1859 888 1982 941 Non

401 995 652 1049 habemus
686 1005 855 1058 regem
904 988 1005 1040 nisi
1039 985 1303 1040 Cursarem
1352 980 1529 1050 (Jaan.
1583 995 1696 1046 XIX,
1751 979 1863 1049 l5).
1917 978 1981 1031 Et

402 1098 621 1139 rursum
654 1097 672 1135 :
715 1079 829 1132 Nos
861 1077 1055 1131 scimus
1096 1075 1218 1145 quia
1258 1072 1430 1141 Moysi
1475 1071 1680 1125 locutus
1700 1079 1777 1124 est
1808 1069 1982 1131 Deus;

399 1177 561 1230 istum
587 1184 761 1227 autem
782 1170 895 1239 quis
928 1168 993 1221 sit
1053 1166 1313 1220 nescimus
1341 1163 1523 1234 (Joan.
1546 1179 1620 1227 Ix,
1643 1162 1758 1231 9.9).
1780 1160 1982 1214 Simul-

400 1280 506 1335 que
526 1264 821 1332 gloriantes
849 1261 901 1312 in
922 1256 1216 1327 Evangelia
1241 1270 1260 1310 :
1289 1254 1477 1309 Semen
1504 1254 1728 1306 Abrahte
1755 1266 1937 1305 sumus
1963 1266 1982 1304 :

400 1368 448 1409 et
479 1354 675 1408 nemini
707 1367 938 1421 unquam
974 1349 1277 1402 seruiuimus
1312 1345 1499 1413 (Joan.
1557 1359 1670 1408 vttt,
1705 1345 1796 1411 55)
1831 1359 1850 1396 :
1883 1358 1984 1395 auo

402 1450 554 1501 diuut
575 1462 603 1497 a
638 1444 865 1497 Domino
895 1440 1177 1495 Salvatore
1211 1435 1322 1491 :~Si
1350 1437 1533 1490 essetis
1563 1435 1661 1504 lilii
1688 1434 1980 1496 Abraham,

401 1541 577 1604 utique
604 1549 765 1603 opera
796 1530 1059 1584 Abraham
1087 1528 1367 1597 faceretis;
1397 1538 1453 1580 et
1482 1539 1696 1581 rursiim
1730 1541 1746 1579 :
1790 1523 1890 1576 Vos
1920 1538 1984 1576 ea:

398 1628 611 1682 diabolo
641 1636 789 1694 patre
827 1624 937 1676 nati
970 1622 1093 1676 estis
1125 1637 1143 1675 :
1172 1630 1218 1672 et
1246 1635 1404 1687 opera
1437 1620 1611 1685 patris
1646 1617 1800 1669 restri
1828 1615 1981 1668 vultis

399 1721 575 1788 facere
627 1717 836 1787 (Joan.,
873 1729 995 1777 vui,
1040 1712 1156 1781 44).
1189 1709 1318 1764 Tale
1360 1709 1487 1776 quid
1523 1715 1578 1761 et
1623 1704 1874 1760 Ezechiel
1915 1704 1980 1757 ad

2083 527 2300 593 quando
2328 526 2612 584 invisibilis
2639 532 2898 585 creditur.

2160 616 2338 686 (Vers.
2365 618 2480 687 ll.)
2515 638 2533 671 ι
2568 619 2688 686 Quo
2719 623 2851 677 mihi
2887 623 3285 681 multitudinem
3317 628 3657 686 victimarum

2084 717 2410 773 vestrarum,
2443 710 2577 764 dicit
2607 711 2863 769 Dominus
2886 714 2910 767 ?
2931 715 3123 781 plenus
3149 731 3291 772 smn.
3325 718 3655 775 lloloeausta

2084 799 2339 865 arietum,
2377 810 2429 854 et
2467 802 2678 869 adipem
2706 805 3011 873 pinguium,
3047 818 3101 862 et
3140 812 3462 880 sanguinem
3511 815 3661 867 vitu-

2085 893 2282 958 lorum,
2312 902 2367 947 et
2424 909 2713 962 agnorum,
2765 908 2820 951 et
2881 898 3155 952 hircorum
3195 902 3363 956 nolui.
3407 922 3424 954 ι
3455 903 3556 957 Pro
3596 920 3663 959 eo

2083 984 2226 1053 quod
2271 994 2373 1047 est,
2437 984 2604 1051 ualui,
2668 986 2809 1039 LXX
2864 991 3259 1045 transtulerunt
3316 994 3460 1056 nolo,
3520 1009 3663 1065 prte-

2066 1089 2209 1128 Asens
2244 1084 2451 1143 tempus
2476 1091 2572 1144 pro
2606 1078 2901 1145 prmterito.
2933 1079 3103 1135 Porro
3122 1082 3276 1151 juxta
3308 1085 3662 1152 Heliraicutn,

2087 1177 2360 1231 nunquam
2393 1178 2451 1231 se
2489 1162 2630 1218 Deus
2670 1167 2881 1221 hostias
2920 1167 3233 1226 Jttdatorum
3295 1174 3525 1230 voluisse
3567 1176 3663 1230 de-

2087 1264 2397 1308 monstrat:
2431 1258 2574 1323 quod
2620 1268 2674 1309 et
2712 1257 2766 1311 in
2794 1262 3207 1329 quadragesimo
3260 1280 3402 1318 nono
3456 1268 3663 1335 psalmo

2085 1344 2312 1413 legimus
2341 1368 2353 1403 :
2382 1345 2504 1401 Non
2534 1350 2789 1417 accipiunt
2815 1352 2876 1404 de
2924 1358 3076 1406 domo
3129 1363 3219 1408 tua
3254 1357 3467 1425 vitulos,
3504 1375 3664 1427 neque
3741 1389 3749 1398 ι

2076 1438 2148 1489 de
2172 1439 2413 1507 gregibus
2450 1441 2553 1493 tuis
2588 1439 2759 1494 hircos
2791 1456 2809 1495 :
2845 1444 3092 1511 quoniam
3130 1462 3254 1499 metu
3312 1458 3433 1501 sunt
3485 1466 3661 1502 omnes

2087 1530 2215 1597 ferte
2271 1528 2546 1595 silvarum,
2617 1531 2860 1598 jumenta
2916 1535 2969 1586 in
3042 1538 3309 1591 iri-intibus
3384 1551 3430 1591 et
3490 1540 3659 1592 boves.

2085 1617 2313 1689 Cognovi
2344 1621 2522 1672 omnia
2571 1620 2811 1676 volatilia
2870 1625 3032 1680 coeli:
3083 1639 3130 1680 et
3177 1630 3513 1695 pulchritudo
3547 1632 3663 1697 agri

2085 1725 2284 1761 mecum
2307 1720 2403 1763 est.
2447 1710 2508 1763 Si
2537 1713 2789 1775 esuriero,
2827 1731 2929 1767 non
2988 1717 3161 1770 dicant
3225 1720 3318 1771 tibi
3342 1735 3523 1776 :meus
3580 1734 3660 1777 est

398 1787 697 1866 Jerusalem
725 1809 1002 1878 loquitur:
1026 1805 1191 1859 Pater
1216 1813 1335 1856 tuus
1361 1800 1788 1863 Amorrhwus,et
1813 1808 1982 1852 mater
2017 1787 2057 1844 Β
2084 1802 2221 1852 enim
2256 1802 2397 1853 orbis
2429 1811 2584 1856 terra:
2612 1812 2662 1855 et
2694 1803 2963 1872 plenitudo
3015 1807 3150 1874 ejus.
3201 1808 3456 1880 Nunquid
3511 1828 3664 1867 mau-

400 1914 494 1958 tua
527 1901 737 1958 Gcthtca
773 1899 992 1968 (Eaech.
1031 1913 1142 1963 tm,
1164 1896 1280 1965 45).
1303 1895 1470 1949 Aiunt
1508 1890 1714 1947 llebra‘i
1746 1891 1816 1944 ob
1842 1891 1978 1947 duas

403 2010 601 2052 causas
667 1991 1012 2047 interiectum
1047 1988 1262 2050 lsaiam,
1297 1984 1440 2053 quod
1487 1983 1758 2053 principes
1804 1982 1979 2036 Sodo-

404 2102 617 2142 morum
648 2096 704 2139 et
733 2083 991 2153 populum
1027 2078 1346 2135 Gomorrltac
1381 2090 1476 2130 eos
1515 2074 1884 2144 appellaverit,
1926 2082 1981 2127 et

398 2175 544 2247 quod
571 2173 796 2228 Domino
816 2173 1032 2228 dicente
1058 2169 1125 2224 ad
1156 2168 1377 2239 Moysen
1402 2183 1422 2224 :
1445 2163 1567 2221 Non
1586 2166 1782 2234 poteris
1806 2166 1994 2220 uidere

398 2267 591 2338 [aciem
628 2280 793 2318 meam
829 2262 1027 2334 (Exod.
1062 2276 1256 2324 xxxiii,
1293 2259 1407 2327 20),
1447 2258 1554 2312 iste
1584 2271 1750 2311 ausus
1788 2257 1860 2310 sit
1898 2255 1981 2308 di-

399 2373 527 2414 cere
557 2373 577 2413 :
622 2355 741 2411 Vidi
774 2355 1059 2409 Dominum
1094 2353 1109 2383 ³
1140 2352 1401 2406 sedentem
1431 2365 1588 2415 super
1615 2352 1859 2402 thronum
1888 2363 1982 2401 ex-

398 2450 597 2504 celsum
621 2459 669 2503 et
702 2448 957 2501 eleuatum
1019 2444 1186 2515 (infra
1218 2459 1289 2508 vt,
1327 2444 1375 2511 l)
1396 2460 1411 2507 ;
1436 2456 1542 2496 non
1576 2441 1982 2495 considerantes

399 2542 546 2610 quod
576 2539 765 2594 [aciem
787 2551 841 2592 et
858 2539 1018 2607 pedes
1039 2538 1150 2603 Dei,
1174 2535 1288 2589 sive
1309 2549 1457 2600 suos,
1478 2533 1603 2603 quia
1635 2535 1689 2587 in
1714 2531 1937 2588 Hebraeo
1959 2532 1980 2563 '

400 2634 654 2703 ambigue
718 2630 947 2700 legitur,
999 2627 1283 2697 Seraphim
1353 2625 1607 2692 texerint,
1673 2635 1730 2680 et
1804 2624 1981 2678 media

404 2733 614 2778 tantum
653 2724 769 2790 ejus
820 2721 990 2775 lsaias
1042 2720 1153 2789 20
1190 2719 1393 2774 vidisse
1435 2733 1496 2773 se
1541 2718 1770 2774 scribat.
1809 2715 1983 2772 Homo

404 2816 426 2848 ⁸
462 2815 623 2885 igitur
654 2816 744 2869 Dei
777 2814 968 2868 [aciem
1003 2814 1187 2866 videre
1218 2826 1324 2866 non
1344 2819 1553 2881 potest.
1584 2809 1773 2879 Angeli
1799 2819 1979 2863 autem

401 2911 567 2963 etiam
599 2908 939 2961 minimorum
967 2908 1018 2959 in
1044 2903 1289 2958 Ecclesia
1346 2917 1559 2972 semper
1577 2903 1762 2956 vident
1786 2898 1982 2956 facient

407 3001 501 3054 Dei
533 3001 750 3065 (Matth.
779 3012 932 3060 xrnt,
958 2998 1067 3061 10).
1106 2994 1170 3049 Et
1198 3011 1214 3051 :
1244 2991 1401 3048 Nunc
1428 2995 1484 3048 in
1515 2996 1722 3063 speculo
1751 2994 1984 3049 videmus

402 3104 451 3147 et
486 3093 541 3144 in
572 3092 868 3159 trnigmute,
903 3099 1024 3141 tunc
1052 3099 1229 3141 autem
1258 3085 1397 3157 {acie
1418 3088 1487 3138 ad
1521 3084 1706 3155 [aciem
1748 3083 1811 3156 (l
1860 3084 1983 3141 Cor.

404 3199 531 3247 λιιι,
563 3184 654 3250 12)
686 3199 700 3233 :
733 3182 951 3250 quando
975 3181 1043 3234 de
1070 3178 1377 3234 hominibus
1406 3178 1458 3232 in
1515 3176 1735 3247 angelos
1758 3182 1781 3207 ⁵
1806 3175 1988 3246 prole-

402 3278 661 3338 cerimus,
696 3287 749 3327 et
780 3273 1116 3342 potuerimus
1153 3284 1274 3323 cum
1313 3268 1575 3337 Apostolo
1610 3268 1790 3323 dicere
1821 3284 1840 3323 :
1874 3268 1987 3325 Nos

404 3378 775 3423 autemontnes
796 3365 1020 3419 revelata
1054 3363 1191 3431 [acie
1222 3362 1448 3431 gloriam
1478 3359 1702 3414 Domini
1722 3361 1996 3428 speculan-

402 3479 507 3529 ges,
527 3460 579 3512 in
598 3462 828 3512 eamdem
863 3456 1147 3525 imaginem
1182 3451 1634 3522 transformamur
1660 3468 1694 3506 a
1731 3454 1907 3524 gloria
1942 3455 1994 3507 in

402 3554 664 3624 gloriam,
680 3552 832 3620 quasi
873 3549 975 3622 |al.
1000 3544 1277 3618 tanquam]
1297 3563 1327 3598 a
1346 3543 1562 3598 Domini
1590 3545 1777 3609 spiritu
1801 3544 1998 3614 (llCor.

403 3659 489 3711 tu,
522 3645 632 3714 l8).
661 3642 813 3697 Licet
840 3641 1033 3695 faciem
1066 3638 1159 3693 Dei
1179 3638 1330 3708 juxta
1362 3645 1568 3692 natura:
1596 3649 1706 3691 suae
1737 3638 1986 3705 proprie-

482 3849 500 3879 ³
541 3846 712 3910 Idem,
752 3843 871 3898 Vidi
911 3842 1193 3897 Dominum
1238 3841 1492 3910 Sabaoth,
1535 3842 1819 3908 sedentem,
1854 3854 1963 3899 etc.

481 3919 502 3950 ³
544 3917 686 3981 Quia
731 3917 809 3981 in.
833 3914 1071 3980 liebrazo,
1111 3924 1217 3968 etc.
1247 3916 1300 3966 in
1334 3912 1558 3967 Hebraeo
1620 3914 1844 3980 legimus
1871 3922 1983 3974 ναξ)

404 3970 647 4056 ρΙιαηῖιι,
679 3998 731 4039 ct
751 3970 1128 4056 1")3‘1_regltiu,
1156 3989 1296 4051 quod
1335 3993 1507 4056 potest
1540 3970 1891 4056 interpretari
1916 3970 1972 4037 EI

407 4053 524 4128 ejus
559 4068 615 4109 et
649 4073 825 4121 suam,
880 4054 941 4128 id
964 4067 1065 4117 est,
1093 4124 1101 4128 _
1129 4069 1437 4128 possumus
1472 4053 1778 4128 intelligere
1839 4056 1983 4128 quod

410 4123 700 4196 Sci-apium
737 4128 838 4180 alis
863 4126 977 4179 suis
1025 4123 1548 4196 velaverinti'aciem
1577 4135 1631 4176 et
1672 4123 1834 4196 pedes
1868 4124 1983 4188 Dei,

410 4200 497 4253 vel
527 4193 719 4251 [aciem
755 4214 818 4252 ac
845 4199 1006 4264 pedes
1037 4209 1186 4247 suos.
1215 4193 1273 4247 lu
1297 4195 1455 4247 allixo
1482 4193 1667 4260 igitur,
1717 4195 1831 4248 sive
1853 4209 1979 4263 pro-

411 4270 633 4322 nomine
671 4266 895 4320 llebrmo
921 4275 1005 4318 est
1036 4265 1381 4333 ambiguitas,
1409 4264 1476 4333 de
1510 4278 1614 4331 qua
1639 4264 1725 4316 ltic
1756 4274 1811 4317 et
1843 4264 1983 4317 inira

410 4354 535 4407 cap.
564 4346 720 4391 sexto
754 4338 992 4405 loquitur
1026 4331 1406 4407 Hieronymus.
1429 4332 1559 4407 _\’ide
1594 4335 1755 4407 epist.
1784 4333 1851 4387 ad
1885 4334 1987 4387 Da-

414 4402 652 4471 masum,
678 4408 747 4460 de
813 4402 999 4460 eadem
1062 4402 1279 4456 Visione
1339 4404 1511 4457 lsaiae.
1602 4402 1877 4457 Maurus.
1917 4432 1989 4443 —

374 4439 724 4513 illi-«numne.
746 4479 889 4513 nnis“
919 4473 1032 4513 pina
1059 4483 1107 4513 nl
1139 4488 1288 4513 sariam
1325 4477 1449 4513 inter
1466 4475 1666 4513 ιιι-Μηνὶ
1686 4482 1863 4513 nminat
1881 4474 1989 4513 om-

2084 1889 2290 1944 ducabo
2331 1908 2517 1945 carnes
2551 1902 2846 1957 taurorum,
2880 1910 2971 1948 aut
3013 1900 3323 1966 sanguinem
3387 1901 3657 1955 hircorum

2083 1982 2275 2049 potabo
2309 1982 2481 2054 (Psol.
2516 2000 2658 2050 thx,
2686 1986 2752 2039 l3
2785 2003 2924 2056 seqq.
2954 1990 2971 2054 )
2997 1989 3020 2040 ‘l
3054 1990 3299 2058 Cumque
3330 1993 3528 2047 veteris
3557 1993 3659 2048 Le-

2087 2075 2170 2141 gis
2195 2076 2548 2129 cieretnonias
2578 2076 2898 2143 respuisset,
2935 2078 3130 2133 transit
3182 2079 3248 2134 ad
3287 2083 3658 2149 evangelicatn

2086 2167 2372 2235 puritatem
2401 2182 2415 2220 :
2438 2177 2491 2219 et
2518 2168 2646 2236 quid
2677 2170 2877 2235 probis
2899 2170 3104 2238 cupiat.
3128 2176 3364 2228 ostendit
3387 2192 3401 2233 :
3427 2174 3659 2231 [minoia

2092 2258 2197 2310 Deo
2226 2257 2548 2326 sacri/icium
2605 2258 2808 2323 laudis,
2836 2270 2885 2315 et
2914 2263 3071 2316 redde
3098 2264 3369 2320 Altissimo
3399 2279 3516 2322 vota
3544 2280 3659 2323 tua.

2086 2343 2159 2399 Et
2188 2348 2369 2401 invoca
2415 2364 2496 2401 me
2552 2351 2607 2402 in
2638 2352 2721 2403 die
2766 2351 3128 2409 tribulationis
3153 2369 3175 2410 :
3216 2368 3262 2409 et
3293 2373 3473 2412 eruam
3507 2371 3575 2423 te.
3612 2373 3661 2416 et

2087 2436 2460 2505 honoriﬁcabis
2491 2455 2590 2493 me.
2623 2438 2813 2496 Omnis
2844 2456 2975 2511 ergo
3001 2445 3222 2513 capituli
3281 2450 3441 2518 hujus
3490 2455 3665 2506 cauti-

2090 2537 2294 2603 nentia,
2322 2551 2498 2605 usque
2530 2536 2597 2589 ad
2621 2552 2743 2591 eum
2790 2537 2970 2593 locum
2994 2541 3083 2594 ubi
3120 2542 3198 2594 ait
3230 2543 3521 2600 :Judicate
3565 2560 3664 2615 pu-

2086 2627 2239 2693 pilla,
2319 2628 2581 2698 defendite
2643 2627 2878 2697 viduam,
2944 2641 2991 2684 et
3074 2634 3265 2697 uenite,
3316 2644 3365 2687 et
3427 2636 3661 2706 dispute-

2089 2735 2206 2771 mus
2234 2733 2255 2772 :
2283 2719 2304 2751 ⁸
2332 2722 2539 2788 respuit
2572 2719 2837 2774 sacrillcia
2875 2722 3241 2789 victimarum,
3275 2738 3329 2780 et
3386 2728 3659 2796 Evangelii

2089 2811 2452 2885 obedientiam
2479 2812 2637 2866 docet
2669 2827 2792 2867 esse
2834 2826 2997 2880 super
3025 2817 3375 2871 sacriﬁcium.
3399 2822 3663 2891 Quodque

2092 2902 2331 2958 intulit:
2404 2902 2601 2957 Plenus
2653 2920 2791 2969 sum,
2851 2906 2953 2961 ltoc
3026 2921 3189 2962 sensu
3239 2922 3323 2963 εει
3387 2913 3663 2982 accipien-

2091 2995 2241 3063 dum,
2298 2995 2402 3064 21
2439 2995 2592 3051 Nulla
2650 3011 2709 3051 re
2756 2996 3247 3064 indigc0:Domini
3295 3010 3368 3054 est
3426 3010 3565 3057 terra
3616 3014 3665 3058 et

2092 3090 2359 3159 plenitudo
2384 3088 2497 3158 ejus
2526 3087 2701 3159 (Psal.
2727 3106 2886 3152 um,
2920 3091 2994 3157 l).
3022 3092 3173 3146 Unde
3226 3103 3282 3147 et
3332 3110 3427 3148 nos
3474 3110 3668 3151 omnes

2095 3181 2160 3233 de
2219 3179 2557 3249 plenitudine
2590 3181 2711 3249 ejus
2762 3185 3096 3251 accepimus.
3146 3183 3326 3239 Potest
3361 3184 3463 3238 hoc
3493 3197 3548 3239 et
3601 3188 3669 3241 de

2101 3272 2183 3325 Itis
2241 3272 2434 3340 accipi,
2500 3272 2591 3341 qui
2639 3288 2762 3325 cum
2799 3275 2890 3327 Dei
2922 3286 3185 3344 pnecepta
3224 3291 3327 3331 non
3389 3279 3586 3333 faciant
3625 3277 3667 3341 ⁸.

2102 3363 2352 3418 donariis
2385 3364 2404 3393 ⁷
2427 3373 2590 3433 atque
2622 3365 2938 3422 muneribus
2991 3366 3157 3421 Deum
3197 3369 3458 3425 redimere
3510 3384 3671 3438 posse

2097 3467 2158 3507 se
2185 3454 2415 3507 credunt
2448 3471 2463 3507 :
2495 3455 2578 3508 vel
2638 3456 2731 3524 qui
2783 3466 2933 3524 rapta
2959 3473 3056 3526 per
3113 3461 3357 3529 rapinam
3403 3473 3458 3518 ct
3488 3463 3671 3517 avari-

2099 3545 2230 3599 tiam
2290 3544 2450 3598 altari
2479 3545 2716 3599 ollerunt
2753 3557 2806 3599 et
2837 3550 3184 3616 pauperibus.

2171 3634 2351 3708 (Vero.
2398 3637 2513 3708 l2.)
2544 3656 2563 3690 ι
2594 3637 2728 3705 Quis
2744 3639 2888 3694 enim
2918 3644 3169 3711 quaesivit
3194 3646 3306 3699 haec
3331 3646 3399 3700 de
3423 3647 3674 3703 manilius

2075 3841 2302 3918 angelis,
2327 3843 2410 3896 vel
2430 3914 2439 3918 _
2462 3843 2797 3912 hominibus,
2826 3860 2947 3900 cmn
2999 3847 3233 3916 aequales
3292 3848 3500 3918 angelis
3531 3850 3667 3905 laeti

2092 3916 2369 3976 luerimus,
2398 3914 2513 3968 sive
2545 3930 2691 3969 nunc
2719 3931 2861 3983 esse,
2897 3917 3011 3971 sive
3042 3914 3281 3970 tutorum
3339 3914 3457 3971 esse
3486 3925 3671 3974 crede-

2096 3993 2199 4057 ret,
2232 3985 2650 4057 _c\’idctttiss_ittte
2677 3988 2804 4057 quid
2860 3988 3114 4051 sentiret,
3163 3992 3432 4055 expressit
3458 3989 3666 4057 dicens,

2091 4052 2245 4125 Quod
2304 4052 2496 4125 faciem
2526 4055 2614 4106 Dei
2671 4052 2827 4124 juxta
2883 4067 3091 4110 natura:
3124 4052 3247 4111 sua!
3276 4052 3666 4125 proprietatem

2092 4124 2237 4175 nulla
2302 4124 2479 4176 videat
2538 4135 2809 4189 creatura,
2872 4134 3089 4182 ettune
3154 4124 3337 4181 mente
3377 4142 3665 4192 cernatur,

2092 4192 2649 4265 quandoinvisibilis
2683 4197 2954 4265 creditur.
2998 4196 3153 4251 Unde
3212 4195 3542 4251 sollicienter
3592 4201 3670 4253 si-

2094 4263 2366 4336 gniﬁcavit
2393 4263 2614 4332 quando
2634 4263 2782 4318 visus
2813 4275 2893 4319 est
2934 4267 3002 4320 ab
3028 4267 3337 4321 hominibus
3362 4284 3454 4336 per
3480 4270 3669 4325 oculos

2096 4333 2361 4399 corporis,
2428 4344 2683 4400 tauquam
2757 4338 2873 4404 ipse
2908 4350 3223 4405 corporeus.
3278 4333 3382 4391 non
3423 4353 3547 4392 eum
3580 4355 3668 4393 se-

2095 4405 2326 4455 cundum
2356 4414 2557 4456 natura:
2583 4418 2696 4457 sum
2741 4405 3121 4474 proprietatem
3157 4407 3324 4461 fuisse
3380 4408 3578 4471 visunt,
3613 4424 3666 4462 ιιι

420 4469 724 4546 Utrumque
746 4479 889 4531 cuitu
919 4473 1032 4541 ejus
1059 4483 1114 4527 et
1139 4474 1994 4546 suam,inteipretaripotestalll-
2024 4469 2070 4528 D
2101 4486 2209 4540 qua
2247 4482 2373 4546 tunc
2404 4469 3114 4546 mentecernitnr,quando
3161 4476 3450 4532 invisibilis
3490 4469 3669 4532 erodi-

415 4526 961 4606 {iiiiai‘vsziius'
999 4526 1106 4602 vis
1144 4555 1198 4596 et
1255 4526 1422 4603 πῖθι-ι.
1465 4526 1591 4598 ita;
1650 4526 1891 4599 etiam;
1917 4526 1986 4597 Et

414 4620 645 4671 mediani
677 4626 887 4670 tantunt
914 4613 1027 4682 ejus
1053 4622 1251 4682 partem
1284 4612 1461 4667 Isaias
1499 4613 1706 4676 vidisse,
1737 4626 1844 4667 etc.

488 4687 511 4716 ³
535 4688 592 4741 S.
619 4686 1037 4757 Augustinusiu
1077 4684 1507 4757 Commonitorio
1541 4687 1608 4757 ad
1647 4683 1991 4736 Fortunatia-

415 4775 573 4824 uutn,
603 4751 889 4825 sett'epist.
918 4754 1046 4830 Mil,
1074 4754 1219 4807 hunc
1245 4751 1561 4830 Hieronymi
1592 4754 1791 4830 locum,
1827 4768 1987 4830 quem

417 4822 687 4897 integrum
710 4822 901 4881 recitat
917 4829 980 4877 ad
1004 4827 1164 4897 linem
1191 4838 1360 4891 usque
1379 4822 1657 4883 sectiouis,
1677 4824 1748 4876 ita
1767 4823 1991 4897 exponit

414 4914 481 4951 ac
511 4893 913 4952 commentatur
940 4911 954 4948 :
980 4913 999 4946 ι
1028 4894 1083 4946 In
1113 4895 1195 4947 bis
1224 4896 1399 4948 verbis
1431 4897 1663 4945 hominis
1695 4898 1781 4945 Uci
1825 4893 1989 4946 multa

414 4969 814 5022 consideranda
849 4975 995 5019 sunt.
1020 4961 1258 5016 Primum
1296 4968 1420 5033 quia
1450 4965 1741 5018 secundum
1762 4966 1995 5031 apertis-

415 5042 615 5092 simum
644 5039 854 5091 Domini
902 5034 1226 5089 sententiam
1261 5037 1423 5087 etiam
1471 5036 1584 5102 ipse
1637 5033 1824 5097 sentit,
1859 5041 1991 5087 tunc

417 5125 518 5161 nos
534 5110 748 5161 visuros
766 5108 960 5161 faciem
985 5105 1096 5167 Det,
1115 5106 1279 5156 etiam
1297 5120 1419 5157 cum
1441 5106 1490 5155 in
1509 5102 1728 5173 angelos
1743 5105 1989 5172 proiece-

417 5183 615 5240 rimus,
642 5180 693 5231 id
723 5188 823 5241 est,
860 5185 1097 5241 mquales
1119 5175 1322 5241 angelis
1354 5174 1486 5227 lacti
1514 5174 1795 5242 fuerimus,
1843 5174 1988 5242 quod

415 5260 526 5301 erit
545 5251 731 5317 utique
761 5248 813 5300 in
835 5240 1231 5317 resurrectione
1255 5256 1613 5296 mortuorum.
1637 5240 1841 5317 Deinde
1860 5240 1990 5317 apo-

415 5321 615 5372 stolico
629 5314 938 5373 testimonio
956 5314 1090 5369 satis
1111 5316 1338 5382 aperuit,
1357 5330 1461 5368 non
1477 5316 1783 5376 exterioris,
1799 5324 1889 5367 sed
1910 5315 1992 5365 in-

417 5390 638 5443 terioris
658 5384 1670 5450 liominisl'aciemintelligendam,cum
1690 5385 1991 5437 videbimus

414 5460 562 5514 lacie
594 5462 662 5513 ad
703 5459 894 5512 lactem
921 5472 934 5510 :
962 5458 1027 5510 de
1048 5456 1187 5507 facie
1216 5467 1412 5521 quippe
1440 5453 1621 5506 cordis
1671 5452 1992 5521 loquebatur

415 5534 737 5597 Apostolus,
765 5544 887 5582 cum
920 5527 1144 5603 diceret,
1168 5531 1311 5593 quod
1348 5534 1470 5603 mut:
1503 5526 1984 5603 CUttt-llleltlorab’il:

413 5592 530 5653 Nos
554 5592 734 5653 autem
767 5599 1004 5651 revelata
1028 5592 1195 5659 facie,
1223 5614 1241 5645 ›
1267 5605 1372 5648 etc.
1415 5592 1480 5647 Et
1522 5594 1846 5663 quibusdam
1908 5592 1992 5646 iu-

417 5671 704 5737 terposuis
733 5685 747 5721 :
782 5670 1092 5721 tl’ostremo
1126 5682 1190 5717 ne
1237 5680 1520 5737 quisquam
1560 5666 1878 5737 istaJninus
1910 5668 1992 5737 in;

416 5733 602 5804 tuens,
640 5739 927 5808 minusque
976 5733 1310 5799 discernens,
1349 5736 1608 5787 visibilem
1664 5733 1855 5797 Deum,
1908 5733 1991 5787 vel

2097 4551 2204 4595 tur.
2255 4560 2274 4592 ι
2308 4542 2525 4618 Confer,
2556 4542 2601 4597 si
2629 4546 2779 4618 libet,
2816 4542 3085 4618 reliquum
3115 4548 3235 4614 ejus
3266 4546 3516 4618 Epistulae
3539 4564 3671 4603 cott-

2097 4622 2323 4681 textum,
2353 4614 2404 4663 in
2437 4627 2666 4681 euntque
2695 4614 2979 4668 doctorum
3014 4616 3253 4671 virorum
3297 4614 3475 4673 notas.

2167 4682 2188 4756 ξ
2216 4679 2306 4756 In
2341 4679 2593 4749 angelos,
2632 4696 2740 4756 etc.
2766 4683 2893 4739 llmc
2927 4689 3176 4739 videntur
3203 4703 3394 4756 sapere
3424 4703 3667 4742 errorem

2091 4749 2344 4826 Qrigcnis
2374 4769 2534 4826 quem
2559 4768 2670 4821 ipse
2700 4752 3059 4823 Hieronymus
3090 4749 3373 4826 castigavit
3402 4760 3563 4824 epist.
3597 4761 3664 4810 ad

2090 4824 2307 4875 Avitum
2338 4840 2353 4876 :
2381 4839 2401 4873 ι
2433 4822 2696 4892 Cumque,
2723 4822 2920 4894 inquit,
2947 4827 2999 4879 in
3027 4822 3665 4894 tamum'prolccerimus,

2056 4954 2063 4959 θ
2093 4903 2151 4945 ιιι
2175 4908 2525 4966 nequaquam
2551 4910 2747 4950 carnes
2772 4905 2826 4949 ct
2850 4911 3101 4966 corpora,
3136 4900 3359 4966 forsitan
3382 4912 3448 4948 ne
3467 4912 3668 4951 autaut:

2096 4963 2312 5035 quidem
2348 4965 2630 5035 luerimus,
2661 4967 2753 5018 sed
2791 4963 3028 5020 mens'et
3056 4980 3248 5019 sensus
3270 4964 3336 5018 ad
3365 4970 3667 5035 perlectum

2094 5033 2333 5104 veniens.
2378 5033 2630 5102 nulloque
2662 5040 3126 5104 perturbationum
3167 5033 3662 5104 nubtto‘caligans,

2093 5100 2422 5174 intuebimur
2458 5100 2749 5159 rationales
2794 5105 3263 5174 intelligitnlesque
3313 5100 3669 5172 substantias,

2092 5172 2234 5244 lacte
2251 5184 2314 5226 ad
2337 5174 2552 5228 faciem.
2580 5192 2598 5223 ι
2622 5175 2805 5244 Itaque
2835 5172 3071 5229 liocloco
3095 5172 3669 5241 prolectusltomiuuin

2093 5242 2147 5295 in
2188 5244 2427 5311 .augelos
2453 5242 2830 5313 intedigeuuus
2855 5262 2936 5297 tsi
2966 5251 3029 5297 de
3053 5245 3426 5309 similitudine,
3457 5248 3673 5313 quando

2094 5318 2384 5385 iucmlestt
2445 5315 2775 5369 beatitudine
2836 5330 3039 5385 erimus
3092 5316 3232 5369 sirut
3317 5320 3491 5385 angeli
3556 5316 3671 5378 Dei,

2095 5383 2338 5436 videntes
2373 5400 2494 5437 eum
2528 5387 2684 5438 sicuti
2716 5397 2819 5438 est.
2848 5411 2918 5422 ——
2947 5383 3219 5440 Maenas.

2167 5452 2188 5482 ⁵
2215 5453 2435 5522 Addunt
2470 5452 2641 5507 Vatic.
2673 5464 2726 5507 et
2756 5455 2929 5509 Palat.
2958 5474 3086 5509 mss.
3112 5497 3128 5522 ,
3180 5458 3313 5510 dicit
3378 5456 3664 5509 Dominus.

2165 5522 2188 5553 ⁶
2220 5521 2344 5576 Non
2368 5523 2592 5592 faciant.
2616 5523 2688 5577 lt-
2724 5524 2909 5594 legmit
2936 5542 3068 5580 mss.
3116 5534 3363 5592 codices;
3403 5530 3534 5580 edat
3574 5540 3672 5579 au-

2096 5597 2406 5664 tem,_donts
2462 5595 2622 5649 variis
2652 5606 2808 5664 atque
2839 5597 3163 5651 muneribus.
3215 5598 3493 5655 Μιιιιτιιιιι.

2133 5663 2188 5787 ,ῤ’
2210 5660 2379 5720 Vatic.
2408 5681 2532 5721 cum
2561 5668 2689 5720 olim
2718 5660 2898 5733 editis,
2929 5670 3081 5721 donis
3122 5670 3281 5721 variis
3304 5682 3456 5737 atque
3489 5679 3676 5721 mutto-

2133 5749 2139 5784 Ι
2181 5750 2260 5787 118.

2097 5748 2260 5787 Tim“.
