3962 6192
233 280 302 344 35
1399 274 1460 335 S.
1496 268 1809 333 EUSEBII
1855 268 2301 331 Hl'ERONYMl
3406 267 3474 333 36

227 391 423 447 vestris
466 391 490 445 i
519 408 538 444 ι
598 389 830 448 Audiant
886 389 1150 455 Ebionazi,
1180 387 1273 458 qui
1335 396 1457 458 post
1490 385 1799 454 passionem
1828 383 1876 440 Α
1906 383 2004 437 lias
2032 383 2246 437 Filium.
2269 381 2540 438 Utendum
2563 383 2665 438 hoc
2702 384 3010 438 testimonio
3037 392 3092 440 et
3121 394 3316 440 contra
3360 400 3476 447 cos,

226 481 428 536 Christi
489 483 745 537 abolitam
789 481 988 551 Legem
1039 489 1230 550 putant
1287 493 1408 534 esse
1453 473 1796 532 servandam.

226 577 464 630 Audiant
500 573 877 628 Ebionitarum
930 573 1089 632 socii.
1121 571 1210 639 qui
1249 568 1451 626 Judzcis
1483 577 1695 622 tantum
1747 574 1802 619 et

229 666 298 722 de
323 667 492 734 stirpe
522 663 803 719 lsraelitici
831 663 1048 734 generis
1076 663 1191 716 hare
1229 659 1582 716 custodienda
1611 657 1803 712 decer-

232 768 389 811 nunt.
425 756 622 811 Hostia:
674 771 803 826 ergo
839 764 894 809 et
951 754 1249 809 immolatio
1299 754 1639 806 victimarum
1698 762 1802 801 non

234 852 604 921 principaliter
629 867 654 904 a
685 850 790 903 Deo
813 851 1036 917 quasita
1071 856 1240 915 sunt;
1270 846 1366 900 sed
1393 859 1461 899 ne
1489 844 1649 898 idolis
1673 841 1690 872 ³
1711 840 1805 895 fte-

234 955 356 999 rent
379 954 461 999 :et
499 952 552 997 ut
588 944 654 998 de
679 943 990 996 carnalibus
1026 941 1264 996 victimis
1311 939 1465 1008 quasi
1499 952 1593 1006 per
1623 929 1803 1006 typum

235 1044 290 1087 et
333 1034 624 1102 imaginem
676 1033 742 1087 ad
791 1031 1102 1103 spirituales
1149 1031 1357 1086 hostias
1423 1030 1804 1084 transiremus.

238 1123 475 1179 Dicendo
528 1134 708 1180 autem
754 1139 814 1179 se
868 1123 1075 1178 hostias
1119 1138 1222 1176 non
1256 1123 1536 1191 quaesisse,
1569 1119 1809 1174 ostendit

237 1217 363 1284 quia
429 1213 535 1268 Lex
589 1215 892 1284 spiritualis
946 1223 1074 1268 est:
1128 1222 1182 1268 et
1234 1213 1418 1268 omnia
1469 1227 1588 1280 quae
1631 1210 1806 1266 Judaei

238 1307 528 1362 carnaliter
561 1307 780 1368 faciunt,
820 1322 846 1357 a
881 1307 1037 1360 nobis
1076 1305 1284 1375 impleri
1316 1304 1696 1373 spiritualiter.

310 1398 488 1469 (Vers.
514 1400 622 1466 l5.)
653 1418 669 1449 ι
693 1399 916 1453 Calcare
936 1399 1133 1450 atrium
1151 1412 1326 1450 meum
1348 1411 1451 1450 non
1470 1396 1769 1465 apponetis.
1785 1413 1804 1446 ι

239 1488 476 1545 Observa
513 1492 680 1560 quod,
711 1501 830 1557 post
857 1489 1203 1560 Babyloniam
1238 1490 1566 1551 vastitatem,
1596 1500 1808 1539 rursum

241 1602 271 1638 a
303 1584 602 1639 Zorobahel
668 1584 924 1652 templum
953 1582 1280 1635 :PdiliCttltlttt
1317 1579 1407 1642 sit,
1461 1587 1514 1630 et
1547 1591 1641 1646 per
1676 1578 1814 1631 mul-

243 1691 348 1734 tam
381 1693 648 1731 annorum
681 1677 875 1728 seriem
923 1675 974 1726 in
1007 1672 1204 1742 templo
1232 1672 1341 1725 sint
1375 1671 1556 1724 oblata
1601 1671 1812 1724 sacrifi-

1909 477 2000 546 qui
2033 492 2153 530 cum
2189 476 2522 546 quoddianis
2543 477 2798 546 aperibus
2825 477 3086 548 sanguine
3144 491 3339 531 manus
3366 475 3476 545 ple-

1909 584 2010 626 nas
2038 572 2292 636 habeant,
2325 572 2377 626 in
2398 571 2646 625 oratione
2671 572 2787 626 dies
2815 579 3106 637 noctesque
3121 571 3477 639 coniungunt.

1984 663 2178 733 (Vers.
2211 664 2336 732 l6.)
2382 665 2714 731 «Lavamini,
2755 665 2938 717 mundi
2969 674 3163 718 estote.
3203 681 3222 714 ι
3260 663 3363 716 Pro
3393 677 3480 715 su-

1911 757 2215 828 perioribus
2263 757 2522 822 victimis,
2574 766 2628 810 et
2662 756 3010 819 holocaustis,
3063 765 3117 808 et
3153 754 3312 822 adipe
3362 755 3483 822 pin-

1911 851 2118 920 guium,
2151 860 2206 901 et
2227 849 2487 916 sanguine
2528 859 2807 901 taurorum
2840 858 2895 901 et
2927 848 3228 909 hircorum,
3297 857 3348 898 et
3387 861 3482 914 pio

1917 944 2266 1013 thymiamate
2299 951 2354 995 et
2405 941 2732 1003 neomeuiis,
2766 940 3011 1003 sabbato,
3039 939 3126 993 die
3149 938 3289 992 festo
3316 946 3479 1004 atque

1908 1030 2148 1100 jejuniis,
2204 1030 2448 1085 kalendis
2491 1040 2545 1085 et
2580 1030 2700 1083 aliis
2752 1029 3208 1092 solemnitatibus,
3239 1028 3480 1099 Evange-

1916 1124 1974 1177 lii
2011 1122 2143 1177 mihi
2172 1122 2351 1191 placet
2389 1121 2615 1191 religio:
2647 1130 2703 1172 ιιι
2733 1120 3084 1189 baptizentini
3128 1120 3180 1173 itt
3223 1121 3484 1189 sanguine

1916 1230 2039 1269 meo
2057 1215 2433 1283 perlavacrum
2463 1213 2911 1283 regenerationis,
2939 1211 3084 1284 qoud
3109 1211 3279 1264 solum
3309 1218 3484 1276 potest

1917 1319 2136 1378 peccata
2167 1308 2462 1363 dimittere.
2499 1304 2614 1360 Nisi
2643 1307 2786 1360 enim
2823 1306 2947 1374 quis
2985 1313 3207 1358 renatus
3237 1302 3398 1356 fuerit
3420 1317 3482 1356 ex

1918 1416 2054 1469 aqua
2079 1411 2133 1453 et
2169 1401 2387 1469 spiritu,
2441 1415 2545 1454 non
2591 1397 2814 1453 intrabit
2843 1399 2895 1451 in
2951 1411 3177 1466 regnum
3222 1395 3482 1450 calorum

1921 1493 1939 1562 (
1967 1493 2123 1548 Joan.
2151 1509 2230 1556 ut,
2260 1492 2349 1562 5).
2388 1493 2501 1560 Ipse
2525 1505 2741 1560 quoque
2772 1489 3027 1543 Dominus
3079 1487 3381 1540 ascendens
3421 1485 3484 1535 ad

1919 1583 2134 1637 Patrem
2176 1601 2190 1636 :
2225 1583 2442 1647 Euntes,
2476 1581 2672 1650 inquit,
2704 1587 2880 1634 docete
2907 1594 3082 1632 omnes
3113 1587 3313 1649 gentes,
3355 1578 3478 1643 bap-

1924 1679 2143 1730 tizantes
2172 1691 2260 1728 eas
2290 1677 2344 1727 in
2385 1676 2595 1728 nomine
2628 1672 2829 1738 Patris,
2859 1681 2906 1726 et
2943 1669 3097 1736 Filii,
3151 1678 3201 1723 et
3258 1666 3489 1738 Spiritus

241 1769 325 1820 eia
367 1768 405 1837 (l
440 1767 636 1830 Edras,
671 1782 697 1816 v
722 1765 765 1834 ).
802 1765 942 1832 Ergo
973 1735 1218 1818 ultimam
1257 1764 1358 1816 sub
1393 1760 1723 1832 Vespasiano
1759 1770 1814 1815 et
1848 1735 1891 1792 Β
1921 1770 2092 1823 sancti
2115 1767 2327 1834 (ΜηιιΙι,
2355 1781 2540 1831 xxviii,
2581 1767 2646 1820 19
2677 1767 2718 1835 ).

241 1861 368 1916 'l'ito
397 1861 785 1914 destrutionem
855 1857 1038 1926 templi
1091 1857 1317 1920 indicat,
1364 1870 1482 1925 quae
1532 1871 1701 1925 usque
1745 1855 1810 1908 ad

243 1953 764 2007 consummationem
815 1951 1001 2006 mundi
1034 1960 1445 2019 perseveratura
1471 1960 1575 2004 est.

316 2041 494 2106 (Vers.
528 2043 658 2112 14.)
690 2063 707 2092 ι
740 2039 1064 2096 Neomenias
1098 2051 1326 2106 vestras,
1375 2049 1430 2095 et
1474 2042 1718 2107 sabbata,
1760 2051 1816 2096 et

246 2134 570 2190 festivitates
595 2133 725 2186 alias
754 2147 859 2186 non
898 2132 1064 2185 feram
1097 2149 1109 2184 :
1139 2132 1304 2202 iniqui
1343 2140 1471 2186 sunt
1504 2143 1679 2188 coetus
1718 2149 1814 2188 ve-

246 2228 369 2283 stri.
407 2244 427 2277 ι
462 2224 652 2279 Omnis
678 2232 979 2277 conventus
1024 2223 1113 2291 qui
1149 2237 1252 2277 non
1280 2222 1438 2276 oll‘ert
1473 2225 1680 2279 hostias
1700 2225 1815 2294 spi-

248 2317 456 2383 ritales,
498 2331 596 2369 nec
652 2315 801 2368 audit
845 2312 998 2374 illud.
1057 2313 1198 2381 quod
1256 2314 1309 2366 in
1371 2313 1819 2383 quinquagesimo

191 2477 194 2480 ,
249 2411 455 2480 psalmo
509 2410 776 2478 canitur:
811 2404 1146 2475 Sacriﬁcium
1206 2404 1314 2460 Deo
1372 2407 1584 2475 spiritus
1623 2407 1822 2459 contri-

251 2503 460 2556 bulatus
480 2518 498 2555 :
527 2517 617 2554 cor
633 2500 912 2553 contritum
935 2510 979 2553 et
1003 2497 1338 2551 humiliatum
1355 2501 1494 2553 Deus
1512 2515 1614 2553 non
1639 2498 1660 2528 ⁸
1674 2515 1820 2566 sper-

253 2597 347 2659 nit,
368 2593 743 2650 abominabilis
766 2602 847 2646 est
878 2591 1001 2646 Deo.
1031 2591 1098 2644 Et
1133 2591 1336 2648 idcirco
1366 2591 1548 2660 jungit
1583 2593 1818 2647 etdicit:

256 2686 518 2742 Kalendas
574 2696 768 2738 vestras
807 2695 853 2737 et
914 2683 1270 2736 solemnitates
1334 2693 1548 2756 vestras,
1614 2696 1821 2740 utnon

253 2793 381 2832 suas
409 2775 642 2846 appellet
673 2773 1008 2836 festivitates,
1038 2772 1131 2826 sed
1185 2786 1375 2828 eorum
1403 2776 1497 2844 qui
1532 2775 1673 2830 male
1735 2777 1820 2829 his

256 2877 567 2921 abutuntur.
588 2866 850 2932 Quodque
871 2862 1009 2917 LXX
1029 2865 1369 2934 interpretati
1385 2874 1534 2932 sunt,
1551 2867 1824 2936 jejunium

257 2969 303 3011 et
334 2960 519 3021 otium,
578 2970 863 3024 possumus
892 2958 1072 3010 dicere
1126 2957 1257 3012 illud
1283 2955 1550 3025 jejunium
1610 2958 1759 3029 rejici
1793 2974 1825 3013 τι

1999 1880 2017 1912 ι
2053 1862 2276 1916 Auferte
2298 1861 2496 1915 malum
2525 1860 2910 1929 cogitationum
2934 1867 3238 1912 veStrarum
3273 1854 3342 1909 ab
3363 1869 3492 1909 ocu-

1921 1954 1990 2008 lis
2016 1955 2168 2008 meis.
2235 1973 2253 2006 ι
2317 1952 2472 2018 Quod
2526 1950 2762 2005 Joannes
2790 1950 3028 2020 Baptista
3098 1943 3493 2002 dicebatztie-

1924 2047 2125 2100 nimina
2155 2046 2474 2112 viperarum,
2496 2044 2614 2114 quis
2647 2043 2870 2098 ostendit
2917 2043 3058 2096 vobis
3091 2038 3361 2110 [κρίνας-σὺ
3411 2040 3491 2090 ira

1922 2148 2139 2192 ventura
2167 2138 2193 2190 .9
2249 2135 2437 2190 Facite
2487 2151 2607 2204 ergo
2691 2135 2892 2201 [ructus
2941 2133 3126 2202 dignos
3179 2131 3515 2202 paenitentin
3595 2189 3598 2192 ,

1927 2231 2163 2302 (Matth.
2188 2246 2269 2293 ιιι,
2301 2231 2368 2296 7;
2402 2229 2531 2281 Luc.
2557 2245 2637 2290 ιιι,
2660 2228 2714 2285 7i
2748 2244 2764 2281 :
2795 2227 2965 2295 utqui
2993 2226 3196 2280 Christi
3225 2226 3494 2293 bapti>ma

1925 2331 2247 2380 consecutus
2281 2333 2384 2385 est,
2416 2320 2630 2373 auferat
2685 2317 2882 2372 malum
2930 2318 2996 2370 de
3048 2315 3214 2370 corde
3274 2328 3390 2378 suo,
3443 2321 3495 2364 et

1925 2417 2176 2486 quiescat
2203 2427 2364 2480 agere
2392 2424 2666 2480 perverse.
2727 2425 2792 2464 ac
2825 2418 3009 2478 postea
3077 2407 3253 2461 discat
3293 2405 3490 2457 bonum

1928 2509 2146 2573 facere,
2188 2505 2491 2561 secundum
2547 2501 2676 2556 illud
2729 2500 2870 2570 quod
2942 2499 3067 2553 alibi
3125 2496 3434 2568 praecipitur
3478 2512 3492 2548 :

1931 2603 2153 2657 Declina
2201 2616 2233 2652 a
2298 2597 2463 2660 male.
2521 2603 2569 2650 et
2601 2596 2686 2665 fac
2731 2594 2918 2659 bonum
2945 2591 3119 2660 (Psal.
3155 2605 3344 2652 xxxvi,
3378 2587 3493 2655 27).

2007 2713 2027 2746 ί
2067 2692 2264 2746 Discite
2294 2690 2630 2745 benefacere.
2674 2705 2693 2739 ι
2722 2683 2910 2738 Virtus
2949 2698 3079 2751 ergo
3111 2681 3364 2734 discenda
3391 2689 3496 2740 est,

1931 2802 2032 2843 nec
2081 2793 2288 2839 natura!
2346 2792 2554 2835 tnntttm
2605 2780 2805 2833 bonum
2859 2776 3057 2831 sullicit
3083 2776 3146 2827 ad
3204 2772 3497 2842 justitiam,

1933 2881 2034 2934 nisi
2051 2877 2175 2948 quis
2193 2877 2472 2931 erudiatur
2491 2871 2743 2943 congruis
2763 2870 3060 2938 disciplinis
3079 2869 3121 2935 (l
3151 2867 3263 2920 Pet.
3289 2882 3346 2928 II,
3387 2864 3407 2916 Ι
3427 2863 3497 2931 1).

1932 2971 2090 3027 Jesus
2119 2983 2335 3041 quoque
2371 2967 2512 3021 ﬁlius
2548 2964 2738 3020 Sirach
2778 2964 2882 3017 tale
2931 2963 3057 3029 quid
3087 2961 3325 3029 loquitur
3355 2975 3371 3013 :
3403 2957 3504 3011 De-

263 3050 390 3114 Deo,
418 3049 557 3117 quod
587 3049 754 3102 otium
787 3051 1050 3103 bonorum
1084 3063 1308 3119 operum
1340 3064 1445 3103 non
1477 3052 1663 3108 habet.
1699 3049 1823 3106 Odit
1852 3085 1899 3150 Ο
1934 3065 2184 3119 ﬁdem“;
2271 3062 2585 3130 δαρίεηιίτηη
2613 3073 2628 3110 ε
2664 3073 2812 3111 εενυα
2888 3057 3168 3117 mundam,
3215 3061 3262 3104 ει
3319 3049 3503 3103 Domi.

261 3143 441 3194 anima
488 3157 624 3194 mea.
690 3141 1187 3211 Ἀνορωποπαοῶς,
1229 3157 1336 3196 non
1393 3142 1536 3212 quod
1590 3143 1824 3198 animant

261 3230 405 3284 Deus
440 3230 658 3296 habeat,
718 3230 810 3284 sed
845 3241 1033 3284 nostro
1058 3231 1301 3298 loquitur
1327 3231 1546 3287 allectu.

333 3323 540 3390 (Vcrs.
604 3323 692 3376 l5.
726 3326 743 3392 )
785 3339 804 3373 t
845 3322 1003 3377 Fat-ti
1045 3323 1327 3378 mihiesds
1375 3324 1428 3378 in
1479 3324 1824 3379 satietatem.

265 3431 601 3486 nequaquam
637 3417 901 3471 dimittant
925 3427 1144 3487 peccata
1176 3431 1378 3473 vestra.
1420 3435 1439 3470 ι
1474 3420 1583 3473 Pro
1612 3434 1720 3489 quo
1751 3421 1832 3472 in-

267 3518 596 3577 terpretatus
631 3517 714 3562 est
765 3509 981 3579 Aquila,
1023 3510 1264 3564 laboravi
1325 3513 1610 3566 sustinens.
1677 3512 1835 3582 Synt-

269 3602 494 3656 machus
520 3601 802 3672 ἐκοπώοην
827 3604 1204 3674 ἱλασκόμενος,
1231 3604 1338 3673 22
1365 3604 1509 3675 quod
1537 3615 1641 3668 est,
1670 3603 1835 3672 defeci

268 3695 521 3748 miserans
552 3709 571 3758 ;
605 3705 662 3747 ut
682 3695 932 3749 ostendat
953 3711 1012 3749 se
1037 3711 1375 3766 nequaquam
1398 3695 1536 3750 ultra
1565 3697 1832 3751 misereri:

266 3788 391 3854 quia
423 3787 564 3840 aliud
597 3787 666 3839 sit
698 3802 886 3840 servos
931 3791 996 3841 ad
1030 3803 1088 3843 se
1133 3789 1330 3844 missos
1361 3789 1632 3854 occidere,
1690 3787 1836 3843 aliud

272 3878 458 3932 filium.
526 3876 676 3932 lluttc
708 3893 924 3931 sensum
945 3889 998 3932 et
1020 3880 1070 3932 in
1102 3878 1242 3934 Osee
1272 3882 1531 3951 propheta
1559 3882 1790 3950 legimus
1820 3897 1835 3934 :

273 3971 508 4024 l’erditio
535 3985 649 4035 tua,
688 3971 857 4025 Israel
890 3988 908 4026 :
940 3982 1144 4025 tantum
1194 3975 1248 4026 in
1273 3989 1353 4027 me
1391 3973 1650 4028 auxilium
1691 3983 1839 4027 tuum

271 4063 451 4131 (Osee,
485 4081 605 4129 xui,
640 4066 717 4135 9).
738 4065 888 4132 Quod
919 4065 990 4120 ita
1023 4066 1377 4135 intelligitur:
1404 4065 1622 4128 Pereas,
1655 4067 1838 4135 Israel,

269 4157 394 4224 quia
423 4172 532 4210 non
555 4167 642 4209 tuo
663 4159 872 4222 merito,
891 4160 1130 4219 seduleo
1145 4165 1350 4211 tantum
1371 4156 1599 4212 salvaris
1617 4158 1840 4212 auxilio.

368 4247 584 4302 «Manus
616 4257 807 4302 vestra:
854 4251 1116 4318 sanguine
1165 4249 1336 4319 plena:
1382 4258 1529 4304 sunt.
1564 4269 1583 4302 ›
1609 4249 1836 4306 Causam

273 4341 582 4395 manifestat
614 4355 714 4395 cur
762 4340 904 4396 Deus
959 4351 1167 4397 avertat
1196 4343 1265 4399 ab
1317 4347 1398 4401 eis
1439 4345 1627 4400 oculos
1690 4362 1840 4410 suos,

270 4440 327 4486 et
371 4433 776 4502 multiplicatam
821 4433 1125 4489 orationem
1189 4451 1296 4490 non
1353 4437 1653 4492 exaudiat:
1714 4439 1838 4505 quia
1874 4435 1918 4492 D

268 4525 562 4578 etluderiut
593 4526 911 4595 sanguinem
941 4526 1098 4596 justi,
1163 4539 1220 4583 et
1259 4530 1477 4597 pessimi
1528 4529 1706 4584 coloni
1732 4530 1841 4585 ha:-

277 4619 459 4671 rcdem
499 4618 565 4671 ad
599 4633 656 4671 se
688 4619 911 4671 missum
947 4617 1344 4676 interfecerint.
1380 4621 1534 4676 Unde
1561 4631 1615 4676 et
1648 4621 1850 4682 Salva-,

272 4721 363 4765 tor
383 4712 446 4764 ad
464 4711 808 4780 eosloquitur
834 4728 849 4764 :
872 4709 940 4764 Et
970 4727 1055 4765 vos
1082 4712 1288 4781 implete
1311 4729 1604 4767 mensuram
1626 4725 1841 4781 patrum

272 4818 564 4862 uestrorum
596 4807 814 4875 (Matth.
837 4822 991 4872 rum,
1023 4808 1084 4861 51
1113 4807 1154 4875 ).
1183 4805 1260 4860 llli
1281 4808 1426 4862 enim
1454 4807 1845 4862 interfecerunt

282 4901 478 4951 missos
503 4899 568 4951 ad
606 4913 667 4952 se
697 4897 997 4967 prophetas
1033 4913 1048 4949 :
1080 4911 1175 4950 vos
1216 4896 1460 4966 jugulate
1501 4895 1843 4952 Palrisfatni-

353 5103 369 5132 ⁸
400 5099 500 5154 Sed
533 5120 594 5156 ne
625 5104 776 5156 idolis
811 5103 1018 5171 ﬁerent.
1048 5099 1161 5154 Hoc
1195 5101 1360 5154 etiam
1389 5102 1509 5171 loco
1536 5099 1772 5171 legimus
1802 5104 1854 5157 in

275 5171 442 5224 editis
493 5174 722 5238 antehac
747 5175 931 5240 libris;
960 5175 1050 5227 sed
1087 5188 1148 5224 ne
1180 5172 1333 5225 idolis
1365 5170 1706 5238 offerrentur;
1732 5188 1854 5226 cum

280 5255 416 5294 mss.
453 5244 664 5294 codices
691 5252 1005 5298 constanter
1037 5244 1230 5310 legant,
1253 5241 1428 5294 sedne
1461 5241 1615 5310 idolis
1651 5242 1855 5306 ﬁerent.

281 5313 432 5372 Quod
456 5311 596 5380 idem
621 5319 778 5362 sonat
811 5327 872 5362 ac
893 5308 1321 5380 sacriﬁcarentur
1345 5326 1363 5363 :
1389 5325 1511 5364 nam
1541 5308 1738 5377 facere,
1777 5314 1855 5363 vcl

281 5383 451 5447 [acere
487 5379 616 5440 Deo,
642 5391 722 5432 est
769 5379 1091 5434 sacriticinm
1127 5381 1346 5444 olierre,
1400 5390 1458 5434 ιιι
1507 5381 1853 5433 manifestum
1884 5423 1888 5428 .

279 5460 458 5504 exstat
499 5453 638 5514 apud
662 5462 910 5504 auctores
944 5454 1174 5518 purioris
1203 5450 1530 5504 Latinitatis.
1572 5447 1846 5504 Maurus.

287 5547 350 5556 -—
388 5523 553 5574 l’alat.
609 5521 840 5572 secunda
884 5536 1067 5585 manu,
1100 5523 1286 5590 o/ferre
1307 5523 1513 5589 ﬁerent,
1540 5531 1695 5572 antea
1721 5534 1848 5573 vero

283 5590 732 5657 quemadmodum
765 5600 816 5640 et
839 5601 1046 5642 veteres
1076 5599 1200 5644 Ctlzll
1226 5594 1565 5657 o/I‘errentur.

357 5664 375 5692 ¹
415 5659 554 5712 Deus
581 5675 682 5711 non
733 5661 950 5724 spernit.
993 5659 1218 5714 Multae
1269 5669 1526 5714 contextu
1586 5672 1743 5712 sacro
1771 5657 1847 5710 le-

286 5741 477 5798 guntur
506 5736 641 5797 apud
668 5728 880 5782 Erasnt.
913 5740 960 5782 et
1021 5729 1461 5783 Mat‘ian.\'ictor.
1488 5744 1604 5798 quae
1631 5744 1734 5780 non
1769 5729 1839 5781 itt-

1932 3174 2031 3211 nus
2064 3156 2169 3225 23
2196 3155 2386 3207 tribuet
2418 3152 2510 3205 tibi
2565 3167 2705 3206 eam.
2744 3146 2808 3202 Et
2835 3149 2886 3200 in
2949 3145 3302 3217 sequentibus
3361 3144 3500 3196 idem

1934 3249 2100 3304 Isaias
2127 3247 2558 3303 commemorat:
2597 3243 2784 3298 Omnis
2838 3242 2927 3312 qui
2957 3258 3059 3295 non
3109 3238 3354 3292 didicerit
3415 3236 3506 3304 jus

1933 3343 2134 3397 stitiam
2153 3357 2307 3408 super
2330 3348 2546 3400 terrain,
2570 3338 2840 3392 ueritatem
2859 3351 2957 3388 non
2991 3333 3149 3402 faciet
3169 3333 3185 3391 t
3205 3331 3334 3398 Cap.
3355 3344 3505 3394 xxvt,

1938 3435 2026 3498 10,
2058 3452 2161 3489 sec.
2188 3432 2373 3502 LXX).
2444 3431 2709 3486 Discenda
2747 3410 2829 3484 est
2857 3443 2986 3498 ergo
3034 3425 3267 3494 iustitia,
3300 3433 3356 3477 et
3388 3437 3505 3476 ma-

1936 3526 2228 3597 gistrorum
2263 3522 2543 3594 sapientia:
2580 3527 2801 3575 terenda
2837 3527 2961 3572 sunt
3023 3518 3230 3569 limina.

2009 3615 2186 3687 (Vera.
2217 3613 2328 3683 18.)
2355 3632 2374 3665 ‹
2405 3614 2644 3679 Quaerite
2663 3612 2948 3682 judicium.
2971 3607 3257 3663 subtcnite
3274 3617 3506 3675 oppres-

1939 3728 2024 3776 so,
2048 3711 2288 3777 jndirate
2315 3706 2540 3774 pupillo,
2567 3703 2842 3759 defendite
2876 3701 3091 3755 viduam
3119 3718 3130 3752 :
3154 3710 3209 3753 et
3233 3697 3429 3762 venite,
3455 3705 3508 3750 et

1941 3803 2151 3872 arguite
2182 3814 2288 3864 me,
2348 3797 2480 3852 dicit
2533 3795 2814 3850 Dominus.
2847 3812 2866 3845 ι
2904 3791 3150 3872 γὶριίπιίε
3199 3787 3509 3844 Judaorum

1939 3893 2249 3962 evangelica
2339 3887 2592 3942 mandata
2674 3885 2995 3950 succedunt,
3041 3859 3106 3937 ei
3150 3883 3270 3936 ideo
3337 3878 3512 3950 pupil-

1945 3987 2011 4040 lis
2071 4000 2133 4039 ac
2213 3981 2392 4036 viduis
2477 3978 2813 4049 providetur,
2880 3982 2937 4029 ut
3002 3973 3174 4028 securi
3227 3973 3293 4026 de
3347 3968 3530 4050 tutela

1942 4076 2232 4147 coniugum
2269 4089 2332 4129 ac
2367 4073 2662 4126 liberorum
2691 4083 2936 4131 suorum,
2990 4075 3253 4135 martyres
3282 4064 3347 4116 ad
3375 4061 3510 4115 bella

1944 4167 2261 4237 procedant.
2280 4165 2412 4218 Cum
2442 4171 2646 4224 autem,
2667 4159 2863 4228 inquit,
2886 4159 2999 4212 [nec
3016 4155 3277 4216 feceritis,
3303 4153 3516 4222 arguite

1947 4276 2053 4326 me,
2106 4260 2287 4314 sinon
2329 4255 2615 4311 reddidero
2652 4252 2870 4320 prmuuia
2900 4266 3020 4320 quae
3068 4248 3339 4316 pollicitus
3374 4260 3512 4300 sum.

1947 4353 2175 4419 Quando
2227 4359 2406 4404 autem
2466 4342 2900 4408 dicitzauwrite
2951 4341 3234 4410 judicium,
3287 4336 3520 4393 os1endit

1949 4461 2052 4500 non
2087 4457 2206 4499 esse
2244 4443 2488 4497 omnium
2545 4447 2692 4492 recte
2725 4435 2992 4504 judicare,
3048 4434 3143 4487 sed
3189 4445 3376 4484 eorum
3423 4427 3540 4498 qui,

1949 4534 2240 4604 prudentes
2267 4543 2414 4585 sunt.
2450 4527 2689 4596 Denique
2721 4534 2774 4580 et
2806 4523 3059 4578 Salomon
3109 4521 3161 4573 in
3195 4518 3401 4573 visione
3426 4530 3522 4586 per

1950 4627 2244 4691 somnium,
2282 4623 2384 4679 hoc
2411 4638 2439 4676 a
2475 4622 2700 4677 Domino
2737 4616 3051 4689 postulavit,
3101 4620 3399 4682 utacccpta
3426 4624 3518 4664 sa-

1950 4717 2175 4786 pientia,
2203 4714 2348 4783 juste
2380 4711 2631 4782 populum
2664 4707 2956 4776 iudicaret.

2027 4828 2046 4860 ‹
2085 4808 2140 4861 Si
2176 4806 2382 4862 fuerint
2411 4811 2631 4874 peccata
2684 4808 2864 4856 vestra
2902 4807 2963 4853 ut
3004 4796 3334 4852 coccinum:
3367 4791 3520 4863 quasi

1953 4898 2044 4953 nix
2074 4895 2485 4952 dealbabuntur.
2513 4889 2581 4945 Et
2622 4889 2670 4947 si
2702 4888 2905 4943 fuerint
2955 4885 3120 4941 rubra
3177 4883 3331 4952 quasi
3401 4895 3523 4936 ver-

1957 5104 2249 5158 veniuntur
2293 5101 2344 5154 in
2379 5096 2777 5169 exemplaribus
2834 5093 3241 5169 manuscriptis,
3302 5105 3402 5169 nec
3455 5089 3520 5143 ab

1957 5175 2288 5242 Hieronymo
2342 5170 2492 5224 fuere
2539 5163 2782 5242 recitata.
2831 5168 3008 5242 Quare.
3037 5163 3519 5231 Ιιιιιιιειιιοάἰουιιιο

1959 5254 2100 5294 mata
2123 5235 2414 5309 scriptura:
2436 5255 2604 5293 saera:
2626 5255 2653 5290 a
2683 5239 2835 5309 nobis
2862 5235 3040 5288 ablata
3067 5245 3238 5309 st_t_ut,__
3266 5244 3519 5309 tanquam

1959 5312 2202 5365 addititia
2228 5301 2277 5363 ill
2302 5309 2735 5380 llierunymianis
2756 5301 3520 5380 Quirinii-utariis.tjonferant,

1958 5383 2050 5449 qui
2087 5381 2374 5440 voluerint,
2409 5377 2618 5432 veteres
2651 5377 2920 5449 editiones
2943 5391 3063 5449 cum
3089 5377 3250 5427 haece
3282 5385 3442 5449 nova,
3469 5381 3524 5420 rt

1960 5440 2244 5503 innumera
2297 5452 2570 5503 invenient
2625 5449 2738 5500 loca
2798 5447 3118 5515 interpolata
3174 5453 3289 5515 tam
3322 5440 3526 5515 Latinis

1956 5521 2261 5580 versiculis,
2291 5535 2450 5588 quam
2471 5517 2674 5572 Graecis
2700 5508 3223 5588 interpre'tameritis,
3250 5512 3361 5566 sive
3376 5508 3525 5588 gras-

1954 5605 2140 5642 earuut
2199 5579 2698 5654 itttcrpretatiunum
2730 5579 2907 5639 verbis
2930 5594 3090 5651 atque
3142 5579 3524 5637 comitialibus,

1953 5659 2219 5713 Maurus.
2248 5687 2318 5697 -—
2349 5658 2491 5711 Idem
2519 5667 2572 5709 et
2637 5655 2809 5709 νεών.
2837 5694 2851 5719 ,
2907 5672 3007 5708 non
3042 5655 3282 5721 despicis.
