3980 6200
383 275 455 341 3η
1175 272 1674 335 ΟΟΜΜΕΝΤΛΒ.
1724 271 1802 331 ΙΝ
1840 268 2108 328 iSAiAM
2166 268 2634 333 PliOi‘HET.-\M
2676 269 2824 336 LIB.
2875 275 2923 333 I.
3404 332 3407 337 .
3561 280 3636 344 38

384 387 646 455 miculas,
701 395 761 443 ut
796 385 917 441 lana
959 387 1079 441 alba
1114 397 1297 442 erunt.
1333 405 1353 438 ι
1383 386 1529 440 Ordo
1579 383 1882 455 pracipuos
1907 381 1963 436 'z
1994 385 2040 444 Α
2076 381 2267 436 retrix.
2306 381 2459 448 Quod
2487 381 2702 459 quidem
2739 394 2793 437 et
2825 384 2877 439 in
2921 384 3076 441 [saiaa
3123 387 3452 458 temporibus
3483 388 3643 444 ὶιιιει.

389 495 503 533 non
552 479 694 532 enim
756 478 955 532 snliicit
1005 477 1227 543 dixisse,
1272 476 1545 539 laramini,
1595 475 1696 529 nisi
1749 473 1961 544 jungat,

389 574 576 627 mundi
604 579 766 626 estote
793 587 811 624 :
834 580 885 624 ιιι
906 577 1025 637 post
1049 571 1322 624 lavacrum
1352 584 1505 638 aqua:
1529 566 1709 621 cordis
1736 566 1967 620 habeant

389 666 710 736 puritatem.
742 661 895 716 Beati
923 663 1065 715 enim
1102 662 1296 714 mundo
1353 661 1529 725 corde,
1561 659 1810 730 quoniam
1869 657 1968 726 ipsi

394 760 563 812 Deum
596 754 1056 823 videlmnt(Matth.
1096 770 1143 819 v,
1177 755 1254 822 8).
1285 753 1534 821 Cumque
1563 753 1739 807 cordis
1768 751 1970 805 habue-

393 852 511 904 rint
551 851 863 916 puritatem,
896 846 1093 901 debent
1123 844 1342 899 auferre
1376 845 1579 899 malum
1605 843 1673 898 de
1699 844 1966 898 mentibus

389 945 528 1004 suis,
561 957 663 994 non
694 942 748 992 in
780 950 1074 1009 conspectu
1111 938 1416 1003 hominum,
1458 941 1553 991 sed
1586 939 1637 993 in
1673 944 1966 1004 conspectu

394 1034 518 1091 Dei.
567 1049 722 1101 quem
773 1033 954 1087 celare
1003 1031 1136 1085 nihil
1168 1039 1371 1100 potest.
1424 1028 1685 1098 Quodque
1735 1027 1968 1097 jungit:

398 1119 666 1183 Quiescite
697 1133 853 1186 agere
882 1133 1139 1183 perverse,
1166 1117 1295 1170 illud
1332 1116 1716 1185 Evangelicum
1767 1122 1925 1167 sonat
1952 1129 1968 1167 :

405 1212 539 1265 Ecce
570 1227 731 1263 sanas
775 1211 948 1279 facta;
976 1228 1028 1264 es
1057 1226 1075 1264 :
1101 1210 1216 1280 jam
1250 1211 1359 1262 noli
1388 1225 1624 1279 peccare,
1645 1224 1705 1262 ne
1727 1208 1853 1278 quid
1877 1207 1969 1259 tibi

393 1306 629 1355 deterius
662 1302 756 1369 ﬁat
798 1299 981 1369 (Joan.
1006 1315 1061 1361 v,
1120 1300 1229 1368 14).
1260 1299 1540 1377 liecedens
1584 1312 1763 1367 crgoa
1802 1298 1968 1361 vitiis,

397 1394 575 1446 ιιῑςεηι
616 1394 843 1455 bonum,
876 1401 1193 1462 quaeratque
1216 1391 1509 1458 judicium,
1550 1403 1813 1458 oppresso
1845 1388 1975 1442 sub-

398 1483 604 1544 veniat,
661 1480 922 1549 pupillum
988 1480 1315 1546 viduamque
1359 1486 1674 1533 sustentet:
1703 1477 1828 1556 etsi
1875 1477 1973 1529 hoc

399 1570 612 1637 fecerit,
651 1580 776 1625 tunc
803 1581 1046 1639 peccata,
1078 1586 1201 1638 quae
1233 1570 1383 1637 prius
1433 1571 1486 1624 in
1520 1568 1739 1623 modmu
1767 1568 1970 1623 coccini

398 1665 695 1733 sanguinea
726 1662 959 1721 fuerant.
984 1662 1326 1716 dimittentur
1359 1678 1374 1715 :
1400 1672 1453 1715 et
1480 1676 1642 1730 opera
1671 1660 1883 1715 cruoris
1910 1675 1972 1715 ac

2073 476 2161 545 Iigi
2213 484 2388 543 potest
2432 489 2448 527 :
2507 477 2600 529 sed
2656 475 2868 546 plenius
2923 476 3158 533 refertur
3213 480 3280 533 ad
3334 481 3641 550 passionem

2069 564 2297 627 Christi,
2320 566 2538 633 quando
2560 581 2749 622 omnes
2774 567 3208 635 declinaverunt,
3236 569 3397 628 simul
3419 571 3637 625 inutiles

2068 655 2194 711 facti
2228 666 2357 710 sunt
2380 655 2553 722 (Psal.
2584 673 2698 722 xm,
2731 658 2806 727 ὅ).
2838 658 2905 712 Ει
2928 673 3235 729 quanquam
3282 660 3334 714 in
3377 660 3642 717 Hebraico

2068 763 2178 802 non
2212 746 2482 803 habeatur
2512 747 2665 816 Sion,
2742 760 2919 805 tamen
2952 750 3114 817 LXX,
3140 762 3194 806 ut
3227 766 3442 808 sensum
3474 755 3646 807 mani-

2072 838 2351 893 festioretn
2400 838 2670 903 facerent,
2722 839 3067 896 addiderunt.
3103 841 3233 896 Sion
3270 852 3449 898 autem
3491 861 3645 899 mons

2074 939 2178 997 est,
2204 935 2256 984 in
2288 945 2394 1001 quo
2414 930 2718 985 Jerusalem
2743 933 2873 987 urbs
2906 934 3126 987 condita
3160 945 3244 989 est
3279 952 3293 988 :
3321 950 3443 1005 qua—
3494 948 3643 1004 post-

2071 1038 2234 1091 quam
2277 1033 2433 1092 capta
2461 1034 2544 1076 est
2576 1038 2604 1076 a
2630 1023 2820 1090 David,
2844 1026 3111 1094 appellata
3142 1035 3224 1081 est
3247 1028 3436 1081 civitas
3458 1030 3643 1082 David.

2070 1113 2189 1169 Nec
2216 1116 2429 1182 ambigo
2462 1113 2630 1170 fuisse
2664 1116 2719 1169 in
2754 1130 2818 1171 ea
2846 1124 3067 1172 sanctos
3106 1121 3273 1183 viros,
3310 1120 3531 1188 quando
3567 1131 3645 1172 ta-

2074 1205 2425 1258 bernaenlun‘.
2455 1205 2544 1258 Dei
2590 1206 2797 1268 habuit,
2831 1217 2883 1260 et
2908 1217 3096 1276 postea
3171 1210 3429 1276 templum
3476 1212 3645 1263 ιιιιΙίιί-

2075 1307 2253 1350 catum
2295 1309 2376 1348 cst
2418 1314 2431 1350 :
2469 1297 2684 1363 quando
2727 1296 2944 1352 Nathan
2980 1310 3035 1351 et
3078 1298 3237 1353 Gad‘
3289 1303 3648 1370 praphotave-

2078 1397 2203 1441 runt
2238 1402 2250 1439 :
2279 1398 2329 1440 et
2371 1402 2532 1456 super
2563 1387 2758 1443 choros
2793 1390 2902 1459 (qui
2935 1391 2985 1443 in
3016 1391 3154 1445 libro
3185 1391 3404 1445 Dieruut
3436 1391 3650 1461 plenius

2075 1476 2485 1543 describuntur)
2524 1479 2722 1545 Asaph,
2758 1491 2807 1531 et
2846 1476 3088 1543 ldithun,
3134 1490 3188 1533 et
3230 1478 3426 1545 Eii-an,
3464 1492 3516 1535 et
3553 1481 3646 1533 lilii

2074 1565 2253 1619 Chore
2283 1566 2564 1620 constituti
2590 1576 2715 1620 sunt
2737 1566 2779 1635 (Ι
2814 1565 2939 1620 I’ar.
2959 1569 3105 1638 xxv),
3139 1580 3193 1622 ut
3223 1571 3538 1635 paulatim‘a
3565 1586 3651 1623 Sa-

2078 1650 2299 1710 crii‘tciis
2333 1658 2678 1712 victimarum
2711 1659 2777 1713 ad
2809 1659 2993 1715 laudes
3031 1661 3242 1716 Domini
3280 1663 3534 1716 transiret
3563 1679 3648 1716 re-

398 1720 683 1822 sanguinis
752 1763 903 1807 veste
932 1720 1142 1807 Domini
1198 1720 1569 1819 mutabuntur,
1615 1754 1821 1821 quaade
1849 1752 1970 1824 agni
2004 1720 2047 1774 Β
2075 1744 2229 1814 ligio.
2267 1745 2471 1800 Civitas
2500 1762 2627 1813 ergo
2670 1747 2933 1814 ﬁdelium,
2978 1766 3097 1820 qua-
3158 1753 3310 1821 prius
3359 1753 3462 1807 fuit
3493 1752 3648 1821 plena

403 1846 653 1901 conlecta
683 1855 767 1900 est
791 1844 1018 1909 vellere,
1058 1858 1217 1912 quem
1262 1853 1563 1913 sequuntur
1584 1844 1634 1898 in
1654 1843 1971 1915 Apocalypsi

407 1936 590 2006 (Cap.
627 1952 657 1988 v
690 1935 735 2004 ),
761 1936 853 2004 qui
908 1935 1240 2003 virginitatis
1307 1937 1548 1991 candore
1601 1936 1968 2006 resplendent:

480 2029 651 2096 (Vers.
690 2028 777 2089 t9,
805 2028 921 2096 26.)
948 2046 967 2079 ε
1007 2028 1062 2083 Si
1093 2029 1396 2095 volueritis,
1422 2029 1803 2092 etaudieritis,
1833 2028 1973 2083 bona

422 2129 583 2174 terra:
631 2121 963 2174 comeditis:
1016 2121 1061 2174 si
1103 2120 1408 2185 nolueritis,
1458 2131 1513 2174 et
1544 2135 1651 2174 non
1682 2118 1977 2180 audieritis

403 2214 536 2281 {sire
564 2222 617 2267 ut
642 2214 694 2265 in
710 2212 933 2267 Hebrive
964 2213 1140 2282 habet)
1172 2222 1224 2266 et
1248 2215 1417 2267 mead
1447 2213 1465 2243 ί
1496 2211 1829 2266 iracundiam
1851 2225 1978 2281 pro-

402 2304 754 2365 vocaveritis,
783 2303 1003 2371 gladius
1038 2303 1326 2359 devorabit
1358 2316 1477 2356 vos.
1512 2302 1647 2368 Quia
1674 2316 1737 2356 os
1764 2300 1972 2356 Domini

406 2393 648 2447 locutum
684 2402 787 2447 est.
816 2412 835 2444 ι
865 2391 974 2464 24
997 2391 1254 2447 Liberum
1285 2402 1467 2447 servat
1512 2392 1823 2454 arbitrium,
1865 2393 1887 2423 ²
1920 2399 1976 2444 ιιι

404 2485 460 2539 in
489 2495 781 2554 utramque
814 2497 1025 2553 partem
1058 2500 1164 2538 non
1192 2499 1258 2537 ex
1290 2482 1600 2555 praeiudicio
1629 2483 1744 2546 Dei,
1779 2499 1871 2538 sex
1909 2497 1974 2537 ex

407 2577 625 2630 meritis
672 2577 1032 2645 singulorum,
1077 2576 1157 2630 vel
1199 2592 1382 2646 pinna,
1436 2576 1517 2629 vel
1559 2577 1837 2643 praemium
1884 2576 1975 2632 sit.

402 2670 553 2723 Bona
587 2681 766 2723 autem
802 2680 957 2724 terra:
984 2671 1068 2724 illa
1107 2681 1234 2739 puto
1264 2669 1391 2733 dici,
1423 2670 1487 2722 de
1510 2669 1705 2737 quibus
1739 2668 1790 2722 in
1832 2668 1976 2738 psal-

407 2778 499 2815 mo
559 2761 835 2831 legimus:
872 2761 1043 2815 Credo
1088 2762 1255 2813 ridere
1305 2760 1438 2814 bona
1470 2760 1688 2814 Domini
1732 2762 1783 2813 in
1835 2771 1977 2814 terra

405 2856 688 2908 viventium
720 2853 890 2921 (Psal.
922 2869 1069 2916 xxvi,
1101 2854 1212 2916 15);
1240 2864 1328 2906 et:
1361 2852 1507 2906 Beati
1533 2853 1978 2921 mites,quoniam

403 2947 514 3014 ipsi
544 2945 877 3014 possidebunt
908 2955 1106 2998 terram
1134 2945 1353 3015 (Matth.
1384 2962 1435 3009 v,
1461 2946 1540 3013 5).
1562 2944 1653 2998 Vel
1686 2953 1829 2999 certe
1849 2945 1975 3012 quia

2071 1836 2284 1906 indicii,
2331 1848 2387 1892 et
2415 1838 2631 1907 jnstitia
2681 1842 2946 1908 requievit
2986 1844 3039 1897 in
3083 1857 3167 1910 ea,
3198 1860 3348 1899 nunc
3379 1846 3533 1912 plena
3564 1854 3648 1900 est

2077 1930 2402 1983 homicidis:
2439 1928 2545 1998 25
2582 1931 2672 1999 qui
2709 1931 3100 1985 interfecerunt
3131 1936 3449 2005 prophetas,
3478 1944 3531 1988 et
3569 1937 3650 2002 ip-

2074 2035 2192 2075 sum
2222 2022 2512 2076 Dominum
2569 2023 2934 2078 Salvatorem.
2989 2023 3428 2081 Fornicationem
3472 2040 3648 2081 autem

2074 2112 2395 2180 Jerusalem,
2438 2117 2710 2184 quomodo
2748 2118 3126 2172 divaricaverit
3154 2134 3313 2173 crura
3360 2138 3453 2173 sua
3501 2123 3646 2176 onmi

2077 2210 2400 2273 transeunti,
2431 2211 2533 2263 sub
2561 2200 2777 2264 nomine
2825 2210 3027 2266 Oolibm
3071 2213 3320 2268 Ezechiel
3362 2216 3645 2283 prosequi-

2079 2310 2202 2367 tur;
2240 2317 2357 2370 qua’:
2381 2303 2789 2373 interpretatur,
2815 2306 3216 2359 tabernaculum
3244 2324 3414 2360 meum
3441 2308 3493 2361 in
3529 2324 3593 2362 ea
3624 2321 3645 2359 :

2076 2407 2186 2460 quo
2211 2394 2219 2442 l
2245 2408 2389 2447 nunc
2419 2393 2539 2448 aliis
2572 2395 2751 2448 verbis
2781 2395 2991 2449 dicitur
3032 2398 3249 2464 justitia
3281 2402 3533 2468 requievit
3591 2404 3647 2456 in

2076 2499 2159 2537 ea.
2220 2482 2325 2537 Pro
2377 2484 2586 2552 jnStitia
2624 2487 2676 2539 in
2740 2487 2964 2541 llehrzno
3005 2493 3266 2558 scriptum
3313 2504 3395 2546 est
3428 2494 3449 2524 ⁸
3483 2508 3647 2548 sense

2081 2574 2262 2660 (p13),
2298 2574 2438 2643 quod
2487 2575 2691 2645 justum
2725 2578 2897 2647 magis
2936 2590 3093 2633 sonat
3130 2596 3291 2649 quam
3334 2583 3594 2648 justitiam
3629 2603 3644 2639 :

2081 2679 2137 2719 nt
2160 2666 2526 2734 intelligamus
2553 2668 2703 2735 prius
2736 2669 2789 2723 in
2814 2684 2874 2723 ea
2914 2669 3199 2725 Dominum
3227 2686 3646 2739 commoratum,

2085 2761 2152 2816 de
2188 2777 2295 2831 quo
2330 2762 2457 2815 alibi
2484 2764 2684 2816 dicitur
2710 2782 2723 2818 :
2755 2762 2942 2818 Justus
2967 2775 3140 2819 autem
3171 2770 3295 2837 quid
3333 2768 3456 2837 fecit
3483 2769 3650 2823 7.00-

2084 2852 2260 2905 minns
2293 2851 2346 2905 in
2389 2852 2576 2919 templo
2614 2864 2795 2906 sancto
2813 2871 2908 2908 suo
2932 2870 2952 2907 :
2982 2854 3240 2910 Dominus
3266 2857 3319 2909 in
3342 2859 3472 2911 caelo
3499 2860 3647 2914 sedes

2080 2945 2194 3006 eius
2227 2942 2399 3010 tPsal.
2434 2960 2486 3006 χ,
2532 2943 2608 3013 5).
2666 2945 2793 3009 Οιιει³
2840 2945 3018 2998 omnia
3039 2960 3323 3011 possumus
3347 2951 3646 3003 secundum

404 3035 609 3090 Judaeis
662 3037 1006 3104 quuebatur,
1053 3037 1146 3105 qui
1183 3036 1415 3089 necdum
1472 3043 1722 3105 poterant
1779 3049 1974 3103 capere
2004 3066 2047 3119 ο
2081 3049 2373 3105 ιιιιςιεοεςειιι
2430 3034 2629 3089 referre
2659 3036 2725 3089 ad
2755 3036 2990 3090 animam
3028 3038 3200 3092 sancti
3228 3040 3499 3107 quondam
3525 3040 3648 3106 viri,

407 3122 741 3189 Spirilualia.
779 3124 1065 3190 pollicetur
1086 3124 1166 3177 eis
1199 3122 1336 3177 bona
1371 3124 1655 3193 prmsentis
1686 3124 1890 3189 εωιιιιὶ,
1920 3137 1976 3176 ιιι

409 3213 606 3267 saltem
634 3216 991 3281 praesentibus
1023 3213 1232 3269 invitati
1287 3214 1489 3268 faciant
1536 3230 1656 3284 qua:
1709 3227 1976 3285 praecepta

409 3312 563 3355 sunt.
614 3302 681 3355 Et
719 3307 841 3371 quia
898 3303 1188 3358 noluerunt
1217 3302 1426 3371 audire,
1496 3308 1589 3359 sed
1633 3320 1663 3360 e
1706 3305 1979 3359 contrario

408 3404 848 3463 provocavernnt
892 3395 961 3447 ad
1033 3396 1368 3450 iracundiam
1469 3396 1724 3452 Sanctum
1793 3396 1977 3463 lsrael,

408 3495 695 3556 propterea
733 3503 826 3542 eos
874 3488 1087 3558 gladius
1132 3489 1435 3554 devoravit,
1477 3488 1656 3552 idest,
1706 3488 1979 3543 Romanus

408 3579 610 3634 delevit
644 3580 937 3634 exercitus.
966 3579 1031 3633 Et
1055 3582 1189 3647 hare,
1218 3579 1417 3649 inquit,
1449 3579 1628 3634 omnia
1655 3578 1782 3634 ﬁent
1808 3580 1981 3646 :Quia

410 3688 473 3725 os
504 3670 713 3724 Domini
744 3671 981 3724 locutum
1010 3681 1109 3738 est,
1168 3672 1324 3742 cujus
1354 3673 1641 3734 sententia,
1664 3687 1982 3742 permanen-

414 3767 560 3821 Iibus
592 3767 871 3822 hominum
904 3771 1160 3837 peccatis,
1202 3785 1304 3822 non
1343 3780 1514 3838 potest
1537 3770 1836 3824 immutari.

489 3859 672 3931 (V’ers.
701 3861 820 3931 Ἣ.)
862 3880 881 3912 ι
930 3860 1214 3928 Quomodo
1253 3861 1395 3917 facta
1428 3873 1511 3917 est
1553 3865 1807 3917 meretrix
1852 3865 1984 3918 civi-

413 3966 499 4008 tas
535 3954 732 4018 ﬁdelis,
756 3955 910 4025 plena
940 3954 1132 4024 judicii
1163 3954 1187 4008 ?
1222 3953 1459 4039 justitia.
1481 3956 1750 4025 requievit
1784 3955 1836 4009 in
1867 3970 1925 4009 ea
1963 3974 1977 4009 :

416 4062 558 4101 nunc
583 4057 761 4102 autem
787 4048 1088 4103 homicidas.
1119 4066 1137 4099 ι
1172 4044 1408 4103 Verbum
1435 4046 1749 4103 liebraicum
1779 4045 1935 4102 JALIN
1962 4048 1983 4080 ³

416 4126 582 4228 (ξὺν).
632 4157 729 4210 pro
774 4156 883 4210 quo
945 4139 1082 4194 LXX
1129 4139 1549 4207 transtulerunt,
1595 4140 1883 4206 dormivit;
1931 4150 1985 4194 et

420 4236 692 4303 requievit,
726 4245 780 4288 et
809 4235 1117 4303 requiescet,
1149 4233 1203 4287 id
1235 4244 1341 4298 est,
1380 4242 1434 4288 et
1462 4236 1793 4303 praeteritum
1822 4241 1874 4286 et
1905 4233 1987 4285 fu-

420 4340 602 4380 turum
635 4334 844 4394 tempus
881 4325 1175 4396 signitieat.
1203 4323 1357 4381 Unde
1396 4334 1452 4378 et
1482 4323 1680 4392 Aquila
1706 4332 1761 4376 et
1801 4320 1976 4376 Theo-

2084 3127 2135 3181 in
2168 3142 2269 3196 qua
2306 3126 2456 3198 prius
2487 3127 2576 3179 Dei
2624 3127 2836 3195 iustitia
2871 3140 3203 3182 commorata
3252 3141 3356 3194 est,
3384 3132 3429 3185 si
3457 3142 3643 3198 postea

2082 3220 2407 3290 peccaverit,
2446 3227 2500 3272 et
2540 3233 2637 3288 pro
2674 3219 2884 3290 naepite
2928 3218 3061 3286 Deo,
3114 3222 3407 3278 homicidae
3438 3225 3645 3281 daemo-

2081 3324 2178 3364 nes
2201 3309 2252 3363 in
2288 3324 2349 3364 ea
2379 3310 2573 3364 fuerint
2600 3312 2949 3366 commorati.
3075 3308 3095 3326 ⁹

2153 3398 2335 3470 (Vers.
2377 3400 2494 3472 22.)
2557 3419 2575 3453 ι
2621 3404 2917 3474 Argentum
2997 3413 3146 3460 tuum
3201 3421 3416 3463 versum
3470 3411 3652 3466 estin

2082 3494 2336 3547 scoriam.
2383 3515 2400 3542 ο
2472 3494 2553 3547 Ad
2606 3496 2877 3549 civitatem
2927 3495 3169 3564 loquitur
3227 3497 3384 3564 Sion,
3445 3502 3498 3553 in
3546 3517 3651 3571 qua

2082 3586 2233 3656 prius
2267 3588 2530 3656 requievit
2553 3589 2761 3655 iustitia
2793 3592 2980 3657 :quod
3041 3605 3326 3660 argentum
3360 3594 3521 3659 illius,
3549 3596 3650 3648 do-

2082 3680 2257 3733 ctrina
2291 3679 2533 3733 videlicet
2555 3680 2981 3750 Scripturarum,
3009 3685 3074 3735 de
3097 3698 3202 3751 qua
3231 3685 3280 3736 in
3316 3679 3544 3738 Psalmis
3572 3687 3650 3738 le-

2081 3774 2301 3842 gimus:
2338 3768 2568 3842 Eloquia
2616 3771 2845 3838 Domini,
2873 3775 3077 3843 eloquia
3131 3786 3279 3828 casta
3322 3791 3342 3828 .'
3378 3789 3650 3844 argentum

2083 3867 2200 3933 igne
2228 3863 2606 3920 examinatum.
2660 3867 2935 3930 probatum
2995 3872 3169 3929 terrm,
3222 3878 3504 3934 purgatum
3534 3883 3652 3934 sep-

2085 3955 2290 4023 tuplum
2328 3953 2507 4027 (l’salJ
2531 3969 2612 4018 ιι,
2650 3952 2724 4022 7),
2752 3969 2965 4009 versum
3004 3957 3077 4011 sit
3131 3956 3181 4009 in
3213 3960 3466 4021 scut-iam,
3505 3959 3650 4028 quod

2086 4042 2349 4100 Hebraice
2405 4045 2606 4100 dicitur
2660 4059 2802 4099 sicut
2843 4046 3099 4115 (nuto):
3149 4047 3339 4116 rubigo
3401 4047 3650 4102 videlicet

2091 4137 2455 4199 metallorum,
2490 4137 2604 4192 sive
2643 4147 2995 4207 purgamenta
3037 4145 3091 4190 et
3128 4139 3338 4203 sordes,
3383 4153 3501 4208 quae
3529 4137 3654 4208 igne

2087 4238 2476 4299 excoquuntur,
2511 4238 2566 4284 ut
2601 4231 2724 4298 quia
2757 4238 3039 4297 argentum
3096 4232 3490 4292 nominaverant,
3533 4244 3652 4284 ser-
3702 4218 3711 4225 ’

2088 4332 2178 4375 vet
2215 4323 2609 4388 metaphoram.
2650 4321 2829 4376 Potest
2886 4330 3064 4375 autem
3123 4322 3301 4377 ethoc
3353 4322 3481 4384 diei,
3509 4321 3652 4389 quod

418 4421 567 4473 dolio
586 4418 738 4487 quasi
773 4419 840 4472 de
867 4385 1050 4471 illiier
1105 4416 1313 4471 dicunt.
1356 4415 1583 4469 Miratur
1630 4425 1807 4468 autem
1860 4429 1985 4482 pro-
2011 4385 2221 4485 1)justi
2253 4423 2309 4467 et
2341 4414 2510 4467 sancti
2556 4412 2655 4466 viri
2689 4413 2779 4480 qui
2814 4412 2967 4481 prius
3006 4414 3060 4467 in
3103 4415 3235 4470 urbe
3277 4415 3473 4469 versati
3503 4425 3653 4481 sunt,

417 4513 636 4580 phetico
663 4512 881 4579 spiritu.
918 4510 1061 4579 quod
1089 4508 1285 4563 civitas
1328 4522 1451 4577 qua:
1492 4507 1765 4577 quondam
1816 4506 1987 4560 tim-lis

422 4603 543 4665 fuit,
571 4602 649 4656 vel
686 4602 925 4657 fidelium
958 4600 1386 4670 receptaculum,
1410 4600 1592 4656 subito
1615 4597 1755 4653 iacta
1778 4598 1846 4652 sit
1874 4612 1981 4652 me-

502 4814 525 4846 ⁸
553 4805 659 4861 Vox
709 4807 1003 4873 prwcipuus
1053 4806 1137 4861 hic
1192 4806 1322 4860 nihil
1367 4815 1469 4860 est.
1539 4804 1617 4861 Ex
1652 4816 1764 4859 toto
1805 4814 1986 4858 autem

421 4888 678 4932 contextu
709 4893 772 4948 ac
805 4876 1116 4948 Hieronymi
1176 4890 1355 4930 mente
1383 4878 1601 4948 rescribi
1648 4875 1821 4948 νιιιιιιιᾼ
1848 4891 1983 4948 prie:

421 4957 681 5015 posteros.
734 4944 1045 4999 Familiaris
1088 4944 1202 5003 haec
1247 4956 1329 5001 est
1378 4947 1437 5000 ὃ.
1488 4945 1703 4999 Doctori
1774 4944 1986 4999 dicendi

425 5016 675 5069 lormula.

505 5085 521 5115 ¹
553 5084 797 5140 Martian.
828 5082 892 5137 Et
926 5100 1003 5138 me
1032 5086 1387 5151 prooocareris
1418 5084 1488 5137 ad
1518 5084 1874 5136 iracundiam.

499 5157 519 5223 ξ
567 5152 870 5222 Legenduui
939 5157 1222 5219 videatur,
1283 5156 1577 5223 postposita
1635 5164 1690 5206 ut
1746 5152 1983 5207 vocula:

431 5244 455 5276 ‹
500 5222 753 5277 Liberum
791 5235 973 5276 servat
1003 5222 1295 5277 arbitrium
1339 5226 1390 5276 in
1428 5234 1714 5291 utramque
1747 5236 1980 5291 partem,

425 5305 489 5347 ut
525 5310 626 5346 non
669 5310 729 5346 ex
771 5292 1101 5359 praeiudicio,
1138 5312 1156 5343 ι
1187 5302 1294 5347 etc.

499 5364 520 5395 ³
571 5358 786 5416 Verbum
809 5361 1125 5415 Hebraicttm
1147 5362 1317 5423 Julia,
1349 5372 1453 5416 etc.
1490 5358 1602 5417 Hoc
1632 5375 1850 5429 quoque
1885 5362 1982 5414 do-

422 5443 558 5487 cent
597 5448 694 5486 nos
724 5431 961 5501 ίιιςιη-ωί
1035 5433 1399 5501 grammatici,
1450 5443 1632 5484 noster
1680 5431 1982 5501 praesertim

426 5501 668 5556 Thomas
718 5499 941 5562 Dnl'our,
992 5498 1115 5567 cap.
1148 5502 1211 5555 10
1258 5504 1327 5556 de
1378 5500 1650 5567 Syntasi:
1694 5517 1712 5549 (
1762 5498 1826 5550 Et
1867 5502 1988 5551 uni—

426 5572 648 5634 versim,
681 5570 876 5637 inquit,
902 5570 1191 5638 loquendo,
1225 5572 1505 5633 speetatim
1540 5571 1589 5622 in
1637 5569 1821 5621 Metris
1852 5583 1987 5636 pian-

426 5644 646 5694 teritum
673 5650 727 5694 et
769 5648 1007 5693 tuturmn
1034 5656 1133 5708 pro
1166 5658 1225 5695 se
1252 5640 1482 5693 invicem
1521 5654 1668 5706 saepe
1702 5653 1988 5692 sumuntur

429 5712 484 5764 in
510 5711 794 5765 sententiis
808 5709 1222 5778 Universalibus,
1246 5727 1342 5765 nec
1371 5712 1594 5778 praecise
1621 5709 1991 5763 determina‘tzs

2096 4514 2278 4575 postea
2311 4505 2363 4557 in
2399 4503 2589 4558 sordes
2614 4504 2753 4558 versi
2779 4506 2888 4558 sint
2915 4509 3282 4573 peccatorum.

2169 4615 2187 4647 ι
2233 4596 2520 4666 Caupoues
2554 4594 2626 4649 tui
2662 4597 2890 4650 miscent
2926 4597 3110 4651 vinum
3142 4615 3302 4667 aqua.
3340 4617 3360 4650 ι
3396 4596 3503 4652 Pro
3543 4611 3657 4666 quo

2085 4806 2152 4858 ad
2222 4816 2473 4871 tempus:
2512 4816 2634 4871 quae
2692 4802 2907 4869 phrasis
2956 4802 3134 4856 minus
3175 4803 3308 4856 bene
3353 4802 3651 4865 intellerlu,

2090 4889 2288 4925 miram
2320 4871 2659 4925 diversitatis
2685 4873 2927 4925 llllli‘l‘ﬂlll
2955 4873 3195 4933 exhibet,
3233 4873 3369 4926 inter
3419 4871 3651 4925 Textum

2086 4954 2139 4998 et
2168 4941 2444 5011 vulgatam
2473 4942 2941 5011 edit.,_pr:esertim
2972 4942 3023 4994 in
3054 4941 3301 5011 Psalmis.
3331 4961 3349 4992 ι
3378 4942 3650 4995 ΜΑιιτιΑκ.

2159 5008 2385 5064 ⁴νιῖιιο.
2433 5026 2554 5064 cum
2611 5008 2807 5075 Palat.,
2856 5008 3078 5062 Nathan
3119 5020 3169 5063 et
3219 5010 3334 5064 Gud
3384 5018 3651 5081 pl'Op/tt‘l'w

2086 5093 2352 5136 uenerunt.
3261 5138 3269 5145 ,

2159 5153 2182 5185 ⁵
2242 5150 2457 5206 Sedech.
2520 5149 2742 5205 Diﬂicile
2810 5150 3108 5206 concedent
3157 5148 3490 5220 Hieronymo
3546 5149 3652 5202 ιιι·-

2092 5223 2223 5302 brmi
2251 5220 2491 5274 hodierni
2529 5231 2687 5287 atque
2720 5220 3126 5302 Hebraizantes,
3325 5220 3492 5303 taedet
3534 5237 3658 5299 nia—

2092 5295 2174 5358 gis
2192 5290 2399 5359 justum
2439 5304 2632 5344 sonare
2666 5305 2825 5356 quam
2853 5290 3253 5358 justitiam.'At
3299 5293 3342 5343 si
3390 5292 3650 5359 memine-

2095 5357 2207 5414 rint
2246 5372 2488 5427 tempore
2523 5361 2579 5412 S.
2644 5357 2888 5413 Doctoris
2933 5375 3130 5413 nomen
3190 5362 3339 5414 sedeo
3389 5357 3652 5426 scriptum

2094 5430 2233 5482 forte
2264 5445 2386 5481 cum
2439 5428 2527 5494 jod
2562 5429 2738 5481 otioso
2768 5430 3002 5483 adhunc
3056 5431 3271 5504 modum
3321 5436 3479 5504 p713.
3534 5443 3653 5494 per-

2096 5513 2291 5564 negare
2343 5513 2444 5549 non
2500 5507 2751 5564 poterunt
2797 5513 2978 5551 veram
3013 5515 3134 5552 esse
3169 5499 3481 5566 Hieronymi
3533 5514 3658 5549 sen-

2098 5578 2344 5627 tcnttam,
2375 5566 2463 5633 qtti
2493 5566 2634 5632 quod
2667 5568 2825 5620 hodie
2856 5568 3084 5637 legimus
3116 5569 3287 5627 sadic,
3333 5575 3507 5633 tegi-ru
3555 5584 3647 5633 po.

2101 5640 2197 5701 tuit
2235 5637 2383 5688 sedeo
2416 5641 2759 5701 ;pr:vsertim
2820 5652 2940 5688 cum
2980 5638 3109 5689 alibi
3166 5648 3410 5688 statuerit
3470 5651 3650 5686 ιιιςιιιιι

2099 5691 2247 5769 ῃίγω,
2286 5691 2588 5772 promiscue
2621 5707 2846 5760 let-litari
2881 5708 3128 5761 Salemet
3158 5704 3355 5759 Saliut.
3383 5704 3650 5757 Mimas.
