3962 6192
429 200 501 263 39
1593 201 1652 264 S.
1699 201 2005 261 EUSEBJI
2052 203 2493 268 HIERONYMI
3603 222 3677 285 40

433 313 791 385 Symmachus
852 314 1146 380 transtulit,
1205 312 1397 370 Vinum
1458 325 1603 371 tuum
1656 319 1867 370 mistum
1929 326 2003 371 est
2038 321 2082 379 Α
2111 322 2238 387 quid
2271 312 2601 394 acceperint,
2631 331 2714 386 vel
2748 340 2895 387 certe
2931 332 3065 387 nulli
3097 332 3366 404 quidpiam
3408 338 3675 405 tribuunt,

428 423 590 474 aqua.
620 404 686 460 Et
716 416 799 460 est
840 419 1032 460 sensus
1063 423 1078 460 :
1116 406 1226 461 Lex
1264 406 1356 460 Dei
1390 423 1521 476 pura
1564 418 1723 471 atque
1765 410 1999 473 sincera,

432 508 486 549 et
514 498 596 568 (ut
628 498 703 551 ita
743 496 915 551 dicam
944 496 961 567 )
996 512 1138 551 mera
1171 499 1394 552 veritate
1432 499 1659 553 subnixa
1714 505 1733 571 ι
1771 501 1847 556 al.
1873 502 2001 557 sub-

429 587 631 660 nexa],
693 588 891 643 violata
960 597 1042 642 est
1102 589 1479 643 traditionibus
1552 590 1994 646 Pharismorum:

427 684 571 749 quod
602 681 858 734 Dominus
896 680 947 733 in
974 681 1264 750 Evangelio
1294 679 1511 750 (Matth.
1539 682 1628 751 xv)
1661 681 1874 751 plenius
1900 682 2000 735 do-

424 782 533 838 cet,
561 773 810 825 omisisse
845 788 938 827 cos
978 774 1147 841 legem
1172 772 1289 836 Dei,
1324 786 1378 827 et
1412 775 1566 843 sequi
1606 776 1858 829 mandata
1900 779 1999 829 ho-

430 864 658 916 tuiuum.
714 862 1005 930 Omnisque
1053 863 1246 916 doctor
1297 865 1386 932 qui
1427 866 1797 919 austeritatem
1852 866 1999 919 Scri-

422 966 705 1025 pturarum
763 969 854 1020 per
908 970 1069 1019 quant
1130 964 1307 1022 potest
1359 958 1641 1012 audientes
1696 958 1995 1027 corripere,

423 1047 581 1100 vertit
611 1047 672 1098 ad
709 1048 964 1116 gratiam,
999 1057 1053 1102 et
1090 1047 1160 1101 ita
1193 1048 1452 1115 loquitur,
1484 1066 1589 1103 non
1627 1061 1684 1103 ut
1734 1052 1993 1121 corrigat,

333 1155 340 1163 ·
420 1137 515 1189 sed
550 1135 779 1189 delectet
822 1137 1127 1200 audientes,
1164 1139 1347 1191 vinum
1393 1130 1704 1193 sanctarum
1747 1140 1995 1211 Scriptu-

422 1238 601 1277 rarum
656 1226 839 1290 violat,
868 1236 1029 1295 atque
1081 1228 1377 1297 corrumpit
1428 1244 1588 1283 sensu
1642 1246 1760 1283 suo.
1810 1232 1994 1287 Παπε-

423 1313 513 1367 tici
571 1330 784 1383 quoque
871 1318 1238 1388 evangelicum
1294 1322 1573 1375 veritatem
1641 1335 1994 1391 corrumpunt

422 1418 581 1471 prava
630 1407 1007 1476 intelligentia,
1044 1418 1098 1463 ct
1136 1419 1261 1463 sunt
1313 1427 1587 1481 caupones
1634 1417 1880 1482 pessimi,
1911 1418 1992 1470 ta-

419 1495 627 1551 cientes
648 1498 714 1551 de
742 1501 867 1564 vino
897 1514 1117 1567 aquam,
1165 1502 1273 1572 26
1313 1518 1435 1557 cum
1490 1520 1520 1559 e
1578 1510 1854 1561 cootrario
1888 1509 1990 1563 Do-

421 1591 597 1644 minus
632 1601 813 1646 noster
861 1610 1026 1663 aquas
1079 1596 1131 1648 in
1178 1597 1358 1649 vinum
1412 1598 1638 1652 verterit
1687 1600 1870 1670 (Joan.
1902 1604 1987 1672 tt),

420 1690 475 1734 ct
509 1683 611 1736 tale
643 1685 821 1738 vinum
858 1688 998 1753 quod
1054 1688 1281 1741 miretur
1335 1688 1779 1760 architriclinus;

419 1783 472 1828 et
508 1774 688 1844 regina
723 1777 863 1831 Saba
904 1780 955 1831 in
994 1778 1302 1833 Salomonis
1328 1790 1412 1833 est
1470 1781 1664 1835 mirata
1719 1786 1987 1851 convivio,

420 1866 707 1933 pincernas
735 1867 852 1935 ejus
880 1878 934 1921 et
984 1871 1263 1924 ministros
1296 1872 1405 1923 vini
1485 1887 1580 1924 sua
1631 1887 1763 1927 voce
1794 1875 1995 1929 collau-

418 1955 556 2010 dans
586 1957 651 2024 (ll
681 1956 864 2011 Pot-ul.
894 1959 995 2027 ιχ).
1045 1961 1151 2013 Sed
1182 1971 1235 2014 et
1282 1961 1641 2018 Ecclesiastes
1689 1967 1990 2021 ministeria

418 2046 552 2108 vini,
582 2058 743 2114 atque
778 2049 1014 2102 convivii
1053 2051 1158 2114 sui,
1224 2057 1455 2121 mystico
1490 2069 1740 2109 sermone
1784 2057 1992 2111 descri-

418 2136 495 2190 bit
524 2136 723 2202 (Eccle.
752 2139 832 2208 tt).
881 2139 1028 2195 Unde
1075 2156 1172 2210 pro
1204 2143 1331 2197 vino
1362 2145 1577 2212 Aquila,
1615 2149 1919 2214 συμπόσιον
1946 2150 1987 2215 ¹,

415 2227 469 2281 id
500 2238 583 2282 est
610 2230 926 2298 convivium,
983 2232 1364 2301 interpretatus
1387 2245 1469 2288 est
1497 2234 1640 2303 quod
1665 2238 1804 2304 apud
1845 2238 1994 2294 Grae-

414 2331 510 2371 cos
535 2318 643 2370 ἀπὺ
673 2319 765 2370 τοῦ
818 2321 1010 2385 πότου,
1055 2322 1197 2390 apud
1248 2338 1345 2379 nos
1400 2340 1429 2378 a
1480 2325 1732 2382 convictu
1787 2332 1989 2385 rectius

413 2408 735 2477 appellatur.

485 2498 667 2572 (Vers.
701 2504 817 2573 25.)
858 2523 878 2557 ε
946 2506 1229 2580 Principes
1275 2510 1351 2564 tui
1400 2510 1800 2578 inobedientes,
1852 2515 1987 2570 socii

409 2590 617 2649 furum.
667 2613 686 2646 ι
719 2597 828 2651 Pro
859 2598 1290 2656 inobedieutibus
1324 2602 1367 2668 ³,
1398 2603 1611 2671 Aquila,
1668 2606 1985 2669 recedentes,

411 2684 794 2754 Symmachus,
850 2690 1191 2751 declinantes.
1244 2692 1633 2760 interpretatus
1668 2705 1770 2750 est.
1828 2696 1987 2751 Priu-

412 2776 561 2843 cipes
608 2786 793 2831 autem
842 2778 1064 2835 Scribas
1124 2792 1179 2835 et
1221 2780 1528 2840 Pbarisaeos
1572 2798 1748 2851 vocat,
1814 2788 1907 2857 qui
1956 2803 1987 2843 a

412 2863 644 2919 Domino
678 2868 1013 2937 recedentes,
1074 2872 1180 2926 imo
1212 2875 1463 2932 veritatis
1532 2882 1781 2933 semitam
1815 2881 1986 2933 reliu.

2114 413 2215 466 nisi
2253 429 2280 466 a
2314 431 2421 484 quo
2474 435 2531 472 se
2568 433 2887 491 recepturos
2931 426 3259 491 putaverint.
3295 427 3397 482 Pro
3431 430 3671 485 retribu~

2112 506 2370 575 tionibus,
2426 511 2806 582 Symmachus,
2858 520 3267 586 vicissitudines,
3300 532 3382 574 vel
3418 524 3677 590 ultioaes,

2111 594 2503 666 interpretatus
2564 614 2667 665 est,
2732 614 2789 659 nt
2850 606 2901 659 hi
2954 622 3170 677 quoque
3222 610 3275 662 in
3327 608 3482 677 culpa
3540 613 3677 672 siut,

2108 695 2199 761 qui
2226 696 2459 749 reddunt
2488 698 2685 752 malum
2720 715 2817 767 pro
2852 701 3010 767 malo,
3045 711 3098 756 et
3127 703 3340 758 dentem
3364 718 3460 772 pro
3493 705 3676 772 dente,

2107 786 2330 840 oculum
2365 802 2462 855 pro
2493 790 2653 844 oculo
2689 790 2908 861 (Exod.
2944 783 3035 847 xx’t
3066 798 3083 862 )
3110 810 3123 859 ;
3151 804 3205 849 et
3251 811 3354 850 non
3390 797 3679 851 imitantur

2108 876 2240 930 illttd
2299 878 2614 935 Davidicum
2673 899 2688 936 :
2753 883 2816 938 Si
2842 884 3046 938 reddidi
3103 887 3505 941 retribucntibus
3543 890 3680 942 mihi

2105 970 2248 1023 mala
2278 972 2296 1040 (
2323 970 2471 1025 Psal.
2498 987 2596 1037 vn,
2634 973 2755 1041 5,);
2791 985 2842 1029 et
2877 974 3127 1031 Jeremiaa
3177 978 3243 1031 de
3287 978 3434 1043 justo
3487 979 3676 1033 dicen-

2106 1062 2174 1114 tis
2202 1079 2216 1115 :
2264 1061 2419 1116 Dabit
2445 1067 2755 1130 percutienti
2783 1085 2837 1121 se
2888 1069 3165 1123 maxillam
3199 1073 3374 1133 suam,
3409 1074 3677 1125 saturabi-

2104 1159 2190 1203 tur
2241 1155 2533 1221 opprobriis
2566 1154 2782 1226 (Thren.
2818 1173 2900 1224 Ill,
2936 1158 3025 1228 50)
3064 1177 3075 1211 :
3130 1169 3188 1213 ut
3234 1160 3453 1229 impleat
3503 1177 3670 1216 evan-

2101 1244 2330 1312 gelicum
2367 1248 2542 1301 virum
2594 1253 2678 1302 cui
2710 1250 2911 1304 dicitur
2946 1268 2959 1303 :
2995 1252 3101 1317 Qui
3138 1252 3245 1319 27
3281 1264 3327 1305 te
3357 1253 3668 1318 percusserit

2101 1335 2155 1387 in
2192 1336 2492 1405 maxillam,
2522 1341 2702 1408 pra'be
2758 1342 2807 1395 ei
2834 1350 2880 1395 et
2916 1342 3138 1396 alteram
3164 1341 3382 1412 (Matth.
3405 1358 3457 1406 ν,
3481 1342 3594 1412 59).

2170 1466 2351 1534 (Vers.
2377 1468 2493 1538 24.)
2543 1488 2562 1521 ‹
2602 1470 2845 1542 (Propter
2894 1474 2999 1529 hoc
3028 1475 3104 1529 ait
3159 1475 3419 1531 Dominus
3460 1479 3675 1532 exerci-

2102 1565 2272 1622 tuum,
2306 1558 2460 1615 l'ortis
2494 1561 2685 1617 Israel.
2720 1583 2738 1614 ι
2769 1564 2874 1618 Pro
2897 1568 3049 1636 fortis
3084 1565 3275 1633 Israel,
3310 1569 3449 1637 quod
3479 1582 3672 1624 omnes

2023 1674 2068 1729 Β
2104 1650 2354 1707 similiter
2377 1656 2795 1723 transtulerunt,
2816 1660 2912 1712 soli
2940 1658 3101 1726 LXX,
3131 1661 3309 1715 nescio
3333 1662 3458 1730 quid
3483 1662 3673 1715 volen-

2098 1748 2179 1794 tes
2226 1754 2551 1809 posuerunt:
2592 1744 2680 1799 Va:
2712 1748 2873 1815 fortes
2920 1749 3183 1817 Israel‘;
3220 1752 3362 1817 quod
3419 1766 3516 1805 nos
3584 1752 3667 1806 sic

2094 1831 2391 1886 edisserere
2412 1848 2720 1901 possumus,
2743 1846 2801 1891 ut
2823 1840 3090 1903 dicamus,
3116 1842 3389 1910 principes
3405 1840 3426 1871 ⁸
3450 1856 3668 1910 quoque

2094 1923 2291 1992 corripi
2341 1935 2504 1995 atque
2548 1928 2818 1991 robustos,
2852 1931 2920 1984 de
2956 1933 3149 1999 quibus
3201 1935 3461 2001 scriptum
3512 1941 3595 1987 est
3644 1949 3662 1989 :

2096 2011 2345 2069 Potentes
2376 2028 2616 2086 potenter
2666 2030 2923 2076 tormenta
2973 2026 3243 2090 patientur
3272 2026 3424 2092 (Sop.
3476 2042 3548 2090 Vl,
3577 2028 3659 2093 7);

2094 2115 2147 2159 et
2179 2125 2193 2160 :
2224 2107 2323 2162 Cui
2357 2110 2475 2177 plus
2528 2112 2709 2179 datur,
2754 2114 2873 2182 plus
2906 2117 3146 2185 exigetur
3180 2117 3244 2169 ab
3272 2133 3330 2171 eo
3371 2116 3523 2189 (Luc.
3558 2135 3662 2181 xu,

2091 2197 2206 2265 48).
2232 2199 2629 2279 ᾼὺυιίηιυιηυε
2688 2206 2794 2260 hoc
2832 2207 3159 2274 testimonio,
3200 2208 3245 2261 si
3280 2209 3494 2276 quando
3521 2224 3664 2277 opus

2094 2290 2255 2344 fuerit
2288 2293 2573 2349 adversum
2616 2295 2869 2353 Ecclesiae
2897 2298 3195 2369 principes,
3223 2301 3314 2370 qui
3358 2314 3513 2355 suam
3556 2302 3664 2356 de.-

2088 2388 2307 2437 struunt
2343 2386 2598 2453 operibus
2625 2388 2963 2456 dignitatem.

2171 2517 2189 2551 (
2232 2498 2347 2554 Heu
2377 2502 2702 2558 consolabor
2731 2518 2897 2574 super
2934 2506 3179 2560 hostibus
3204 2506 3361 2573 meis,
3397 2515 3452 2562 et
3474 2505 3661 2562 vindi-

2089 2590 2252 2645 cabor
2284 2592 2353 2647 de
2391 2593 2630 2650 inimicis
2653 2597 2808 2651 meis.
2847 2614 2868 2650 ι
2900 2596 3138 2652 Rursum
3166 2608 3220 2653 et
3260 2599 3309 2652 in
3336 2598 3459 2664 hoc,
3507 2599 3656 2668 quod

2091 2684 2143 2737 in
2203 2683 2469 2739 llebraico
2526 2700 2633 2740 non
2685 2688 2931 2754 habetur,
2993 2701 3267 2757 ponuntur
3314 2688 3473 2756 LXX,
3528 2688 3655 2744 Non

2087 2776 2305 2828 cessarit
2332 2776 2469 2829 enim
2505 2780 2656 2847 furor
2684 2793 2827 2831 meus
2857 2783 3047 2832 'contra
3071 2781 3309 2833 inimicos
3331 2798 3491 2835 meos.
3521 2780 3658 2837 Cor-

2090 2870 2418 2938 ripitautem
2462 2868 2681 2925 Scribas
2704 2883 2758 2926 et
2804 2871 3130 2938 Pbarisaeos,
3175 2871 3243 2927 de
3269 2873 3464 2943 quibus
3494 2882 3549 2927 et
3596 2875 3651 2927 in

414 2964 663 3022 quentes,
719 2972 973 3025 perverso
1024 2960 1440 3019 ambulaverunt
1484 2966 1697 3032 itinere,
1742 2978 1796 3022 et
1846 2971 1980 3025 socii
2006 2997 2053 3060 α
2092 2961 2380 3031 Ενθιιεειὶο
2420 2962 2658 3033 ιοίιυῑιιιτ
2689 2981 2707 3018 τ
2752 2963 2839 3019 Vw
2870 2964 3034 3030 υοὺίει
3059 2963 3262 3060 ξονξίθω
3308 2978 3355 3019 ει
3389 2966 3655 3060 ξηιανίιιυί

410 3044 635 3099 luerunt
672 3049 966 3115 proditoris
993 3050 1239 3121 iurisque
1270 3054 1441 3112 Iudae.
1481 3056 1635 3122 Quod
1665 3062 1882 3128 quidem
1927 3074 1983 3119 et

412 3150 514 3189 nos
544 3151 739 3191 cavere
767 3139 1054 3207 debemus,
1109 3161 1175 3198 ne
1214 3148 1552 3217 accipientes
1579 3150 1648 3203 ab
1671 3153 1982 3211 hominibus

411 3229 596 3282 steculi
639 3247 881 3297 munera,
921 3237 1009 3309 qui
1042 3251 1138 3303 per
1188 3240 1406 3309 rapinas
1439 3244 1869 3313 miserorumque
1893 3248 1983 3318 ὲΙει-

314 3350 323 3358 -
409 3335 625 3390 crymas
671 3322 887 3378 divitias
942 3340 1293 3397 congregant,
1346 3345 1454 3385 non
1506 3332 1527 3404 ι
1582 3333 1654 3389 al.
1720 3336 1836 3407 ne]
1874 3347 1981 3394 tam

414 3412 512 3479 ipsi
547 3413 715 3479 fures,
749 3431 910 3482 quam
963 3421 1095 3473 socii
1136 3412 1315 3475 iurum
1347 3425 1699 3493 appelfemur,
1735 3429 1975 3483 dicatur-

408 3518 515 3571 que
547 3506 699 3560 nobis
729 3520 747 3560 τ
786 3504 1007 3562 Videbas
1034 3510 1223 3579 furem,
1257 3523 1305 3566 et
1341 3516 1588 3569 currebas
1630 3533 1748 3572 cum
1800 3536 1886 3587 eo,
1932 3532 1983 3577 et

411 3610 529 3645 cum
557 3597 812 3650 adulteris
840 3602 1130 3667 portionem
1178 3612 1321 3656 tuam
1354 3609 1578 3671 ponebas
1618 3606 1791 3679 (Psal.
1826 3625 1978 3681 xm,

413 3686 525 3756 ιε).

490 3800 507 3832 ι
535 3781 737 3836 Omnes
767 3784 999 3855 diligunt
1040 3802 1287 3850 munera,
1324 3802 1624 3859 sequuntur
1667 3796 1982 3854 retributio-

411 3886 558 3925 nes.»
581 3873 635 3925 In
677 3876 920 3944 catalogo
944 3878 1197 3930 vitiorum
1223 3895 1574 3953 numerantur
1608 3886 1768 3941 etiam
1798 3890 1851 3942 bi
1884 3890 1976 3959 qui

408 3962 635 4031 diligunt
668 3981 910 4020 munera.
938 3965 1053 4019 Non
1079 3969 1235 4035 dixit,
1266 3972 1353 4038 qui
1376 3974 1682 4042 accipiunt:
1707 3978 1809 4033 hoc
1835 3980 1978 4035 enim

409 4068 552 4121 sa-pe
583 4058 909 4111 necessitate
945 4060 999 4111 lit
1034 4076 1049 4125 ;
1091 4063 1182 4114 sed
1237 4063 1326 4130 qui
1372 4076 1482 4118 non
1520 4077 1717 4135 putant
1751 4073 1980 4140 amicos,

409 4146 514 4199 nisi
546 4162 573 4198 a
616 4148 812 4215 quibus
842 4153 981 4205 dona
1033 4159 1403 4223 perceperint,
1489 4176 1589 4215 nec
1622 4178 1683 4218 os
1732 4170 1982 4225 conside-

411 4245 535 4290 rant
568 4241 885 4303 amicorum,
918 4244 1009 4294 sed
1043 4260 1259 4311 manus,
1318 4259 1373 4302 et
1439 4267 1532 4307 eos
1582 4266 1800 4315 sanctos
1828 4261 1977 4332 judi-

408 4339 557 4390 cent,
594 4345 821 4398 quorum
868 4335 1200 4393 exhauriunt
1250 4344 1583 4413 marsupium
1618 4366 1631 4401 :
1679 4349 1747 4404 de
1775 4324 1972 4422 quibus
2005 4324 2058 4386 θ

407 4428 465 4472 et
494 4421 845 4488 Ecclesiastes
883 4426 1122 4493 loquitur
1155 4446 1169 4483 :
1196 4429 1302 4497 Qui
1331 4434 1500 4504 diligit
1529 4421 1830 4513 pecuniam,
1867 4463 1970 4502 non

410 4511 709 4579 intplcbitur
757 4520 978 4582 pecunia
1037 4520 1241 4590 (Eccle.
1305 4542 1357 4595 ν,
1391 4530 1466 4600 9).
1537 4511 1843 4595 Istiusmodi
1886 4558 1972 4599 se-

407 4615 650 4673 quuntur
686 4608 1090 4677 retributiones,
1125 4624 1185 4669 ut
1211 4616 1430 4677 laudent
1459 4638 1555 4679 eos
1583 4640 1613 4679 a
1651 4632 1847 4697 quibus
1874 4637 1973 4689 ali-

485 4763 640 4845 ‘.Pro
696 4762 1347 4847 soundetounlegendum
1377 4774 1465 4829 hic
1508 4779 1688 4847 πότον,
1744 4784 1972 4845 Drusius

407 4834 735 4918 “Ol-mw”?
768 4834 1127 4927 Γ⁸¹¹-ί¹⁴ῗ¹¹ί“³¹¹ξ
1162 4855 1291 4927 5““-
1334 4842 1562 4915 ίρδοιιυυ
1621 4834 1970 4927 uternis};

410 4918 500 4973 qut
542 4915 828 4958 canuivtuttt
859 4915 1272 4973 Interpretatur.

481 4972 782 5090 'idV:t:icatl.
830 4989 928 5044 pro
955 4972 1298 5033 inobedienles
1317 4996 1337 5035 :
1367 4988 1479 5037 tum
1501 4986 1756 5057 Palatin.,
1779 4996 1971 5067 Aquila

481 5055 492 5089 :
554 5058 613 5090 en
641 5059 716 5090 es.

411 5052 716 5095 recutentes.

478 5107 619 5191 '_Vae
648 5110 811 5191 forte:
846 5112 1035 5191 Israel:
1059 5117 1223 5174 Multa
1261 5119 1447 5177 Greca
1498 5128 1658 5180 vt-rha
1707 5145 1769 5184 ac
1821 5150 1970 5188 com-

408 5181 888 5269 itiataksustulimus
936 5202 966 5238 e.
997 5188 1414 5246 Commentariis
1467 5181 1966 5269 Hieruttyttt'i,vq‘t-t-i-a

408 5247 520 5330 ipse
544 5247 1049 5330 hornmﬁverborum
1084 5276 1421 5329 nequaquam
1473 5247 1970 5330 tueminii:utiuti:

406 5316 716 5404 dicmvnobts
745 5316 950 5404 iaciunt
997 5316 1186 5383 omnes
1217 5316 1352 5385 mss.
1379 5316 1976 5404 _codices,mqhiwcon-

405 5394 965 5474 stanti-perpetuoque
996 5409 1259 5474 consensu
1295 5401 1528 5458 retinent
1570 5394 1769 5474 ubique
1814 5394 1975 5467 voces

405 5453 621 5539 graecas
643 5453 1067 5539 abhierduymo
1081 5453 1369 5539 recitatas
1441 5453 1834 5532 chorea—eras.
1849 5453 1975 5533 '55:

405 5523 615 5615 dli-tilias
640 5523 1033 5615 abjlic‘iantp'ut
1080 5534 1182 5615 hoc
1218 5536 1360 5615 loco,
1388 5523 1966 5615 'oidifoiTéjtitiie}

404 5590 645 5664 Ἰσραήλ.
691 5590 801 5651 Hac
844 5590 1193 5665 praemonitus
1236 5590 1964 5675 Lébior"Sittitiadi’éiéibiié

2086 3053 2304 3122 (Matth.
2332 3070 2492 3122 unt,
2522 3056 2588 3110 15
2616 3058 2811 3128 seqq.).
2850 3058 2916 3111 Et
2948 3058 2997 3111 in
3023 3057 3130 3111 alio
3160 3057 3278 3113 loco
3322 3076 3337 3114 :
3374 3058 3654 3116 Generatio

2111 3147 2353 3200 adultera
2383 3157 2431 3201 et
2459 3164 2695 3213 perversa
2742 3149 2946 3217 signum
2977 3149 3165 3218 qurerit
3200 3164 3218 3201 :
3238 3158 3285 3203 et
3310 3150 3517 3232 signum
3546 3164 3653 3204 non

2084 3240 2303 3293 dabitur
2344 3243 2411 3307 ei,
2466 3242 2570 3295 nisi
2626 3243 2833 3312 signum
2880 3243 3035 3297 laute
3092 3244 3353 3311 propheta:
3408 3243 3651 3314 (Matth.

2083 3347 2185 3394 xu,
2219 3332 2333 3402 59).
2374 3331 2588 3404 Plangit
2616 3345 2794 3388 autem
2826 3332 3278 3389 clementissimus
3305 3342 3458 3402 pater
3497 3337 3655 3404 prin-

2085 3424 2231 3490 cipes
2263 3425 2635 3493 delinquentes
2685 3434 2739 3478 et
2775 3426 2957 3480 hostes
2986 3441 3113 3481 suos
3157 3436 3331 3491 vocat,
3359 3437 3413 3481 et
3464 3428 3652 3481 inimi-

2084 3529 2179 3569 cos
2208 3516 2463 3583 appellat,
2517 3515 2659 3583 quod
2706 3525 2951 3584 pereant,
3001 3530 3067 3570 eo
3096 3515 3237 3585 quod
3270 3518 3444 3571 nolint
3489 3532 3652 3588 agere

2084 3607 2482 3676 paenitentiam,
2519 3609 2658 3678 quod
2694 3623 2753 3663 se
2798 3610 3096 3664 venientem
3129 3624 3235 3663 non
3288 3614 3645 3680 susceperint.

2084 3699 2542 3769 ApprOpinquaus
2586 3700 2729 3754 enim
2772 3692 3097 3767 Jerusalem,
3156 3700 3325 3766 ﬂevit,
3364 3713 3418 3757 et
3446 3704 3580 3757 dixit
3626 3721 3644 3760 :

2082 3793 2402 3860 Jerusalem,
2426 3794 2873 3864 Jerusalem,qua:
2900 3796 3094 3850 occidis
3116 3798 3416 3865 prophetas,
3441 3809 3486 3850 et
3508 3798 3647 3865 lupi-

2084 3888 2185 3940 das
2232 3902 2320 3939 eos
2347 3888 2437 3954 qui
2466 3888 2534 3939 ad
2563 3897 2611 3940 te
2660 3888 2810 3940 missi
2834 3900 2977 3953 sunt,
3001 3890 3202 3956 quoties
3250 3889 3391 3944 ualui
3433 3905 3652 3958 congre-

2081 3994 2207 4048 gare
2240 3978 2378 4045 ﬁlios
2411 3988 2551 4040 tuos,
2581 3978 2714 4032 sicut
2747 3978 2947 4047 gallina
2972 3980 3144 4049 pullos
3171 3995 3312 4048 suos,
3339 3990 3386 4033 et
3426 3981 3648 4035 noluisti

2084 4068 2302 4139 (Matth.
2334 4086 2489 4129 χχιιι.
2514 4071 2603 4141 ’57)
2630 4072 2641 4123 l
2670 4071 2983 4128 Consolatio
3015 4088 3143 4143 ergo
3171 4074 3261 4128 Dei
3289 4089 3455 4144 super
3509 4077 3644 4131 hos-

2084 4163 2226 4217 tibus
2248 4163 2366 4231 ejus
2394 4174 2447 4218 et
2492 4164 2726 4218 inimicis
2781 4176 2918 4222 est:
2975 4168 3151 4235 utqui
3200 4182 3306 4222 non
3356 4180 3645 4225 senserunt

2086 4253 2373 4320 beneﬁcia,
2397 4257 2680 4325 suppliciis
2714 4258 3076 4329 corrigantur.

2153 4366 2491 4438 (Vers.25.)
2535 4388 2554 4421 ι
2618 4370 2685 4424 Et
2713 4382 3026 4428 convertam
3080 4387 3296 4428 manum
3344 4389 3515 4427 meam
3573 4377 3640 4430 ad

2082 4468 2171 4524 te;
2223 4468 2276 4513 et
2328 4473 2627 4530 excoquam
2660 4464 2727 4516 ad
2756 4478 2948 4531 purum
2978 4465 3207 4519 scoriam
3240 4476 3406 4527 tuam,
3454 4476 3506 4521 et
3542 4482 3642 4521 au-

2080 4545 2250 4602 feram
2307 4564 2468 4605 omne
2514 4562 2764 4607 stannum
2823 4561 2995 4608 tuum.
3052 4572 3072 4608 ι
3119 4554 3223 4611 Pro
3268 4558 3465 4623 scoria,
3496 4558 3641 4624 quod

2085 4640 2475 4711 interpretatus
2504 4654 2587 4699 est
2637 4647 2659 4679 ⁸
2698 4644 3077 4715 Symmachus,
3108 4649 3301 4718 Aquila
3336 4649 3638 4719 στέμφυλε,

2072 4812 2192 4874 non
2219 4796 2463 4865 requirat
2491 4796 2661 4853 Notas
2691 4800 2992 4874 nostrasin
3023 4805 3417 4874 consequentia
3451 4805 3636 4862 Grn'tn

2072 4869 2460 4938 additgnneuta,
2494 4883 2613 4937 qua:
2647 4880 2772 4922 sunt
2804 4869 3227 4938 copiosissimaf
3254 4875 3544 4931 ΜΑιιτιΑΝί

2145 4935 2167 5013 ξ
2198 4937 2333 5013 [τρε
2362 4935 2526 5001 πηδε.,“
2546 4940 2820 5013 principes
2852 4935 3078 5010 quosque
3109 4945 3324 5013 corripi.

2144 5006 2166 5037 ⁸
2218 5005 2485 5082 corrupte
2542 5005 2907 5082 Martiauaans,
2942 5005 3196 5082 nullaque
3238 5005 3416 5067 addita
3466 5015 3636 5071 inter-

2078 5075 2386 5152 punctionis
2430 5085 2576 5139 nota,
2618 5078 2993 5152 interpretatus
3021 5075 3127 5152 esi
3186 5082 3534 5152 Symmachus
3581 5099 3632 5140 et

2075 5143 2289 5219 Aquila,
2324 5154 2455 5207 etc.,
2496 5153 2553 5219 ut
2579 5150 2842 5216 axmpiav,
2888 5150 3032 5216 quod
3062 5143 3365 5219 Symm'achi
3408 5163 3510 5217 est,
3548 5158 3634 5210 hic

2088 5226 2189 5265 nec
2237 5214 2564 5287 §ytttn_taclto
2614 5214 2821 5287 revera,
2863 5214 2959 5270 nec
3006 5214 3209 5287 Aquila:
3264 5214 3633 5280 tribueretur:

2085 5295 2203 5347 quae
2235 5282 2334 5334 luit
2382 5284 2558 5348 doctis
2595 5286 2725 5338 viris
2756 5288 2958 5339 erroris
2987 5282 3169 5342 causa.
3204 5287 3325 5345 -Nos
3351 5304 3396 5343 et
3447 5296 3631 5348 vocula

2084 5354 2151 5403 ad
2198 5351 2427 5403 Palatin.
2467 5351 2626 5431 (idem
2670 5355 2902 5433 sublata,
2946 5371 3162 5433 sensum
3212 5362 3289 5433 ad_
3319 5360 3629 5433 Hieronymi

2085 5431 2318 5490 tuentem
2341 5422 2642 5490 exegimus.
2690 5423 2950 5477 Eusebius
2982 5426 3033 5478 in
3089 5428 3230 5483 hunc
3278 5430 3452 5484 locutu
3487 5422 3635 5486 ε’Διὸ

2085 5489 2228 5568 irata
2265 5490 2354 5568 τᾲν
2384 5491 2680 5568 Σύμμᾳχον
2714 5493 2949 5568 simul,
2984 5496 3093 5568 Ιςᾳὶ
3132 5500 3373 5568 πυρώσω
3421 5502 3501 5562 εις
3538 5517 3638 5556 κα.-

2085 5556 2247 5641 alpini
2270 5562 2367 5641 τεὴν
2404 5556 2644 5641 saepe.»
2675 5556 2791 5641 dou?
2820 5556 2961 5641 Βιατᾲ
3001 5565 3057 5618 δὲ
3108 5568 3195 5641 rev
3215 5556 3631 5641 ’ξΛκύλιν’(ιθε.

2082 5627 2461 5700 Θεοδοτίωνα),
2494 5632 2601 5684 Καὶ
2642 5632 2877 5701 πυρώσω
2915 5636 2991 5696 εἰς
3054 5638 3292 5708 καθαρὸν
3334 5641 3391 5689 τὸ
3439 5627 3635 5710 wing;-
