3962 6192
518 134 588 198 43
1680 129 1737 188 S.
1775 126 2079 190 EUSEBH
2119 126 2550 188 HlERONYMl
3692 128 3732 187 ll

518 243 698 300 omnia
729 254 889 312 opera
921 256 1038 311 quae
1081 241 1307 308 iaciunt,
1338 239 1453 294 sive
1482 244 1534 293 ct
1563 228 1761 293 idolum
1793 247 1847 294 et
1873 236 2087 293 Jerusa-
2116 242 2161 297 Α
2190 246 2348 291 caute
2381 234 2548 291 Jacob
2585 234 2720 290 lilios
2770 249 2898 292 suos
2944 246 3107 305 atque
3153 235 3375 292 dicente
3428 255 3445 291 :
3493 234 3664 292 Venite
3702 262 3736 295 ιι

514 338 643 403 lem,
676 335 735 389 in
778 349 881 404 qua
932 326 1132 389 idolum
1164 333 1264 387 luit
1297 349 1309 387 :
1342 341 1397 387 et
1441 334 1804 405 succendente
1834 330 2081 389 Domino,

516 427 700 482 nullus
724 426 1072 496 exstinguere
1100 425 1314 494 poterit.
1340 424 1467 490 Qure
1493 424 1672 478 omnia
1702 425 1766 477 de
1794 421 2085 476 contrariis

514 534 732 589 quoque
779 517 1119 587 dogmatibus
1160 517 1408 586 accipere
1456 531 1745 585 possumus
1788 532 1802 568 :
1844 514 1985 584 quod
2033 521 2088 567 et

517 611 760 683 magistri
796 620 851 665 et
879 609 1128 678 discipuli
1164 609 1369 679 pariter
1400 614 1645 678 pereant,
1677 619 1731 661 et
1758 619 1920 661 omne
1950 619 2087 675 opus

514 718 701 759 eorum
732 702 868 770 ignis
897 701 1143 773 pabulum
1176 701 1270 756 sit.

588 792 744 865 (Cap.
774 792 838 851 ll.
862 824 930 836 -
951 795 1105 860 Vers.
1140 793 1217 866 Ι.)
1254 813 1275 847 s
1310 794 1546 851 Verbum
1575 793 1716 863 quod
1748 791 1878 846 vidit
1902 791 2086 853 Isaias,

519 887 660 942 lilius
708 888 873 941 Amos
925 878 1089 956 super
1139 886 1336 941 Judam
1386 895 1441 941 et
1484 885 1807 941 Jerusalem.
1860 903 1879 937 t
1918 882 1983 938 Et
2036 883 2087 937 in

515 980 680 1050 priori
725 979 979 1045 Visione,
1013 995 1177 1048 quam
1224 977 1339 1046 jam
1386 978 1765 1048 exposuimus,
1802 977 1890 1032 ubi
1942 975 2085 1031 LXX

512 1071 848 1141 interpretati
895 1082 1047 1136 sunt,
1078 1088 1236 1141 quam
1286 1071 1413 1126 uidit
1464 1080 1649 1125 contra
1681 1070 1697 1101 ¹
1739 1069 1989 1124 Judteam
2036 1077 2084 1123 et

512 1173 694 1218 contra
740 1162 1077 1230 Jerusalem,
1127 1165 1179 1216 in
1230 1161 1499 1217 llebraico
1526 1165 1547 1195 ³
1599 1162 1857 1232 scriptum
1897 1170 1980 1216 est
2024 1176 2090 1215 At.

516 1272 643 1313 suos
698 1271 1034 1313 ussnusttstt
1083 1241 1320 1327 (almum
1376 1263 1540 1315 rma?
1596 1237 1735 1325 I717):
1775 1265 1830 1308 et
1883 1254 1935 1308 in
1989 1254 2089 1308 hac

515 1364 635 1418 quzc
664 1349 897 1404 secunda
941 1357 1044 1416 est,
1080 1349 1133 1402 in
1167 1348 1436 1404 Hebraico
1464 1347 1714 1403 similiter
1750 1347 2085 1402 continetur.

517 1442 584 1497 Et
634 1442 804 1496 miror
849 1456 945 1498 cur
990 1441 1133 1497 LXX
1182 1442 1516 1513 lntorpretes
1565 1444 1616 1497 in
1669 1442 1758 1497 illa
1816 1443 2090 1509 dixerint,

515 1545 702 1587 contra
728 1531 976 1590 Judaeum
1009 1544 1057 1587 et
1086 1531 1407 1595 Jerusalem,
1437 1534 1569 1588 etin
1598 1533 1700 1588 hac
1727 1533 1794 1588 de
1819 1532 2015 1589 Judtea
2041 1542 2089 1587 et

511 1627 576 1679 de
615 1623 947 1690 Jerusalem;
982 1623 1083 1679 nisi
1116 1623 1260 1680 lorte
1313 1626 1438 1695 quia
1495 1625 1566 1679 ibi
1614 1626 1916 1694 appellatur
1950 1639 2089 1693 gens

510 1717 808 1785 peccatrix,
856 1716 1080 1786 populus
1118 1717 1309 1783 plenus
1361 1716 1621 1785 peccatis,
1676 1730 1861 1771 semen
1912 1715 2089 1787 pessi-

511 1824 681 1874 mum,
718 1810 810 1863 lilii
853 1811 1175 1880 iniquitatis,
1210 1818 1266 1864 et
1300 1810 1571 1878 principes
1606 1809 1993 1871 Sodomorum,
2028 1824 2092 1865 ac

512 1902 742 1971 populus
771 1901 1087 1957 Gontorrba:
1134 1910 1189 1956 ct
1239 1901 1435 1958 civitas
1481 1902 1759 1967 meretrix,
1804 1913 1857 1955 et
1893 1912 2089 1957 caetera

514 1990 844 2056 istiusmodi,
877 2004 1098 2045 sensum
1149 1990 1318 2059 magis
1365 2004 1526 2059 quam
1560 1988 1782 2043 verbum
1823 1990 2093 2056 interpre-

517 2083 614 2136 tati
641 2093 763 2137 sunt
793 2098 809 2132 :
832 2091 887 2135 et
909 2081 996 2136 hic
1023 2081 1150 2151 quia
1175 2082 1357 2135 statim
1384 2094 1636 2149 prospera
1660 2079 2048 2148 promittuntur
2075 2094 2090 2132 :

518 2173 636 2227 Erit
670 2173 724 2225 in
770 2171 1067 2226 novissimis
1099 2171 1280 2224 diebus
1310 2170 1629 2238 manifestus
1663 2183 1813 2221 mons
1857 2168 2089 2233 Domini,

513 2273 564 2319 et
596 2267 785 2319 domus
832 2264 932 2319 Dei
974 2267 1027 2317 in
1074 2265 1377 2319 summitate
1430 2263 1715 2327 montium,
1765 2276 1869 2315 non
1902 2271 2091 2315 contra

515 2355 755 2410 Juda‘am
808 2363 861 2410 et
907 2350 1236 2422 Jerusalem,
1268 2355 1362 2410 sed
1398 2355 1463 2409 de
1491 2342 1673 2409 Judtea
1706 2362 1760 2408 et
1789 2351 2091 2408 Jerusalem

513 2448 852 2519 prophetiam
885 2448 1267 2503 intellexerunt
1299 2467 1311 2503 :
1342 2463 1466 2503 cum
1498 2456 1552 2502 et
1585 2447 1636 2501 in
1667 2447 1754 2502 illa
1800 2446 2092 2514 legerimus

515 2550 638 2610 post
688 2540 1165 2595 conuuinationem
1218 2556 1475 2610 prospera
1509 2558 1523 2594 :
1558 2538 1852 2593 Restituam
1882 2538 2089 2606 judices

516 2643 656 2697 tuos,
682 2641 737 2683 ut
773 2629 986 2698 fuerunt
1011 2630 1181 2698 prius,
1213 2642 1258 2682 et
1286 2628 1619 2682 consiliarios
1648 2638 1764 2681 tuos
1792 2628 1926 2680 sicut
1952 2628 2095 2680 anti-

515 2700 692 2788 quitus
720 2735 739 2773 :
765 2728 878 2788 post
907 2722 1018 2773 lucc
1049 2719 1308 2772 vocaberis
1335 2718 1520 2773 civitas
1543 2716 1702 2786 justi,
1737 2716 1861 2770 urbs
1889 2716 2091 2785 ﬁdelis;

515 2821 570 2864 ct
605 2812 655 2864 in
692 2810 821 2877 ista,
869 2820 992 2879 post
1042 2826 1322 2880 prospera,
1361 2811 1664 2866 truculenta
1694 2812 1758 2865 sit
1795 2810 2094 2867 comminao

2188 327 2493 382 annuntiem
2527 328 2671 382 vobis
2702 328 2829 395 quid
2864 329 3098 397 futurum
3134 330 3204 381 sit
3236 331 3290 382 in
3324 333 3637 385 novissimis
3661 337 3735 391 die

2188 420 2281 472 bus
2326 418 2474 489 (Gen.
2510 436 2658 480 χιιι.
2694 421 2744 490 l)
2777 438 2791 475 :
2824 430 3011 489 postea
3043 422 3107 473 ad
3140 420 3366 487 ludam,
3394 425 3474 475 de
3508 428 3659 491 cujus
3688 447 3742 482 se-

2190 511 2335 565 mine
2362 520 2515 565 ortus
2541 510 2815 579 Christus,
2848 514 3046 567 dixerit
3076 530 3091 567 :
3127 512 3251 567 Non
3276 517 3503 584 deﬁciet
3555 522 3741 583 princes:

2188 619 2251 657 ex
2278 601 2442 668 Juda,
2479 619 2641 672 neque
2678 606 2789 657 dua:
2814 611 2877 657 de
2908 604 3193 672 femoribus
3221 608 3362 677 ejus,
3388 608 3577 661 donec
3615 618 3743 664 cestu

2187 694 2275 748 cui
2306 696 2590 763 repositum
2622 707 2697 749 est
2725 711 2743 749 :
2767 706 2813 750 et
2845 699 2956 766 ipse
3002 699 3101 751 erit
3146 702 3485 765 exspectatio
3538 702 3744 769 gentia.

2189 785 2247 840 In
2284 786 2366 839 bis
2405 787 2717 845 novissimis
2762 788 2956 843 diebus
3004 790 3109 843 erit
3154 788 3285 843 hora
3328 792 3670 855 novissima,
3702 797 3742 847 de

2189 893 2293 947 qua
2320 876 2555 934 Joannes
2586 877 2876 949 Apostolus
2906 880 3144 948 loquitur
3170 899 3185 936 :
3212 879 3403 936 Filioli
3451 882 3589 946 mei,
3621 886 3742 937 soru-

2189 971 2326 1025 sima
2351 970 2479 1024 hora
2508 981 2588 1023 est
2620 969 2706 1041 (ll
2737 969 2899 1026 Joan.
2928 987 2969 1036 ι,
3002 973 3120 1040 l8);
3150 972 3203 1026 in
3229 987 3334 1042 qua
3366 975 3739 1044 abscisuslapis

2191 1061 2258 1117 de
2287 1069 2466 1116 monte
2487 1063 2607 1117 sine
2638 1063 2909 1130 manibus,
2933 1066 3107 1119 crevit
3133 1067 3186 1118 in
3220 1074 3477 1120 montem
3511 1081 3728 1135 mm,

2191 1164 2243 1209 et
2281 1155 2506 1223 replevit
2532 1170 2747 1211 onmem
2785 1165 2983 1211 terram
3013 1173 3028 1211 :
3056 1171 3086 1211 a
3130 1172 3239 1227 quo
3274 1158 3551 1227 princeps
3580 1158 3735 1228 Tyriis

2192 1244 2475 1300 Ezechiele
2499 1246 2699 1300 dlt‘lllll‘
2722 1248 3037 1303 vulneratus
3065 1248 3284 1319 (Ezech.
3320 1265 3445 1312 vni,
3483 1250 3581 1311 16.
3603 1267 3742 1303 seem

2192 1339 2321 1392 dum
2364 1337 2551 1409 LXX).
2587 1336 2685 1394 Hic
2721 1354 2879 1394 mons
2923 1341 2977 1395 in
3024 1341 3187 1396 domo
3220 1341 3443 1397 Domini
3482 1352 3596 1405 est,
3626 1356 3746 1411 qua

2193 1429 2458 1498 Propheta
2488 1430 2746 1499 suspirat,
2774 1430 2963 1486 dicens
2992 1447 3008 1486 :
3034 1432 3056 1464 '
3081 1428 3252 1485 Unum
3282 1432 3450 1501 petivi
3479 1449 3516 1485 α
3549 1432 3749 1495 Domina,

2194 1522 2292 1576 hoc
2320 1522 2582 1591 requiram
2607 1536 2626 1576 :
2654 1533 2707 1575 ut
2744 1522 3026 1576 inhabilem
3055 1524 3110 1577 in
3139 1523 3295 1577 domo
3323 1523 3576 1590 Domini,
3610 1541 3749 1596 om

2193 1616 2305 1670 dies
2339 1618 2455 1670 vita:
2481 1630 2609 1668 mete
2631 1614 2802 1686 (Psal.
2829 1628 2977 1681 nrt,
3002 1615 3058 1685 ι)
3078 1632 3095 1683 ;
3116 1624 3169 1670 et
3191 1615 3258 1670 de
3281 1631 3390 1686 qua
3416 1616 3633 1671 Paulus
3656 1617 3753 1669 srri-

2195 1707 2268 1761 bit
2304 1706 2371 1761 ad
2403 1705 2749 1761 Timotheum
2783 1724 2795 1760 :
2833 1704 2931 1761 Sin
2977 1717 3151 1759 autem
3197 1708 3515 1773 tardavero,
3552 1720 3608 1761 ut
3652 1710 3752 1762 sris:

2194 1801 2453 1869 quomodo
2490 1809 2539 1852 te
2572 1807 2811 1867 aporteat
2853 1801 3153 1852 conversari
3201 1798 3254 1851 in
3300 1801 3466 1854 domo
3515 1797 3639 1863 Dei,
3668 1814 3755 1867 qu

2194 1900 2273 1947 est
2322 1890 2560 1945 Ecclesia
2612 1891 2709 1944 Dei
2747 1890 3257 1960 viventis,_columna
3296 1900 3345 1944 et
3378 1891 3755 1960 ﬁrmamenta

2194 1986 2428 2041 veritatis
2461 1983 2513 2055 (Ι
2549 1984 2687 2041 Tim.
2736 1999 2819 2050 ttt,
2858 1955 3130 2055 15).[Tl:ec
3156 1984 3352 2039 domus
3378 1955 3667 2038 sedilium
3699 1992 3757 2038 est

2196 2095 2356 2148 super
2389 2079 2802 2134 fundamentum
2837 2080 3215 2148 Apostolorum
3253 2090 3309 2134 et
3357 2079 3757 2156 Prophetarum,

2195 2171 2287 2239 qui
2320 2179 2375 2224 et
2410 2170 2507 2237 ipsi
2546 2178 2763 2225 montes
2806 2179 2972 2235 sunt,
3020 2168 3176 2238 quasi
3223 2170 3542 2225 imitatores
3588 2170 3757 2224 Christi

2196 2262 2411 2333 (Ep/tes.
2464 2260 2549 2330 tt).
2600 2262 2673 2316 De
2730 2264 2828 2316 hac
2877 2264 3038 2316 domo
3074 2262 3096 2292 ⁸
3144 2259 3443 2315 Jerusalem
3497 2260 3761 2315 Psaltnists

2194 2354 2499 2409 conclamat
2532 2355 2757 2408 dicens:
2789 2352 2891 2418 Qui
2942 2352 3211 2423 conﬁdunt
3258 2356 3315 2407 in
3367 2353 3607 2408 Domino
3652 2356 3760 2406 sitat

2195 2462 2343 2500 mons
2369 2445 2517 2506 Sion,
2551 2462 2656 2499 non
2682 2447 3091 2500 commovebitur
3120 2447 3171 2499 in
3200 2455 3481 2512 retentum,
3520 2450 3618 2516 qui
3642 2446 3762 2498 bati-

2198 2547 2275 2591 tnt
2309 2541 2361 2611 in
2394 2537 2712 2596 Jerusalem.
2748 2537 2952 2592 Montes
2977 2540 3029 2593 in
3068 2540 3288 2591 circuitu
3319 2538 3432 2606 ejus
3461 2552 3483 2589 :
3513 2549 3571 2591 et
3603 2537 3761 2591 Domi-

2198 2647 2294 2684 nus
2348 2632 2401 2683 in
2452 2632 2678 2684 circuitu
2730 2629 2912 2699 papuli
2951 2630 3035 2683 sui
3067 2627 3242 2698 (Psal.
3289 2645 3474 2694 cntv,
3520 2631 3600 2695 Ι).
3637 2627 3765 2683 Unde

2197 2732 2250 2775 et
2275 2737 2440 2791 super
2469 2736 2636 2775 unum
2665 2724 2931 2775 montium
2954 2720 3206 2775 Christus
3234 2719 3423 2773 fundat
3454 2720 3761 2777 Ecclesiauz,

2197 2824 2251 2868 et
2282 2814 2523 2881 loquitur
2573 2815 2639 2866 ad
2691 2828 2811 2867 eum
2845 2830 2859 2867 :
2900 2811 2978 2865 Tu
3013 2829 3066 2865 es
3107 2811 3316 2875 Petrus,
3347 2822 3397 2866 et
3442 2828 3612 2882 super
3654 2811 3766 2861 haec

519 2904 614 2957 tio.
654 2900 788 2957 Ecce
819 2900 1123 2956 dominator
1152 2901 1406 2956 Dominus
1441 2902 1766 2957 exercituum
1795 2901 1999 2970 auferet
2028 2902 2093 2956 ab
2119 2917 2167 2981 ο
2196 2912 2399 2974 petram
2448 2904 2721 2972 wdiﬁcabo
2760 2901 3048 2957 Ecclesium
3084 2916 3247 2956 meam
3276 2917 3296 2955 :
3324 2912 3374 2955 et
3411 2912 3588 2969 porta:
3632 2898 3769 2970 inferi

516 2991 811 3048 Jerusalem
844 3002 891 3048 et
920 2994 987 3047 ab
1013 2992 1047 3047 J
1055 2994 1159 3048 uda
1183 2994 1418 3048 validum
1444 3003 1493 3048 et
1520 2995 1728 3064 fortem,
1758 3010 1906 3048 antae
1934 2994 2093 3047 robur

517 3087 695 3157 panis,
725 3094 774 3139 et
821 3103 972 3141 omne
1026 3087 1185 3140 robur
1213 3102 1385 3156 aqum,
1415 3096 1470 3141 et
1507 3087 1736 3156 reliqua,
1773 3086 1914 3155 Ergo
1941 3086 2094 3155 juxta

520 3175 841 3231 llehrainunt
877 3186 930 3231 t'l.
979 3180 1030 3231 in
1081 3177 1169 3231 illa
1206 3179 1434 3243 visione,
1479 3189 1535 3232 et
1573 3179 1624 3231 itt
1676 3161 1791 3233 isto
1824 3192 2095 3244 sermone,

515 3285 679 3338 quem
710 3267 841 3322 vidit
876 3267 1066 3331 Isaias,
1099 3268 1242 3324 illius
1275 3272 1462 3331 Amos,
1492 3270 1559 3323 de
1595 3268 1735 3323 Juda
1782 3280 1835 3324 et
1877 3268 2098 3325 Jerusa-

520 3360 621 3412 lem
661 3359 1060 3429 intelligcmhun
1091 3370 1220 3413 est:
1251 3376 1353 3412 nou
1406 3369 1590 3414 contra
1635 3357 1874 3413 Judasam
1911 3367 1965 3413 ct
2009 3356 2099 3413 Je-

520 3452 754 3505 rusalem
783 3469 799 3505 :
833 3453 916 3506 vel
966 3460 1061 3522 pro
1107 3452 1240 3508 Jnda
1293 3462 1348 3507 et
1394 3452 1723 3516 Jerusalem,
1754 3463 1811 3507 ut
1843 3452 2099 3524 Symma-

519 3545 654 3599 chus
686 3545 957 3600 transtulit
987 3563 1001 3598 :
1035 3546 1129 3600 sed
1163 3546 1429 3609 absolute,
1462 3545 1529 3600 de
1557 3546 1660 3616 31
1692 3544 1829 3601 Juda
1861 3556 1913 3602 et
1942 3546 2100 3602 Jeru-

520 3637 715 3703 salem,
752 3638 802 3690 iu
833 3652 940 3717 quo
986 3647 1214 3707 possunt
1259 3649 1314 3692 et
1348 3638 1466 3694 lana
1512 3652 1563 3693 et
1602 3642 1774 3696 tristia
1803 3642 2096 3696 contineri.

519 3729 585 3783 Et
622 3729 722 3783 hoc
754 3730 1231 3794 considerandum,
1270 3732 1396 3802 quia
1448 3732 1520 3787 ibi
1570 3733 1830 3789 visionem
1884 3734 2097 3799 videat;

520 3822 609 3876 hic
640 3820 898 3887 Verbum,
929 3823 1073 3893 quod
1101 3832 1220 3878 erat
1253 3824 1305 3877 in
1334 3825 1601 3895 principio
1633 3825 1772 3893 apud
1806 3823 1971 3878 Deum
2009 3835 2104 3889 ;et

519 3916 573 3968 in
608 3915 693 3969 illa
736 3915 939 3971 Jttdzuis
986 3917 1327 3970 comminans
1367 3921 1431 3970 ad
1475 3917 1716 3987 gentium
1747 3917 1928 3970 veniat
1956 3916 2101 3972 salu-

522 4018 661 4073 tetu;
714 4008 766 4061 in
819 4009 921 4062 ista
956 4024 984 4062 a
1038 4012 1277 4077 gentium
1334 4008 1506 4063 salute
1558 4008 1856 4075 incipiens,
1914 4008 2105 4076 punito

523 4099 713 4165 Israel,
752 4115 815 4154 ex
870 4109 1102 4169 utraque
1152 4099 1432 4155 vocatione
1479 4098 1762 4153 credentes
1815 4099 1867 4153 in
1899 4097 2103 4154 Christi

526 4190 826 4245 Ecclesium
860 4202 1170 4260 congreget.

2195 3011 2298 3049 nou
2343 2996 2699 3064 prtevulebunt
2733 2996 2984 3049 adversus
3028 3011 3143 3048 eam
3179 2994 3515 3064 (Mattiaxvt,
3550 2995 3661 3064 18).
3696 2993 3769 3044 Si-

2200 3090 2326 3143 mile
2357 3090 2483 3157 quid
2520 3088 2587 3141 ad
2622 3088 3023 3142 desiderantem
3051 3089 3283 3141 animam
3315 3101 3495 3150 suam,
3531 3101 3588 3143 et
3617 3087 3768 3155 impa-

2202 3183 2399 3234 tienter
2425 3183 2643 3235 domum
2670 3179 2765 3235 Dei
2794 3180 2974 3235 videre
3001 3182 3327 3251 cupientem,
3358 3169 3587 3234 sanctus
3613 3178 3770 3248 loqui-

2202 3283 2287 3325 tur
2316 3289 2332 3327 :
2366 3272 2539 3338 Quare
2560 3274 2730 3327 tristis
2754 3289 2828 3337 es,
2853 3275 3035 3327 anima
3070 3289 3209 3336 mea,
3232 3283 3280 3326 et
3299 3288 3467 3338 quare
3499 3272 3770 3326 conturbas

2200 3380 2279 3417 me
2303 3364 2484 3431 (Psal.
2509 3379 2619 3429 xu,
2639 3364 2815 3435 6)?Et
2844 3367 3038 3418 iterum
3061 3381 3075 3418 :
3101 3363 3227 3418 "th
3251 3366 3566 3418 recordatus
3599 3379 3705 3417 sm
3723 3370 3766 3414 et

2202 3457 2366 3526 effudi
2390 3457 2444 3509 in
2475 3472 2554 3510 me
2583 3457 2817 3509 animam
2846 3471 3013 3510 meam
3043 3472 3062 3511 :
3087 3472 3335 3525 quoniam
3367 3459 3695 3523 pet-transibo
3718 3455 3767 3506 in

2201 3550 2372 3601 locum
2398 3545 2505 3616 32
2536 3544 2870 3599 tabernaculi
2916 3546 3248 3601 admirabilis
3278 3563 3444 3615 usque
3472 3548 3544 3600 ad
3573 3547 3768 3600 domum

2208 3639 2302 3693 Dei
2327 3655 2347 3693 .'
2376 3640 2431 3690 in
2473 3653 2595 3691 uoce
2622 3639 2995 3691 exsultationis
3031 3647 3078 3690 et
3104 3637 3449 3705 confessionis
3478 3632 3640 3690 sonus
3663 3651 3775 3701 eps-

2202 3734 2427 3786 lautium
2462 3730 2652 3802 (lbid.,
2700 3732 2776 3798 5).
2828 3730 2992 3796 LXX,
3038 3730 3375 3802 Manifestum
3412 3741 3643 3783 montem
3685 3727 3763 3780 Do-

2202 3826 2352 3889 tnini,
2382 3835 2432 3879 et
2459 3826 2670 3878 domum
2707 3825 2803 3877 Dei
2836 3809 3194 3891 superrapita
3240 3801 3520 3886 montium,
3552 3830 3775 3875 transtu-

2205 3919 2406 3973 lerunt.
2433 3920 2585 3982 Quod
2618 3919 2985 3971 testimonium
3017 3917 3216 3970 eisdem
3249 3917 3424 3969 verbis
3454 3926 3507 3969 et
3535 3915 3772 3969 Mirha—as

2204 4012 2463 4082 pr0pheta
2489 4012 2666 4080 posuit
2688 4030 2701 4066 :
2723 4027 2841 4081 qua:
2868 4013 2918 4064 in
2942 4025 3041 4065 suo
3077 4011 3195 4064 loco
3234 4010 3459 4078 exposui
3486 4011 3688 4078 (Mich.
3714 4015 3774 4074 ι).

2281 4127 2299 4160 σ
2342 4107 2405 4161 Ει
2436 4107 2737 4163 elevabitur
2785 4122 2947 4175 super
2977 4105 3164 4160 colles.
3216 4124 3232 4155 ι
3274 4104 3375 4170 Qui
3414 4104 3469 4157 in
3515 4102 3777 4171 capitibus

2211 4199 2477 4253 montium
2512 4209 2771 4253 ostensus
2809 4208 2894 4252 est
2919 4207 2975 4251 et
3010 4204 3249 4263 paratus,
3284 4197 3385 4249 lSle
3417 4208 3591 4262 super
3635 4192 3780 4246 colles

599 4278 782 4347 (vers.
814 4278 894 4349 2.)
933 4298 951 4330 ι
976 4259 1052 4333 ίΕι
1082 4279 1185 4333 erit
1231 4280 1281 4333 in
1328 4280 1637 4335 novissimis
1677 4281 1870 4337 diebus
1899 4296 2104 4352 praepa-
2143 4259 2184 4312 θ
2214 4290 2529 4344 elevabitnr.
2586 4290 2656 4342 De
2687 4289 2881 4358 quibus
2933 4259 3206 4342 montibus
3247 4277 3313 4339 ’ρι
3360 4259 3596 4339 collibus
3644 4295 3697 4336 et
3738 4282 3777 4333 in

529 4384 677 4427 ratus
728 4387 885 4427 mons
927 4374 1118 4426 domus
1164 4373 1375 4428 Domini
1426 4374 1476 4425 in
1508 4374 1708 4428 vertice
1759 4374 2044 4428 montium.
2085 4392 2103 4424 ι

526 4463 864 4523 Novissimos
915 4465 1032 4520 dies
1065 4477 1119 4521 et
1167 4467 1221 4520 in
1268 4466 1465 4522 Genesi
1514 4469 1758 4539 legimus,
1800 4466 1966 4537 quod,
2019 4483 2114 4522 vo-

609 4648 828 4717 ‘lhdat.
870 4645 1116 4700 nonnihil
1160 4645 1583 4717 rectius.Judnh
1617 4645 2000 4701 Ultirusalat'm.

593 4715 926 4787 .‘VScriptuna
960 4726 1059 4779 est,
1095 4727 1200 4787 etc.
1253 4715 1342 4770 Sic
1385 4716 1573 4787 legunt
1614 4718 1941 4785 evemplaria
1977 4731 2105 4772 mss.

534 4805 650 4856 orta:
680 4784 1065 4856 aspirationem
1119 4786 1318 4838 habent
1368 4798 1493 4839 ante
1530 4784 1880 4854 Ujerusalem,
1919 4801 2113 4856 nempe

541 4860 941 4927 llujerusalem;
1005 4872 1189 4917 more,
1257 4865 1313 4909 ut
1371 4857 1478 4923 jam
1538 4859 1807 4921 diximus,
1874 4866 2111 4910 veterum

541 4932 817 4981 ltiti-urunt.
863 4929 1130 4982 MARTIAN.

614 4997 630 5025 ³
675 4995 837 5049 Unum
889 5001 1061 5062 petivi,
1101 5010 1205 5053 etc.
1266 4995 1380 5050 Hoc
1427 4997 1587 5056 modo
1631 4996 1762 5062 legit
1811 4995 2004 5063 smpius
2054 4995 2109 5050 iu

542 5066 959 5137 Conmentariis
1007 5071 1139 5133 suis,
1182 5068 1429 5137 quamvis
1465 5066 1517 5119 in
1564 5066 1921 5137 translatione
1960 5064 2110 5137 Seti-

544 5145 819 5208 ptururum
851 5136 1124 5208 ⁸ι’ριηίιιίιιο
1172 5136 1631 5208 generedixerit,
1667 5152 1825 5188 unum
1876 5136 2031 5202 petivi
2078 5152 2110 5187 a

548 5202 789 5265 Domino,
843 5202 975 5255 lianc
1018 5202 1311 5275 requiram.
1381 5206 1455 5260 De
1508 5207 1607 5260 huc
1664 5222 1825 5275 vero,
1865 5207 2112 5258 lectionis

549 5275 804 5346 varietate
856 5276 924 5324 ita
977 5274 1214 5342 disputat
1266 5282 1315 5332 in
1370 5285 1532 5346 caput
1583 5292 1654 5330 vtt
1708 5274 2046 5329 Ecclesiaste:
2094 5292 2108 5327 :

552 5363 569 5392 α
614 5345 716 5397 Pro
746 5357 812 5397 eo
846 5350 1024 5396 autem
1068 5351 1210 5412 quod
1260 5345 1770 5414 supraserutooem
1822 5346 2108 5400 Hebraeum

548 5416 985 5479 interpretantes,
1017 5415 1286 5484 diximus:
1319 5418 1483 5472 Unam
1512 5422 1579 5471 ad
1614 5433 1843 5471 unum...
1872 5418 2114 5484 apertius

550 5488 931 5556 interpretatus
977 5490 1058 5537 est
1107 5482 1496 5551 Symmachus,
1545 5503 1705 5539 unnnt
1761 5486 1830 5538 ad
1880 5482 2111 5537 unum...

547 5556 700 5619 Quod
755 5557 899 5607 enim
956 5570 1055 5608 nos
1108 5560 1342 5607 solemus
1397 5558 1638 5611 absolute
1695 5566 1747 5609 et
1802 5556 2118 5610 neutraliter

2216 4380 2439 4436 Cantica
2468 4380 2803 4435 canticorum
2832 4393 3032 4447 Sponsa
3064 4379 3339 4446 loquitur:
3379 4372 3491 4427 Vox
3515 4372 3780 4442 fratruelis

2222 4472 2363 4527 mei:
2392 4489 2503 4526 ecce
2539 4472 2621 4524 hic
2646 4471 2783 4525 venit
2823 4470 3019 4523 saliens
3044 4485 3200 4538 super
3231 4476 3451 4529 montes,
3481 4466 3778 4519 transiliens
3856 4454 3859 4481 ⁵

3782 4544 3794 4627 ε
3854 4574 3859 4583 .

2214 4651 2511 4717 appellare,
2539 4651 2589 4703 id
2627 4658 2731 4714 est,
2764 4651 2866 4704 hoc
2894 4648 3138 4715 Quaesivi,
3169 4648 3310 4703 istud
3341 4647 3482 4702 volui
3514 4647 3780 4708 invenire;

2218 4718 2431 4774 llebrtei
2511 4718 2776 4774 leutinino
2842 4733 3038 4788 genere
3104 4722 3487 4788 pronuntiant.
3543 4717 3698 4772 sicut
3744 4719 3783 4769 in
3854 4762 3861 4781 ,

2218 4791 2476 4859 psalmo:
2514 4789 2686 4843 Unam
2740 4790 2863 4859 petii
2914 4807 2943 4839 a
2998 4787 3250 4850 Domino,
3304 4790 3439 4839 Imm:
3492 4792 3783 4856 requirant;
3860 4802 3861 4823 ξ

2220 4854 2316 4929 pro
2341 4875 2407 4913 eo
2439 4862 2584 4928 quod
2618 4869 2718 4923 est,
2742 4854 2937 4909 unum.
2979 4877 2995 4907 ι
3034 4859 3296 4912 ΜΑιιτιΑΝ.

2286 4928 2553 4983 --Vntic.
2609 4946 2765 4981 unam
2817 4930 3005 4995 petivi,
3052 4940 3108 4982 tt
3164 4946 3279 4982 mox
3333 4928 3469 4981 hanc
3504 4933 3783 4996 requiram.

2222 4999 2472 5055 Martiali.
2504 5014 2736 5068 quoque,
2764 5001 2854 5065 qui
2883 5013 3048 5050 unum
3080 5009 3130 5051 et
3160 4998 3255 5048 hoc
3291 4999 3527 5068 retinnit.
3561 5001 3629 5053 S.
3668 5000 3785 5068 [)on

2223 5070 2356 5125 toris
2382 5066 2754 5123 testiinonium
2789 5070 2971 5121 laudat
3004 5070 3055 5120 iu
3088 5084 3208 5136 Cap.
3241 5083 3310 5120 Vtt
3347 5067 3551 5120 Eccles.
3588 5088 3608 5118 ε
3652 5066 3784 5134 Quod

2224 5156 2322 5192 nus
2354 5141 2591 5192 solemus
2637 5142 2903 5195 absolute,
2954 5151 3005 5188 «ιι
3056 5142 3368 5189 neutraliter
3410 5137 3716 5206 appellare.
3748 5143 3784 5188 id

2225 5220 2322 5270 est,
2352 5211 2447 5261 hoc
2478 5211 2721 5275 quaesito,
2751 5208 2891 5260 istud
2923 5209 3062 5259 volui
3096 5209 3373 5268 invenire;
3406 5204 3613 5259 nemo
3654 5208 3791 5260 fetui—

2224 5282 2350 5330 nino
2382 5293 2576 5347 gt'ttt'l'e
2631 5286 3004 5344 pronuntiant,
3054 5280 3190 5329 sicut
3243 5279 3292 5328 in
3330 5278 3589 5330 Psztlnto:
3634 5276 3785 5331 Unam

2219 5350 2342 5415 petii
2371 5346 2401 5400 :t
2452 5346 2706 5407 Domino,
2743 5352 2877 5399 hunc
2910 5349 3205 5415 requiram,
3252 5361 3348 5414 pro
3394 5360 3458 5399 eo
3504 5350 3651 5415 quod
3687 5354 3787 5407 est,

2222 5435 2408 5471 unum.
2451 5437 2468 5468 ι
3197 5424 3204 5432 “

2294 5490 2315 5518 ⁸
2347 5487 2510 5551 Idem,
2542 5490 2605 5541 tle
2637 5488 2734 5540 hac
2767 5490 2938 5550 domo,
2974 5497 3018 5539 et
3052 5485 3372 5540 Jerusalem.
