3980 6200
311 221 369 285 ιδ
1076 219 1570 282 COMMENTAR.
1610 213 1686 279 ΙΝ
1744 216 1878 278 lSAl

1986 220 2021 278 l‘
2052 218 2518 282 PROPHETAM
2567 221 2712 285 LIB.
2744 214 2795 285 Ϊ.
3212 220 3221 225 “
3471 226 3538 285 iii

307 336 447 391 colles
497 349 514 387 :

306 428 505 483 [tinnula
583 442 851 481 ceruorum
929 428 982 481 in
1063 428 1325 481 montibus
1396 426 1575 481 Betltet
1648 424 1857 492 (Cant.

309 535 338 572 ιι
358 559 370 580 ,
396 519 445 575 8,
481 520 559 582 9).

370 628 387 659 ι
424 609 486 664 Et
508 609 688 665 afluent
718 611 785 665 ad
820 626 943 664 eum
987 625 1175 664 omnes
1209 622 1397 680 gentes
1431 630 1443 662 :
1479 621 1535 666 et
1583 612 1733 665 ibunt
1765 625 1864 679 po-

308 702 408 772 puli
454 704 627 757 nmlti.
666 723 684 754 »
720 703 922 758 Omnes
952 704 1095 759 enim
1148 715 1338 772 gentes
1385 704 1623 759 servient
1669 704 1741 767 ei,
1775 703 1864 757 cui

308 796 493 848 dictum
521 805 606 849 est
640 817 653 850 :
692 797 906 852 Postulo
939 814 969 850 a
1004 814 1103 861 me,
1136 806 1184 849 et
1216 798 1355 850 dabo
1383 796 1474 850 tibi
1498 785 1673 867 gentes
1705 797 1866 852 hwre—

306 886 507 941 ditatem
541 898 708 950 tuam,
739 898 788 942 et
822 890 1199 956 possessionem
1247 901 1395 943 tuam
1433 888 1683 942 terminos
1715 898 1868 942 lerrte

311 977 467 1047 (I’sal.
521 994 584 1041 ιι.
616 982 670 1044 8)
701 998 715 1030 :
746 991 800 1032 ut
845 981 1083 1034 serviant
1131 981 1180 1034 ei
1210 980 1363 1049 juxta
1397 980 1725 1049 Suphoniam
1769 982 1870 1035 sub

303 1069 420 1137 jttgo
460 1086 596 1133 uno,
634 1073 699 1123 de
743 1073 942 1141 quibus
982 1073 1121 1126 idem
1164 1074 1424 1142 propheta
1475 1080 1702 1126 testatur
1738 1089 1752 1123 :
1788 1071 1871 1124 Ea:

304 1161 482 1230 ﬁnibus
549 1163 828 1233 ﬂuviorum
886 1165 1177 1234 {Etltiopite
1231 1166 1454 1234 aﬂ'erent
1523 1166 1619 1218 tibi
1674 1164 1870 1217 hostias

305 1254 477 1323 (Soph.
529 1271 612 1319 tu,
646 1256 758 1325 10).
798 1256 860 1309 Ει
897 1259 950 1311 in
1001 1259 1404 1326 septuagesimo
1441 1259 1617 1324 primo
1660 1257 1870 1320 psalmo

306 1347 519 1411 legimus
572 1366 585 1401 :
633 1347 700 1401 In
748 1358 1026 1417 conspectu
1082 1348 1191 1417 ejus
1270 1350 1539 1415 procidant
1592 1346 1869 1415 Ethitipes

306 1438 462 1506 (Ptol.
498 1455 647 1504 uxr,
683 1438 760 1509 9).
799 1440 853 1493 lu
902 1440 1117 1492 nomine
1152 1440 1294 1495 enim
1344 1437 1470 1494 Jesu
1522 1453 1684 1494 omne
1732 1454 1869 1507 genu

305 1529 575 1597 llvctetur,
625 1531 962 1597 caelestium,
1011 1532 1386 1595 terrestrium,
1432 1542 1486 1585 et
1532 1529 1868 1587 infer-norum

304 1619 554 1691 (Philipp.
592 1622 674 1688 ιι).

368 1713 544 1781 (Vers.
578 1713 660 1782 5.)
700 1732 719 1766 ι
758 1713 825 1768 Ει
858 1715 1037 1769 dicent
1068 1734 1082 1770 :
1119 1713 1341 1776 Venite,
1396 1712 1755 1768 ascetttlautus
1804 1712 1869 1765 ad

306 1817 529 1860 montem
565 1806 799 1870 Domini,
833 1816 885 1860 et
916 1807 981 1861 ad
1027 1808 1244 1861 domum
1278 1804 1367 1862 Dei
1398 1804 1565 1862 Jacob
1589 1822 1605 1859 :
1632 1815 1686 1861 et
1709 1803 1872 1861 doce-

308 1894 381 1947 bit
414 1910 514 1949 nos
539 1896 654 1950 vias
681 1910 808 1951 suas
832 1912 847 1950 :
871 1905 926 1950 et
948 1896 1345 1951 atnbnlabimus
1369 1896 1425 1950 in
1450 1895 1659 1951 semitis
1681 1895 1817 1964 ejus.
1847 1915 1864 1946 ι

308 1982 504 2039 Gentes
550 1996 610 2040 et
658 1988 838 2054 populi
873 1980 1212 2056 nequaquam
1249 1988 1466 2056 propria
1514 1989 1688 2043 salute
1737 2004 1869 2042 con-

308 2077 470 2140 tenti,
524 2091 584 2131 se
635 2088 819 2131 mutuo
858 2079 1244 2145 hortnbuntur,
1279 2088 1336 2132 et
1388 2080 1617 2135 dicent:
1660 2080 1869 2145 Venite,

305 2168 646 2223 ascendamus
680 2170 748 2223 ad
798 2181 1019 2223 montem
1060 2169 1275 2223 Damini
1314 2182 1363 2225 et
1398 2173 1469 2226 ad
1513 2173 1729 2227 domum
1781 2173 1872 2228 Ιὶεὶ

304 2257 485 2312 Iacob.
525 2258 598 2318 De
626 2258 821 2327 quibus
864 2274 1025 2326 supra
1061 2259 1315 2321 diximus,
1348 2261 1441 2331 qtti
1470 2263 1543 2317 sit
1590 2278 1744 2319 mons
1775 2262 1876 2317 Do-

305 2350 432 2405 tuiui
463 2362 797 2420 prmparatus
820 2360 875 2406 et
903 2365 1022 2419 qute
1052 2352 1247 2407 domus
1278 2352 1487 2408 Domini
1516 2369 1679 2423 super
1713 2356 1875 2410 verti-

305 2455 418 2496 cem
446 2441 738 2496 montium.
773 2442 972 2495 Domus
1002 2451 1183 2497 autem
1218 2442 1428 2500 Domini
1458 2444 1660 2500 dicitur
1682 2446 1875 2500 domus

307 2530 395 2584 Dei
425 2529 619 2592 Jacob,
653 2542 711 2584 ut
760 2533 1085 2600 recipiamus
1134 2542 1287 2588 vetus
1336 2535 1775 2601 lustrumeutum,
1822 2547 1877 2590 ct

310 2637 409 2674 non
446 2623 744 2677 secundum
782 2622 1130 2679 Manichzeum
1163 2625 1322 2679 aliam
1353 2634 1506 2682 extra
1537 2628 1753 2680 domum
1786 2628 1875 2681 Dei

306 2712 469 2768 Jacob
498 2730 803 2780 qua-ramus
836 2717 1079 2769 donmm.
1110 2717 1246 2771 Cum
1295 2730 1474 2772 au'em
1510 2718 1772 2779 fuerimus
1826 2724 1875 2773 in

308 2805 465 2858 domo
503 2804 593 2858 Dei
642 2802 828 2871 Jacoh,
870 2816 995 2861 tum:
1028 2808 1245 2873 docebit
1279 2824 1374 2862 nos
1430 2809 1547 2864 vias
1599 2825 1746 2873 suas,
1782 2828 1878 2878 per

308 2911 442 2962 quas
470 2898 779 2967 gradiantur
798 2900 863 2951 ad
899 2915 1045 2965 eum,
1070 2910 1124 2957 et
1159 2902 1555 2957 amhulahimus
1582 2901 1634 2957 in
1670 2903 1877 2958 semitis

566 334 757 389 similis
829 344 908 389 est
985 336 1258 403 fratruelis
1318 351 1460 389 meus
1525 350 1732 403 caprea:
1786 334 1861 387 vel
1892 341 1932 396 Λ
1967 349 2062 403 pra
2119 336 2342 393 verbum
2386 346 2440 394 et
2490 342 2659 409 legem
2708 341 2911 410 pariter
2964 342 3259 396 nominata.
3311 341 3539 397 Verlttm

1968 431 2239 500 principes
2270 431 2535 501 juheutur
2569 433 2758 488 audire
2799 450 2811 485 :
2849 432 3019 503 legum
3061 434 3287 502 populus
3325 435 3540 489 auribus

1968 523 2262 592 percipere.
2287 524 2388 595 Quj
2408 524 2553 578 enim
2576 524 2726 593 prius
2754 522 2924 593 leget:
2956 523 3165 585 fecerit,
3195 532 3377 592 postea
3402 527 3543 579 venit

1968 613 2031 663 ad
2083 628 2387 667 sermonem
2444 614 2560 670 Dei.
2603 614 2711 670 Sed
2756 625 2811 670 et
2860 616 2913 669 in
2963 615 3263 671 Jerusalem
3312 617 3547 683 primum

1971 705 2191 759 fundata
2215 704 2451 760 Ecclesia
2481 710 2641 762 totius
2667 708 2815 763 orbis
2840 708 3115 763 Ecclesias
3147 707 3455 762 seminavit.
3487 708 3550 761 Et

1971 796 2073 851 huc
2107 798 2389 851 dicendum
2421 800 2560 867 quod
2604 801 2915 869 quicunque
2951 801 3003 854 in
3040 801 3260 870 specula
3292 809 3347 855 et
3381 801 3433 854 in
3474 802 3551 852 vi-

1971 890 2123 944 sione
2165 890 2312 960 pacis
2348 890 2525 952 fuerit,
2564 893 2616 945 in
2647 891 2750 946 hoc
2774 902 2825 947 et
2862 893 2945 947 lex
2977 902 3033 947 et
3073 893 3295 947 verlnnn
3343 893 3552 947 Domini

1970 983 2322 1037 constitutum
2355 984 2444 1038 sit.
2484 982 2548 1037 Et
2581 985 2802 1053 pulchre
2823 1001 2931 1041 non
2962 986 3099 1041 dixit
3133 1003 3147 1039 :
3183 990 3236 1040 in
3270 986 3398 1041 Sion
3419 998 3468 1041 ct
3502 989 3552 1039 in

1968 1070 2269 1127 Jerusalem
2306 1073 2431 1138 erit,
2471 1080 2526 1128 et
2561 1074 2799 1128 manebit
2828 1078 3050 1130 verbum
3091 1084 3144 1130 et
3178 1075 3263 1153 lex
3303 1077 3551 1140 Domini;

1973 1164 2068 1218 sed
2096 1164 2424 1233 egredietur,
2462 1173 2522 1218 ut
2554 1168 2618 1217 de
2652 1166 2743 1219 illo
2778 1166 2924 1220 fonte
2956 1182 3145 1222 omnes
3177 1169 3420 1222 nationes
3454 1169 3551 1223 du-

1977 1254 2154 1307 ctrina
2189 1253 2276 1307 Dei
2312 1254 2582 1323 signillcet
2617 1254 2942 1323 irrigandas.

2049 1365 2066 1395 ι
2100 1345 2168 1400 Ει
2192 1346 2450 1417 judicahit
2480 1355 2692 1417 gentes,
2716 1358 2771 1402 et
2803 1358 2991 1418 arguet
3023 1350 3249 1419 pepulos
3281 1350 3499 1405 multos.
3531 1368 3549 1399 ι

1973 1438 2116 1507 Ergo
2153 1448 2206 1492 et
2239 1437 2379 1491 inter
2412 1449 2599 1509 gentes
2629 1442 2651 1473 ⁸
2679 1439 3034 1510 judicandum
3072 1451 3155 1496 est
3186 1456 3201 1496 :
3240 1457 3336 1498 nec
3370 1459 3556 1498 omnes

1976 1529 2237 1584 increduli
2278 1532 2394 1599 pari
2430 1531 2701 1586 sententia
2738 1533 3161 1597 condemnandi,
3203 1535 3297 1588 sed
3334 1550 3431 1601 pro
3472 1536 3551 1587 di-

1978 1621 2237 1676 versitate
2261 1621 2575 1676 meritorum
2597 1624 2810 1679 diversa
2844 1627 3057 1694 passuri
3086 1633 3230 1680 sunt.
3259 1616 3557 1697 Postquam

1976 1722 2155 1766 autem
2186 1713 2505 1781 judit-averit
2538 1724 2746 1784 gentes,
2783 1723 2916 1770 tunc
2942 1728 3126 1786 arguet
3159 1717 3381 1787 papulas
3409 1719 3552 1772 tnui-

1950 1813 2081 1874 ⁸ιιιιι,
2105 1804 2246 1869 sive,
2271 1813 2329 1857 ttt
2354 1802 2495 1857 LXX
2514 1808 2924 1872 transtulerunt,
2950 1808 3201 1876 populum
3218 1811 3458 1861 multum.
3491 1808 3557 1862 Et

1980 1901 2104 1948 nota
2128 1893 2371 1947 ordinem
2407 1911 2422 1947 :
2461 1906 2648 1961 gentes
2671 1895 3082 1963 iudicabuntur,
3113 1899 3239 1966 quia
3271 1899 3558 1953 creditura:

1978 1994 2144 2041 sunt:
2180 1984 2286 2050 Qui
2302 1986 2440 2039 enim
2476 2002 2576 2040 non
2610 1987 2797 2052 credit,
2819 1987 2937 2055 jam
2961 1989 3236 2057 judicatus
3266 1999 3343 2044 est
3370 1987 3555 2058 (Joan.

1980 2094 2063 2142 Ill,
2120 2076 2234 2148 18).
2287 2076 2521 2146 Populus
2573 2089 2753 2133 autem
2813 2080 3031 2147 multus,
3093 2081 3188 2153 qui
3237 2083 3561 2152 intelligitur

1980 2169 2163 2233 Israel,
2186 2185 2523 2239 nequaquam
2539 2170 2897 2239 judicabitur,
2919 2174 3013 2229 sed
3043 2184 3320 2244 arguetur,
3344 2176 3468 2246 quia
3493 2179 3559 2233 ad

1979 2277 2037 2318 se
2060 2262 2281 2317 missum
2312 2259 2511 2316 Filium
2546 2261 2642 2316 Dei
2671 2278 2774 2317 non
2808 2266 3092 2335 receperit.

2047 2352 2224 2422 (Vera.
2250 2353 2330 2423 4.)
2359 2371 2378 2405 ι
2410 2352 2478 2407 Ει
2497 2351 2809 2408 conﬂabunt
2831 2353 3036 2422 gladios
3056 2370 3188 2410 suos
3210 2356 3268 2410 in
3291 2371 3558 2425 vomeres,

1978 2454 2032 2498 et
2063 2445 2279 2501 lanceas
2306 2456 2435 2498 suas
2468 2442 2521 2497 in
2551 2441 2735 2498 falces.
2770 2434 2801 2496 ⁴›
2843 2444 3022 2501 Omne
3056 2445 3292 2502 bellandi
3320 2448 3561 2504 studium

1981 2546 2220 2593 vertetur
2242 2534 2308 2591 ad
2336 2550 2546 2605 pacem,
2571 2544 2627 2591 et
2648 2550 2748 2602 pro
2770 2535 3040 2593 discordia
3064 2537 3170 2592 erit
3200 2537 3265 2592 in-
3293 2547 3408 2593 toto
3428 2543 3563 2595 orbe

1979 2626 2291 2683 concordia.
2318 2624 2492 2681 Gladii
2518 2625 2875 2680 mutabuntur
2898 2630 2951 2680 in
2978 2642 3250 2695 vomeres,
3281 2642 3337 2685 et
3362 2632 3565 2687 lanceas

1982 2719 2033 2770 in
2056 2716 2242 2780 taltrcs,
2273 2724 2330 2769 ut
2352 2715 2556 2771 omisso
2582 2713 2764 2773 furore
2799 2715 3059 2783 bellandi,
3081 2719 3424 2789 agriculturae
3444 2737 3563 2776 ser-

1982 2809 2153 2871 viant,
2204 2816 2258 2863 et
2305 2807 2610 2862 uberrimas
2657 2806 2885 2863 falcibus
2924 2823 3129 2869 messes
3166 2822 3371 2866 secent.
3406 2813 3561 2881 Quod

1963 2878 2202 2970 ‘quidem
2222 2906 2278 2955 et
2297 2898 2654 2968 spiritualiler
2677 2898 2904 2968 intelligi
2928 2909 3126 2969 potest.
3145 2906 3364 2969 quando
3386 2878 3566 2960 omnis

309 2993 444 3061 ejus,
497 3009 631 3060 quas
662 2994 679 3024 ¹
711 2992 1017 3048 tribuerunt
1067 3004 1122 3048 et
1169 2995 1282 3050 alii.
1336 2994 1575 3066 Denique
1624 3007 1678 3052 et
1721 2996 1879 3052 Jesus
1908 3004 1953 3064 ο
1985 2992 2183 3046 duritia
2231 2990 2413 3045 cordis
2449 2989 2621 3049 [λθειιί
2657 2990 2859 3046 Christi
2914 3005 3134 3048 vomere
3177 2992 3466 3064 frangitur,
3511 3007 3568 3051 et

310 3081 602 3163 ascendens
639 3082 691 3136 in
727 3092 990 3144 montem,
1022 3083 1249 3138 docebat
1275 3084 1572 3154 discipulos
1599 3100 1726 3139 suos
1753 3096 1878 3140 octo

309 3174 692 3239 beatitudines,
750 3182 803 3229 et
854 3188 1047 3231 caetera
1105 3190 1223 3243 qtae
1291 3174 1647 3244 Evangelicus
1701 3192 1880 3231 ενι-ιιιο

315 3264 685 3331 complectitur
719 3264 870 3336 (Luc.
907 3269 1010 3337 vt).
1049 3270 1207 3323 Prius
1254 3284 1384 3339 ergo
1439 3271 1708 3324 discenda:
1756 3281 1882 3324 sunt

322 3357 433 3431 viae
483 3356 725 3424 Domini;
779 3370 832 3415 et
879 3371 1066 3431 postea
1124 3362 1509 3416 ambulandum
1561 3364 1614 3418 in
1677 3363 1883 3418 semitis

324 3447 467 3517 ejus.

401 3559 421 3591 ι
457 3541 591 3608 Quia
620 3543 685 3598 de
717 3544 848 3601 Sion
883 3548 1043 3600 exibit
1081 3546 1187 3612 lex,
1224 3555 1280 3602 et
1315 3548 1534 3611 verbum
1569 3548 1782 3603 Domini
1819 3549 1883 3600 de

318 3635 630 3693 Jerusalem.
696 3656 716 3692 ι
769 3638 974 3693 Omnes
1016 3651 1202 3708 gentes
1246 3650 1301 3694 et
1341 3640 1522 3710 populi
1568 3639 1742 3701 multi,
1779 3638 1885 3708 33

314 3725 518 3782 idcirco
565 3744 620 3782 se
667 3742 852 3782 mutuo
894 3730 1257 3784 hortahuntnr
1291 3740 1347 3785 et
1382 3730 1564 3784 dicent
1613 3748 1627 3783 :
1688 3728 1883 3792 Venite,

312 3820 649 3873 ostendamus
689 3824 755 3874 ad
796 3832 1019 3874 montem
1061 3822 1295 3883 Domini,
1329 3833 1381 3875 et
1412 3832 1604 3876 caetera
1644 3837 1767 3892 quae
1796 3836 1887 3874 se-

309 3922 556 3981 quuntur
582 3929 595 3965 :
621 3913 757 3977 Quia
780 3915 844 3966 de
875 3912 1002 3967 Sion
1023 3914 1318 3983 egredietur
1342 3916 1448 3974 lex,
1468 3924 1513 3966 et
1538 3912 1748 3965 uerbum
1780 3911 1887 3964 Do-

307 4002 439 4054 mini
465 4001 530 4055 de
549 4000 841 4055 Jerusalem
878 4018 896 4055 :
929 4018 1269 4071 nequaquam
1313 4005 1378 4054 de
1423 4001 1594 4061 Sinni,
1627 4010 1681 4054 et
1712 4003 1780 4055 de
1797 4016 1887 4053 so-

308 4094 561 4157 litudine,
592 4104 643 4148 et
681 4095 746 4149 tle
775 4105 951 4149 monte
984 4094 1125 4150 Oret)
1152 4113 1166 4148 :
1204 4094 1296 4149 sed
1330 4094 1397 4148 de
1436 4106 1614 4148 monte
1647 4092 1801 4155 Sion,
1836 4094 1887 4146 itt

305 4201 416 4256 quo
436 4186 698 4243 aedificata
727 4195 809 4241 est
835 4186 1133 4241 Jerusalem
1161 4205 1175 4243 ;
1201 4196 1253 4239 et
1274 4189 1337 4240 de
1354 4186 1677 4251 Jerusalem,
1710 4187 1758 4238 itt
1783 4200 1887 4254 qua

304 4279 596 4349 Templum
619 4290 703 4332 est
727 4290 781 4332 et
805 4280 992 4348 religio
1020 4278 1133 4333 Dei.
1167 4278 1421 4348 Legimus
1441 4279 1586 4345 quod
1614 4293 1755 4347 sape
1787 4278 1891 4329 Do-

1980 3080 2326 3136 eradicantur
2367 3080 2536 3150 spinze
2580 3079 2856 3145 vitiorum,
2904 3091 2961 3137 ut
3003 3084 3269 3151 sementis
3301 3090 3566 3144 sermonis

1995 3171 2087 3226 Dei
2127 3181 2338 3227 crescat
2380 3171 2433 3223 in
2479 3169 2661 3239 fruges
2698 3189 2711 3223 :
2750 3181 2806 3227 et
2837 3183 3022 3240 postea
3060 3172 3275 3233 labores
3305 3189 3563 3229 manuum

1983 3274 2294 3321 nostrarum
2316 3265 2723 3325 manducemus,
2756 3265 2973 3332 quando
2999 3265 3263 3320 venientes
3287 3269 3489 3322 uenient
3510 3269 3568 3323 in

1985 3356 2356 3422 exsultatione,
2370 3365 2641 3424 portantes
2660 3355 2959 3424 manipulos
2981 3372 3103 3412 suos
3118 3358 3292 3429 (Psal.
3312 3344 3473 3425 cur,
3487 3360 3563 3428 6).

2054 3445 2165 3519 35
2212 3465 2230 3499 ι
2275 3445 2393 3500 Νοιι
2432 3445 2631 3501 levabit
2670 3460 2801 3514 gens
2836 3458 3023 3503 contra
3058 3458 3271 3515 gentem
3308 3451 3566 3521 gladium,

1990 3552 2162 3605 neque
2188 3536 2583 3593 exercchuntur
2607 3536 2744 3589 ultra
2765 3537 2831 3589 ad
2862 3539 3130 3607 praelium.
3168 3556 3187 3590 ι
3230 3539 3452 3598 Veteres
3481 3558 3537 3597 re
3556 3573 3568 3584 -

1988 3630 2265 3684 volvamus
2304 3628 2582 3693 historias,
2611 3636 2664 3681 et
2695 3628 3032 3683 inveniemus
3063 3643 3233 3698 usque
3270 3628 3339 3685 ad
3375 3632 3567 3687 vicesi-

1993 3734 2134 3771 mum
2172 3717 2192 3748 ³
2215 3727 2462 3772 octavum
2486 3733 2685 3771 annum
2716 3717 2946 3772 Caesaris
2967 3717 3194 3788 Augusti
3223 3721 3400 3791 (cujus
3431 3737 3567 3791 quae

1991 3811 2299 3882 dragesimo
2332 3809 2509 3879 primo
2540 3824 2682 3865 anno
2711 3809 3141 3882 Christusnatus
3165 3819 3249 3867 est
3273 3814 3323 3871 in
3357 3810 3569 3883 Judaea)

1994 3904 2046 3956 in
2067 3911 2182 3957 toto
2208 3903 2339 3956 orbe
2370 3912 2634 3955 terrarum
2668 3903 2832 3957 fuisse
2858 3900 3211 3966 discordiam,
3244 3912 3297 3961 ct
3326 3904 3570 3974 singulas

1995 3994 2243 4047 nationes
2281 4002 2469 4048 contra
2512 3992 2717 4046 vicinas
2751 4002 2941 4060 gentes
2980 3993 3180 4047 arsisse
3215 3996 3396 4049 studio
3430 4010 3568 4064 prie-

1997 4085 2181 4150 liandi,
2217 4085 2287 4138 ita
2333 4096 2392 4137 ιιι
2428 4083 2696 4138 arderent
2719 4094 2771 4137 et
2813 4083 3171 4137 εεειιειειιιυιε.
3216 4082 3348 4139 Orto
3389 4096 3568 4142 autem

2000 4176 2231 4231 Domino
2265 4175 2569 4238 Salvatore,
2608 4166 2826 4242 quando
2852 4175 2950 4230 sub
2982 4176 3210 4244 praeside
3244 4175 3413 4247 Syriae
3448 4178 3569 4250 Cy-

1998 4271 2118 4323 riuo
2144 4269 2311 4337 prima
2334 4268 2493 4323 estin
2527 4270 2658 4320 athe
2684 4274 2952 4320 terrarum
2990 4268 3128 4320 facta
3168 4270 3480 4337 descriptio,
3516 4282 3572 4325 et

304 4348 488 4421 minus
513 4366 757 4422 docuerit
789 4368 841 4420 in
863 4365 1085 4437 Τρηιριο
1107 4366 1325 4431 (Magn,
1358 4368 1475 4438 χιιι)
1500 4380 1515 4419 ε
1542 4374 1595 4421 et
1614 4368 1752 4436 quod
1781 4383 1884 4422 non
1918 4348 1970 4409 D
1999 4360 2340 4432 Evangelicae
2365 4359 2622 4413 doctrina:
2641 4374 2740 4426 pax
2763 4356 2992 4414 Roumni
3015 4359 3224 4427 imperii
3246 4358 3383 4432 [sup.
3410 4362 3568 4436 pace]

301 4458 613 4531 oportuerit
651 4459 787 4512 mori
822 4460 1137 4529 prophetam
1164 4471 1316 4513 extra
1340 4458 1639 4514 Jerusalem
1671 4475 1686 4512 :
1718 4468 1774 4514 et
1796 4474 1883 4514 su-

373 4620 390 4649 ¹
428 4616 673 4673 Omnino
708 4617 928 4671 rescribi
957 4616 1118 4670 velim
1148 4620 1406 4671 triverunt
1440 4632 1536 4685 pro
1566 4617 1882 4678 tribuerunt,

299 4690 443 4755 quod
493 4688 588 4740 hic
625 4686 759 4740 nihil
790 4697 892 4751 est,
927 4690 1140 4741 tametsi
1171 4688 1223 4739 in
1270 4688 1428 4741 editis
1462 4703 1614 4756 atque
1648 4702 1711 4740 ac
1746 4703 1876 4740 mss.

300 4761 538 4810 leuatur.
852 4788 857 4793 ο
1880 4758 1889 4765 “

637 4841 758 4879 cum
787 4825 978 4891 Palat.,
1011 4826 1147 4881 inter
1172 4838 1346 4896 gentes
1371 4838 1417 4880 et
1449 4838 1624 4897 gentes
1642 4828 1891 4895 judican-

294 4897 420 4952 dum
454 4906 559 4949 est.

366 4966 389 4997 ³
426 4965 661 5019 Vide'ur
686 4980 748 5017 ex
775 4964 1114 5022 Tertulliuno
1146 4968 1443 5034 accepisse,
1466 4967 1554 5032 qui
1579 4981 1698 5033 cap.
1727 4965 1759 5019 8
1796 4967 1889 5020 lib.

294 5038 504 5089 advers.
535 5033 781 5097 Iudaeas,
802 5049 977 5088 ortum
998 5033 1295 5089 Sztlvatnris
1319 5038 1401 5090 bis
1422 5036 1607 5089 delinit
1635 5054 1649 5094 ;
1684 5054 1702 5086 ι
1736 5036 1892 5089 Cleo-

295 5117 450 5173 patra
496 5109 857 5174 COttt'thllttVil
907 5111 1148 5173 Augusto
1190 5121 1361 5159 annos
1401 5104 1656 5159 tredecim
1710 5123 1721 5169 ;
1773 5115 1892 5174 post

294 5180 647 5241 Cleom-trum
694 5179 963 5242 Augustus
1009 5176 1130 5229 aliis
1180 5178 1339 5229 annis
1388 5175 1482 5237 45,
1534 5191 1655 5227 nam
1704 5190 1893 5229 ιιιιιιιιιε

296 5249 424 5298 :utu't
478 5245 695 5312 imperii
744 5247 974 5313 Augusti
1032 5246 1246 5299 fuerunt
1300 5246 1425 5298 anni
1488 5244 1573 5296 56.
1640 5243 1893 5298 Videmus

296 5326 480 5370 autem
518 5328 783 5380 Quorsum
809 5316 1221 5383 quadragesimo
1243 5323 1292 5366 et
1316 5316 1488 5380 primo
1516 5329 1658 5367 anno
1683 5316 1891 5381 imperii

294 5386 554 5453 Augusti,
623 5400 732 5451 quo
789 5395 909 5454 post
950 5397 1175 5439 mortem
1234 5382 1533 5452 Cleopatrae
1586 5385 1890 5452 imperavit,

298 5460 544 5508 nascitur
574 5455 843 5508 Christus.
877 5473 896 5505 ›

369 5525 801 5593 Quadragesimo
838 5528 1034 5593 primo,
1075 5532 1180 5580 etc.
1221 5523 1296 5577 Eo
1326 5534 1581 5593 tempore
1630 5523 1890 5577 alt‘ssima

298 5610 429 5662 pace
454 5591 631 5661 genus
655 5591 932 5649 hominum
957 5596 1273 5659 fruebatur,
1309 5591 1428 5646 Jaui
1452 5591 1598 5646 enim
1633 5597 1890 5661 templum

300 5666 461 5734 paulo
481 5677 612 5718 ante
647 5671 1002 5720 obseraverat
1030 5668 1327 5733 Augustus,
1368 5675 1425 5717 ut
1481 5672 1708 5718 testatur
1762 5664 1894 5717 Sue—

1995 4462 2323 4527 prarparata;
2345 4464 2471 4506 tunc
2496 4452 2676 4505 omnia
2708 4451 2845 4505 bella
2875 4460 3250 4519 cessaverunt,
3278 4464 3333 4509 et
3366 4469 3566 4523 nequa-

1994 4617 2171 4668 lonius
2207 4614 2257 4667 in
2293 4614 2535 4678 Augusto
2563 4626 2682 4676 cap.
2711 4607 2799 4663 29.
2842 4628 2861 4660 ι
2889 4608 3084 4663 Janum
3140 4610 3447 4676 Quirinum,
3480 4614 3561 4665 in.

1991 4686 2133 4755 quit,
2159 4683 2326 4738 semel
2350 4691 2510 4755 atque
2533 4685 2729 4755 iterum
2762 4695 2800 4755 a_
2824 4683 3039 4755 conditu
3077 4680 3218 4734 Urbe
3252 4684 3565 4755 metum-iam

1990 4749 2116 4809 ante
2139 4770 2290 4808 suum
2316 4753 2580 4814 clausum,
2613 4749 2665 4802 in
2695 4750 2861 4802 multo
2889 4750 3133 4803 breviore
3165 4751 3421 4817 temporis
3447 4766 3567 4818 spa-

1988 4829 2081 4889 tin,
2117 4836 2260 4877 terra
2292 4822 2537 4890 murique
2564 4834 2693 4890 pace
2723 4829 2893 4890 parta,
2917 4829 3000 4890 ter
3029 4818 3210 4871 tlusit.
3246 4837 3264 4868 ι
3298 4818 3567 4890 ΥίιΙἽιιιιις

1986 4886 2150 4947 etiam
2189 4890 2390 4945 Euseb.
2431 4886 2604 4959 Prtep.
2642 4888 2889 4957 Evanget.
2930 4888 3020 4959 lib:
3066 4907 3107 4947 ι,
3144 4901 3261 4959 cap.
3298 4888 3368 4959 gi;
3405 4886 3562 4944 Oros.

1987 4963 2082 5017 lib.
2118 4980 2188 5022 vt,
2219 4978 2340 5026 cap.
2371 4961 2462 5023 '22,
2497 4956 2673 5013 et‘lih.
2704 4973 2798 5023 vn,
2836 4971 2955 5023 cap.
2991 4958 3044 5010 3.
3082 4956 3568 5012 Aniutadversittue

1989 5049 2150 5099 put-ro
2204 5032 2348 5084 hunc.
2407 5035 2576 5082 locum
2620 5028 2924 5099 Hieronymi
2953 5026 3215 5099 indigere
3246 5030 3416 5099 docet
3450 5028 3565 5082 Jos.

1990 5095 2231 5170 Scaliger
2266 5103 2317 5152 in
2349 5100 2742 5164 Cluunologica
2766 5095 3010 5170 Eusebii,
3041 5111 3161 5170 pag.
3187 5098 3316 5170 ιιιι,
3354 5102 3420 5149 At
3454 5114 3563 5150 non

1987 5165 2703 5229 video.hallucinutionem,
2762 5165 2886 5236 quia
2942 5167 3139 5220 dixerit
3180 5167 3562 5236 Hieronymus,

1995 5256 2167 5310 usque
2194 5240 2259 5294 ad
2297 5255 2493 5292 uun~nu
2527 5236 2750 5310 Augusti
2782 5235 2872 5296 28,
2905 5236 2956 5286 in
2991 5246 3103 5310 toto
3136 5235 3402 5310 terrarum
3435 5237 3567 5288 orbe

1995 5306 2159 5365 fuisse
2213 5307 2579 5363 discordium.
2639 5306 2819 5371 t‘icque
2894 5320 3018 5358 vero
3081 5306 3152 5359 ibi
3207 5308 3445 5375 loquitur
3500 5310 3565 5357 de

1991 5383 2211 5435 Aetiaca
2246 5381 2488 5439 victoria,
2525 5386 2613 5427 aut
2646 5384 2711 5426 de
2742 5378 3022 5426 t-tmsulatu
3053 5376 3278 5444 Augusti
3310 5393 3323 5441 ;
3356 5376 3451 5428 sed
3484 5378 3567 5444 iu-

1991 5455 2134 5505 dicat
2166 5450 2500 5502 solummodo
2529 5462 2631 5496 ιιιιιι
2667 5446 2832 5495 multo
2863 5454 2987 5497 ante
3004 5443 3181 5498 Ul'lutll
3207 5445 3403 5499 Christi
3429 5443 3565 5496 bella
3588 5458 3593 5462 ’

1992 5523 2171 5574 Omnia
2210 5516 2509 5570 crs~avisse
2543 5533 2605 5568 ac
2643 5513 2925 5566 Donnmtut
2954 5512 3138 5568 Jesutn
3174 5526 3356 5567 natum
3400 5513 3567 5567 luisse

1996 5605 2139 5644 anno
2192 5589 2253 5640 ll
2311 5586 2522 5652 imperii
2568 5586 2809 5653 ejusdem
2862 5585 3106 5653 Augusti.
3159 5583 3311 5649 Quod
3370 5583 3568 5638 veteris

1996 5658 2249 5713 Ecclesia:
2282 5670 2389 5708 uno
2420 5669 2687 5710 consensu
2721 5656 2985 5707 [innatum
3019 5667 3122 5709 est.
3160 5655 3427 5709 Murrus.
