3980 6200
430 421 502 483 ω
1191 412 1694 477 COMMENTAR.
1734 412 1817 472 ΙΝ
1854 412 2124 472 lSAlAM
2172 410 2643 472 PROPHETAM
2687 408 2837 469 LIB-
2879 405 2931 468 I.
3618 391 3687 453 50

390 600 393 603 _
430 531 676 589 eamdem
723 546 846 586 cum
917 531 1098 602 pueris
1152 530 1538 599 turpitudinem
1601 528 2009 585 demonstravit.
2044 535 2086 587 Α
2116 526 2407 583 Possumus
2432 526 2727 581 secundum
2755 530 3039 589 anagogen
3069 522 3122 568 et
3159 512 3262 566 hoc
3290 509 3493 573 dicere,
3540 507 3683 574 quod

504 624 683 694 (Vers.
707 622 788 694 8.)
817 642 836 675 ι
867 621 930 676 Ει
953 622 1155 692 repleta
1178 630 1262 679 est
1293 631 1435 678 terra
1458 632 1680 691 argento
1700 630 1752 676 et
1783 635 1935 682 auro,
1954 629 2008 673 et

433 734 540 772 non
567 726 648 771 est
671 717 793 771 linis
818 715 1200 770 thesaurorum
1231 715 1368 784 ejus.
1416 733 1435 767 ι
1478 715 1633 767 Inter
1655 721 1849 766 caetera
1882 709 2007 763 vitia

437 818 599 861 teme
625 807 815 861 domus
843 804 1029 869 Jacob,
1059 806 1220 859 etiam
1255 806 1371 859 auri
1409 813 1462 859 et
1496 803 1699 875 argenti
1726 800 2010 857 multitudo

439 909 772 953 numeratur.
799 894 943 952 lntcr
964 899 1143 954 omina
1162 906 1218 951 et
1235 910 1486 967 augures,
1510 910 1677 966 equos
1710 902 1764 950 ct
1797 893 2013 962 quadri-

439 1007 556 1058 gas,
575 1006 711 1058 quas
745 991 884 1046 Deus
907 989 1249 1059 multiplicari
1276 988 1548 1059 prohibuit
1572 989 1787 1057 regibus
1805 984 1967 1041 lsrael
1994 1000 2010 1048 ;

444 1080 585 1134 inter
603 1080 907 1149 idola,quae
932 1089 1056 1135 sunt
1078 1094 1241 1149 opera
1267 1095 1519 1133 manuum
1548 1079 1856 1141 hominum,
1888 1091 2011 1129 ava-

446 1171 565 1224 ritia
589 1172 1001 1226 condemnatur.
1027 1168 1180 1225 Unde
1205 1169 1463 1225 Dominus
1486 1169 1737 1239 praecepit
1762 1170 1814 1222 in
1838 1166 2016 1220 Evan—

446 1263 605 1332 geliO,
639 1278 706 1318 ne
735 1263 1167 1317 thesaurizemus
1192 1263 1350 1317 nobis
1379 1263 1664 1315 thesauros
1692 1262 1744 1314 in
1769 1274 1935 1322 terra,
1962 1267 2014 1314 et

448 1373 512 1410 ne
539 1356 799 1411 faciamus
825 1354 1136 1421 thesauros,
1161 1355 1227 1409 de
1254 1355 1451 1422 quibus
1472 1352 1559 1407 fur
1586 1355 1753 1420 possit
1781 1353 2012 1420 eripere,

449 1449 510 1498 ad
545 1458 843 1499 extremum
878 1446 1163 1500 inferens:
1200 1445 1315 1499 Non
1342 1446 1559 1514 potestis
1598 1443 1704 1497 Deo
1739 1452 1935 1497 servire
1966 1456 2014 1497 et

448 1552 755 1590 mammonw
799 1536 1019 1602 (Matth,
1064 1552 1136 1601 Vi,
1195 1536 1309 1604 2i).
1365 1536 1591 1589 Pulchre
1646 1546 1823 1588 autem
1885 1537 2015 1589 illud

448 1640 659 1678 comma
690 1627 939 1680 versiculi
973 1643 987 1681 :
1025 1624 1240 1695 Semper
1274 1644 1473 1680 avarus
1511 1636 1643 1696 eget,
1681 1627 1800 1681 aliis
1843 1629 2019 1683 verbis

449 1714 712 1782 Propheta
743 1717 1065 1786 signilicavit
1090 1720 1309 1774 dicens:
1342 1723 1405 1772 Et
1435 1731 1628 1774 nonest
1651 1719 1771 1788 ﬁnis
1803 1720 2017 1773 thesau-

452 1824 627 1862 rorum
662 1809 796 1878 ejus.
835 1808 951 1863 Non
980 1810 1118 1879 quod
1155 1812 1389 1864 thesauri
1430 1813 1587 1866 liuent
1629 1829 1731 1864 non
1760 1814 2014 1877 habeant,

2116 632 2276 673 omne
2298 619 2486 688 dogma
2519 613 2853 671 contrarium
2887 606 3102 665 veritati
3132 603 3321 658 adoret
3348 612 3513 670 opera
3573 611 3686 648 ma-

2119 726 2283 764 nuum
2316 724 2561 773 suarum,
2598 717 2651 763 et
2688 705 2983 761 constituat
3021 699 3161 757 idola
3192 699 3247 753 in
3279 708 3424 751 terra
3477 697 3597 751 sua.
3630 698 3688 743 et

2122 805 2439 857 incurvetur
2471 801 2653 865 homo,
2690 808 2740 853 et
2797 795 3114 851 humilietur
3158 791 3265 853 vir,
3299 796 3355 844 et
3386 800 3445 842 se
3481 784 3692 855 erigere

2118 907 2227 947 non
2261 894 2437 962 possit
2463 908 2477 945 :
2499 891 2627 961 quia
2647 892 2718 945 sit
2750 884 3338 952 adiaboloeolligatus,
3397 877 3503 932 nisi
3540 872 3688 929 illum

2120 983 2357 1038 erexerit
2400 982 2686 1044 Dominus,
2718 978 2967 1048 exemplo
2994 976 3139 1030 illius
3205 971 3473 1031 mulieris.
3527 980 3690 1037 quam

2122 1076 2348 1131 Satanas
2382 1080 2627 1129 vinxerat
2651 1073 2809 1129 annis
2864 1074 3044 1126 decem
3080 1075 3134 1121 et
3164 1073 3313 1127 octo,
3372 1071 3429 1115 ut
3487 1070 3694 1127 nequa-

2121 1185 2281 1240 quam
2296 1169 2514 1231 cwlum,
2538 1167 2631 1222 sed
2652 1178 2847 1220 terram
2868 1176 3078 1230 semper
3092 1158 3363 1228 aspiceret
3378 1152 3532 1218 (Lua.
3550 1147 3693 1215 χιιι).

2198 1279 2214 1312 ι
2247 1260 2324 1316 Ne
2364 1275 2493 1329 ergo
2551 1257 2794 1312 dimittas
2854 1253 2953 1309 eis.
2987 1272 3006 1305 ι
3068 1252 3173 1305 Pro
3204 1263 3316 1318 quo
3348 1243 3488 1300 LXX
3523 1244 3695 1295 inter—

2128 1351 2320 1420 pretati
2351 1360 2518 1406 sunt:
2563 1346 2632 1401 Et
2661 1363 2763 1401 non
2797 1345 3059 1398 dimittam
3085 1343 3179 1395 eis.
3230 1337 3288 1393 Si
3325 1334 3465 1389 Deus
3518 1329 3693 1400 loqui-

2127 1455 2229 1510 tur,
2266 1444 2334 1497 ita
2364 1441 2771 1509 intelligendum
2828 1445 2914 1491 est
2959 1450 2974 1487 :
3029 1435 3168 1500 Quia
3223 1439 3371 1484 tanta
3427 1426 3694 1484 fecerunt,

2126 1552 2228 1589 non
2262 1550 2478 1605 parcam
2507 1534 2605 1595 eis,
2639 1545 2740 1586 nec
2773 1521 3316 1584 taminnumerabilia
3350 1527 3565 1589 peccata
3613 1514 3697 1569 dio

2127 1629 2357 1682 mittam.
2385 1627 2441 1681 Si
2472 1626 2759 1694 Propheta,
2796 1621 2876 1677 sic
2910 1616 3251 1676 sentiendum
3292 1614 3415 1668 :Ne
3457 1624 3587 1677 ergo
3616 1607 3698 1662 di-

2128 1724 2311 1775 mittas
2329 1720 2430 1783 eis,
2460 1719 2551 1788 qui
2580 1727 2728 1772 tanta
2760 1715 2969 1771 scelera
3028 1717 3429 1784 perpetrarunt.
3456 1704 3609 1772 Quod
3642 1704 3685 1756 si

2128 1815 2193 1867 de
2221 1802 2480 1866 Romanis
2510 1807 2886 1876 intelligimus,
2920 1806 3104 1859 verior
3129 1798 3511 1868 interpretatio
3563 1805 3646 1850 est
3685 1812 3698 1845 :

450 1903 543 1949 sed
574 1904 714 1968 quod
741 1903 1126 1969 possidentium
1154 1905 1368 1955 animus
1397 1918 1500 1955 non
1538 1906 1838 1971 impleatur.
1869 1902 2027 1958 Utra-
2060 1897 2099 1952 Β
2130 1905 2218 1974 qui
2270 1904 2646 1958 subvertentes
2684 1900 2939 1966 templum
2994 1896 3108 1958 Dei,
3146 1908 3253 1947 non
3290 1905 3414 1944 eum
3443 1889 3703 1942 adorave-

453 2003 556 2056 que
596 1999 776 2042 autem
817 2008 949 2058 gens
989 2002 1039 2045 et
1077 1992 1389 2047 Juda'oruzu
1433 2007 1485 2047 et
1526 1992 1894 2048 Romanorum
1937 2012 2030 2062 per

453 2078 562 2131 lucc
587 2078 745 2132 verba
774 2079 1014 2135 avaritiae
1036 2083 1335 2151 sugillatnr.
1378 2082 1529 2148 Quoi
1558 2084 1791 2138 hismria-
1817 2101 2029 2154 quoque

450 2177 559 2220 tam
583 2169 782 2222 Grmcze
804 2183 1026 2225 narrant
1046 2189 1206 2241 quam
1234 2172 1457 2235 Latium,
1497 2175 1627 2227 nihil
1649 2174 1953 2249 JtltlJle'lltrr
1977 2187 2031 2229 ct

455 2258 818 2315 Romanorum
852 2272 1009 2332 gente
1042 2281 1161 2319 esse
1191 2265 1428 2320 avarius.
1464 2265 1615 2321 Unde
1646 2280 1692 2319 et
1735 2269 1746 2297 '
1780 2280 2028 2337 repetun-

455 2354 643 2405 darutn
690 2355 772 2407 lex
808 2357 1099 2409 constituta
1129 2367 1230 2421 est,
1274 2369 1325 2411 et
1358 2359 1600 2427 quotidie
1627 2361 1870 2413 videmus
1900 2361 2028 2413 illud

450 2444 807 2512 apostolicum
841 2448 1098 2516 compleri
1137 2467 1150 2503 :
1181 2446 1281 2513 Qui
1308 2451 1550 2519 prwcipis
1584 2466 1685 2504 non
1715 2450 2026 2519 furandum,

451 2536 652 2604 {maris
686 2535 855 2606 (Rom.
879 2553 945 2604 ιι,
975 2538 1089 2608 21).
1125 2539 1145 2570 ²
1182 2538 1378 2596 Furem
1411 2540 1648 2611 judicem
1685 2543 1835 2595 audit
1870 2553 2030 2613 atque

452 2631 778 2684 condemnat
824 2631 987 2701 judex
1034 2632 1294 2700 furacior,
1337 2634 1389 2687 in
1435 2633 1543 2687 alio
1583 2634 1740 2689 dese
1783 2652 2031 2702 prono-Its

453 2723 804 2776 sententiam.

530 2828 551 2860 ι
590 2809 658 2863 Ει
687 2811 886 2879 repleta
918 2823 1001 2869 est
1042 2821 1184 2869 terra
1210 2814 1329 2885 ejus
1351 2817 1504 2887 equis
1534 2827 1586 2871 et
1608 2818 2030 2873 innumerabiles

453 2901 729 2969 quadrigae
783 2902 924 2971 ejus.
969 2921 988 2954 ι
1027 2902 1143 2959 Non
1189 2904 1333 2959 enim
1400 2906 1620 2976 dignum
1670 2918 1753 2963 est
1806 2926 2029 2964 munero

462 2990 605 3059 quod
640 3004 829 3045 contra
851 2994 940 3046 Dei
973 2997 1261 3065 imperium
1296 2999 1628 3066 possidetur.
1680 2998 1831 3054 Unde
1863 3011 1917 3055 et
1973 3005 2025 3056 in

462 3080 691 3139 Psalmis
708 3085 887 3139 dcitur
910 3102 925 3138 :
946 3086 1140 3141 Fallax
1154 3103 1317 3158 equus
1333 3091 1384 3144 in
1407 3091 1830 3164 salutemll’sal.
1855 3111 2026 3160 xuii,

2133 2008 2277 2060 runt,
2314 1996 2405 2064 qui
2438 1993 2723 2048 victoriam
2775 1978 3028 2061 praebuit,
3084 1986 3176 2040 sed
3235 1984 3377 2036 idola
3441 1992 3700 2032 manuum

2130 2104 2370 2144 suarum.
2407 2085 2503 2140 Sin
2533 2094 2715 2139 autem
2750 2085 2814 2139 de
2848 2080 3069 2142 Iudaeis,
3093 2076 3376 2147 Propheta:
3394 2072 3702 2126 truculenta

2132 2180 2403 2235 sententia
2434 2191 2536 2241 est,
2568 2187 2843 2231 utcontra
2894 2174 3151 2243 populum
3200 2182 3362 2224 suum
3423 2175 3583 2216 orare
3623 2160 3705 2213 vi-

2130 2274 2342 2337 deatur,
2370 2271 2453 2326 cui
2485 2285 2646 2339 supra
2696 2268 2942 2322 dixerat:
3001 2262 3201 2317 Domus
3260 2256 3450 2320 Iacob,
3502 2254 3703 2311 ven'tr,

2128 2373 2183 2418 et
2217 2362 2556 2417 ambulemus
2588 2358 2863 2413 inlutuine
2896 2355 3129 2410 Domini.
3538 2382 3549 2405 ι

2197 2454 2375 2525 (Vers.
2403 2453 2533 2522 10.)
2568 2471 2585 2503 ι
2623 2451 2907 2521 Ingredere
2965 2448 3017 2500 in
3069 2455 3276 2514 petram
3310 2460 3324 2496 :
3366 2437 3702 2494 abscondere

2128 2546 2347 2601 infossa
2374 2548 2540 2600 humo
2566 2560 2593 2596 a
2632 2542 2768 2598 facie
2811 2538 3022 2594 timoris
3082 2534 3314 2597 Domini,
3338 2541 3393 2586 et
3446 2546 3476 2583 a
3528 2526 3698 2597 gloria

2130 2637 2429 2708 tn-ojestatis
2467 2637 2607 2706 ejus.
2642 2655 2661 2687 ι
2697 2635 2808 2705 Ego
2847 2632 3063 2702 quidem
3098 2626 3354 2698 pupulum
3388 2623 3701 2708 cohortatus

2128 2748 2272 2794 sum,
2309 2733 2514 2786 dicens.
2551 2729 2746 2782 Domus
2797 2724 2987 2788 Jacob,
3046 2722 3231 2785 venito,
3278 2729 3324 2771 et
3375 2706 3702 2769 ambulemus

2128 2825 2183 2877 in
2208 2826 2407 2876 tantine
2432 2820 2668 2874 Domini.
2721 2816 2832 2886 38
2872 2814 2976 2869 Sed
3004 2812 3125 2882 quia
3164 2810 3390 2878 proiecit
3445 2805 3705 2860 Dominus

2132 2916 2386 2985 populum
2441 2911 2609 2967 Iacob
2642 2928 2654 2963 :
2692 2906 2917 2976 projccit
2981 2913 3188 2963 autem,
3236 2899 3359 2967 quia
3402 2907 3494 2948 aut
3556 2894 3701 2956 fecit,

2130 3021 2223 3062 aut
2251 3022 2442 3075 passus
2472 3014 2573 3071 est,
2623 3018 2740 3072 qua}
2771 3016 2930 3066 Sttpra
2984 2994 3336 3062 exposuimus
3370 3006 3384 3053 ;
3424 2988 3543 3040 ideo
3571 3001 3707 3052 prah-

2133 3100 2321 3154 nuntio
2350 3098 2502 3151 vobis
2536 3110 2657 3164 qua:
2691 3103 2920 3145 ventura
2967 3090 3077 3142 sint
3137 3084 3299 3143 mala,
3325 3089 3380 3134 et
3427 3080 3615 3133 hortor
3652 3085 3709 3126 nt

467 3176 531 3229 i7
554 3178 597 3243 ).
633 3175 695 3228 Et
725 3180 777 3231 in
832 3178 1020 3234 Exodo
1055 3199 1068 3235 :
1107 3180 1311 3250 Equum
1351 3197 1397 3237 et
1459 3202 1788 3240 ascensorem
1841 3189 2028 3257 drjecit
2054 3224 2100 3285 ε
2133 3187 2517 3260 ingrediatnini
2559 3196 2757 3253 petras,
2789 3194 2842 3236 et
2882 3174 3293 3234 ahscondamini
3344 3174 3394 3226 in
3432 3169 3709 3239 speluncis

467 3270 479 3280 ι
708 3272 721 3285 ι
755 3269 792 3285 Π
887 3273 899 3285 ι
1076 3274 1116 3285 ιι
1166 3273 1202 3285 τε
1255 3268 1273 3285 ι
1369 3276 1398 3285 ι.
1564 3279 1574 3285 .
1748 3278 1809 3285 --.
1843 3281 1851 3285 .
2196 3282 2205 3285 _
2274 3282 2285 3285 _
2345 3281 2375 3285 -_
2422 3280 2433 3285 -
2494 3280 2504 3285 -
2588 3277 2621 3285 ..
2718 3275 2730 3285 ι
2760 3274 2795 3285 n
2976 3272 2986 3283 -
3158 3269 3287 3285 νειμ-
3352 3280 3487 3285 ,__-._.-
3514 3263 3561 3285 Ι.-
3592 3276 3672 3285 Ληι

458 3270 514 3321 in
540 3272 721 3335 maref
748 3269 919 3325 Exod.
952 3288 1042 3336 xv,
1074 3274 1143 3343 l).
1164 3273 1228 3327 Et
1255 3268 1306 3328 in
1332 3276 1437 3329 alio
1464 3279 1669 3345 psalmo
1704 3278 1809 3333 :Ili
1836 3281 1887 3332 in
1914 3300 2030 3333 cur—

460 3362 625 3426 ribus,
651 3362 758 3433 37
781 3374 827 3417 el
851 3365 905 3418 Ιιὲ
925 3366 977 3418 in
1008 3368 1150 3435 equis
1180 3378 1199 3417 :
1228 3372 1522 3422 nos’autem
1591 3371 1643 3423 in
1675 3373 1883 3425 nomine
1928 3374 2034 3428 Do-

459 3459 586 3510 mini
606 3458 705 3510 Dei
729 3459 899 3511 nostri
931 3457 1289 3513 invocabimas
1321 3460 1496 3529 (Psal.
1553 3479 1663 3526 XIX,
1698 3464 1787 3535 8).
1848 3465 2033 3521 Potest

462 3563 637 3604 autem
665 3562 954 3621 utrumque
978 3552 1228 3622 intelligi,
1272 3552 1414 3621 quod
1451 3565 1504 3608 et
1536 3556 1765 3623 populus
1817 3557 2030 3613 Judaeu-

463 3658 577 3697 rnm
603 3655 792 3698 contra
835 3654 1162 3712 praeceptum
1194 3643 1285 3696 Dei
1324 3644 1426 3699 sibi
1488 3661 1678 3715 equos,
1712 3661 1764 3703 et
1815 3652 2032 3719 quadri-

464 3748 558 3799 gas
596 3730 1062 3800 tttttltiplicavet‘il,
1093 3739 1148 3785 et
1182 3732 1540 3789 terraludxte
1565 3735 1830 3790 victorum
1872 3742 2028 3806 equis

460 3833 513 3881 et
544 3826 797 3879 curribus
817 3824 887 3878 sit
919 3824 1142 3892 repleta.

531 3920 708 3991 (νει-ε.
739 3919 791 3973 9.
819 3922 836 3989 )
867 3938 885 3970 ι
927 3919 1207 3988 Etrepleta
1242 3929 1483 3974 estterra
1511 3921 1629 3987 ejus
1662 3922 1817 3976 idolis
1851 3942 1864 3977 :
1900 3940 2033 3994 opus

463 4024 717 4065 manuum
749 4023 969 4063 suarum
1000 4008 1384 4072 adoraveruut,
1413 4011 1558 4079 quod
1605 4009 1845 4066 fecerunt
1878 4016 2033 4085 digiti

460 4114 672 4165 eorum,
703 4107 759 4155 et
788 4098 1092 4154 iucurvavit
1123 4112 1181 4153 se
1225 4099 1407 4164 homo,
1462 4111 1515 4155 et
1575 4102 1891 4160 humiliatus
1954 4117 2038 4160 est

463 4209 565 4244 vzr.
600 4213 615 4241 ι
647 4192 745 4246 Ubi
782 4193 1052 4259 quondam
1082 4197 1199 4244 erat
1238 4191 1527 4260 Templum
1560 4201 1616 4246 et
1683 4194 1870 4263 religio
1920 4196 2032 4261 Diri,

465 4284 535 4335 ibi
565 4282 784 4335 Adriani
819 4291 1015 4342 statua,
1048 4290 1104 4334 et
1136 4277 1285 4334 Jovis
1320 4281 1521 4336 idolum
1551 4282 1875 4335 collocatum
1931 4295 2034 4338 est.

460 4374 618 4437 Quod
644 4373 797 4425 multi
843 4386 1005 4438 super
1044 4371 1137 4425 illo
1194 4372 1508 4425 testimonio
1581 4370 2035 4441 interpretantur,

463 4466 606 4533 quod
640 4465 692 4517 in
720 4464 1011 4532 Evangelio
1064 4462 1295 4531 legimus
1332 4480 1348 4518 :
1403 4462 1535 4518 Cum
1576 4472 1754 4518 autem
1800 4466 2035 4520 videritis

463 4557 903 4609 abominationem
954 4554 1301 4608 desolationis
1344 4563 1571 4610 stantem
1599 4556 1653 4609 in
1708 4558 2032 4613 sanctoloco
2068 4578 2113 4634 υ

462 4649 661 4718 (.llarc.
685 4662 805 4709 xnt,
838 4646 905 4701 M
927 4644 969 4712 ).
1006 4644 1073 4698 Et
1104 4644 1260 4713 operi
1292 4660 1553 4699 manuum
1610 4661 1828 4700 suarum
1885 4650 2039 4702 incli-

465 4741 575 4796 nati
607 4749 732 4796 sunt
759 4755 776 4792 ς
800 4749 854 4793 et
882 4738 1069 4800 homo,
1104 4736 1370 4791 rationale
1400 4737 1624 4802 animal,
1657 4752 1730 4793 tes
1765 4742 2033 4807 adoravit,

464 4845 519 4888 ct
559 4834 813 4901 lapidem.
855 4829 992 4884 Sunt
1022 4839 1201 4884 autem
1234 4829 1323 4897 Qui
1353 4828 1466 4884 haec
1500 4831 1565 4884 de
1613 4827 1817 4884 Iudaeis
1866 4832 2036 4886 inter-

465 4933 765 4994 pretentur,
786 4922 937 4991 quod
967 4933 1256 4992 antequam
1304 4931 1628 4990 caperentur
1649 4938 1679 4976 a
1728 4923 2036 4995 Babyloniis

465 5018 718 5071 universa
761 5016 872 5071 hare
899 5016 1149 5081 fecerint,
1188 5024 1241 5068 et
1272 5015 1391 5069 ideo
1414 5014 1626 5070 dimissi
1686 5028 1866 5070 sunta
1907 5019 2037 5074 Deo.

468 5111 621 5165 Unde
659 5109 781 5163 etin
806 5108 910 5162 line
933 5108 1151 5178 Capituli
1169 5111 1387 5178 ponitur
1412 5126 1426 5164 :
1449 5107 1530 5162 Ne
1551 5126 1672 5179 ergo
1688 5110 1924 5163 dimittas
1942 5113 2037 5166 eis.

538 5230 554 5260 ¹
577 5227 721 5282 Unde
744 5237 789 5280 et
812 5224 1241 5293 repetundarum,
1268 5233 1369 5278 etc.
1398 5224 1567 5293 Leges
1596 5225 1660 5280 de
1686 5223 2033 5292 licpetundis,

464 5300 672 5355 scilicet
697 5297 965 5367 pecuinis,
991 5309 1084 5346 sex
1113 5292 1265 5367 fuere
1296 5293 1377 5347 vel
1400 5292 1709 5367 septem;L.
1738 5295 1879 5367 Piso.
1914 5295 2038 5347 'l'ri-

467 5375 642 5424 ltunus
667 5363 865 5435 populi,
891 5366 1121 5435 primum
1142 5366 1208 5435 de
1239 5363 1564 5435 Repetuudis
1595 5366 1927 5432 legationem
1950 5374 2037 5417 tu-

467 5444 554 5504 lit;
586 5440 651 5492 de
669 5431 785 5505 qua
836 5437 952 5489 Cic.
988 5434 1083 5486 ιίιι.
1109 5447 1143 5484 ιι
1174 5431 1315 5505 Οίῇσ.
1350 5449 1368 5486 :
1405 5452 1422 5483 ι
1457 5431 1705 5505 ﬂendum
1735 5446 1952 5488 centum
1974 5440 2037 5505 et

463 5502 647 5562 decent
681 5502 809 5558 anui
845 5516 989 5565 sunt,
1027 5517 1145 5555 cum
1178 5503 1243 5555 de
1277 5503 1521 5572 pecuniis
1569 5506 1879 5572 repetundis
1905 5520 1933 5555 a
1972 5502 2037 5556 Ι..

465 5577 658 5631 Pisone
682 5576 786 5628 lata
808 5583 891 5627 est
911 5574 1013 5627 lex.
1051 5592 1067 5622 ι
1100 5572 1296 5625 Eodem
1319 5588 1479 5643 anno,
1504 5585 1593 5625 aut
1618 5584 1763 5627 certe
1790 5574 2036 5643 proximo

466 5651 572 5702 alia
602 5647 683 5699 lex
710 5663 737 5695 τι
764 5645 978 5698 ρςυυιιιυ
1006 5644 1221 5712 tribuno
1238 5643 1418 5710 populi
1445 5642 1546 5695 lata
1572 5659 1788 5712 quoilue
1814 5644 2033 5696 dicitur.

471 5718 672 5772 Deinde
703 5714 821 5767 alia:
856 5713 1000 5776 leges
1034 5713 1100 5764 de
1136 5710 1484 5778 llepetuudis,
1534 5710 1784 5769 scrvdia.
1843 5712 2034 5771 Acilia,

465 5785 713 5840 Cornelia
743 5797 794 5837 et
816 5782 957 5836 Julia
988 5797 1004 5841 ς
1036 5781 1231 5848 quibus
1258 5780 1477 5848 singulis
1502 5784 1813 5851 aliquandiu
1842 5783 2039 5849 judicia

464 5868 587 5911 sunt
620 5855 1016 5908 adntiutstrata.
1051 5853 1217 5904 l‘orro
1242 5853 1306 5905 de
1340 5852 1709 5908 li'Jlllillltrt‘lllll
1741 5870 1790 5906 ιιι
1822 5854 1844 5907 .l
1875 5856 2037 5905 μικο-

2136 3302 2162 3335 ;ι
2185 3282 2319 3336 facie
2344 3277 2621 3349 Babylonii
2653 3275 2731 3328 vel
2760 3272 2988 3327 Romani
3016 3269 3309 3326 exercitus,
3346 3263 3563 3332 quando
3589 3276 3708 3313 om-

2136 3375 2223 3428 nia
2250 3372 2623 3433 vastalmntur,
2658 3368 2806 3438 juxta
2847 3363 2977 3418 illud
3007 3360 3149 3429 qttod
3175 3360 3226 3411 in
3264 3355 3552 3423 Evangelia
3580 3352 3712 3418 legi-

2139 3479 2254 3518 mus
2291 3482 2305 3517 :
2332 3460 2475 3514 Tunc
2506 3461 2675 3512 dicent
2714 3456 2994 3511 montibus.
3019 3453 3186 3506 cadite
3208 3466 3363 3518 super
3396 3464 3522 3509 nos;
3548 3456 3592 3497 et
3622 3460 3708 3511 pr-

2136 3557 2253 3614 tris,
2297 3551 2606 3603 Abscondite
2651 3564 2739 3600 nos
2767 3546 2914 3617 tLuc.
2939 3539 3398 3607 xxm,30).Juma
3435 3549 3709 3603 zonagogvn

2136 3661 2263 3699 vero
2284 3663 2309 3697 a
2333 3643 2465 3698 facie
2493 3641 2785 3693 Dominicm
2807 3635 3107 3706 majestatis
3128 3631 3439 3701 prmcipitur
3457 3628 3632 3682 nobis.
3656 3634 3712 3674 ut

2137 3753 2469 3791 assummum
2499 3744 2661 3802 pclt‘tl!
2691 3728 3085 3786 fortitudinem,
3110 3725 3175 3776 de
3195 3738 3300 3790 qua
3334 3721 3535 3771 dictum
3585 3726 3662 3767 νει
3696 3731 3708 3765 :

2140 3829 2299 3882 Petra
2318 3826 2577 3894 refugiant
2607 3820 2867 3887 leporibus
2889 3816 3059 3886 (P-saL
3078 3830 3197 3876 cm,
3223 3812 3308 3877 18)
3329 3829 3344 3874 ;
3366 3821 3417 3864 et
3443 3848 3457 3869 ,
3488 3806 3547 3859 In
3562 3817 3709 3871 petra

2135 3922 2385 3977 (‘xttlltlall
2424 3935 2501 3972 me
2524 3917 2691 3986 (Psal.
2727 3930 2873 3977 xxvr,
2909 3913 2987 3965 (il.
3026 3911 3195 3963 Moses
3242 3921 3458 3975 quoque
3494 3906 3543 3956 in
3574 3902 3714 3955 lui-zi-

2137 4018 2282 4070 tuine
2310 4024 2468 4085 petra!
2491 4011 2734 4082 ponitur,
2761 4018 2819 4062 ut
2854 4005 3033 4060 videat
3065 4001 3363 4071 posteriora
3391 3997 3479 4049 Dei
3514 3994 3709 4065 (Exod.

2139 4084 2365 4173 tutu):
2397 4112 2450 4157 et
2488 4118 2501 4155 :
2530 4099 2746 4154 Bibebat
2774 4095 2997 4165 populus
3020 4093 3082 4145 de
3113 4088 3340 4160 spiritali
3368 4084 3605 4155 sequenti
3627 4099 3712 4135 eos

2138 4210 2286 4268 petra
2326 4195 2388 4267 (1
2411 4193 2535 4249 Cor.
2573 4209 2626 4255 ιι,
2656 4192 2689 4245 4
2718 4190 2761 4259 ).
2798 4182 3349 4250 Absconditurqueiu
3414 4186 3563 4246 petra
3619 4175 3711 4241 qui

2122 4278 2440 4360 ingreditur
2468 4284 2773 4339 eubiCulum
2803 4294 2983 4341 suum,
3034 4286 3089 4330 et
3132 4274 3315 4326 clauso
3347 4270 3488 4322 ostio
3526 4268 3717 4317 adorat

2141 4384 2374 4444 Patrem,
2416 4389 2473 4433 ut
2512 4379 2563 4431 in
2600 4384 2816 4430 terreno
2846 4383 3080 4438 corpore
3136 4362 3487 4425 constitutus,
3539 4371 3718 4411 trans-

2140 4469 2557 4527 euntemmundi
2617 4482 2721 4519 non
2782 4462 2980 4518 sentiat
3038 4466 3434 4525 tempestatem.

2214 4562 2390 4633 (γεγε.
2414 4561 2470 4614 Η
2487 4561 2555 4626 .)‹
2582 4555 2732 4611 Oculi
2757 4553 3014 4608 sublimes
3034 4548 3269 4602 heroinis
3287 4540 3551 4599 humiliati
3567 4548 3715 4602 sunt,

2150 4667 2202 4709 et
2234 4651 2613 4706 incurvahitur
2668 4646 2898 4700 altitudo
2933 4644 3169 4695 virorum
3198 4656 3213 4693 :
3245 4636 3576 4691 exaltabitur
3623 4644 3720 4681 au-

2147 4758 2252 4801 tem
2279 4744 2537 4797 Dominus
2565 4742 2711 4795 solus
2734 4739 2786 4791 in
2823 4738 2910 4789 die
2934 4736 3043 4789 illa.
3095 4751 3113 4783 ι
3167 4731 3302 4785 Cum
3345 4729 3529 4781 hestes
3560 4739 3718 4775 vene-

2148 4841 2274 4900 rint,
2297 4846 2579 4891 ctomnetn
2610 4830 2942 4903 provinciali:
2999 4823 3324 4895 Babylonius
3375 4825 3466 4871 aut
3523 4816 3721 4867 [lutita-

2146 4945 2248 4983 nus
2301 4943 2488 4982 mucro
2539 4924 2852 4987 vastaverit,
2886 4930 2941 4975 et
3001 4911 3459 4972 circumsedet-int
3505 4907 3718 4975 agunua

2148 5021 2471 5074 bellatorum
2505 5017 2798 5072 Jerusalem
2835 5032 2848 5064 :
2878 5023 3005 5065 tunc
3047 5022 3147 5061 nec
3178 5004 3403 5064 divitiw,
3440 5016 3537 5054 nec
3569 4999 3723 5051 nubi-

2153 5108 2277 5165 li'tas
2303 5109 2542 5179 generis,
2570 5122 2669 5161 nec
2714 5102 2956 5172 potentia
2988 5099 3306 5171 dignitatum
3344 5095 3580 5161 aliquem
3630 5090 3723 5143 dc-

2149 5241 2266 5280 rum
2298 5224 2520 5280 avaritia
2555 5238 2659 5276 non
2688 5232 2856 5289 paura
2885 5212 3101 5289 scripsit
3126 5208 3397 5289 _Jose_phus
3429 5205 3578 5289 libris
3604 5206 3720 5260 suis

2144 5279 2328 5367 Antii].
2349 5295 2561 5367 Judaie.
2594 5308 2657 5346 ac
2689 5279 2784 5367 ide
2810 5279 3723 5367 Dellofludaicoiﬂbeavaritia-vero

2145 5347 2492 5436 impera—toris
2524 5362 2705 5436 Severi
2739 5360 2863 5436 vide
2886 5356 3167 5436 Epit‘otnen
3197 5350 3382 5436 Dionis,
3408 5349 3460 5399 itt
3498 5347 3719 5436 S'ev'ero.

2141 5414 2705 5491 bliiitrtiitiéljieeru
2734 5435 2799 5480 de
2826 5414 2971 5480 Clar.
2998 5426 3147 5478 Orat.
3168 5436 3287 5487 cap.
3314 5417 3427 5491 27;
3465 5434 3482 5467 ι
3518 5414 3577 5468 L.
3602 5416 3724 5469 Piso

2147 5489 2317 5574 legent
2349 5505 2553 5574 primus
2586 5502 2651 5574 de
2685 5499 2926 5574 pecuniis
2963 5493 3278 5574 repetundis
3311 5489 3453 5574 tulit.
3495 5505 3514 5537 ι

2217 5560 2236 5607 δ
2296 5560 2490 5626 Furem
2530 5560 2765 5639 judicent
2821 5560 3164 5628 audin—etc.
3360 5560 3543 5627 legunt
3593 5570 3722 5639 mss.

2144 5631 2599 5711 excntplariaftn
2640 5638 2798 5692 editis
2846 5652 2971 5711 vero
3019 5652 3114 5704 pro
3140 5631 3290 5684 ntulit
3338 5638 3595 5711 scindunt
3639 5635 3724 5678 est

2148 5699 2321 5781 argaii
2350 5726 2368 5765 .‘
2398 5699 2516 5779 qua:
2546 5711 2815 5762 variantes
2846 5699 3103 5758 lectiones
3136 5718 3240 5781 tum
3277 5702 3498 5750 multum
3525 5699 3725 5749 distare

2147 5773 2429 5846 videntur;
2455 5797 2552 5835 nec
2584 5792 2710 5833 sunt
2745 5789 3112 5831 liltllllt'ltlU'c‘tL‘.
3151 5773 3412 5824 lituram.
