3980 6200
325 313 393 383 Si
1506 323 1568 385 S.
1616 322 1925 385 EUSEBlI
1957 320 2404 388 HIERONYMI

3428 286 3591 390 ἰη

326 434 546 490 tendere
581 439 841 503 poterunt
870 432 998 500 ;sed
1030 433 1277 489 omnium
1313 433 1419 491 erit
1457 452 1561 495 una
1588 440 1898 508 captivitas,
1928 464 1975 523 Α
2004 439 2097 495 alii
2128 434 2496 495 sublimentitr
2541 439 2606 493 ad
2672 455 2919 509 regnum,
2982 441 3074 496 alii
3138 442 3493 500 detrahantur
3524 448 3593 502 ad

323 540 378 583 ct
406 528 548 582 Deus
574 526 725 582 solus
754 526 1113 593 exaltabitur,
1140 527 1298 596 cujus
1326 527 1460 582 iram
1510 529 1691 583 nullus
1744 539 1896 599 pote-

325 621 394 673 rit
417 620 711 675 declinare.
766 616 918 677 Multi
950 619 1064 673 haec
1101 619 1170 674 de
1189 618 1277 674 die
1323 618 1516 688 judicii
1572 619 1902 690 intelligunt,

324 712 471 779 quod
494 712 672 779 omnis
717 720 965 766 creatura
1008 711 1420 780 comparatione
1478 713 1672 768 divina:
1724 712 1906 781 gloria:

327 803 665 865 humilietnr,
693 811 748 856 et
779 803 1109 868 iucurvetur,
1139 811 1192 856 et
1219 803 1355 857 nihil
1392 818 1512 859 esse
1564 819 1624 858 se
1682 805 1901 861 sentiat.

399 894 581 964 (νει-ε,
614 894 729 965 12).
761 912 780 945 ι
819 892 942 949 Dies
962 895 1109 949 enim
1144 893 1357 949 Domini
1380 896 1717 951 exercituum
1741 910 1905 963 super

324 1002 539 1043 onmem
573 987 864 1055 superbum
893 996 948 1040 et
1000 987 1305 1051 excelsum,
1353 998 1408 1042 et
1459 1002 1623 1056 Super
1678 1000 1895 1040 omnem

325 1079 742 1148 arrogantem‘.
782 1095 801 1130 ι
862 1078 926 1132 Et
951 1077 1065 1132 haec
1129 1078 1404 1145 prioribus
1472 1079 1899 1148 eonjunguutur.

325 1171 380 1225 In
403 1170 510 1231 die,
530 1169 721 1239 inquit,
746 1169 836 1224 illa
863 1170 915 1224 in
949 1184 1052 1238 qua
1084 1170 1413 1225 exaltabitur
1431 1170 1692 1225 Dominus
1728 1170 1900 1234 solus,

326 1264 430 1319 hoc
463 1270 567 1326 est,
600 1264 654 1315 in
690 1262 779 1316 die
811 1262 1035 1317 ultionis
1062 1261 1379 1327 Dominicae,
1445 1262 1647 1316 excelsi
1703 1263 1904 1331 quique

323 1364 726 1424 etarrogantes
748 1366 912 1426 atque
973 1356 1242 1411 sublimes
1293 1355 1594 1423 captivitati
1615 1364 1668 1409 et
1725 1353 1905 1423 gladio

326 1449 707 1518 subjaeebunt.
727 1447 1126 1517 Μεταφςρικῶς
1182 1457 1358 1501 autem
1388 1461 1569 1501 sermo
1597 1445 1664 1500 de
1694 1442 1905 1513 magnis

324 1552 404 1595 est
434 1553 599 1610 atque
624 1540 1001 1612 principibus:
1034 1540 1177 1610 quod
1227 1547 1433 1606 quanto
1492 1538 1663 1607 magis
1711 1550 1903 1605 supcr-

327 1635 550 1695 l:ierint,
585 1644 734 1687 tanto
766 1633 1003 1703 amplius
1033 1631 1430 1699 deprimantur.
1465 1629 1730 1683 Dominus
1758 1625 1902 1682 enim

326 1724 572 1792 superbis
596 1726 817 1790 resistit,
840 1732 891 1777 et
909 1723 1202 1777 humilibus
1225 1721 1315 1776 dat
1333 1720 1560 1790 gratiam
1578 1717 1630 1791 (Ι
1659 1717 1802 1772 Petr.
1825 1716 1899 1787 v).

324 1815 428 1881 Qui
456 1814 521 1869 de
540 1813 827 1881 dieiudicii
847 1813 1172 1882 intelligunt,
1190 1811 1506 1881 superbum,
1528 1820 1581 1864 et
1600 1808 1891 1870 excelsum.
1930 1804 1969 1857 Β

325 1918 380 1958 et
402 1906 707 1967 sublimem,
741 1914 793 1959 et
825 1913 1194 1973 arrogantem,
1227 1902 1511 1956 diabolutn
1549 1900 1654 1952 diei
1685 1907 1899 1967 putant.

327 1995 763 2065 Quisuperbiens
797 1972 1034 2061 loquitur
1071 2012 1086 2049 :
1124 1991 1300 2062 Super
1329 1990 1509 2044 stellas
1560 1972 1674 2043 ια’ιί
1707 2001 1900 2055 ponam

327 2087 499 2140 sedem
524 2102 689 2139 meam
720 2100 740 2140 .°
768 2085 954 2140 sedebo
980 2086 1035 2139 in
1070 2093 1242 2138 monte
1261 2082 1484 2145 excelso,
1535 2097 1689 2150 super
1724 2093 1900 2132 omnes

328 2189 525 2232 montes
557 2177 667 2247 39
689 2177 919 2231 excelsos
947 2177 1015 2230 ad
1042 2175 1352 2247 Aquilonem
1386 2189 1406 2228 :
1435 2160 1714 2226 ascendam
1748 2184 1904 2240 super

330 2275 510 2334 nubes,
546 2286 634 2324 ero
662 2271 850 2324 similis
887 2268 1154 2324 Altissimo
1204 2265 1354 2329 (lsa.
1419 2280 1531 2330 κιν,
1584 2264 1671 2329 15,
1737 2253 1848 2331 η’)
1885 2277 1901 2315 :

329 2362 550 2431 quando
573 2377 637 2415 ex
666 2377 763 2416 ore
820 2360 1109 2416 infantium
1134 2369 1188 2413 et
1234 2358 1545 2411 laetentium
1596 2354 1904 2423 perﬁcietur

331 2458 472 2518 laus,
500 2454 887 2517 utdestruatur
909 2452 1165 2508 inimicus
1189 2462 1243 2504 et
1275 2449 1414 2503 ultor
1451 2446 1623 2517 (Psal.
1661 2462 1777 2510 vttt,
1808 2445 1899 2514 5).

400 2544 583 2616 (Vera.
621 2545 710 2599 15.
743 2544 762 2614 )
797 2563 816 2596 ι
854 2544 917 2599 Et
949 2557 1115 2612 super
1140 2556 1333 2598 omnes
1361 2543 1552 2595 cedros
1592 2538 1785 2593 Libani
1812 2554 1906 2592 su-

331 2638 523 2692 ltlimes
556 2648 608 2691 et
637 2645 870 2703 erectas,
899 2645 956 2693 et
998 2649 1164 2704 super
1184 2649 1376 2688 omnes
1396 2647 1630 2702 quercus
1652 2630 1848 2686 Busan.
1880 2647 1899 2679 ι

333 2732 396 2788 lit
424 2731 478 2785 in
505 2732 764 2785 vicesimo
794 2737 988 2795 octavo
1014 2726 1230 2782 Psalqu
1249 2726 1469 2779 canitur
1506 2740 1520 2775 :
1558 2722 1668 2777 νοω
1700 2722 1905 2776 Domini

328 2822 644 2880 conterentis
678 2824 859 2874 cedros
885 2832 902 2871 :
924 2826 1159 2874 conteret
1197 2816 1457 2869 Dominus
1484 2817 1663 2869 ceilros
1694 2812 1906 2879 Libani,

330 2927 378 2978 et
410 2911 726 2967 comminuet
766 2925 854 2965 eus
886 2908 1038 2978 quasi
1054 2907 1275 2963 vitulum
1294 2905 1478 2961 Libani
1506 2906 1681 2977 (Psal.
1716 2921 1907 2969 xxvm,

332 3007 403 3060 35
428 3007 468 3073 ).
504 3005 572 3059 Et
603 3004 655 3056 in
688 3000 997 3057 tricesimo'
1031 3009 1185 3054 sexto
1238 2997 1452 3054 Psalmo
1488 3015 1504 3054 :
1543 2997 1658 3051 Vidi
1688 2998 1909 3065 impium

332 3092 622 3153 t‘xaltatum
641 3099 689 3144 et
712 3090 969 3144 eleuatum
992 3090 1143 3159 quasi
1163 3091 1343 3143 cedros
1361 3087 1577 3153 Libani,
1601 3099 1648 3141 et
1669 3088 1909 3152 transivi,

332 3196 383 3244 ct
406 3201 509 3239 non
534 3192 734 3247 erat,et
758 3182 975 3251 quaesivi
997 3196 1137 3247 eum,
1160 3188 1208 3234 et
1237 3197 1337 3235 non
1386 3191 1462 3235 est
1481 3182 1717 3243 iuventus
1765 3179 1909 3234 locus

334 3273 448 3343 ejus
474 3277 494 3344 (
523 3270 672 3325 Psal.
699 3284 774 3335 v1,
810 3270 878 3323 54
905 3269 946 3338 ).
979 3268 1226 3334 Quercus
1271 3284 1487 3339 quoque
1528 3270 1720 3334 Basan,
1777 3284 1910 3337 quas

317 3368 529 3440 -'Aquila
581 3366 748 3440 δρύας
775 3409 789 3432 ,
820 3365 1175 3437 Symmachus
1211 3373 1266 3419 et
1295 3363 1594 3419 Tlieodotio
1646 3362 1909 3433 βαλάνους

337 3461 674 3529 interpretati
711 3470 857 3528 sunt,
903 3459 1234 3530 glandiferas
1303 3459 1577 3522 novimus,
1637 3471 1758 3524 qua:
1805 3455 1906 3510 etsi

339 3552 821 3620 lecerintfructus,
850 3566 1134 3620 porcorum
1166 3557 1295 3605 sunt
1320 3549 1600 3610 alimenta,
1665 3562 1770 3600 non
1820 3548 1912 3599 lio-

339 3646 562 3697 miuum.
593 3642 770 3701 Busan
810 3643 955 3713 regio
984 3653 1066 3697 est
1095 3642 1327 3708 Arabiae,
1350 3642 1433 3694 cui
1491 3638 1780 3708 imperavit
1805 3637 1909 3707 0g,

336 3739 425 3807 qui
460 3736 759 3805 appellatus
786 3744 865 3813 est
886 3751 977 3793 rex
1005 3734 1208 3802 Busan,
1235 3746 1283 3788 et
1356 3735 1747 3802 interpretatur
1789 3733 1911 3785 aio-

336 3831 496 3901 χύνη.
527 3828 580 3885 id
599 3840 703 3895 cst,
734 3829 1046 3898 ignominia,
1072 3843 1231 3896 quam
1259 3826 1305 3882 si
1328 3826 1704 3883 confusionem
1734 3836 1913 3880 trans.

322 3924 479 3985 ‘l'erre
513 3921 865 3987 voluerimus,
897 3921 1068 3989 magis
1102 3921 1382 3992 σύγχυσιν,
1446 3921 1497 3975 id
1533 3929 1636 3986 est,
1678 3918 1910 3988 Babylo-

340 4033 452 4069 nem
481 4015 749 4085 siguillcat
786 4029 948 4085 quam
974 4012 1170 4069 Busan.
1204 3997 1597 4087 suﬁenoiimcs
1645 4026 1775 4080 ergo
1818 4014 1908 4083 qui

337 4076 624 4175 eriguntur
650 4108 702 4165 in
728 4076 1060 4176 superbiam,
1129 4116 1184 4160 et
1240 4076 1634 4175 lavaniitopera
1683 4103 1912 4175 ignomi-

339 4199 466 4263 nia-,
496 4208 659 4267 atque
688 4200 741 4255 in
782 4211 940 4257 emno
981 4197 1263 4257 libidinum
1308 4193 1645 4258 volutantur,
1695 4192 1909 4248 Domini

338 4290 573 4344 vindicti
611 4301 923 4359 consurget.
953 4289 1110 4354 Quod
1152 4289 1197 4341 si
1265 4287 1504 4355 prudens
1562 4288 1737 4341 lector
1766 4302 1912 4356 quae-

336 4382 506 4447 sierit,
542 4396 638 4434 cur
684 4381 735 4436 in
800 4381 999 4448 templo
1053 4378 1260 4432 Domini
1320 4380 1537 4447 cedrina
1597 4378 1740 4449 ligna
1801 4379 1912 4432 siut

1934 3138 1981 3202 C

2018 545 2265 599 plenam,
2297 540 2351 586 et
2378 532 2524 587 cedri
2555 530 2746 587 Libani
2807 549 2930 604 qua!
2990 547 3212 605 prapter
3281 536 3591 606 superbiam

2012 632 2391 690 conterentur,
2423 624 2714 693 eligantur,
2743 641 2864 680 eum
2899 626 3022 680 boni
3054 627 3239 683 odoris
3263 626 3485 692 iuerint.
3529 640 3583 687 et

2011 728 2134 769 cum
2163 715 2426 784 Apostolo
2452 716 2694 774 dixerint
2736 736 2751 776 :
2795 719 2992 777 Christi
3019 719 3184 774 bonus
3239 720 3366 775 odor
3414 738 3593 776 sumus

2019 805 2072 876 (Ι
2102 806 2229 862 Cor.
2258 824 2318 871 tt,
2353 806 2481 876 15).

2082 893 2465 967 (νθτε.1ι1.)‹
2507 895 2575 949 Ει
2608 912 2771 965 super
2805 914 2995 954 omnes
3046 910 3260 956 montes
3310 902 3578 971 excelsos,

2009 998 2062 1041 et
2092 1002 2255 1057 super
2278 1002 2468 1044 omnes
2501 989 2664 1043 colles
2692 990 2947 1046 elevatos.
2993 1010 3013 1045 ι
3080 991 3255 1047 Sicuti
3308 994 3360 1048 in
3395 996 3588 1048 bonam

2016 1091 2225 1150 partem
2262 1096 2359 1151 pro
2391 1081 2658 1139 varietate
2684 1084 2966 1151 virtutum,
3008 1095 3222 1142 montes
3256 1080 3594 1157 appellantur

2007 1185 2062 1229 et
2081 1173 2287 1230 colles:
2317 1174 2395 1227 sic
2414 1175 2556 1228 inter
2576 1177 2768 1245 impios
2794 1190 2890 1244 pro
2914 1178 3227 1234 diversitate
3247 1181 3520 1249 vitiorum,
3540 1193 3593 1236 et

2010 1265 2241 1319 maxime
2263 1266 2551 1335 superbia),
2592 1266 2681 1319 alii
2710 1277 2921 1323 montes
2945 1279 3090 1331 sunt,
3115 1269 3206 1325 alii
3224 1270 3411 1335 colles,
3430 1287 3593 1341 super

2008 1370 2144 1423 quos
2200 1356 2691 1421 eritdiesDomini,
2738 1361 2803 1412 de
2826 1360 3021 1426 quibus
3071 1359 3184 1432 40
3206 1362 3257 1414 in
3312 1364 3593 1420 Ezechiele

2008 1447 2271 1516 scriptum
2296 1457 2378 1501 est
2410 1464 2424 1501 :
2449 1447 2575 1501 Ha’c
2593 1450 2716 1501 dit-it
2750 1451 2958 1504 Adonai
2989 1449 3243 1507 Dominus
3263 1454 3523 1508 montibus
3543 1466 3589 1508 et

2010 1537 2227 1593 collibus
2256 1554 2273 1592 :
2305 1537 2439 1591 Ecce
2460 1554 2551 1606 ego
2569 1540 2815 1593 inducam
2836 1557 2993 1608 super
3015 1558 3104 1597 vos
3130 1543 3387 1612 gladium.
3406 1556 3452 1599 et
3480 1548 3592 1600 dis-

2007 1628 2319 1697 sipabuntur
2354 1629 2557 1682 excelsa
2599 1641 2791 1695 vestra,
2818 1641 2863 1684 et
2886 1643 3225 1687 conterentur
3246 1649 3355 1689 ara)
3378 1647 3583 1702 vestra;

2006 1730 2061 1777 et
2092 1720 2298 1787 reliqua
2330 1719 2642 1788 (Eur/va,
2671 1722 2703 1775 5
2727 1725 2769 1790 ).

2075 1809 2255 1880 (Vers.
2280 1808 2436 1878 15.)«
2468 1806 2524 1861 Et
2543 1824 2704 1879 super
2742 1826 2954 1865 onmem
3000 1812 3189 1866 turrim
3218 1814 3512 1880 excelsam,
3533 1825 3589 1872 et

2003 1915 2167 1969 super
2199 1915 2413 1955 onmem
2449 1915 2664 1953 murum
2696 1902 3019 1956 munitum.»
3052 1900 3152 1968 Otii
3177 1905 3243 1957 ad
3275 1904 3585 1975 Vespasiani

2000 1993 2333 2061 Adrianiqlte
2358 1991 2468 2047 haec
2501 1990 2744 2045 referunt
2767 2000 3006 2062 tempora
3030 1996 3384 2065 corporaliter
3402 1996 3590 2052 dicunt

2003 2081 2218 2151 impleta
2258 2097 2377 2151 qua:
2423 2082 2627 2151 scripta
2662 2093 2810 2147 sunt,
2839 2079 2979 2151 quod
3008 2099 3111 2138 non
3150 2086 3315 2140 turris
3348 2088 3584 2154 excelsa,

2006 2187 2112 2226 non
2133 2171 2475 2227 ﬁrmissimus
2495 2188 2706 2239 murus,
2725 2188 2828 2226 non
2851 2173 2952 2228 ulla
2975 2176 3188 2228 navium
3210 2177 3592 2242 multitudo,et

2009 2263 2399 2332 negotiationis
2424 2265 2711 2331 industria,
2733 2265 3016 2320 adversum
3042 2266 3148 2321 vim
3176 2265 3403 2322 Romani
3430 2282 3590 2323 exer-

2005 2357 2147 2411 citus
2170 2356 2405 2426 potuerit
2441 2357 2732 2427 praevalere
2756 2375 2773 2424 ;
2796 2359 2892 2413 sed
2924 2359 2976 2412 in
3010 2366 3216 2413 tantam
3248 2361 3588 2415 habitatores

2005 2443 2202 2500 Juila'ze
2256 2447 2466 2505 venisse
2486 2446 2931 2514 formidincm,ut
2980 2459 3034 2505 et
3071 2449 3172 2518 ipsi
3215 2465 3338 2506 cum
3398 2453 3589 2523 conju-

2008 2538 2169 2607 gibus
2203 2538 2487 2606 etliberis,
2551 2553 2686 2594 auro
2713 2550 2766 2594 et
2813 2536 3040 2612 argento
3071 2557 3190 2611 quas
3245 2543 3347 2598 sibi
3390 2545 3591 2601 auxilio

2009 2628 2127 2682 fore
2153 2630 2520 2695 mstimabant,
2553 2628 2604 2684 in
2636 2629 2822 2686 foveas
2870 2641 3031 2687 terra:
3077 2634 3311 2690 demersi
3363 2637 3495 2696 sint,
3534 2645 3593 2692 et

2015 2721 2440 2793 profundissima
2485 2730 2637 2776 antra
2667 2722 2884 2777 sectati.
2930 2724 2987 2776 Si
3018 2725 3163 2778 enim
3223 2728 3501 2781 voraciqu
3535 2738 3591 2782 et

2020 2814 2426 2867 luxuriosorum
2457 2823 2646 2867 venter
2664 2822 2751 2867 est
2784 2813 2943 2884 Deus,
2978 2830 3148 2884 quare
3178 2833 3283 2872 non
3316 2818 3464 2873 avari
3498 2836 3591 2873 au-

2014 2921 2135 2959 rum
2164 2914 2217 2958 et
2247 2914 2530 2972 argentum
2564 2905 2867 2974 appelletur
2889 2880 3195 2962 Deu-s?Alii
3236 2910 3349 2965 haec
3388 2912 3453 2965 ad
3488 2912 3591 2966 Da-

2011 2995 2229 3066 bylonia
2260 2995 2504 3051 referunt
2541 3007 2806 3067 tempora.
2846 2996 3158 3068 Ergojuxta
3204 3000 3353 3070 leges
3412 3012 3571 3072 trope-

2014 3085 2168 3155 logia:
2192 3087 2404 3158 singula
2437 3102 2664 3157 quaeque
2689 3104 3032 3157 percurram.
3055 3082 3246 3146 Turris
3271 3093 3350 3147 vel
3381 3095 3450 3149 ob
3468 3111 3586 3149 mu-

2016 3179 2277 3233 nitionem
2321 3179 2474 3234 urbis
2527 3178 2848 3245 aediﬁcatur,
2906 3179 2988 3235 vel
3051 3181 3120 3236 ob
3177 3185 3469 3252 speculam,
3530 3195 3587 3241 ut

2014 3271 2171 3341 longe
2200 3271 2428 3327 veniens
2458 3282 2722 3326 cernatur
2776 3272 2971 3327 hostis.
3024 3273 3407 3345 Unusquisque
3459 3292 3590 3348 ergo

1988 3348 2261 3429 nostrum
2298 3362 2461 3417 debet
2492 3363 2761 3418 aediﬁcare
2811 3366 3025 3430 turrim,
3085 3369 3239 3435 prius
3283 3369 3589 3439 sumptibus

2012 3454 2340 3524 supputatis,
2375 3469 2445 3507 ne
2469 3453 2621 3521 juxta
2654 3454 3026 3522 lavangclicam
3077 3457 3385 3525 parabolam
3431 3457 3584 3529 (Luc.

2023 3561 2109 3601 xrv
2145 3549 2185 3616 ),
2215 3561 2337 3599 cum
2391 3546 2610 3611 explere
2637 3559 2779 3613 opus
2811 3546 3134 3613 nequiverit,
3161 3547 3416 3603 rideatur.
3458 3550 3587 3605 Ilaac

2016 3635 2181 3688 turris
2221 3636 2685 3689 beneconstructa
2714 3636 2978 3702 persistit.
3031 3634 3129 3690 Sin
3173 3648 3349 3692 autem
3406 3653 3586 3694 erecta

2015 3725 2067 3779 in
2099 3724 2432 3791 superbiam,
2472 3725 2624 3777 lirma
2664 3740 2771 3778 non
2815 3725 3066 3779 habuerit
3094 3727 3466 3795 fundamenta,
3494 3745 3586 3783 ca-

2013 3818 2102 3869 det
2124 3831 2286 3885 super
2321 3832 2467 3879 eoin,
2499 3832 2528 3871 a
2560 3833 2669 3887 quo
2730 3814 2995 3873 aedificata
3045 3828 3128 3874 est
3189 3838 3203 3875 :
3241 3810 3382 3874 sicut
3426 3820 3586 3878 illain

2015 3906 2186 3969 Siloa,
2214 3922 2332 3975 una:
2369 3907 2553 3961 decem
2599 3918 2650 3961 et
2674 3917 2798 3962 octo
2815 3911 3065 3965 homines
3101 3911 3393 3966 interfecit.
3436 3911 3588 3968 Unde

2014 4009 2070 4052 et
2090 3997 2349 4051 Dominus
2406 3998 2644 4067 loquitur
2704 4001 2768 4053 ad
2817 4002 3129 4056 audientes:
3175 3998 3241 4054 Et
3276 4019 3359 4055 vos
3388 4004 3431 4055 si
3485 4019 3588 4056 non

2018 4088 2232 4158 egeritis
2254 4090 2639 4157 paenitentiam,
2669 4091 2910 4144 similiter
2935 4093 3169 4163 peribitis
3188 4094 3338 4163 (Luc.
3368 4111 3483 4158 nti,
3508 4096 3585 4162 5).

2013 4182 2073 4237 ln
2093 4181 2550 4250 consequentibus
2567 4197 2783 4252 quoque
2807 4183 2998 4237 lecturi
3016 4191 3375 4256 sumus,quod
3410 4189 3592 4243 Domi-

2016 4290 2118 4330 nus
2144 4274 2199 4329 in
2223 4274 2379 4329 vinea
2404 4288 2500 4327 sua
2521 4273 2871 4328 aediﬁcaverit
2889 4276 3104 4342 turrim,
3123 4289 3175 4331 et
3192 4279 3381 4333 iecerit
3401 4291 3588 4334 torcu-

2018 4369 2117 4433 lar,
2164 4376 2218 4421 et
2281 4365 2574 4420 maceriam
2610 4364 3055 4430 circumdederit,
3092 4373 3186 4423 sed
3226 4371 3340 4426 hate
3400 4378 3580 4428 omnia

337 4474 533 4539 posita,
567 4473 690 4525 etin
718 4474 1015 4526 centesimo
1032 4469 1433 4526 tertiO-Psalmo
1468 4471 1729 4541 legamus
1752 4469 1905 4537 juxta

2015 4468 2288 4518 destructa
2337 4464 2445 4516 sint
2480 4456 2642 4531 atque
2669 4472 2899 4527 vastata,
2960 4465 3087 4533 quia
3135 4480 3273 4520 vano
3321 4474 3587 4536 Superbia!

337 4564 658 4618 llcbraicam
689 4563 972 4617 veritatem
1007 4579 1024 4616 :
1059 4560 1458 4617 Saturnbuutur
1491 4563 1631 4633 ligna
1667 4562 1903 4624 Domini,

334 4668 383 4713 et
403 4656 545 4710 cedri
564 4654 752 4709 Libani
767 4671 896 4725 quas
917 4666 969 4708 tu
988 4654 1244 4723 plantusti
1263 4671 1281 4710 :
1302 4654 1372 4707 ibi
1393 4669 1631 4728 passeres
1656 4654 1871 4721 nidi/ica
1886 4680 1904 4693 ι

336 4752 463 4804 bunt
496 4749 514 4818 (
544 4748 691 4809 Psal.
723 4764 834 4812 cui,
861 4747 993 4817 18);
1019 4748 1241 4801 etintcr
1292 4759 1486 4802 uetera
1547 4747 1690 4813 ligna
1743 4747 1904 4800 etiam

335 4840 484 4895 cedri
512 4841 577 4893 ad
602 4841 787 4895 laudes
814 4838 1023 4894 Domini
1058 4847 1416 4907 provocentur
1451 4855 1464 4891 :
1502 4846 1556 4891 et
1587 4836 1640 4890 in
1670 4838 1904 4890 adventu

338 4931 659 4995 Salvator-is,
693 4934 913 5002 quando
930 4946 1120 4988 omnes
1154 4929 1404 4995 arbores,
1452 4939 1505 4983 ct
1530 4929 1673 4998 ligna
1730 4929 1905 4997 campi

337 5021 659 5087 appiaudcnt
682 5019 849 5074 ramis
865 5020 1006 5082 suis,
1033 5023 1291 5087 scriptum
1312 5018 1382 5071 sit
1420 5032 1435 5070 :
1467 5014 1672 5069 Portam
1692 5016 1746 5067 in
1766 5024 1908 5068 terra

336 5111 591 5179 inaquosa
618 5113 827 5165 cedrum
860 5121 904 5163 et
935 5110 1149 5171 buxum,
1197 5120 1243 5161 et
1277 5123 1575 5176 cypressum
1633 5117 1679 5159 et
1723 5108 1905 5173 pinum

336 5202 605 5270 (lsmxu,
650 5203 731 5261 t9.
788 5219 891 5256 sec.
930 5202 1120 5263 LXX)
1155 5211 1247 5257 :et
1306 5218 1448 5255 nunc
1498 5202 1640 5254 diem
1698 5199 1906 5251 Domini

336 5310 500 5366 super
518 5296 713 5349 eetlros
733 5294 924 5348 Libani
945 5312 1124 5349 sermo
1144 5296 1410 5365 proplictie
1432 5310 1494 5347 us
1517 5290 1910 5347 committetur?

342 5392 445 5444 hoc
462 5387 748 5443 dicendum
782 5397 884 5452 est,
910 5391 1050 5456 quod
1081 5403 1144 5441 ex
1171 5391 1359 5441 eodem
1385 5402 1583 5457 genere
1608 5387 1913 5451 hominum,

414 5524 571 5596 'Dnn
600 5541 731 5579 mss.
790 5522 963 5596 Xatic.
1028 5533 1080 5577 et
1134 5522 1306 5577 Palat.
1359 5526 1631 5596 aililuutel
1692 5526 1916 5596 reliqua.

411 5597 430 5626 ¹
458 5594 613 5649 Falso
634 5596 759 5661 legit
786 5594 1036 5653 Martian.
1057 5596 1107 5647 in
1141 5596 1400 5647 tricesimo
1436 5595 1653 5659 [ἐπιπιιο
1678 5594 1906 5661 tantum,

342 5683 440 5753 pro
469 5665 737 5753 .t‘ricesinto
761 5674 929 5747 sexto,
948 5674 1180 5753 ut‘estre
1205 5667 1340 5746 ipsa,
1368 5676 1416 5720 et
1434 5681 1564 5719 mss.
1590 5668 1907 5753 .pruifcrrunl.

416 5738 435 5777 β
466 5735 633 5803 Paulo
666 5738 987 5802 concinuius
1021 5733 1312 5803 Victorius,
1373 5753 1530 5816 quam
1556 5733 1607 5790 si
1648 5738 1913 5806 confusiu-

2015 4554 2305 4624 supercilio
2336 4551 2689 4609 intumuerint
2728 4554 2746 4621 (
2787 4551 2896 4606 lsa.
2941 4570 2965 4605 v
2994 4556 3033 4619 ).
3071 4554 3207 4609 Muri
3252 4572 3465 4627 quoque
3493 4574 3589 4611 cx-

2023 4657 2307 4704 struuutur
2354 4648 2575 4710 excelsi,
2632 4662 2698 4699 ne
2728 4647 2835 4700 cito
2911 4648 3103 4701 civitas
3166 4653 3495 4716 destruatur,
3522 4668 3590 4707 ne

2023 4741 2272 4794 hostibus
2305 4748 2505 4803 pateat,
2532 4739 2656 4808 quia
2678 4724 3099 4793 circumdantur"
3107 4741 3359 4798 Ecl-lesia:
3375 4745 3592 4811 sapien-

2019 4830 2247 4887 tissimis
2271 4831 2422 4897 viris,
2456 4840 2510 4885 et
2534 4832 2680 4885 onmi
2713 4833 2921 4886 ratione
2981 4834 3287 4899 tlrmautur,
3353 4852 3417 4889 ne
3448 4838 3589 4905 quod

2017 4927 2211 4992 dOgma
2246 4938 2556 4992 perversum
2585 4925 2874 4993 pramdeat
2906 4925 3146 4981 veritati.
3179 4928 3254 4983 De
3281 4930 3584 4986 istiusmodi

2018 5019 2190 5073 muris
2223 5020 2361 5071 Deus
2391 5017 2627 5085 loquitur
2652 5018 2719 5071 ad
2747 5017 3046 5075 Jerusalem
3081 5036 3094 5074 :
3134 5018 3267 5075 Ecce
3298 5038 3452 5090 super
3475 5040 3588 5077 ma-

2018 5126 2113 5163 nus
2135 5126 2272 5163 mens
2292 5109 2502 5176 depiuxi
2521 5125 2696 5161 muros
2728 5119 2865 5172 tuos,
2884 5121 2929 5163 et
2962 5112 3014 5164 in
3033 5123 3310 5178 conspectu
3330 5131 3440 5168 meo
3466 5128 3586 5169 suul

2019 5220 2225 5274 semper
2266 5205 2462 5276 (Infra
2495 5206 2839 5269 xt.v,l(i,sec.
2901 5204 3097 5279 LXX).
3145 5190 3251 5264 .Sin
3307 5220 3484 5264 autem
3535 5213 3586 5267 hi

2019 5298 2107 5366 qui
2149 5296 2296 5365 prius
2334 5296 2784 5364 impugnaverant
2808 5295 3120 5365 Ecclesium,
3175 5301 3397 5369 cognita
3450 5305 3591 5357 veri-

2025 5400 2152 5452 tate,
2180 5387 2488 5442 trausierint
2528 5390 2793 5452 adtitlem,
2845 5400 2902 5442 et
2947 5396 3303 5459 pugnaverint
3352 5409 3450 5463 pro
3503 5410 3589 5461 ea,

2028 5543 2141 5606 pem
2183 5527 2472 5606 transferre
2513 5528 2846 5606 voluerimus,
2956 5541 3034 5583 est
3085 5532 3368 5606 σύγχυσιν,
3412 5535 3591 5606 Baby-

2028 5551 2141 5578 uem
2183 5551 2472 5596 tr'urlslt’rt'e
2513 5551 2846 5591 vmuermms,
2885 5551 3033 5584 metu
3085 5551 3148 5584 συ
3195 5551 3368 5603 χυσιν,
3412 5551 3591 5606 Παῦε]-

2019 5595 2185 5673 lonein
2218 5599 2482 5673 signiﬁcat
2513 5601 2677 5673 magis
2701 5616 2860 5673 quam
2895 5599 3093 5673 Busan.
3154 5551 3210 5656 in
3278 5621 3436 5673 quam
3477 5622 3591 5660 rem

2021 5668 2183 5745 alium
2220 5666 2533 5737 Hieronymi
2575 5672 2751 5745 locum
2804 5671 2989 5745 laudat
3043 5674 3094 5725 in
3152 5666 3317 5728 Amos
3359 5692 3479 5745 cap.
3516 5693 3587 5737 tv,

2024 5736 2189 5792 Nobis
2221 5736 2580 5813 praeteritus.
2605 5741 2761 5798 tidem
2795 5742 2928 5797 nihil
2961 5743 3122 5798 licere
3157 5746 3429 5805 duximus.
