3980 6200
334 381 421 443 si
534 386 535 389 γ
1099 378 1601 442 COMMENTAR.
1645 378 1727 440 IN
1774 376 2047 440 ISAIAM
2091 375 2560 445 PROPHETAM
2611 385 2760 446 LIB.
2800 385 2851 449 Ι.
3526 358 3615 450 ’δι

344 513 508 563 quam
541 503 667 550 ante
701 494 1170 566 impugnaverant,
1217 502 1344 548 tunc
1381 494 1516 549 illud
1566 493 1922 563 implebitur:
1957 500 1999 558 Δ
2031 496 2163 565 rint,
2192 506 2247 554 et
2278 499 2535 555 universa
2579 506 2913 566 scrutantes,
2944 495 3079 567 hoc}
3104 506 3209 563 est,
3263 498 3428 553 etiam
3486 514 3617 568 pro-

345 578 451 663 41
487 589 606 645 Cito
633 586 983 657 wdiﬁcaberis
1012 586 1076 641 ab
1110 587 1212 654 liis,
1234 586 1469 655 aquibus
1508 588 1776 642 destructa
1803 604 1923 642 eras

350 682 512 752 (Ibid.
544 682 653 747 Π).
678 680 735 733 In
757 678 998 734 Levitico
1016 693 1230 749 quoque
1260 678 1510 743 legimus,
1534 680 1778 743 domum,
1805 694 1928 749 qua

348 778 405 828 in
438 773 664 828 urbibus
696 774 930 826 muralis
949 771 1041 836 sit,
1060 770 1104 825 sl
1134 771 1272 825 intra
1294 787 1493 825 annum
1525 771 1799 839 redempta
1818 787 1925 827 non

350 867 537 931 fuerit,
554 863 780 934 emptori
794 873 997 917 aeterna
1012 861 1354 932 possessione
1374 861 1601 929 lirmari,
1624 862 1768 932 quod
1806 862 1853 918 si
1875 864 1927 916 in

350 960 494 1013 villis
511 967 567 1014 et
587 958 641 1011 in
662 954 855 1010 viculis
872 954 965 1020 sit,
982 968 1100 1022 quas
1116 968 1299 1009 muros
1316 969 1419 1008 non
1441 955 1695 1016 habeant,
1714 968 1931 1020 semper

351 1062 514 1117 posse
548 1046 767 1111 redimi,
810 1052 865 1101 et
886 1045 1148 1115 emptoris
1174 1044 1405 1115 pretium
1421 1043 1682 1099 ﬂuctuare
1732 1042 1919 1115 (Leuit.

354 1139 517 1207 xxv).

424 1230 606 1300 (Vers.
638 1229 729 1283 I6.
756 1230 776 1296 )
809 1245 829 1281 ι
866 1227 1111 1298 Etsuper
1140 1242 1332 1283 omnes
1362 1240 1530 1281 naves
1587 1224 1839 1294 Tharsis,
1874 1235 1930 1281 et

356 1336 519 1392 super
541 1336 727 1387 omne,
756 1321 899 1390 quod
930 1320 1045 1375 visu
1072 1319 1356 1387 pulchrum
1370 1328 1472 1372 est.
1507 1337 1525 1369 ι
1560 1316 1662 1373 Pro
1691 1316 1931 1381 Tharsis.

357 1413 503 1484 quod
529 1428 720 1469 omnes
750 1414 1009 1469 similiter
1043 1411 1461 1476 transtulerunt,
1496 1411 1598 1466 soli
1627 1411 1769 1467 LXX
1786 1429 1935 1467 mare

360 1505 696 1574 interpretati
723 1514 872 1559 sunt.
900 1503 1109 1559 Hebraei
1168 1514 1380 1571 putant,
1427 1503 1658 1575 ‘lingua
1715 1503 1934 1574 proprie

359 1612 460 1652 sua
482 1612 631 1652 mare
661 1596 891 1651 THARsIS
909 1594 1180 1667 (την-ιη)
1209 1595 1491 1665 appellari,
1510 1599 1728 1666 quando
1752 1609 1932 1651 autem

361 1688 555 1743 dicitur
584 1701 679 1742 tu
705 1687 863 1755 (at),
887 1700 994 1741 non
1045 1684 1310 1739 Hebraico
1344 1698 1600 1740 sermone
1646 1683 1932 1755 appellari,

266 1816 273 1821 ρ
357 1782 454 1836 sed
494 1781 739 1851 Syriaco.
772 1778 970 1833 Habuit
1002 1786 1057 1832 et
1095 1775 1357 1847 Josapltat
1393 1791 1588 1842 naves,
1636 1792 1776 1847 quas
1807 1776 1935 1832 mit-

2034 589 2199 644 funda
2236 587 2400 645 Deiet
2436 591 2705 645 mirabilia
2746 590 2867 661 ejus
2927 592 3263 660 aspexerint.
3311 587 3420 663 42
3464 588 3620 644 ιοςρ-

2034 680 2174 748 phus
2198 678 2423 734 Tharsis
2452 681 2641 735 urbem
2665 679 2869 735 Cilicia:
2895 679 3125 736 Tarsum
3168 680 3502 745 arbitratur;
3526 681 3629 753 alii_

2036 769 2315 839 regionem
2338 780 2527 840 putant
2556 769 2737 834 Indiae,
2756 781 2810 824 et
2834 771 2936 825 hoc
2964 771 3181 825 nomine
3205 769 3368 823 etiam
3403 771 3467 823 de
3487 769 3620 823 dno-

2036 862 2212 916 decim
2246 862 2473 931 gemmis
2494 861 2725 930 lapidein
2752 861 3034 931 appellari,
3061 861 3152 932 qui
3182 861 3324 931 apud
3390 877 3490 916 nos
3522 876 3621 916 vo-

2036 963 2196 1008 catur
2228 953 2590 1025 Chrgsolithus
2623 953 2744 1019 ’,οὺ
2772 953 3620 1009 marinicolorissimilitudinem.

2036 1045 2228 1100 Melius
2249 1057 2430 1100 autem
2458 1044 2797 1111 est,Tliarsis
2815 1046 2895 1099 vel
2922 1046 3183 1104 mare.vel
3205 1046 3441 1116 pelagus,
3461 1046 3618 1100 abso-

2034 1136 2144 1192 lute
2164 1137 2430 1207 accipere.
2467 1134 2649 1207 Neque
2668 1137 2811 1191 enim
2835 1134 3002 1192 Jonas
3033 1137 3100 1191 de
3130 1135 3302 1208 Joppe
3333 1138 3619 1208 navigans.

2037 1232 2102 1283 ad
2124 1227 2325 1283 Indiam
2348 1237 2561 1297 poterat
2591 1228 2897 1296 pervenire,
2922 1230 3168 1297 adquam
3189 1230 3282 1286 illo
3302 1232 3435 1284 mari
3463 1246 3569 1284 non
3600 1228 3623 1262 ⁸

2042 1328 2223 1390 potest
2280 1321 2521 1388 navigari
2558 1319 2689 1387 ;sed
2754 1319 3079 1390 simpliciter
3129 1322 3207 1376 ire
3268 1323 3319 1376 in
3379 1322 3621 1393 pelagus,

2037 1420 2092 1467 et
2118 1414 2184 1464 ad
2223 1426 2580 1481 quascunque
2620 1411 2829 1467 insulas
2861 1427 3112 1482 pergere.
3140 1412 3407 1484 Quodque
3441 1414 3627 1483 sequi-

2028 1515 2165 1561 tur:
2200 1505 2263 1561 Et
2290 1523 2448 1576 super
2477 1523 2650 1571 omne,
2683 1507 2824 1577 quod
2864 1509 2974 1563 visu
3004 1507 3283 1578 pulchrum
3335 1518 3412 1565 est
3441 1526 3459 1565 :
3514 1511 3628 1564 sive

2038 1609 2096 1653 ut
2123 1598 2262 1653 LXX
2292 1600 2737 1657 transtulerunt:
2777 1599 2845 1654 Et
2907 1618 3068 1669 super
3118 1620 3324 1659 onmem
3360 1611 3628 1671 aspectum

2037 1689 2455 1758 pulchritudinis
2484 1693 2725 1761 navium,
2766 1694 2957 1749 eodem
3000 1709 3163 1750 sensu
3216 1696 3622 1774 accipieniluqii,

2043 1785 2189 1853 quod
2219 1784 2534 1839 destruatur
2569 1800 2599 1837 a
2633 1785 2721 1841 die
2752 1786 2967 1842 Domitii
3012 1788 3271 1858 quidquid
3332 1788 3619 1857 pulchrum

362 1873 507 1927 tebat
526 1872 580 1925 in
605 1868 958 1939 ΤΙιαηίευΙΙ
982 1869 1113 1939 Reg.
1167 1885 1302 1935 uti,
1364 1870 1434 1925 49
1470 1873 1513 1938 ),
1554 1869 1649 1924 sed
1675 1868 1928 1923 contritae

2059 1875 2265 1930 videtur
2315 1874 2370 1929 iu
2395 1876 2601 1942 verbis,
2620 1886 2673 1931 et
2702 1878 2938 1932 humana
2973 1879 3185 1934 ratione
3212 1888 3617 1939 constructum.

361 1974 489 2019 sunt
518 1965 572 2018 in
605 1962 967 2032 Asiougaher.
1004 1961 1204 2016 llabuit
1232 1973 1287 2017 et
1328 1962 1590 2018 Salomon
1632 1975 1755 2032 quae
1788 1960 1937 2015 ibant

362 2057 417 2111 iu
438 2055 665 2110 Tharsis
688 2053 799 2126 (111
829 2053 960 2125 Reg.
986 2071 1038 2121 ι,
1069 2054 1141 2109 22
1163 2055 1206 2124 ),
1239 2064 1292 2109 et
1319 2063 1440 2125 post
1502 2064 1612 2111 tres
1644 2068 1818 2109 annos
1855 2067 1941 2108 re-

361 2150 737 2215 vertebantur,
752 2146 1162 2218 aﬂ'erebautque
1196 2148 1307 2219 regi
1329 2155 1617 2216 argentum
1636 2154 1689 2200 et
1720 2161 1935 2209 aurum.
1974 2149 1980 2156 '

363 2241 502 2297 ebur
526 2249 584 2295 et
607 2240 814 2295 simias.
852 2238 957 2294 Sed
1015 2240 1142 2309 quia
1174 2255 1269 2309 rex
1322 2250 1552 2310 uterque
1594 2247 1939 2310 peccaverat,

365 2333 508 2389 alius
575 2333 796 2388 deditus
847 2331 1132 2400 voluptati,
1189 2340 1245 2386 et
1296 2341 1646 2387 externarum
1697 2331 1940 2402 gentium

361 2442 554 2483 amans
596 2428 868 2494 feminas;
904 2428 1044 2481 alius
1067 2440 1128 2481 se
1153 2441 1277 2480 cum
1307 2440 1434 2495 rege
1469 2424 1732 2479 Samaria:
1772 2439 1944 2492 copu-

362 2520 485 2575 Ians
516 2538 532 2576 :
568 2520 712 2589 quod
739 2528 1028 2587 utrumque
1067 2517 1136 2571 ad
1164 2516 1414 2573 ethnicos
1440 2516 1698 2581 refertur,
1733 2524 1788 2570 et
1825 2518 1935 2571 hae-

364 2611 591 2683 reticus,
622 2610 675 2663 iu
705 2609 905 2677 quibus
929 2608 1062 2662 nihil
1095 2615 1182 2663 est
1234 2607 1382 2662 aliud
1440 2607 1543 2664 nisi
1597 2607 1778 2675 lulgor
1833 2605 1946 2661 elo-

364 2702 624 2772 quentiae,
654 2711 713 2756 et
736 2701 755 2732 '
783 2716 978 2758 sensus
1008 2701 1273 2756 diabolica
1297 2710 1415 2755 arte
1472 2710 1842 2766 constructus,
1891 2709 1945 2754 et

364 2809 548 2849 sermo
577 2805 849 2857 mortuus,
879 2794 1022 2863 quod
1066 2794 1464 2863 interpretatur
1490 2794 1543 2848 in
1591 2793 1869 2858 dentibus,
1894 2802 1949 2846 et

365 2887 668 2941 similitudo
696 2887 921 2942 rationis
944 2886 1221 2950 humanae,
1244 2885 1707 2957 quodseutiturju
1726 2886 1905 2941 simiis
1931 2903 1946 2950 ;

372 2980 575 3034 idcirco
607 2979 659 3033 in
694 2978 1192 3048 l’salmislegimus,
1234 2978 1299 3032 In
1322 2979 1515 3047 spiritu
1571 2978 1798 3033 violento
1823 2995 1948 3032 con-

371 3073 566 3142 fringe:
586 3087 739 3126 naves
774 3069 1198 3125 TltarsistPsal.
1236 3086 1401 3134 XLV",
1427 3070 1507 3139 8).
1544 3070 1611 3125 Et
1648 3071 1714 3125 de
1749 3071 1831 3125 his
1851 3086 1951 3124 na-

2038 1969 2083 2023 si
2125 1983 2183 2023 se
2217 1970 2391 2040 erigat
2420 1979 2606 2024 c0atra
2642 1971 2925 2023 scientiam
2961 1970 3076 2027 Dei.

2112 2059 2293 2131 (Vers.
2331 2061 2445 2131 I8.)
2478 2079 2498 2111 ι
2561 2060 2629 2115 Et
2683 2061 3061 2116 incurvabitur
3094 2063 3401 2120 sublimitas
3454 2064 3633 2119 homi-

2043 2168 2194 2218 num,
2225 2163 2281 2208 et
2316 2155 2337 2186 ⁸
2366 2153 2741 2209 humiliabitur
2772 2152 3003 2210 altitudo
3054 2155 3321 2221 virorum,
3359 2166 3412 2210 et
3442 2159 3625 2209 εΙιινει-

2045 2246 2193 2302 bitur
2220 2246 2482 2303 Dominus
2526 2247 2676 2303 solus
2730 2250 2781 2305 iu
2813 2251 2902 2306 die
2936 2248 3043 2313 illa,
3103 2257 3157 2303 et
3188 2247 3327 2302 idola
3365 2248 3386 2278 ⁸
3414 2249 3630 2318 penitus

2042 2347 2417 2395 conterentur.
2446 2359 2467 2395 ι
2506 2340 2716 2394 Tandiu
2776 2343 2996 2399 videtur
3031 2342 3305 2395 humanus
3334 2356 3515 2397 sermo
3536 2345 3632 2396 lia-

2047 2432 2174 2486 bere
2203 2431 2491 2495 rationem,
2528 2431 2766 2502 quandiu
2815 2433 3012 2488 divina.-
3041 2431 3286 2486 scieutiae
3321 2446 3426 2485 non
3462 2432 3626 2487 fuerit

2049 2530 2425 2592 comparatus.
2454 2521 2589 2577 Cum
2612 2534 2791 2578 autem
2825 2524 3167 2578 mendacium
3202 2523 3439 2590 veritati,
3473 2524 3634 2592 quasi

2050 2613 2253 2682 stipula
2288 2612 2426 2684 igni,
2471 2616 3009 2685 appropinquaverit,
3046 2614 3160 2670 cito
3191 2625 3415 2669 voratur
3444 2624 3498 2668 et
3541 2614 3637 2670 de-

2049 2707 2217 2777 perit,
2251 2717 2305 2761 et
2336 2708 2518 2762 omnia
2555 2709 2810 2784 dogmata
2839 2707 3115 2774 falsitatis,
3146 2722 3267 2778 qua:
3297 2722 3440 2761 nunc
3492 2707 3634 2760 idola

2052 2800 2432 2866 nominantur,
2461 2801 2532 2856 ab
2564 2816 2629 2857 eo
2655 2803 2800 2872 quod
2825 2802 3083 2858 simulata
3105 2801 3214 2856 sint
3248 2811 3413 2871 atque
3468 2802 3637 2855 conli-

2064 2902 2171 2956 cta,
2202 2892 2419 2960 penitus
2456 2902 2835 2948 conterentur.

2129 2983 2305 3051 (Vers.
2336 2984 2452 3054 I9.)
2492 3003 2510 3036 ‹
2547 2984 2605 3039 In
2636 2985 2724 3040 die
2758 2986 2845 3040 illa
2886 2983 3138 3055 projiciet
3172 2986 3339 3040 homo
3368 2984 3510 3039 idola
3549 2997 3638 3038 ar-

2056 3074 2201 3141 genti
2243 3073 2352 3139 sui,
2403 3084 2456 3128 et
2512 3074 2810 3131 simulacra
2838 3076 3085 3142 auiisni,
3124 3091 3243 3145 qua:
3275 3075 3479 3129 fecerat
3510 3076 3638 3140 sibi,

371 3162 528 3217 vibus
578 3161 719 3215 idem
748 3161 917 3216 Isaias
970 3161 1243 3228 loquitur:
1286 3159 1377 3215 Va:
1418 3160 1519 3214 alis
1542 3161 1774 3228 navium,
1830 3176 1948 3233 qua:
1980 3191 2024 3250 ε
2058 3175 2115 3218 ιιι
2151 3163 2406 3219 adoraret
2434 3166 2609 3234 talpas
2638 3175 2691 3219 et
2733 3166 3177 3235 vespertilioues,
3223 3175 3277 3220 et
3302 3166 3638 3236 ingredietur

372 3263 492 3308 sunt
533 3265 682 3307 trans
724 3250 1284 3321 Ethiopiamllul‘ra,
1332 3266 1456 3321 cap.
1514 3266 1669 3316 xvut,
1738 3252 1786 3315 Ι,
1838 3269 1942 3306 sec.

373 3348 514 3406 LXX
539 3351 582 3419 ).
609 3349 753 3405 Sunt
779 3358 963 3403 autem
987 3348 1298 3403 econtrario
1341 3356 1396 3401 et
1424 3347 1596 3417 ,bona:
1650 3361 1841 3411 naves,
1884 3349 1951 3403 de

372 3441 569 3511 quibus
598 3439 651 3494 iu
702 3437 908 3492 eisdem
941 3436 1167 3490 Psalmis
1222 3437 1420 3490 dicitur
1452 3454 1466 3491 :
1506 3436 1606 3501 Qui
1635 3436 1953 3491 descendunt

374 3549 516 3585 mare
542 3535 595 3585 in
614 3532 855 3598 naribus,
880 3541 925 3582 et
948 3531 1150 3599 faciunt
1179 3542 1306 3595 opus
1338 3527 1391 3580 in
1416 3529 1571 3597 aquis
1602 3527 1802 3582 multis.
1837 3527 1951 3596 Ipsi

372 3625 607 3679 viderunt
633 3639 791 3693 opera
822 3622 1035 3675 Domini
1068 3631 1112 3674 et
1134 3615 1405 3674 inirabilia
1457 3618 1570 3689 ejus
1597 3621 1653 3673 in
1687 3618 1952 3689 profundo

376 3717 562 3787 (Psal.
591 3732 697 3777 cu,
724 3715 846 3786 15).
878 3714 978 3779 Qui
1018 3712 1163 3767 enim
1209 3714 1260 3766 in
1292 3710 1476 3767 Sa'culi
1511 3710 1672 3782 hujus
1698 3710 1951 3768 ﬂuctibus

376 3823 484 3861 non
499 3813 625 3861 sunt
644 3805 826 3871 otiosi,
859 3804 955 3859 sed
1001 3814 1318 3873 operantur;
1350 3814 1405 3857 et
1459 3817 1672 3858 merces
1731 3813 1952 3871 portant

378 3898 706 3962 Dominicas,
737 3908 792 3953 et
824 3897 888 3951 ad
933 3905 1147 3973 portum
1178 3894 1379 3965 quietis
1428 3896 1615 3949 venire
1668 3894 1950 3960 festinant,

376 3991 479 4061 ipsi
505 3990 693 4045 vident
716 4002 880 4060 opera
904 3988 1140 4050 Domini,
1173 3996 1227 4042 et
1263 3986 1529 4041 mirabilia
1572 3987 1698 4057 ejus
1737 3988 1791 4043 in
1822 4004 1951 4059 pro-

374 4081 569 4147 fundo,
602 4080 820 4150 quando
847 4077 916 4133 ad
959 4077 1285 4147 profundam
1333 4076 1620 4133 scientiam
1682 4092 1952 4146 pervene-

453 4223 471 4254 ⁸
495 4219 862 4274 Rabbiuorum
901 4217 1016 4273 haec
1043 4225 1130 4274 est
1170 4217 1376 4287 opinio,
1403 4216 1456 4270 iu
1486 4229 1649 4287 quam
1689 4226 1746 4273 et
1774 4217 1946 4287 Graeci

375 4297 786 4352 concesserunt,
804 4289 936 4342 Para
946 4289 1196 4359 plirastes
1212 4286 1248 4359 fa
1268 4286 1757 4359 Corderioeditus,
1775 4286 1953 4359 Theo-

378 4363 546 4414 dorus
571 4355 973 4423 Heracleensis,
992 4368 1153 4426 atque
1173 4358 1287 4410 alii.
1313 4355 1514 4412 Verum
1541 4355 1797 4413 Ilcbrzeos
1817 4358 1949 4413 olim

377 4431 452 4484 ita
486 4430 750 4493 sensisse,
788 4427 878 4480 vix
926 4428 1143 4483 credam
1179 4443 1194 4493 ;
1229 4442 1383 4491 nam,
1435 4428 1581 4495 quod
1588 4436 1665 4495 _et
1733 4427 1956 4484 Drusius

376 4497 1042 4561 auimadvertit,dubitari
1070 4497 1236 4552 etiam
1273 4493 1472 4563 potest.
1503 4510 1571 4549 an
1587 4493 1815 4552 Tliarsis
1834 4512 1954 4552 om-

2056 3255 2110 3309 in
2147 3256 2370 3310 ﬁssuras
2405 3267 2707 3326 petrarum,
2758 3269 2812 3311 et
2845 3273 3112 3313 cavernas
3143 3272 3400 3313 saxorum
3428 3274 3456 3310 a
3499 3256 3641 3311 facie

2057 3346 2367 3402 formidinis
2441 3348 2676 3413 Domini,
2728 3358 2783 3404 et
2836 3366 2864 3402 a
2919 3350 3089 3419 gloria
3155 3350 3453 3418 iuajestatis
3500 3348 3640 3419 ejus,

2058 3453 2181 3493 eum
2209 3439 2512 3493 surrexerit
2541 3448 2830 3508 percutere
2864 3450 3087 3495 terram.
3133 3458 3152 3491 ι
3196 3436 3350 3509 Smpe
3400 3440 3639 3495 diximus

2061 3541 2347 3600 argentum
2380 3540 2433 3584 et
2462 3546 2655 3585 aurum
2708 3547 2806 3601 pro
2843 3547 3122 3598 sermone,
3158 3543 3213 3587 et
3241 3549 3407 3587 sensu
3440 3533 3637 3603 aet-ipi,

2061 3634 2181 3688 qua:
2212 3633 2332 3674 cum
2369 3634 2399 3674 a
2433 3618 2542 3674 Deo
2573 3620 2887 3675 hominibus
2915 3622 3042 3673 data
3067 3622 3196 3685 sint,
3224 3630 3282 3673 ut
3308 3620 3387 3683 vel
3416 3620 3639 3688 loquan-

2061 3720 2170 3775 tur,
2200 3709 2285 3765 vel
2322 3712 2562 3765 sentiaut
2588 3710 2778 3776 Deum,
2808 3723 2861 3765 et
2885 3710 3107 3765 laudent
3129 3723 3431 3765 creatorem
3460 3726 3641 3773 suum,

2063 3801 2139 3856 illi
2169 3801 2470 3858 abutuntur
2495 3801 2599 3858 hoc
2639 3816 2865 3856 munere
2909 3803 2962 3856 iu
3029 3802 3295 3856 idolorum
3337 3802 3634 3855 simulatio-

2062 3910 2184 3949 nem
2209 3934 2223 3957 .
2260 3895 2418 3965 juxta
2453 3894 2582 3948 illud
2612 3897 2758 3965 quod
2804 3896 3065 3964 scriptum
3112 3904 3235 3949 est:
3268 3893 3401 3947 Dedi
3434 3896 3510 3947 eis
3548 3910 3638 3947 ar-

2058 3996 2268 4058 gentum
2298 3995 2349 4040 et
2378 4002 2572 4041 aurum
2604 4004 2622 4051 ;
2661 3988 2764 4057 ipsi
2794 4002 2911 4041 vero
2945 3988 3008 4040 de
3032 3996 3251 4055 argento
3275 3995 3321 4038 et
3362 4001 3495 4038 auro
3518 4001 3633 4038 meo

2056 4082 2258 4149 operati
2318 4089 2438 4135 sunt
2499 4078 2634 4133 Baal
2666 4080 2706 4149 ο(
2735 4077 2874 4133 0m.
2909 4094 2967 4144 ii,
3004 4078 3100 4144 8).
3164 4078 3296 4131 Cum
3350 4091 3479 4145 ergo
3523 4077 3644 4144 quis

2061 4235 2182 4290 cap.
2237 4220 2292 4281 Ξ,
2345 4221 2418 4274 De
2461 4219 2637 4287 lapide
2665 4229 2870 4290 autem,
2920 4232 3010 4286 qui
3047 4224 3271 4290 vocatur
3304 4214 3518 4269 Tharsis
3560 4218 3640 4269 vel

2062 4284 2705 4360 Clirysolithus,consule
2734 4288 2908 4360 Bililia
2935 4284 3087 4340 sacra
3109 4284 3281 4339 Exod.
3305 4301 3421 4353 cap.
3448 4302 3641 4352 xxviii,

2061 4357 2241 4428 20,13
2274 4358 2499 4428 Apocal.
2553 4374 2664 4423 xxt,
2691 4359 2784 4413 20.
2834 4357 3101 4412 Maurum.

2136 4434 2159 4463 ⁵
2190 4427 2313 4500 Non
2328 4423 2509 4498 potest
2539 4430 2805 4500 navigari.
2837 4427 3032 4482 Audivi
3062 4425 3386 4500 hodiernum
3414 4423 3645 4500 Geogra-

2066 4500 2236 4570 phutn
2270 4496 2601 4570 Hieronymo
2635 4496 2857 4553 minime
2888 4498 3318 4570 assentientem;
3354 4496 3469 4570 vult
3496 4499 3641 4570 enim

381 4539 679 4623 uin-(iumen
696 4539 987 4639 signiticet.
1016 4539 1472 4639 Quod'seiruitur:
1522 4581 1630 4620 non
1667 4539 1957 4639 ιιυιρῖειιιῗό,
1991 4539 2043 4599 D
2070 4539 2609 4639 iti'dié't‘ﬁ
2635 4539 3477 4639 posse-Vitatigarlviatiiielius
3499 4567 3645 4639 arbi-

380 4638 611 4711 Syriaco
625 4636 1371 4711 seruiuiiejamdici,_miruin
1406 4644 1514 4711 est_
1547 4637 1737 4711 magis.
1758 4636 1799 4691 Ε
1831 4652 1961 4711 con-

384 4705 554 4763 trario
579 4711 724 4763 enim
752 4705 1105 4778 Syrifamma
1126 4707 1336 4778 dicunt,
1369 4707 1514 4778 quod
1570 4705 1795 4778 omnino
1847 4709 1956 4760 ori-

380 4782 563 4845 ginem
591 4779 739 4832 ducit
761 4774 828 4830 ab
854 4774 1081 4833 llcbrteo
1103 4777 1245 4845 jam,
1283 4774 1741 4844 quemadmodum
1775 4787 1829 4829 et
1850 4789 1959 4833 tela

380 4846 1219 4918 Syrorumlingua,tantumque
1279 4848 1552 4918 diversam
1606 4855 1707 4918 est
1758 4845 1955 4918 forma.

452 4920 473 4949 '
496 4921 566 4972 Et
596 4934 798 4979 sensus,
820 4928 943 4971 .etc.
978 4917 1035 4970 In
1061 4914 1221 4970 antea
1244 4916 1403 4970 editis
1427 4914 1580 4986 libris
1603 4917 1857 4986 legimus,
1890 4916 1956 4970 Et

381 5005 561 5043 sensus
588 4989 865 5040 dialectica
893 4997 1006 5040 arte
1025 4995 1375 5040 constructus.
1403 4985 1671 5042 MARTIAN.

380 5056 530 5110 -ιω
563 5067 775 5111 etiuss.
821 5058 995 5111 nostri
1044 5068 1098 5110 et
1143 5056 1395 5111 Illartian.
1440 5060 1753 5122 prml'eittut.
1798 5054 1957 5110 Vete-

387 5144 475 5198 res
509 5129 705 5198 vulgati
733 5127 1038 5190 dialectica,
1064 5142 1229 5193 quam
1252 5127 1467 5198 quidem
1497 5139 1665 5180 artem
1687 5128 1957 5180 lia-reticis

387 5197 519 5252 vitio
538 5196 749 5252 vei-tere
776 5199 1132 5267 Hieronymus
1150 5198 1305 5251 solet.
1330 5196 1459 5253 Vide
1484 5199 1646 5261 intra,
1675 5207 1727 5250 ct
1755 5214 1803 5249 Ill
1832 5214 1953 5266 cap.

391 5285 418 5321 ν
457 5269 617 5322 Osee.
818 5318 821 5321 Α

458 5338 479 5369 ³
508 5339 892 5408 Chrysotitlius.
931 5339 1118 5408 Graec
1146 5338 1249 5390 hoc
1274 5351 1471 5408 nomen
1501 5337 1751 5392 scribunt
1800 5338 1954 5390 codi-

387 5424 481 5464 ces
508 5405 643 5465 mss'.
669 5409 1005 5478 χρυσόλιθος.
1067 5405 1164 5478 Est
1188 5417 1366 5459 autem
1401 5407 1768 5478 Cltrysolitlius
1817 5410 1952 5473 lapis

389 5496 609 5540 aureus,
665 5476 760 5533 seu
795 5481 941 5533 aurei
996 5476 1201 5533 coloris
1227 5491 1463 5545 gemma,
1491 5476 1614 5545 quae
1660 5477 1954 5531 adiiiisutui

388 5565 602 5619 quoque
627 5549 789 5604 habet
829 5552 1064 5605 colorem
1092 5549 1322 5619 viridem
1352 5562 1443 5600 seu
1478 5550 1772 5619 marium",
1806 5548 1950 5600 unde

389 5567 496 5619 quo
538 5567 602 5601 uc
627 5567 789 5604 nauci
829 5567 1064 5605 colorem
1099 5567 1322 5599 vmuem
1352 5567 1443 5600 seu
1478 5567 1772 5610 marinum,
1806 5567 1950 5600 unue

389 5567 533 5688 apllll
575 5618 825 5688 Hebraeos
853 5622 1050 5673 dicitur
1088 5617 1328 5681 Tliursis,
1382 5627 1435 5670 et
1472 5622 1611 5686 apud
1670 5616 1956 5671 Clialdazos

389 5687 500 5747 Rat
529 5699 671 5748 me:
699 5687 791 5743 Kei
810 5708 895 5742 aut
938 5690 1087 5759 jama
1106 5729 1122 5754 ,
1158 5701 1375 5756 propter
1405 5688 1629 5759 colorem
1663 5689 1953 5759 niuriuum.

389 5761 855 5821 Pd'l’ﬂJttSt‘plllls
900 5755 1124 5812 'l‘vilill'ﬁs
1178 5763 1361 5809 urbem
1419 5758 1623 5811 Cilicia:
1683 5755 1951 5809 Tltalsutit

390 5852 418 5884 ει
453 5827 690 5884 bitratur
735 5828 829 5885 lib.
860 5845 874 5884 t
909 5829 1116 5899 Antiqq.
1175 5824 1308 5881 V.de
1360 5829 1611 5883 similiter
1679 5828 1769 5883 lib.
1832 5843 1950 5891 vui,

2070 4608 2435 4718 trdinaiidire
2483 4608 2845 4708 spectiitorem
2923 4608 3093 4718 miri-is
3137 4608 3516 4690 Mediterranei
3578 4650 3644 4689 ac

2432 4725 2481 4771 e,
2504 4724 2670 4777 quam
2692 4721 2892 4762 novum
2913 4714 3307 4776 conjectorem,
3329 4716 3423 4759 aut
3453 4714 3641 4758 testem

2411 4793 2628 4834 ABTIAN.

2067 4722 2259 4778 portus
2287 4707 2353 4763 Jo

2068 4781 2323 4833 auritum.

2137 4879 2210 4891 —
2239 4849 2440 4904 Confer
2473 4850 2695 4903 Ilierou.
2730 4853 2781 4900 in
2812 4845 2965 4901 Jonaz
2995 4862 3119 4915 esp.
3152 4861 3165 4899 l
3193 4860 3209 4911 ;
3237 4846 3469 4915 Plinium
3507 4860 3644 4914 quo-

2067 4933 2173 4989 que
2209 4919 2309 4989 lib.
2332 4935 2386 4981 v,
2412 4934 2531 4989 cap.
2561 4919 2630 4973 I5
2652 4929 2705 4973 et
2734 4918 2825 4983 3!,
2856 4926 2911 4989 et
2942 4918 3035 4971 lib.
3070 4914 3146 4980 ix,
3168 4930 3287 4989 cap.
3314 4914 3639 4989 5,Soliuum

2068 4986 2118 5043 (Ξ.
2153 4990 2242 5054 58,
2289 4986 2613 5043 Strabo—nem
2652 4989 2742 5041 lib.
2785 5004 2859 5048 v1.
2886 4986 3063 5052 ipsum
3114 4986 3349 5053 denique
3388 4986 3640 5039 Ovidium

2072 5056 2494 5125 Metamorphos.
2552 5059 2644 5111 lib.
2672 5073 2746 5118 iv,
2778 5071 2843 5110 ex
2868 5057 3022 5123 cujus
3054 5056 3288 5108 maxime
3320 5058 3643 5111 auctoritate
3726 5098 3733 5101 .

2068 5128 2280 5183 Indiam
2312 5128 2680 5197 Etliiopicaiii
2716 5125 2985 5197 designari
3020 5126 3360 5197 intelligitur,
3392 5126 3639 5197 adquam

2066 5198 2234 5269 Jonas
2266 5193 2568 5269 navigaret.
2611 5200 2737 5267 Ejus
2770 5196 3079 5269 testimonio
3114 5193 3640 5269 LaurentiusValla,

2069 5262 2534 5339 Elegantiurflib.
2573 5285 2623 5335 v,
2648 5262 2800 5334 'cap.
2841 5265 2894 5329 6,
2927 5262 3013 5316 11η
3030 5278 3313 5334 roaymum
3369 5266 3641 5320 calumnia

2065 5338 2280 5394 liberat.

2136 5410 2157 5440 ⁵
2186 5408 2382 5473 Vatie.,
2424 5422 2471 5461 et
2508 5408 2796 5461 elevabitur
2829 5405 3089 5469 fortitudo
3145 5406 3392 5473 virorum,
3427 5417 3533 5458 etc.

2136 5480 2407 5533 'l’enitus
2467 5488 2819 5532 conterentur.
2878 5478 3007 5532 Post
3063 5481 3176 5530 haec
3235 5481 3395 5528 verba
3431 5476 3641 5528 addunt

2065 5550 2197 5602 editi
2233 5552 2353 5602 libri
2388 5557 2706 5602 t-mitextum
2736 5563 2949 5601 saerum
2977 5547 3127 5601 Isaia:
3157 5569 3169 5598 :
3223 5544 3291 5598 Et
3352 5548 3641 5599 introibant

2065 5621 2115 5672 iu
2152 5634 2431 5686 apetamus
2465 5630 2753 5678 uctrarnm,
2797 5630 2926 5677 ctc..
2954 5635 3124 5683 uSque
3161 5623 3225 5669 ad
3265 5622 3479 5669 \‘Cl‘btltll
3509 5633 3641 5669 ιὀιι-

2066 5704 2429 5757 scqut-utcm;
2470 5690 2562 5743 sed
2618 5689 2754 5743 nihil
2813 5690 3093 5742 invenitur
3146 5687 3196 5739 in
3235 5689 3644 5755 exemplaribus

2066 5775 2195 5814 mss.
2225 5773 2418 5829 praeter
2452 5763 2500 5814 ill
2534 5761 2678 5830 quod
2716 5777 2814 5814 nos
2844 5762 3140 5812 edidimus.
3185 5759 3466 5811 Maurum.
