3980 6200
248 413 320 476 51
888 476 912 501 ,
999 396 1487 477 counsurin
1536 417 1613 478 IN
1660 418 1923 477 lSAlAM
1963 415 2433 477 [‘ROPUETAM
2476 417 2621 479 LIB.
2659 416 2738 477 ιι.
3447 413 3521 477 :8

251 528 506 583 invenire
553 527 819 583 rationem
877 544 1049 598 quare
1084 526 1219 583 LXX
1244 539 1353 582 tam
1389 533 1731 601 perspicuam
1755 531 1821 585 de
1856 540 1898 597 Α
1930 531 2138 585 traham
2198 531 2217 601 (
2249 531 2302 584 in
2347 528 2688 600 expositione
2733 528 2880 584 enim
2929 535 3239 583 sanctarum
3276 528 3522 597 Scriptu-

250 620 477 676 Cltiisto
508 618 849 689 prophetiam
885 620 938 673 in
974 620 1226 675 Graecum
1263 620 1541 675 noluerint
1590 630 1826 675 vertere.

251 709 450 764 Caneri
484 710 653 773 enim,
682 710 772 778 qui
803 718 1081 764 verterunt
1107 711 1353 779 quidem,
1393 711 1488 765 sed
1513 725 1829 765 sermonem

257 804 579 871 ambiguum
604 803 668 855 ad
691 802 984 869 impietatis
1004 812 1220 857 traxere
1237 817 1483 864 sensum,
1505 819 1610 855 non
1632 804 1831 856 mirum

256 910 360 949 cur
408 894 551 947 male
574 893 909 961 interpretati
939 893 1070 956 sint,
1096 907 1194 947 nec
1228 893 1496 946 \oluerint
1523 895 1589 947 de
1614 894 1834 947 Christo

255 988 556 1056 gloriosum
598 985 726 1053 quid
765 983 969 1048 dicere,
998 985 1053 1038 in
1089 998 1249 1053 quem
1298 999 1402 1036 tton
1439 984 1734 1038 credebant
1771 1000 1785 1043 ;
1817 984 1833 1013 ⁸

258 1074 513 1129 videlicet
565 1072 733 1128 Judaei
782 1086 877 1127 aut
936 1072 1266 1143 Semijuda-i,
1296 1073 1348 1125 id
1378 1084 1485 1134 est.
1548 1070 1834 1127 Eliionitze.

258 1168 420 1234 Quod
455 1178 637 1222 autem
674 1165 926 1223 Christus
959 1166 1206 1223 excelsus
1261 1169 1332 1220 sit
1380 1167 1466 1222 vel
1514 1167 1837 1228 altissimus,

258 1260 355 1326 qui
385 1258 497 1331 45
549 1257 656 1314 alio
699 1274 952 1313 sermone
1006 1259 1148 1328 apud
1206 1256 1465 1313 llehrreos
1528 1248 1845 1326 appellatur,

254 1366 420 1406 ειιοιι
445 1334 649 1433 (τίτθῃ),
692 1350 744 1403 in
776 1351 1109 1420 octogesimo
1135 1360 1289 1404 sexto
1328 1351 1546 1403 Psalmo
1572 1350 1797 1419 legimus
1826 1368 1841 1403 :

261 1442 523 1512 Nunquid
568 1442 703 1498 Sion
744 1443 881 1495 dicet
929 1442 1080 1495 homo
1107 1444 1147 1501 ²,
1171 1452 1220 1496 et
1266 1441 1420 1494 homo
1464 1455 1624 1494 natus
1676 1444 1841 1496 estin

257 1551 324 1587 ea
347 1550 375 1597 ;
395 1545 445 1587 et
480 1535 589 1599 ipse
622 1532 864 1604 fundavit
919 1549 1036 1587 eam
1061 1533 1373 1587 Altissimus
1399 1532 1575 1602 (l’sal.
1614 1548 1842 1596 Luxu,

259 1626 318 1699 5)
351 1629 373 1681 ?
401 1627 467 1681 Et
500 1630 551 1681 in
587 1626 879 1695 Evangelio
909 1643 923 1678 :
963 1624 1029 1676 Et
1060 1635 1114 1677 tu
1140 1641 1270 1693 puer
1300 1625 1566 1695 Prop/tem
1629 1626 1844 1678 Altissi-

263 1724 337 1775 mi
371 1723 642 1775 vocaberis
681 1718 834 1790 (Luc.
872 1735 910 1785 ι,
968 1718 1079 1784 76).
1130 1722 1208 1773 Ac
1274 1736 1341 1774 ne
1373 1720 1592 1787 longum
1656 1717 1839 1770 fortem

262 1841 534 1904 addictus,
568 1855 696 1892 num
749 1839 1066 1892 Commenta
1100 1839 1209 1893 sint
1232 1838 1443 1893 Asecta:
1469 1837 1839 1892 Betltleltemi-

263 1912 354 1963 tlci
395 1910 711 1963 infantantis
751 1908 885 1961 LXX
912 1911 1260 1975 lnterpretes,
1290 1909 1432 1975 quod
1462 1910 1662 1962 dixerit
1709 1922 1835 1961 cos-

262 1980 386 2033 dem
425 1978 588 2040 LXX.
614 1978 841 2033 noluisse
889 1978 1011 2047 ﬁdei
1037 1995 1148 2031 sua:
1180 1988 1509 2031 sacramenta
1560 1979 1838 2045 perspicue

264 2050 483 2102 ethnicis
529 2051 769 2117 prodere.
793 2048 953 2104 Certo
996 2050 1254 2101 infamem
1289 2048 1573 2101 calumnia:
1607 2049 1838 2102 clerica-

267 2133 350 2173 itte
398 2122 677 2186 scapulqu
710 2120 797 2173 hic
834 2118 938 2172 loci
1002 2119 1261 2180 inveniet,
1313 2119 1406 2187 qui
1466 2118 1630 2187 hujus
1670 2117 1831 2172 Soci-

266 2187 413 2243 niani
436 2189 774 2254 Qumstiones
797 2187 1249 2256 Hieronymianas
1281 2187 1491 2256 legerit.
1515 2187 1838 2257 Suspicatur

1938 634 2119 674 rarum
2145 620 2427 673 veritatem
2451 620 2710 674 debemus
2739 618 2912 685 sequi,
2944 634 3048 673 nOu
3090 620 3518 687 contentionem)

1939 714 1994 763 in
2031 711 2282 764 isto-loro
2310 726 2444 765 ιιιιιιιι
2463 711 2602 779 apud
2626 710 2879 764 llohrteos
2909 725 3012 762 non
3036 712 3272 765 excelsus
3296 712 3517 775 dicitur,

1940 803 2035 858 sed
2085 803 2371 867 excelsum,
2438 800 2491 857 id
2518 810 2623 865 est,
2681 803 2796 870 ipsa
2834 803 3071 855 altitudo
3096 812 3257 870 atque
3279 804 3524 856 sublimi-

1946 906 2032 947 tas
2071 909 2089 946 :
2129 895 2280 963 quasi
2310 895 2352 946 si
2380 893 2492 965 46
2524 894 2588 947 de
2619 894 2803 962 aliquo
2831 892 3099 957 dicamus,
3131 911 3235 947 non
3264 906 3348 947 est
3386 895 3523 946 diri-

1944 1004 2062 1049 uus,
2115 988 2210 1043 sed
2265 989 2558 1041 divinatio:
2587 1003 2690 1039 non
2723 999 2801 1043 est
2853 989 3015 1051 rivus,
3068 987 3159 1039 sed
3204 990 3323 1056 fons
3356 1002 3375 1041 :
3407 987 3522 1041 Non

1943 1093 2023 1134 est
2059 1082 2233 1142 homo,
2282 1080 2374 1133 sed
2407 1081 2519 1147 ipsa
2553 1078 2885 1133 humanitas.
2939 1078 3199 1148 Origenes
3249 1081 3390 1133 hunc
3443 1080 3526 1132 lo-

1944 1187 2066 1224 cum
2092 1171 2163 1223 ita
2192 1171 2579 1234 interpretatus
2604 1180 2685 1222 est
2719 1186 2734 1223 :
2770 1167 2905 1233 Quia
2951 1170 3299 1237 singulariter
3320 1170 3387 1221 de
3418 1184 3526 1221 uno

1948 1264 2165 1317 homine
2230 1264 2452 1325 dicitur,
2505 1262 2699 1314 referri
2761 1270 2938 1327 potest
2996 1270 3050 1313 et
3112 1261 3178 1312 ad
3236 1260 3520 1312 Dominum

1944 1354 2543 1421 Salvatormn,juhente
2576 1350 2863 1415 Propheta,
2902 1360 2963 1403 ιιι
3020 1361 3305 1420 quiescunt.
3342 1352 3411 1403 ab
3457 1364 3525 1403 r0

1944 1446 2032 1514 qui
2057 1446 2111 1498 in
2145 1461 2195 1498 tn
2217 1460 2339 1509 igtto
2373 1444 2556 1509 aliquo
2606 1455 2886 1511 reput-itus
2919 1455 3001 1497 est
3031 1482 3044 1503 ,
3079 1442 3201 1496 licet
3230 1442 3528 1511 inpraesen-

1947 1540 2143 1591 tiarum
2187 1535 2436 1590 videatur
2498 1545 2556 1589 ut
2606 1539 2790 1599 homo,
2838 1546 2893 1589 et
2928 1535 3202 1603 spiramen
3243 1532 3442 1588 habere
3469 1533 3525 1586 in

1943 1631 2185 1695 naribus,
2219 1630 2360 1684 sicut
2391 1639 2444 1683 et
2467 1630 2649 1683 czeteri
2676 1630 2888 1698 spirant
2914 1628 3184 1684 homines.

1951 1851 2115 1902 porro
2138 1834 2498 1906 Hieronymus
2516 1834 2721 1906 innotui.
2746 1849 2856 1888 xvtt
2879 1831 3154 1906 Ieremia,
3188 1832 3521 1901 protiltetiam

1946 1907 2106 1959 istam
2154 1903 2412 1959 omissam
2454 1921 2482 1955 a
2518 1903 2657 1957 LXX
2683 1904 3094 1972 lnterpretibus,
3128 1914 3183 1957 ut
3238 1915 3525 1971 parcerent

1946 1976 2142 2044 populo
2182 1990 2304 2030 suo.
2332 1975 2591 2029 Murrum.

2020 2042 2042 2077 ‘
2071 2047 2155 2098 Al.
2189 2062 2313 2099 cum
2342 2057 2395 2097 ut
2424 2045 2635 2108 νυριιιιι,
2666 2043 2900 2098 videlicet
2937 2054 2992 2096 ut
3045 2042 3242 2108 Judwi,
3274 2052 3389 2095 etc.‘

2020 2119 2041 2148 ⁸
2084 2115 2199 2168 Duo
2228 2132 2360 2170 mss.
2414 2115 2584 2168 Valic.
2628 2126 2680 2168 ct
2731 2114 2931 2177 l’alal.,
2974 2113 3108 2170 dicet
3163 2118 3340 2183 homo,
3389 2113 3526 2183 quod

1946 2188 2096 2241 homo
2127 2194 2284 2240 natus
2316 2186 2381 2239 sit
2412 2186 2467 2239 iu
2494 2201 2576 2239 ea.
2617 2210 2621 2214 ·

1342 2473 1698 2560 LIBER
1805 2472 2457 2562 SECUNDUS.

340 2756 521 2814 Finito
576 2760 629 2814 in
687 2758 877 2813 Isaiam
916 2761 1090 2830 primo
1156 2763 1452 2829 volumine,
1478 2765 1620 2834 quod
1659 2776 1716 2821 ut
1757 2782 1853 2837 po-
1883 2779 1923 2835 Β
1954 2769 2162 2824 inutilis
2193 2777 2274 2824 est
2311 2770 2462 2825 nobis
2494 2770 2649 2841 (Sep.
2682 2787 2741 2835 ιι,
2776 2770 2905 2841 12);
2940 2772 3058 2825 ideo
3094 2769 3328 2824 fructum
3366 2768 3525 2823 adin-

271 2854 367 2904 tni.
398 2867 504 2906 non
543 2861 602 2905 ιιι
642 2853 782 2906 volui
813 2891 829 2915 ,
855 2853 1016 2908 celeri
1069 2870 1320 2911 sermone
1368 2857 1603 2910 dictavi:
1634 2875 1848 2913 sensum

269 2941 449 3007 potius
511 2940 953 3010 Scripturarum,
1003 2958 1167 3012 qttum
1226 2947 1536 3013 compositae
1586 2948 1853 3001 orationis

268 3034 432 3085 verba
486 3031 807 3101 perquirens

268 3124 432 3187 dum;
476 3132 529 3178 et
559 3125 821 3194 quidquid
866 3129 914 3176 in
967 3139 1051 3177 mc
1082 3129 1273 3180 virium
1304 3138 1404 3191 est,
1452 3146 1745 3199 promrquo
1797 3131 1848 3184 in

272 3215 563 3270 Dominum
594 3217 904 3275 voluntatis.
931 3218 1154 3271 oll'eram
1190 3220 1239 3272 ei
1268 3220 1360 3287 qui
1399 3237 1495 3286 per
1528 3220 1847 3289 PrOphetam

272 3307 480 3359 locutus
499 3316 585 3361 est
616 3322 631 3360 :
667 3304 783 3376 Ego
809 3307 1028 3360 visiones
1073 3309 1441 3378 multiplicavi,
1468 3320 1515 3362 cl
1534 3313 1586 3361 in
1607 3311 1849 3365 utanibus

276 3395 666 3465 Prophetarum
719 3399 1046 3452 assimilatas
1076 3416 1191 3453 sum
1216 3402 1370 3471 (Osee
1396 3418 1493 3465 χιι,
1547 3402 1657 3473 10).
1699 3401 1850 3458 Unde

270 3490 498 3543 obsecro
534 3501 610 3549 te.
638 3479 794 3558 virgo
815 3489 1020 3545 Christi
1054 3490 1433 3555 Eustochium,
1466 3502 1521 3545 ιιι
1577 3495 1735 3547 nobis
1794 3495 1845 3547 iu

273 3579 681 3648 Scriptnraruut
707 3580 1083 3646 esplauatioue
1103 3584 1460 3645 certantibus,
1483 3593 1536 3637 tu
1558 3598 1678 3637 cum
1702 3584 1785 3638 Mo
1804 3601 1849 3636 se

270 3676 333 3724 ad
366 3672 655 3727 Dominum
695 3672 870 3729 eleves
898 3688 1091 3727 manus
1144 3689 1159 3728 :
1212 3686 1268 3728 ut
1329 3674 1421 3745 qui
1473 3686 1736 3729 exeuntes
1784 3677 1849 3730 de

272 3762 531 3833 Egypto,
591 3780 740 3821 mare
805 3765 1162 3819 transivimus
1212 3763 1491 3829 Rubrum,
1562 3767 1847 3821 vincamus

192 3918 201 3929 ι
271 3854 505 3919 Amalec,
536 3855 627 3921 qui
659 3854 1055 3923 interpretatur.
1091 3855 1346 3909 devorans
1378 3865 1429 3910 et
1484 3857 1752 3925 elingens;
1797 3868 1851 3909 et

272 3948 541 4011 possimus
570 3956 744 3998 tecum
774 3947 990 3999 dicere:
1026 3943 1342 4000 Benedictus
1393 3948 1648 4001 Dominus
1706 3948 1847 4001 Deus

270 4050 436 4094 meus,
465 4034 556 4103 qui
595 4034 743 4086 docet
778 4051 967 4087 manus
996 4051 1134 4088 meas
1162 4039 1228 4086 ad
1259 4036 1526 4105 prndium,
1560 4046 1607 4090 et
1655 4038 1846 4107 digitos

271 4144 410 4180 meos
439 4128 508 4179 ad
537 4125 731 4180 bellum
760 4126 880 4194 (Ps.
908 4142 1099 4191 cum,
1134 4128 1210 4196 ί).

344 4218 498 4288 (Cap.
528 4218 615 4273 Ill.
639 4218 850 4273 -—-\'ers.
878 4219 955 4289 l.)
1021 4238 1040 4271 ι
1074 4217 1213 4273 Ecce
1240 4220 1385 4275 enim
1411 4220 1719 4274 dominator
1748 4221 1847 4273 Do-

269 4312 452 4364 minus
473 4310 811 4363 exercituum
836 4310 1046 4363 auferet
1074 4311 1143 4364 ab
1170 4309 1497 4374 Jerusalem,
1538 4323 1588 4363 et
1612 4310 1843 4366 ab—Juda

269 4401 533 4466 Validam,
569 4412 624 4453 et
655 4402 850 4456 fortem
878 4419 891 4455 :
928 4419 1087 4456 omne
1115 4403 1276 4455 robur
1296 4404 1474 4472 panis,
1495 4413 1551 4456 et
1577 4419 1844 4457 omnero-

273 4492 378 4548 bur
407 4508 581 4561 aquae.
611 4513 630 4544 ι
669 4493 958 4562 [lucusque
984 4497 1049 4555 de
1069 4497 1276 4566 judicio
1306 4497 1411 4551 dici
1443 4506 1655 4564 putant.
1686 4497 1842 4562 Quod

270 4587 538 4655 sequitur,
571 4586 639 4641 de
665 4588 975 4655 captitizszto
1014 4600 1234 4640 ventura
1257 4629 1273 4653 ,
1299 4604 1456 4651 quam
1480 4589 1566 4641 alii
1588 4595 1652 4642 ad
1676 4589 1849 4658 Baby-

270 4680 472 4749 lonios,
502 4682 590 4733 alii
615 4681 711 4735 rei.
732 4691 860 4733 runt
886 4683 949 4733 ad
978 4680 1271 4736 llotnonos.
1304 4681 1409 4735 Sed
1443 4681 1631 4736 melius
1654 4693 1757 4745 est,
1790 4693 1847 4734 ut

269 4786 433 4839 supra
456 4772 714 4833 diximus,
742 4782 941 4825 cuncta
970 4771 1159 4825 referti
1189 4775 1251 4823 ad
1278 4773 1617 4825 Dominieatn
1643 4774 1849 4840 passio-

270 4877 418 4916 nem.
437 4862 563 4916 l‘ost
586 4864 1022 4917 interfectionem
1041 4864 1241 4933 quippe
1263 4865 1429 4929 illius,
1449 4880 1640 4919 omnes
1664 4868 1849 4933 gratia:

266 4957 666 5011 etdonationes
682 4958 907 5011 subluto:
926 4967 1050 5011 sunt
1069 4973 1098 5011 a
1118 4956 1315 5010 indicis
1342 4978 1352 5009 :
1378 4959 1678 5011 secundum
1705 4961 1846 5027 quod

269 5051 325 5105 in
349 5051 637 5120 Evangelia
669 5050 931 5122 scriptum
961 5062 1035 5104 est
1072 5070 1084 5105 :
1136 5050 1238 5103 Lex
1290 5062 1337 5104 et
1376 5051 1649 5119 Prop/icta:
1686 5071 1848 5122 usque

271 5148 341 5194 ad
361 5140 621 5196 Joannem
649 5120 946 5211 Baptista»:
973 5142 1191 5212 (ΜαιιΙι.
1228 5160 1299 5209 xt,
1336 5144 1440 5213 l5).
1479 5143 1538 5195 Et
1561 5156 1645 5198 est
1677 5152 1844 5197 ordo:

270 5237 536 5300 Quoniam
571 5236 826 5291 noluistis
844 5251 1061 5290 cessare
1090 5236 1159 5289 ab
1180 5237 1424 5297 homine,
1442 5236 1597 5305 cujus
1617 5237 1848 5305 Splt'llllS

270 5330 326 5382 iu
359 5329 587 5383 naribus
623 5330 762 5396 ejus.
816 5327 907 5397 qui
946 5330 1195 5382 excelsus
1255 5338 1533 5394 reputoltts
1592 5340 1667 5380 est
1701 5345 1715 5382 :
1753 5332 1847 5381 sed

272 5421 585 5474 econtrario
604 5410 817 5475 fu'distis
835 5421 1152 5489 sanguinem
1171 5420 1326 5487 justi,
1346 5430 1399 5472 et
1418 5441 1429 5470 ι
1448 5421 1693 5486 οςίιιιειίδ
1712 5436 1844 5470 con~

271 5510 458 5565 silium
485 5511 1061 5581 pessimum,dicentes
1090 5524 1107 5565 :
1149 5512 1435 5581 diligemus
1454 5512 1685 5580 justum,
1720 5512 1847 5580 quia
1877 5494 1927 5555 Ι)

342 5636 359 5667 ⁸
395 5632 596 5703 Supple
620 5644 669 5686 et
696 5634 921 5699 auferet,
954 5644 1044 5687 aut
1068 5634 1193 5701 quid
1220 5633 1417 5687 simile.

340 5706 361 5735 ’
393 5704 544 5757 Sicut
572 5712 743 5757 totum
789 5710 928 5757 hunc
954 5720 1173 5757 sensum
1201 5718 1264 5756 ex
1303 5703 1514 5756 Eusebii
1543 5705 1843 5758 Commen~

273 5773 426 5827 tariis
446 5775 709 5838 expressit
737 5773 910 5834 llier..
931 5776 1003 5826 ita
1028 5778 1141 5827 lucc
1163 5774 1501 5841 potissimum
1528 5778 1688 5827 verba
1713 5791 1847 5840 pene

272 5845 435 5901 Vertit
470 5863 483 5899 :
526 5844 767 5896 Ἰουδαίυί
811 5862 871 5911 γε
925 5844 1031 5913 μὴν
1075 5844 1254 5912 ἔχουσι
1309 5844 1404 5912 μὲν
1444 5844 1531 5895 τὸν
1559 5844 1719 5910 ἄρτον
1751 5848 1842 5898 καὶ

862 3051 877 3087 :
927 3050 1064 3086 nunc
1101 3037 1477 3089 transcendunt
1533 3039 1598 3089 ad
1658 3054 1852 3092 secun-

1956 2864 2266 2918 veutionum
2300 2873 2603 2918 vestrarum
2631 2864 2950 2920 comedetis.
2983 2862 3123 2916 Nihil
3152 2860 3291 2931 apud
3315 2858 3529 2915 .ludzeos

1955 2964 2074 3020 post
2106 2953 2417 3009 l’assionent
2451 2956 2661 3008 Domini
2698 2956 2857 3018 forte,
2882 2955 3013 3008 nihil
3036 2954 3267 3006 validum
3284 2962 3368 3006 est
3393 2967 3406 3001 :
3432 2953 3526 3005 sed

1954 3046 2140 3100 omnia
2161 3046 2373 3100 inﬁrma
2393 3057 2446 3101 et
2482 3047 2757 3116 languida.
2791 3048 2903 3100 Nec
2940 3046 3136 3114 aliquis
3178 3055 3355 3113 potest
3388 3044 3526 3112 apud

1952 3153 2044 3191 cos
2075 3137 2258 3193 dicere
2291 3155 2305 3192 :
2339 3137 2534 3191 Omnia
2566 3153 2775 3206 possunt
2805 3140 2857 3191 in
2911 3152 2970 3190 eo
3023 3138 3112 3205 qui
3158 3152 3235 3188 me
3263 3134 3530 3203 confortat

1955 3227 2131 3296 (Phil.
2164 3244 2238 3292 tv,
2283 3229 2402 3298 l5),
2429 3229 2649 3284 Christo
2678 3228 2805 3283 Jesu
2839 3227 3068 3282 Domino
3098 3227 3526 3294 nostro.l£tquia

1945 3320 2100 3386 juxta
2130 3319 2271 3373 LXX
2302 3321 2530 3389 legimus
2553 3319 2787 3374 validum
2809 3328 2859 3373 et
2892 3306 3164 3382 validam;
3200 3318 3370 3370 \alido
3397 3319 3529 3372 illud

1953 3426 2238 3477 possumus
2274 3422 2527 3481 cooptare
2557 3429 2570 3466 :
2608 3411 2781 3465 Donec
2808 3427 3146 3464 occurramus
3170 3426 3344 3463 omnes
3372 3410 3423 3463 in
3450 3426 3521 3463 vt-

1952 3520 2067 3557 rum
2092 3506 2400 3575 perfectum,
2422 3505 2473 3556 iu
2496 3519 2792 3556 mensuram
2819 3503 2993 3557 wtatis
3013 3500 3358 3570 plenitudinis
3377 3500 3530 3555 Chri-

1951 3595 2021 3647 sti
2044 3593 2264 3663 (Ephes.
2300 3610 2373 3660 tv,
2404 3594 2519 3663 15).
2554 3592 2660 3665 47
2686 3593 2853 3647 Porro
2877 3593 3068 3645 validae
3098 3610 3113 3646 :
3163 3589 3311 3655 Volo,
3331 3592 3526 3659 inquit,

1952 3700 2127 3736 carnes
2160 3700 2255 3738 vos
2286 3685 2535 3751 virginem
2563 3693 2761 3736 castam
2791 3683 3028 3736 exhibere
3050 3679 3257 3733 Christo
3293 3678 3375 3749 (ΙΙ
3400 3678 3525 3731 Cor.

1955 3789 2030 3836 XI,
2075 3775 2153 3842 2).
2196 3772 2484 3827 Fortitudo
2525 3788 2705 3826 autem
2735 3772 2911 3839 patris,
2970 3782 3025 3823 et
3062 3771 3321 3822 fortitudo
3353 3783 3527 3836 aquae,

1952 3877 2051 3930 pro
2086 3862 2232 3916 omni
2287 3862 2408 3915 cibo
2438 3871 2491 3914 et
2557 3872 2680 3929 pom
2717 3861 3004 3928 accipitur.
3075 3859 3330 3928 Legiuzus
3386 3858 3527 3923 quod

1951 3955 2132 4008 Moses
2158 3954 2321 4008 fuerit
2350 3954 2401 4005 in
2438 3963 2623 4005 monte
2654 3952 2827 4015 Sinni,
2862 3959 2915 4004 et
2946 3952 3306 4019 quadragin‘a
3335 3957 3366 4003 (ι
3394 3952 3530 4004 chus

1954 4064 2142 4115 partem
2183 4061 2293 4098 noti
2313 4044 2633 4109 comederit,
2656 4051 2712 4096 et
2733 4057 2931 4111 aquam
2959 4058 3067 4095 non
3100 4041 3295 4096 biberit
3323 4040 3528 4110 (Exod.

1874 4138 1915 4196 C
1952 4136 2169 4203 χχχιι).
2203 4134 2335 4188 lllud
2371 4149 2585 4204 quoque
2619 4135 2760 4200 quod
2817 4135 2883 4185 ad
2938 4134 3107 4213 Adam
3168 4134 3366 4186 dicitur
3399 4149 3412 4184 :
3467 4131 3529 4184 lu

1953 4228 2146 4283 sudore
2182 4227 2353 4280 vultus
2391 4229 2469 4280 tui
2501 4227 2735 4279 comede:
2761 4244 2947 4293 panem
2981 4227 3331 4289 tuum,donec
3365 4242 3533 4278 rever-

1949 4322 2082 4373 taris
2114 4320 2166 4373 in
2197 4329 2417 4383 terram,
2450 4319 2516 4372 de
2546 4335 2651 4387 qua
2687 4331 2933 4385 sumptus
2988 4336 3041 4371 es
3078 4315 3231 4383 (Gen.
3285 4333 3361 4378 ιιι,
3420 4316 3530 4384 19),
3575 4302 3583 4311 ’

1950 4412 2203 4466 similiter
2240 4412 2592 4465 audiendum.
2628 4408 2737 4463 Nec
2806 4426 2913 4463 non
2946 4394 3117 4477 iquod
3173 4425 3201 4461 ιι
3251 4408 3529 4461 Salvatore

1951 4505 2191 4557 dicitur:
2235 4502 2357 4556 Non
2390 4504 2443 4554 in
2476 4518 2610 4569 pane
2633 4502 2745 4555 solo
2782 4503 2900 4555 vicit
2943 4504 3118 4563 homo,
3147 4502 3237 4554 sed
3285 4505 3336 4552 in
3389 4503 3530 4554 omni

1951 4595 2101 4649 rcrbo
2124 4596 2263 4665 quod
2304 4596 2571 4664 egreditur
2590 4609 2681 4662 per
2712 4613 2768 4648 os
2805 4594 2897 4647 Dei
2925 4595 3141 4664 (.lluttu.
3182 4611 3253 4659 tv,
3285 4595 3363 4662 4).
3399 4595 3529 4646 For-

1952 4688 2123 4742 titudo
2210 4688 2374 4757 igitur
2446 4686 2601 4756 panis
2652 4686 2927 4739 auferetur
2983 4687 3050 4739 ab
3103 4689 3201 4750 eis,
3244 4687 3265 4745 ¹,
3313 4688 3400 4738 ille
3438 4687 3527 4752 qui

1950 4781 2083 4835 dicit
2120 4799 2134 4835 :
2168 4778 2277 4849 Ego
2311 4796 2426 4832 sum
2454 4781 2606 4845 panis
2654 4780 2819 4841 rivus,
2869 4779 2959 4844 qui
3003 4784 3065 4830 de
3115 4782 3241 4829 rwto
3291 4777 3530 4827 descendi

1956 4873 2141 4941 lJoatt.
2178 4887 2252 4934 vt,
2281 4872 2392 4940 5|).
2424 4870 2488 4923 Et
2520 4869 2781 4923 fortitudo
2810 4886 2985 4936 aquae,
3020 4870 3087 4920 de
3113 4885 3214 4933 qua
3256 4870 3398 4939 idem
3432 4869 3533 4919 Do—

1958 4968 2134 5017 niuns
2165 4964 2491 5032 loquebatur
2520 4979 2533 5013 :
2582 4961 2766 5015 Omnis
2788 4962 2876 5029 qui
2900 4961 3083 5011 biberit
3118 4973 3181 5010 ea:
3232 4974 3370 5027 aqua
3404 4962 3527 5023 hac,

1950 5058 2088 5112 sitiet
2115 5057 2303 5109 iterum
2335 5055 2468 5123 :qui
2509 5063 2683 5105 autent
2716 5052 2901 5103 biberit
2941 5066 3006 5103 ex
3035 5066 3196 5118 aqua,
3228 5066 3386 5118 quam
3435 5067 3529 5119 ego

1951 5150 2089 5202 dabo
2119 5149 2186 5204 ei.
2223 5164 2327 5200 non
2354 5148 2491 5213 sitiet
2517 5148 2569 5199 in
2611 5157 2869 5199 wtei'num
2899 5160 2913 5196 :
2942 5140 3031 5194 sed
3051 5159 3209 5211 aqua,
3230 5160 3387 5212 quam
3428 5160 3525 5212 ego

1953 5241 2087 5294 dabo
2116 5240 2187 5304 ei,
2236 5240 2323 5308 ﬁet
2371 5239 2424 5290 in
2476 5253 2534 5291 eo
2591 5236 2709 5304 fatis
2755 5250 2909 5301 aqua:
2958 5234 3199 5287 salientis
3262 5236 3314 5286 in
3368 5237 3528 5288 vitam

1954 5348 2203 5387 a‘teruam
2236 5330 2418 5399 (Joan.
2451 5345 2522 5393 tv,
2554 5327 2663 5394 l5).
2696 5324 2771 5377 De
2809 5324 3114 5394 ltnjusumdi
3150 5329 3380 5395 patrihus
3404 5337 3453 5378 ιιι
3474 5329 3527 5379 in

1958 5424 2270 5477 l’rowrhiis
2325 5408 2550 5489 legimus
2580 5437 2594 5472 :
2631 5417 2789 5484 Aperi
2823 5417 3000 5471 oculos
3037 5427 3178 5481 tuos,
3246 5432 3291 5471 et
3332 5417 3530 5482 replere

1955 5512 2174 5580 panibus
2206 5509 2386 5579 (Prov.
2418 5522 2505 5571 χιι,
2545 5508 2652 5575 l5).
2679 5509 2698 5537 ³
2725 5505 2934 5559 lluhent
2978 5507 3145 5561 Judaei
3187 5524 3399 5575 pauent,
3435 5507 3530 5561 sed

1955 5637 2013 5684 τὸ
2047 5634 2209 5703 ὕδωρ.
2266 5631 2387 5703 Ἔτι
2441 5626 2966 5703 πολυπραγμονςιῦτξι
3013 5629 3122 5703 γ-ἃρ
3168 5626 3531 5703 τὸιηΜωςμέιρς

1957 5695 2283 5772 γράμμξιτι,
2309 5701 2400 5753 καὶ
2431 5695 2867 5772 domumdomum
2892 5698 2981 5772 τζιν
3007 5695 3188 5772 γόμφν.
3227 5695 3445 5772 Ἐςεεάιδὴ
3473 5698 3529 5749 δὲ

1958 5765 2288 5838 αξίνὼτὲκουσι
2325 5772 2499 5832 οὐδὲν,
2532 5767 2843 5838 obnixo-sat
2886 5766 2983 5833 τὴν
3019 5767 3174 5836 ιλχὺν
3218 5765 3311 5819 τοῦ
3336 5765 3529 5838 ἄρου,

1948 5836 2067 5895 όῦτε
2090 5842 2299 5908 μὴν-ξῆν
2328 5842 2479 5905 ὶςίτλν
2510 5838 2602 5892 τιιῦ
2629 5836 2840 5901 ὓὲατος,
2859 5850 2961 5890 etc.
