3980 6200
456 353 525 408 bl)
966 406 973 411 ,
1633 353 1693 413 S.
1729 349 2051 421 EUSEBII
2088 347 2537 437 HiERONYMI
2612 416 2617 425 η,
2945 410 2948 413 ,
3634 342 3709 406 6’)

456 463 663 529 absque
715 459 1030 516 iortitudine
1054 478 1071 529 ;
1104 462 1301 519 habent
1352 477 1548 535 aquas,
1580 465 1675 522 sed
1710 466 1916 535 absque
1947 480 2032 519 ro-
2061 466 2105 525 Α
2138 463 2277 531 apud
2333 461 2551 519 Jndmos
2578 477 2736 518 senes
2768 476 2889 517 esse
2937 470 3247 527 cessarunt,
3275 474 3412 533 quos
3443 475 3613 534 usque
3639 463 3706 515 ad

432 552 609 606 “bore.
651 549 861 622 Legnnt
889 554 1032 608 enim
1059 554 1393 623 Scripturas,
1424 559 1517 612 sed
1548 572 1653 612 non
1682 557 2027 628 intelligunt;

459 651 648 697 tenent
671 643 1035 711 membranas,
1073 655 1127 701 et
1155 646 1456 712 Christum,
1491 649 1584 717 qui
1618 651 1669 704 in
1701 650 2032 706 membranis

458 735 694 802 scriptus
726 742 829 798 est,
870 733 1223 805 perdiderunt
1253 735 1446 803 (ICor.
1504 740 1606 808 tu).
1661 738 1826 795 Lacte
1884 741 2030 794 enim

457 826 696 891 aluntur,
731 829 881 894 quasi
924 828 1154 896 parvuli,
1192 838 1247 883 et
1282 844 1385 883 non
1421 829 1596 906 solido
1636 832 1778 897 cibo,
1813 832 1877 886 Et
1910 833 2032 900 quia

460 917 829 973 fortitudinem
865 920 1243 997 perdiderunt,
1273 933 1327 975 et
1354 922 1553 976 infirmi
1579 933 1727 989 sunt,
1746 934 2033 994 propterea

458 1009 603 1063 olera
657 1011 972 1065 comedunt.
1010 1012 1353 1068 Athletarum
1408 1027 1588 1069 autem
1643 1014 1850 1070 solidus
1879 1013 2035 1071 cibus

458 1109 560 1161 est.
596 1101 685 1165 qui
715 1110 768 1155 et
805 1103 969 1156 vitam
1002 1113 1273 1158 sustentat
1301 1104 1614 1168 humanam,
1646 1116 1698 1160 et
1726 1107 2035 1161 viventibus

458 1191 659 1254 praebet
693 1189 1067 1247 fortitudinem
1095 1193 1272 1263 (Rom.
1294 1194 1427 1264 xiv).
1462 1194 1537 1249 Dc
1564 1196 1868 1252 istiusmodi
1892 1212 2033 1265 pane

456 1292 507 1334 et
547 1296 707 1349 aqua,
734 1278 875 1348 quod
912 1284 1233 1339 auferantur
1263 1282 1291 1340 ιι
1323 1284 1543 1349 Judzeis,
1564 1287 1727 1341 etiam
1748 1287 1885 1341 alius
1906 1286 2038 1342 Pro-

461 1375 615 1441 pheta
648 1380 899 1441 testator,
926 1377 1111 1430 dicens
1145 1362 1157 1430 Ξ
1190 1377 1324 1432 Erce
1349 1378 1460 1432 dies
1486 1380 1680 1445 veniet,
1704 1381 1830 1433 dicit
1851 1380 2036 1434 Domi-

460 1482 581 1530 nus,
609 1478 657 1520 et
687 1470 924 1522 emittam
962 1470 1152 1538 fantem
1206 1489 1362 1541 super
1416 1485 1609 1528 terram
1639 1490 1658 1527 :
1701 1490 1803 1527 non
1842 1475 2037 1544 famem

458 1562 633 1625 panis,
675 1576 839 1627 neque
867 1562 1004 1615 sitim
1046 1578 1218 1632 aquw,
1241 1564 1332 1618 sed
1364 1564 1557 1632 [autem
1592 1565 1609 1595 ¹
1644 1564 1899 1619 audiendi
1930 1580 2040 1620 ser-

460 1664 636 1702 mones
671 1650 881 1704 Domini
910 1653 1094 1721 (Amos
1122 1672 1237 1719 vin,
1276 1658 1388 1724 ll).

530 1738 706 1809 (Vers.
741 1742 821 1814 2.)
856 1763 874 1796 s
904 1744 1122 1800 Fortem
1150 1759 1204 1801 et
1232 1749 1404 1801 virum
1433 1748 1775 1808 bellatorem.
1800 1747 2035 1815 judicem

458 1844 512 1885 et
540 1837 881 1901 prophetam,
913 1848 966 1892 et
1024 1840 1318 1901 hariolum.
1350 1851 1404 1894 ct
1432 1856 1642 1895 senem.
1683 1860 1702 1891 ι
1744 1840 1848 1895 Pro
1883 1840 2032 1903 forti,

460 1926 602 1992 quod
630 1927 804 1980 solum
836 1930 922 1980 Erl.
952 1928 1005 1981 in
1044 1928 1294 1993 Hebraeo,
1321 1935 1427 1984 duo
1459 1932 1619 1985 simul
1666 1930 1808 1986 LXX
1856 1941 2036 1985 trans-

464 2019 725 2087 tuleruht,
750 2022 1009 2091 gigantem
1032 2024 1051 2053 ²
1075 2032 1120 2075 et
1163 2023 1371 2090 fortem,
1402 2026 1651 2077 eumdem
1689 2024 1930 2079 volentes
1959 2024 2041 2093 gi-

412 2155 420 2161 .
463 2118 677 2176 gantem
709 2126 854 2176 esse,
887 2126 1046 2181 quem
1084 2112 1320 2168 fortem.
1353 2113 1427 2167 De
1460 2113 1584 2168 forti
1619 2097 1785 2185 supra
1835 2116 2038 2183 dictum

462 2211 566 2257 est.
599 2202 884 2271 Gigantem
919 2206 1185 2259 autem'in
1214 2207 1409 2260 bonam
1441 2216 1672 2276 partem,
1710 2208 1815 2262 hoc
1850 2218 1954 2275 est,
1973 2207 2040 2263 de

466 2292 695 2349 Domino
740 2295 1042 2361 Salvatore,
1074 2300 1124 2352 in
1180 2308 1372 2353 octavo
1418 2298 1632 2355 decimo
1677 2300 2043 2370 Psahuolegi—

464 2402 587 2440 nius
619 2403 633 2443 :
657 2389 954 2443 Exsullavit
986 2400 1044 2443 ut
1071 2391 1219 2460 gigas
1245 2390 1315 2445 ad
1337 2393 1652 2446 currendum
1681 2396 1819 2447 viam
1840 2410 1996 2447 suam
2020 2408 2041 2448 :

464 2498 496 2532 α
545 2496 752 2533 ειιηιηιο
780 2482 906 2534 caelo
933 2484 1160 2552 egressio
1207 2485 1346 2553 ejus,
1375 2495 1424 2538 et
1463 2483 1577 2556 48
1627 2501 1874 2539 occursus
1924 2487 2040 2555 ejus

463 2588 625 2643 usque
651 2573 721 2626 ad
737 2589 999 2626 summum
1029 2573 1173 2628 illius
1207 2575 1379 2643 (Psal.
1416 2593 1573 2641 xvul,
1599 2580 1677 2646 8).
1728 2576 1824 2631 Sin
1856 2589 2035 2632 autem

466 2660 781 2731 legerimus,
814 2660 1047 2718 Nemrod
1080 2665 1351 2735 gigantem
1398 2665 1550 2736 (Gen.
1579 2668 1654 2737 χ),
1685 2668 1777 2737 ιιιιί
1829 2668 1926 2722 fuit
1953 2686 2043 2724 ve-

469 2761 624 2807 nator
644 2769 829 2808 coram
862 2756 1108 2822 Domino,
1139 2766 1194 2810 et
1216 2758 1461 2827 gigantes
1496 2758 1649 2829 (Gen.
1684 2760 1779 2826 vi),
1825 2771 2044 2831 propter

466 2861 604 2916 quos
643 2846 792 2902 venit
824 2848 1084 2903 diluvium
1118 2862 1283 2917 super
1342 2860 1566 2916 terram,
1600 2852 1653 2907 in
1710 2857 2041 2908 contrariam

466 2945 671 3005 partem
709 2940 1008 3009 accipiendi
1050 2952 1193 2996 sunt.
1235 2940 1422 2996 Vtrum
1476 2959 1692 3015 quoque
1724 2945 2040 3002 bellatorem

459 3029 608 3099 juxta
640 3033 919 3087 historiam
955 3036 1035 3089 sic
1063 3036 1438 3107 intelligimus,
1475 3039 1616 3106 quod
1646 3040 1791 3107 capti
1820 3039 1951 3102 sint,
1988 3052 2040 3093 et

2134 557 2461 626 decrepitam
2491 566 2822 612 senectutem
2852 572 2995 627 saepe
3022 557 3205 611 venire
3225 555 3613 626 conspicimus.
3643 552 3711 609 Et

2136 647 2469 703 inveteratos
2500 647 2709 715 dierum
2743 648 3012 703 malorum
3038 648 3178 704 duos
3197 647 3708 719 presbyterosjuxta

2136 740 2564 807 Theodotionem
2595 742 2646 796 in
2683 741 2918 797 Danielis
2947 739 2967 770 ³
2997 741 3268 811 principio
3290 741 3518 809 legimus
3541 740 3709 810 (Dan.

2139 833 2429 904 xm).Nam
2455 847 2506 889 et
2537 835 2667 889 Mosi
2703 835 3039 903 prmeipitur,
3067 844 3123 887 ut
3154 833 3317 902 eligat
3344 834 3708 902 presbyteros,

2136 941 2273 995 «(tios
2301 927 2402 981 scit
2425 940 2547 981 esse
2574 928 2924 995 presbyteros
2960 923 3159 992 (Exod.
3197 927 3375 994 xvui).
3408 924 3470 976 Et
3498 931 3713 991 aposto-

2140 1019 2222 1072 lus
2250 1016 2470 1077 Paulus,
2494 1017 2671 1086 qualis
2696 1017 2979 1085 presbyter
3004 1014 3128 1084 eligi
3160 1014 3372 1078 debeat,
3400 1013 3712 1080 plenissime

2138 1106 2328 1163 scribit
2358 1108 2422 1161 ad
2453 1106 2796 1160 Timotheum
2832 1103 2884 1173 (I
2921 1103 3060 1158 Tim.
3103 1106 3178 1174 ν).
3224 1104 3381 1159 Unde
3409 1112 3459 1156 et
3491 1103 3542 1155 in
3576 1100 3713 1155 Pro—

2137 1198 2340 1254 verbiis
2410 1198 2609 1251 dicitur
2664 1215 2679 1250 :
2731 1196 2916 1250 Gloria
2961 1211 3140 1252 senum
3218 1196 3441 1248 canities
3500 1193 3710 1258 (Prov.

2140 1305 2234 1355 xx,
2271 1288 2380 1357 29).
2414 1286 2547 1353 Quae
2577 1297 2659 1341 est
2709 1289 2809 1341 ista
2842 1288 3120 1342 canities?
3147 1285 3289 1339 haud
3320 1286 3541 1339 dubium
3577 1286 3710 1354 quin

2139 1380 2428 1449 sapientia,
2461 1381 2526 1432 de
2575 1394 2682 1445 qua
2705 1380 2970 1447 scriptum
3002 1385 3082 1428 est
3111 1393 3125 1429 :
3163 1375 3397 1430 Canities
3444 1377 3712 1427 hominum

2138 1472 2422 1540 prudentia
2450 1481 2523 1525 est
2558 1468 2712 1538 (Sep.
2764 1485 2835 1533 tv,
2881 1471 2959 1537 8).
3017 1470 3261 1533 Cumque
3300 1478 3623 1534 nongentos,
3655 1474 3708 1517 et

2139 1577 2204 1618 eo
2238 1562 2470 1630 amplius
2499 1576 2672 1616 annos
2712 1563 2780 1615 ab
2803 1561 2970 1615 Adam
2998 1574 3169 1627 usque
3204 1559 3270 1611 ad
3324 1559 3595 1613 Abraham
3637 1559 3717 1608 vi-

2142 1655 2289 1710 xisse
2337 1654 2583 1708 homines
2636 1653 2875 1721 legamus
2908 1649 3121 1724 (Cenes.
3152 1654 3324 1721 xxiv),
3356 1652 3535 1704 nullus
3576 1649 3715 1712 alios

2142 1749 2295 1818 prius
2354 1746 2653 1816 appellatus
2686 1754 2768 1800 est
2799 1745 3104 1814 presbyter,
3169 1744 3220 1797 id
3253 1756 3358 1807 est,
3390 1759 3577 1803 senex.
3610 1742 3714 1794 nisi

2139 1841 2435 1898 Abraham,
2462 1837 2574 1910 [.9
2605 1838 2698 1907 qui
2735 1841 2905 1891 multo
2947 1836 3296 1907 paucioribus
3326 1835 3482 1888 annis
3520 1836 3716 1910 vixisse

2141 1906 2507 1987 convincitur:
2534 1906 2710 1985 vUnde
2740 1906 3029 1983 scribitet
3069 1926 3305 2003 Joannes
3345 1934 3466 1993 post
3518 1906 3715 1991 pucios

2140 2035 2193 2079 et
2229 2022 2478 2092 juvenes,
2513 2021 2677 2075 etiam
2718 2021 2783 2072 ad
2833 2033 3016 2081 senes,
3051 2020 3270 2071 dicens:
3297 2014 3497 2083 Scripsi
3553 2016 3716 2080 vobis,

2140 2124 2340 2185 patres,
2390 2114 2516 2186 quia
2554 2113 2865 2181 cognovistis
2917 2126 3058 2176 eum,
3108 2110 3199 2179 qui
3245 2125 3278 2161 a
3331 2108 3588 2178 principio
3638 2117 3716 2161 est

2143 2206 2196 2280 (1
2217 2208 2380 2263 Joaa.
2412 2225 2472 2273 ιι,
2518 2207 2629 2275 l3).
2664 2204 2731 2260 Et
2762 2203 3002 2258 Roboam
3064 2204 3206 2256 tilius
3240 2200 3547 2256 Salomonis
3593 2200 3718 2254 ideo

2144 2300 2382 2370 perdidit
2434 2314 2682 2369 regnum,
2736 2300 2860 2367 quia
2900 2296 3069 2350 uoluit
3115 2294 3304 2348 audire
3367 2293 3718 2363 presbyteros

2147 2391 2266 2465 (111
2292 2392 2415 2464 Reg.
2449 2392 2566 2459 xu).

2212 2486 2391 2553 (Vere.
2414 2487 2493 2556 ὅ)
2531 2503 2551 2536 i
2579 2484 2885 2553 Principem
2920 2497 3086 2550 super
3102 2478 3563 2557 quinquaginta.»
3592 2476 3724 2529 Euv-

2144 2579 2440 2650 εκδοχικῶς
2471 2593 2501 2632 a
2532 2587 2686 2647 parte
2723 2584 2914 2628 totum.
2946 2573 3225 2639 Quomodo
3261 2574 3403 2626 enim
3448 2571 3724 2624 centurio-

2148 2689 2243 2727 nes
2264 2680 2548 2735 vocantur,
2566 2670 2657 2739 qui
2687 2675 2903 2721 centum
2930 2674 3165 2734 praesunt
3199 2664 3481 2729 militibus,
3514 2670 3568 2714 et
3591 2662 3722 2716 Chi-

2148 2763 2362 2830 liarchi,
2399 2761 2493 2832 qui
2554 2760 2735 2824 mille,’
2759 2774 2894 2829 quos
2928 2772 3024 2812 uos
3079 2759 3327 2811 tribunos
3362 2755 3719 2823 appellamus,

2148 2857 2214 2911 ab
2259 2871 2326 2912 eo
2356 2855 2498 2923 quod
2531 2853 2756 2923 praesint
2788 2850 2949 2903 tribui
2989 2866 3002 2902 :
3031 2851 3110 2902 sic
3141 2851 3194 2899 in
3244 2847 3538 2901 lsraelitico
3569 2841 3723 2899 exerl-

2147 2948 2255 3002 citu
2285 2944 2754 3014 Quinquagenarii
2785 2941 3142 3004 vocabantur,
3168 2939 3256 3006 qui
3292 2940 3342 2991 in
3373 2940 3549 3003 capite
3568 2945 3723 2989 erant

2148 3038 2539 3108 quinquaginta
2594 3035 2849 3088 militum.
2885 3032 3037 3087 Unde
3063 3042 3118 3086 et
3152 3029 3386 3083 decanos
3411 3030 3430 3060 ⁸
3466 3030 3722 3091 dicimus,

466 3135 642 3190 usque
670 3125 827 3179 hodie
854 3127 1117 3201 serviant,
1142 3135 1194 3180 et
1222 3142 1327 3180 non
1361 3127 1715 3197 deposuerint
1760 3129 2044 3184 servitutis
2075 3135 2120 3194 ο
2153 3130 2242 3196 qui
2268 3128 2455 3182 decent
2499 3138 2738 3196 praesunt
2774 3124 3106 3179 hominibus.
3138 3122 3249 3176 Nec
3282 3121 3473 3174 Ittll‘tlttt
3505 3120 3547 3172 si
3581 3120 3722 3185 apud

460 3215 671 3287 iugum.
717 3216 822 3272 Sed
884 3234 949 3271 ue
991 3219 1206 3288 judices
1235 3220 1451 3289 quidem
1490 3222 1724 3275 habeant
1766 3223 2041 3292 proprios,

465 3307 839 3379 Roiuanisque
893 3310 1253 3379 subjiciantur
1290 3310 1569 3380 iudicibus
1604 3331 1616 3366 :
1653 3313 1705 3366 iu
1745 3323 1951 3368 tantum
1991 3322 2050 3368 ut

466 3399 534 3454 de
572 3392 904 3471 principibus
932 3418 1143 3469 eorum,
1177 3405 1267 3473 qui
1304 3420 1428 3460 esse
1467 3407 1720 3459 videntur
1751 3406 1803 3461 in
1828 3406 2048 3477 populo,

468 3493 699 3549 Romani
747 3496 1021 3565 principes
1056 3498 1326 3565 judicent.
1359 3497 1461 3553 Sed
1497 3508 1549 3552 et
1580 3497 1683 3552 hoc
1732 3498 2048 3566 dicendum,

466 3586 611 3654 quod
648 3587 830 3639 nullus
885 3588 950 3640 sit
984 3589 1125 3658 apud
1150 3602 1247 3642 eos
1292 3588 1523 3643 bellator
1558 3591 1609 3642 in
1668 3589 1804 3660 lege,
1843 3590 2050 3646 habens

468 3677 748 3749 scientiam
777 3679 1058 3749 judicandi
1097 3698 1111 3737 :
1147 3682 1241 3736 sed
1271 3682 1450 3736 omnia
1500 3699 1637 3738 vaua
1687 3684 1816 3748 sint,
1858 3694 1911 3738 et
1955 3699 2045 3738 ca-

467 3771 629 3831 duca.
668 3781 719 3824 ct
748 3770 903 3839 plena
937 3772 1204 3827 stultitiae.
1253 3757 1326 3827 De
1357 3774 1621 3843 propheta
1675 3785 1877 3839 autem,
1904 3775 2048 3844 quod

469 3865 610 3931 apud
636 3878 730 3917 eos
759 3879 881 3919 esse
912 3867 1234 3928 cessaverit,
1280 3865 1414 3920 nulli
1451 3866 1676 3921 dubium
1705 3877 1810 3925 est.
1837 3867 2051 3932 Quaeri-

470 3972 591 4011 mus
615 3958 766 4026 juxta
802 3956 1152 4021 llebraicum.
1188 3959 1465 4029 quomodo
1513 3961 1932 4029 interpretemur
1956 3959 2054 4013 ha-

470 4048 685 4115 riolum,
718 4065 880 4118 quem
944 4066 1136 4106 omnes
1188 4051 1531 4120 interpretati
1582 4060 1711 4104 sunt
1763 4051 2000 4105 divinum
2031 4067 2050 4105 :

468 4146 713 4210 exceptis
752 4141 916 4207 LXX,
947 4144 1037 4212 qui
1091 4158 1187 4211 pro
1221 4146 1321 4198 hoc
1353 4142 1705 4212 conjectorem
1759 4144 2049 4198 transtule-

388 4234 393 4241 “
475 4245 619 4287 runt.
654 4235 1056 4301 Et_dicendum
1090 4235 1234 4304 quod
1285 4250 1428 4305 saepe
1453 4236 1619 4291 etiam
1674 4250 1770 4307 per
1806 4235 2051 4293 hariolos

473 4328 652 4383 futura
680 4329 954 4395 dicantur,
979 4329 1117 4383 sicut
1152 4329 1207 4382 iu
1249 4328 1467 4382 Balaam
1497 4329 1685 4384 divino
1714 4329 1966 4400 legimus,
1998 4336 2052 4383 et

472 4422 525 4473 in
561 4420 761 4474 divinis
800 4421 1039 4490 quinque
1100 4421 1314 4475 urbium
1347 4420 1782 4486 Palatstinat'utn,
1817 4418 1978 4475 Gazae
1999 4432 2052 4475 et

2149 3218 2365 3275 Judazos
2390 3220 2569 3274 omnis
2598 3216 2820 3289 perierit
2840 3216 3077 3286 dignitas
3108 3214 3450 3275 bellatorum,
3476 3226 3594 3287 cum
3624 3211 3726 3263 mi-

2151 3313 2343 3368 litandi
2374 3313 2479 3368 sub
2514 3314 2714 3384 gladio,
2757 3320 2808 3365 et
2841 3324 2990 3363 arma
3040 3309 3289 3378 porlandi
3342 3322 3449 3359 non
3493 3306 3727 3359 habeant

2151 3412 2502 3476 potestatem.
2540 3402 2676 3469 Quia
2740 3415 2878 3459 vero
2921 3399 3424 3469 quinquagenarius
3465 3413 3725 3450 numerus

2151 3514 2363 3567 semper
2390 3496 2622 3552 refertur
2652 3495 2723 3549 ad
2760 3493 3136 3563 paenitentiam
3165 3509 3179 3545 :
3221 3490 3579 3559 princepsque
3609 3501 3727 3556 poe-

2152 3591 2415 3654 nitentiae,
2446 3599 2502 3644 et
2541 3596 2704 3657 caput
2730 3601 2941 3650 eorum,
2979 3584 3071 3654 qui
3108 3580 3390 3639 salvantur
3421 3596 3517 3650 per
3553 3582 3727 3650 posui-

2155 3683 2403 3744 teutiam,
2439 3679 2691 3736 Christus
2738 3687 2862 3734 est:
2901 3677 3140 3732 breviter
3192 3674 3400 3728 numeri
3437 3674 3595 3743 hujus
3636 3685 3727 3724 sa-

2152 3781 2427 3827 cramenta
2466 3770 2790 3841 pandamus.
2838 3768 2896 3823 1ιι
2925 3768 3121 3824 Genesi
3173 3767 3425 3835 legimus,
3473 3767 3729 3833 loquente

2150 3867 2424 3923 Abraham
2463 3864 2529 3919 ad
2590 3862 2897 3929 Dominum,
2947 3861 3087 3930 quod
3118 3876 3146 3914 a
3192 3857 3583 3930 quinquaginta
3618 3858 3731 3925 pri-

2153 3974 2299 4013 mum
2325 3957 2507 4030 justis,
2543 3958 2588 4013 si
2623 3957 2970 4011 inveniantur
3011 3958 3063 4008 in
3105 3954 3344 4018 civitate,
3399 3953 3599 4006 dixerit
3638 3966 3727 4004 ur-

2153 4051 2277 4106 bem
2299 4065 2421 4105 esse
2441 4050 2778 4104 salvandam.
2806 4048 2872 4102 Et
2901 4057 3108 4116 septem
3135 4045 3596 4100 hebdomadarum
3627 4044 3678 4095 iu
3706 4044 3729 4075 ⁸

2152 4143 2429 4207 Numeris,
2460 4144 2514 4198 id
2544 4152 2648 4209 est,
2696 4143 3043 4198 Pentecostes
3072 4137 3422 4194 celeberrima
3466 4135 3731 4189 festivitas

2155 4249 2259 4294 est.
2297 4236 2557 4293 Jubilzeus
2603 4248 2843 4305 quoque,
2894 4235 3070 4295 idest,
3135 4229 3472 4285 remissionis
3528 4242 3726 4294 armos,

2155 4334 2248 4403 qui
2290 4330 2531 4401 septenis
2570 4343 2835 4382 annorum
2864 4324 3311 4387 hebdomadibus,
3363 4320 3416 4375 id
3455 4331 3560 4387 est,
3598 4334 3730 4387 qua-

2158 4423 2408 4493 draginta
2443 4434 2632 4475 novem
2682 4416 2838 4472 annis
2880 4416 3101 4481 texitur,
3135 4415 3187 4467 in
3221 4429 3328 4481 quo
3360 4412 3619 4480 clangunt
3648 4418 3735 4464 tu-

469 4512 779 4577 Asealonis,
809 4484 971 4579 ile-th,
1004 4521 1058 4567 et
1080 4512 1398 4580 Acuarouis,
1448 4525 1502 4567 et
1553 4510 1735 4578 A20ti,
1770 4484 1863 4579 qui
1919 4511 2044 4565 daut

2163 4519 2266 4581 bis,
2288 4526 2341 4569 et
2370 4515 2437 4568 ad
2483 4526 2675 4566 omnes
2719 4507 3009 4564 revertitur
3038 4509 3258 4574 antiqua
3303 4505 3591 4573 possessio,
3634 4503 3733 4555 hoc

469 4621 534 4660 co
560 4607 755 4659 lSliiUl“
778 4606 1051 4676 quoiuodo
1102 4620 1227 4660 arca
1262 4605 1471 4661 Domini
1510 4605 1817 4660 remittatur
1849 4601 1902 4675 (I
1924 4602 2052 4673 Reg.

473 4698 570 4768 rs).
602 4696 667 4753 Et
701 4708 785 4754 est
817 4714 1013 4754 sensus
1045 4717 1058 4754 :
1105 4698 1171 4753 Et
1203 4713 1327 4754 vera
1367 4708 1423 4753 et
1457 4698 1591 4753 falsa
1625 4713 1654 4751 ιι
1681 4695 1885 4751 .lndaeis
1915 4698 2059 4765 pari-

472 4803 556 4847 ter
579 4793 915 4848 auferantur.
952 4792 1138 4849 Senem
1164 4807 1407 4862 quoque,
1435 4806 1595 4861 quem
1619 4788 1761 4843 LXX
1790 4789 2060 4859 presbyte-

472 4900 590 4943 rum
615 4886 1029 4951 transtulerunt,
1057 4883 1350 4956 intelligit[
1375 4884 1462 4939 Al.
1496 4880 1791 4954 intelliget]
1816 4882 2058 4938 ablatura

473 4994 501 5037 a
530 4976 753 5041 Iudaeis,
788 4979 879 5046 qui
905 4979 1094 5033 scierit
1130 4980 1182 5031 in
1221 4978 1517 5047 Scriptnris
1547 4976 1749 5032 sanctis
1776 4975 2064 5048 presbyte-

472 5087 566 5131 ros
591 5074 785 5126 uierito
813 5080 867 5126 ct
894 5075 1162 5141 sapientia
1180 5074 1329 5144 eligi,
1357 5091 1459 5129 non
1488 5083 1670 5127 aztatc.
1699 5070 1883 5139 Neque
1912 5068 2058 5122 enim

552 5231 567 5261 ¹
590 5228 764 5284 Vatic.
796 5231 1048 5285 audiendi
1078 5231 1334 5284 sermonis
1368 5230 1480 5284 Dei.

544 5305 563 5333 ²
595 5302 821 5357 Drusius
856 5311 1009 5371 putat
1040 5304 1398 5369 posteriorem
1436 5315 1620 5355 vocem
1645 5299 1834 5369 {artem
1872 5317 1937 5356 ex
1967 5300 2052 5355 al-

474 5382 589 5428 tera
618 5372 866 5425 Etlitiune
908 5373 1252 5436 desinuptam
1296 5377 1481 5424 luisse.

564 5442 585 5475 ⁸
620 5441 686 5495 In
717 5441 955 5495 Danielis
990 5444 1245 5509 principio
1272 5442 1511 5509 legimus.
1548 5441 1803 5494 Ecclesim
1849 5442 2053 5496 Clu-lati

476 5508 727 5579 legebant
776 5512 969 5563 librum
994 5508 997 5509 ⁷
1027 5508 1260 5564 Ilanielis
1296 5508 1449 5575 juxta
1501 5511 1889 5566 'l'heodotiouis
1936 5513 2053 5564 edi-

481 5585 706 5647 tionem,
752 5585 803 5635 in
842 5597 947 5650 qua
982 5583 1208 5634 historia
1277 5582 1543 5634 Susanna:
1597 5594 1715 5632 t't'all
1770 5586 1944 5649 posita
2000 5583 2052 5633 in

520 5655 745 5723 riueipio
819 5653 1127 5714 voluminis,
1181 5668 1339 5721 quam
1405 5656 1469 5706 aet
1531 5652 1733 5719 calcem
1769 5652 2055 5723 “t'epttsuil

520 5669 745 5723 riuetpto
819 5669 1127 5714 voluminis,
1181 5669 1339 5721 quam
1405 5669 1469 5706 ait
1531 5669 1733 5719 ratceni
1819 5669 2052 5718 reposuit

480 5669 882 5793 ritermiymns;
914 5724 1038 5791 quia
1072 5737 1176 5776 non
1209 5727 1439 5774 habetur
1474 5724 1524 5775 in
1575 5732 1723 5793 testu
1767 5721 1980 5772 llohraii
2002 5737 2052 5772 ιι.

483 5789 720 5855 τοΝιιιιό
766 5795 830 5846 ad
854 5789 1016 5855 linem
1045 5804 1125 5846 cst
1157 5808 1273 5860 eius
1296 5793 1437 5857 libri,
1468 5809 1583 5867 quin
1615 5791 1752 5844 Visio
1784 5794 2054 5849 undecima

2163 4608 2410 4662 continet
2447 4611 2876 4660 sacramentum.
2923 4595 3078 4652 Unde
3098 4610 3149 4651 ct
3173 4596 3341 4650 David
3376 4597 3428 4649 in
3469 4596 3736 4662 quinqua—

2156 4700 2366 4772 gesimo
2395 4711 2621 4751 numero
2659 4693 2933 4748 Psalmum
2959 4691 3147 4745 scribit
3196 4686 3551 4758 [terniterni-te.
3583 4685 3738 4755 Legi-

2158 4807 2279 4845 mus
2303 4804 2519 4859 quoque
2546 4788 2601 4842 in
2646 4786 2839 4842 eodem
2888 4784 3254 4839 Numerorum
3283 4781 3447 4847 libro,
3479 4779 3622 4849 quod
3670 4780 3737 4830 de
3822 4818 3829 4824 .

2159 4879 2343 4951 praeda
2375 4887 2433 4933 et
2473 4877 2682 4949 spoliis,
2711 4871 3261 4946 quinquagesimmn[
3292 4872 3379 4926 ΑΙ.
3413 4872 3738 4941 quingente-

2162 4971 2408 5045 simum]
2437 4981 2621 5044 caput,
2647 4978 2755 5022 tam
2786 4970 2851 5023 de
2884 4966 3209 5027 hominibus,
3238 4979 3404 5033 quam
3433 4963 3499 5015 de
3519 4962 3739 5031 jumen-

2166 5068 2232 5120 tis
2254 5066 2522 5135 accipiant
2565 5062 2899 5126 sacerdotes,
2936 5069 2987 5114 ct
3009 5054 3515 5129 quinquagesimum
3535 5055 3735 5119 levitas,

2164 5227 2503 5284 inscribitur.

2238 5300 2258 5329 ⁸
2291 5297 2495 5351 Vitiose
2527 5295 2725 5347 lectum
2766 5307 2795 5346 a
2827 5290 3137 5344 Martianan
3170 5288 3427 5343 decimus.

2232 5370 2252 5400 ⁸
2280 5366 2551 5421 lie-scribit
2590 5363 2795 5429 Victor,
2830 5362 2883 5414 in
2916 5358 3169 5422 Leuitico,
3210 5374 3331 5412 cum
3363 5366 3569 5427 septem
3600 5354 3745 5410 Heb-

2155 5441 2511 5492 domadarum
2542 5437 2593 5487 in
2626 5432 2876 5486 Nnmeris
2929 5431 3129 5482 nudum
3169 5438 3399 5494 tantum,
3438 5438 3625 5498 utpOte
3680 5441 3743 5480 re

2150 5510 2261 5577 jam
2299 5510 2350 5560 in
2390 5505 2634 5559 Levitico
2682 5502 2978 5570 explicata,
3018 5499 3316 5577 reperiatur
3358 5513 3549 5549 ιιυιιιιτιι
3587 5514 3730 5577 _cap_.

2156 5565 2369 5634 scilicet
2394 5591 2587 5629 xxvni.
2618 5565 3004 5638 lliuc'quoqne
3044 5565 3205 5637 paulo
3235 5577 3373 5635 post,
3405 5583 3551 5638 pros
3587 5565 3743 5638 Legit

2157 5665 2284 5702 mus
2311 5661 2530 5716 quoque
2556 5648 2608 5697 in
2650 5635 3425 5716 rodetnﬁninci-orum.Iibro,
3460 5655 3477 5686 ι
3512 5635 3743 5716 Luvitiri

2156 5707 2361 5773 lthrttiii
2414 5707 2735 5776 substituit,
2786 5710 2920 5766 nihil
2958 5718 3135 5763 tanien
3185 5707 3259 5760 illi
3319 5708 3746 5778 suifragantibus

2159 5807 2288 5847 tuas.
