3980 6200
532 430 600 489 ea
1711 424 1771 481 s.
1808 418 2121 479 EUSEBII
2162 417 2609 477 lllERONYMl
3070 386 3077 393 “
3716 399 3786 460 et

529 548 690 600 rretio
718 545 995 613 spirituum
1026 540 1076 610 (1
1108 538 1232 596 Cor.
1259 554 1359 602 xtt,
1400 537 1509 607 l0).
1537 535 1711 599 Unde,
1736 544 1790 589 et
1817 532 2099 589 constituti
2133 537 2172 590 Α
2204 533 2348 597 cepit
2383 531 2693 600 imperimn,
2731 539 2781 583 et
2830 532 2956 598 quia
3020 529 3257 585 habebat
3287 524 3631 594 sapientiam,
3663 536 3792 591 pro-

528 650 685 693 erant
712 637 764 689 in
800 635 996 709 populo
1028 631 1335 688 Iudaeorum
1371 630 1741 686 sarerdotales
1762 628 1981 696 gradus,
2010 625 2101 694 qui

448 714 455 721 ”
535 731 849 799 prophetas,
886 726 1495 795 pseudoprophetasqne
1547 724 1964 775 discernerent:
2000 719 2103 773 hoc

528 839 637 886 est,
671 820 1053 887 intelligerent,
1076 817 1164 886 qui
1190 819 1254 869 de
1274 815 1364 868 Dei
1396 816 1589 883 spiritu
1622 815 1992 882 loquerentur,
2014 811 2103 880 qui

528 916 596 968 de
625 913 921 967 contrario.
959 911 1227 978 Legamus
1263 907 1580 963 Jerctniam.
1639 907 1880 960 Prudens
1925 915 2103 959 autem

531 1009 722 1074 eioquii
774 1004 980 1075 mystici
1012 1002 1230 1074 (Jerem.
1260 1001 1397 1069 xtv),
1431 1002 1544 1053 sive
1594 1009 1918 1064 susurrator,
1949 1010 2003 1053 et
2050 1006 2107 1051 nt

533 1097 838 1151 Titeutlutio
881 1094 1072 1160 voluit,
1104 1096 1429 1157 incantator,
1463 1091 1674 1145 videtur
1704 1090 1832 1144 mihi
1879 1091 1961 1144 vir
1989 1105 2108 1147 esse

529 1187 775 1239 eruditus
820 1196 874 1237 et
920 1183 1250 1239 exercitatus
1313 1192 1419 1234 tam
1466 1180 1519 1233 in
1571 1180 1687 1249 lege
1714 1190 1764 1233 et
1810 1179 2106 1247 prophetis,

530 1295 690 1348 quam
730 1280 782 1333 in
814 1276 1104 1346 Evangelio
1147 1283 1202 1331 et
1228 1274 1505 1341 apostolis,
1543 1274 1632 1341 qtti
1681 1273 1850 1340 possit
1870 1272 2109 1341 singulas

532 1371 697 1422 animi
758 1365 1191 1434 perturbationes
1241 1378 1336 1418 sua
1392 1377 1584 1416 sanare
1630 1361 1898 1425 doctrina,
1946 1371 2001 1415 et
2044 1362 2109 1413 ad

536 1472 742 1513 stutum
780 1460 979 1510 mentis
1025 1458 1284 1509 reducere
1326 1469 1344 1505 :
1379 1455 1507 1504 dum
1537 1460 1592 1504 et
1622 1459 1892 1504 scortator
1923 1449 2112 1517 recipit

535 1551 860 1608 ('aslilalettt,
907 1557 962 1601 et
1000 1560 1173 1615 ganeo
1206 1545 1224 1575 ί
1280 1543 1663 1612 frugalitatem,
1725 1551 1779 1596 et
1839 1541 2108 1609 qnoadam

535 1657 729 1694 avnrus
789 1636 878 1693 dat
933 1641 1358 1707 eleemosynam.
1396 1635 1639 1689 Evcutila
1672 1649 1863 1688 omnes
1901 1632 2115 1689 Judaeu-

538 1751 657 1786 rum
720 1748 1044 1804 synagogas,
1082 1740 1135 1787 et
1173 1732 1375 1783 nullum
1410 1730 1616 1799 poteris
1641 1728 1887 1782 invenire
1920 1726 2111 1781 docto-

540 1840 675 1888 rem,
727 1826 817 1890 qui
871 1833 1059 1878 sancta
1095 1824 1395 1893 praecipiat,
1428 1832 1480 1876 et
1529 1822 1854 1889 contemptis
1884 1820 2110 1884 divitiis,

539 1918 852 1971 Suetandam
909 1917 1102 1969 doceat
1155 1924 1548 1985 paupertatem.
1584 1915 1656 1967 De
1683 1913 1986 1968 istiusmodi
2030 1913 2117 1965 in-

541 2009 914 2062 cautaturibus
977 2019 1164 2062 contra
1225 2022 1507 2077 serpentes
1554 2019 1608 2061 et
1656 2008 1893 2076 aspides,
1930 2007 1980 2059 id
2012 2018 2116 2071 cst,

541 2107 727 2151 Contra
790 2107 1118 2163 peccatores,
1156 2097 1247 2164 qui
1303 2099 1393 2151 Dei
1432 2098 1695 2167 justitiam
1745 2096 2116 2163 reliquerunt,

546 2187 711 2241 David
766 2188 1088 2255 loquebatur
1121 2190 1171 2241 in
1206 2189 1443 2250 Psalmo,
1501 2189 1735 2243 Alienati
1771 2197 1894 2241 sunt
1940 2203 2120 2254 pecca-

547 2291 681 2333 tores
732 2298 760 2330 a
815 2280 964 2332 vulva
998 2296 1017 2335 :
1051 2294 1356 2335 erraverunt
1418 2282 1482 2334 ab
1543 2294 1709 2346 utero,
1783 2281 1943 2334 locuti
2000 2286 2121 2333 sunt

547 2370 704 2442 falsa.
741 2371 917 2425 Furor
955 2390 1133 2426 eorum
1157 2375 1319 2442 juxta
1369 2374 1769 2428 similitudinem
1816 2374 2070 2442 serpentis
2102 2388 2120 2427 :

547 2465 683 2515 sicut
739 2464 940 2529 aspidis
989 2463 1165 2518 surdte
1201 2473 1249 2517 et
1285 2464 1582 2518 obturantis
1620 2481 1773 2516 aures
1809 2481 1958 2524 suas,
2006 2478 2122 2532 qua:

546 2573 650 2610 non
693 2557 909 2608 exaudit
965 2573 1138 2609 vorem
1188 2559 1605 2621 incautautium,
1636 2568 1684 2609 et
1715 2558 1926 2625 veneﬁci
1959 2557 2122 2609 medi-

548 2648 715 2700 cantis
748 2650 1012 2713 sapienter
1036 2647 1209 2709 (l’sal.
1244 2666 1411 2713 ικγιι,
1439 2651 1469 2703 4
1500 2652 1678 2719 seqq.)
1726 2651 1912 2704 Omnis
1942 2660 2122 2700 sermo

547 2740 790 2808 Apostoli
836 2752 1024 2794 contra
1060 2754 1339 2807 serpentes
1365 2751 1418 2795 et
1449 2741 1665 2810 aspides
1696 2742 1991 2794 inmutatio
2018 2749 2120 2801 est,

550 2846 707 2896 quem
745 2845 849 2882 non
885 2830 1180 2884 exaudiunt
1216 2841 1529 2898 peccaturos
1552 2875 1566 2897 ,
1602 2840 1658 2885 et
1703 2830 1962 2892 haeretici,
1995 2829 2121 2897 quia

530 2907 807 2971 ‘rlaudnnt
836 2934 996 2973 aures
1030 2935 1176 2979 snas,
1208 2922 1281 2972 ἠρ
1322 2921 1539 2974 audiant
1584 2922 1889 2976 veritatem.

624 3008 802 3079 (Vers.
847 3012 924 3078 Α.)
965 3028 983 3061 t
1036 3009 1099 3062 Et
1136 3014 1275 3064 dabo
1323 3025 1517 3078 pueros
1546 3012 1819 3080 principes
1845 3025 2058 3063 eorum.
2100 3029 2119 3062 ›

554 3102 610 3156 Si
638 3117 700 3155 ex
753 3118 978 3169 persona
1013 3102 1296 3169 Prophetas
1336 3103 1532 3157 dicitur
1569 3122 1582 3158 :
1618 3104 1749 3158 Ecce
1780 3106 1916 3157 enim
1956 3104 2124 3157 donti-

2208 634 2389 691 pterea
2426 639 2533 677 non
2566 632 2649 676 est
2683 623 2985 690 appellatus
3011 621 3248 692 juvenis.
3285 619 3412 675 Erat
3445 616 3591 671 enim
3629 615 3682 667 in
3721 630 3786 666 co

2209 716 2437 769 latitudo
2494 714 2719 777 cordis,
2776 725 2830 766 et
2893 713 3194 783 amplitudo
3244 709 3522 778 sapientiae
3582 716 3788 774 quanta

2207 824 2368 861 arena
2424 816 2507 861 est
2561 807 2613 859 in
2659 806 2823 859 maris
2857 805 3150 859 littoribus.
3200 803 3351 857 Unde
3400 811 3453 855 et
3496 801 3789 868 Apostolus

2209 900 2402 953 scribit
2451 898 2516 949 ad
2556 894 2928 956 Timotheum,
2980 893 3144 948 Nemo
3186 890 3596 945 adolescentium
3642 901 3788 941 tuam

2210 998 2509 1044 contemnat
2546 987 2597 1057 (Ι
2628 985 2759 1040 Tim.
2806 1002 2878 1048 tv,
2935 985 3046 1049 12).
3079 983 3181 1049 Qui
3213 982 3357 1036 enim
3385 991 3546 1035 atate
3572 980 3791 1047 juvenis

2207 1092 2308 1140 est.
2350 1080 2659 1134 maturitate
2706 1094 2866 1131 senex
2901 1087 3001 1130 est.
3032 1075 3097 1128 Et
3139 1075 3321 1129 Daniel
3350 1073 3500 1140 juxta
3540 1071 3795 1126 Theodo-

2209 1176 2408 1227 tionem
2463 1181 2751 1237 antequam
2805 1168 3113 1237 jndiearet,
3158 1167 3466 1238 appellatus
3518 1176 3597 1220 est
3656 1180 3792 1233 puer

2212 1265 2374 1339 (Dan.
2413 1263 2554 1334 xttt).
2618 1263 2911 1331 POstquam
2961 1275 3089 1316 vero
3135 1260 3396 1315 excitavit
3446 1259 3500 1313 in
3548 1273 3614 1311 eo
3651 1258 3791 1310 Deus

2212 1359 2483 1426 spiritum,
2535 1365 2589 1410 et
2624 1355 2888 1423 judicavit
2928 1368 3126 1415 senes.
3188 1352 3403 1421 accepit
3466 1349 3789 1419 presbyterii

2212 1448 2551 1517 dignitatem.
2582 1445 2828 1501 Jeretnia:
2873 1458 3110 1512 quoque,
3150 1441 3242 1511 qui
3278 1444 3343 1493 ad
3391 1441 3687 1493 mittentem
3733 1453 3793 1489 se

2214 1540 2496 1594 Dominum
2540 1540 2768 1602 dixerat,
2795 1537 2897 1600 Qui
2941 1552 2995 1589 es
3040 1534 3362 1593 dominator,
3405 1531 3642 1586 Domine,
3676 1545 3793 1581 erce

2213 1646 2305 1700 ego
2339 1630 2510 1683 nescio
2540 1629 2703 1698 loqui,
2730 1629 2854 1694 quia
2883 1627 3092 1695 juvenis
3124 1642 3237 1678 sum
3271 1622 3495 1694 (Jerem.
3528 1640 3565 1685 I,
3599 1620 3677 1688 6),
3708 1636 3797 1671 re-

2215 1723 2436 1791 spondit
2458 1721 2716 1777 Dominus
2762 1720 2838 1773 Ne
2856 1721 3026 1782 dicas,
3048 1717 3179 1783 Quia
3211 1716 3426 1786 juvenis
3455 1728 3604 1777 sum;
3640 1712 3792 1779 prius

2215 1816 2357 1868 enim
2413 1828 2574 1880 quam
2636 1810 2948 1865 formareris
2980 1812 3031 1862 in
3062 1820 3234 1870 utero,
3263 1808 3382 1862 novi
3441 1817 3514 1867 te,
3549 1816 3598 1857 et
3637 1813 3792 1856 ante-

2220 1919 2381 1973 quam
2415 1904 2596 1956 esires
2625 1902 2692 1955 de
2715 1901 2870 1954 vulva
2902 1900 3090 1953 matris
3116 1910 3241 1960 tum,
3273 1896 3606 1951 sanctiliravi
3634 1902 3708 1958 ιι,
3739 1900 3796 1945 et

2220 1995 2540 2062 prophetam
2588 1993 2639 2046 in
2688 1991 2938 2058 gentibus
2968 1990 3223 2044 constitui
3257 1998 3328 2042 te.
3374 1986 3456 2041 Ob
3491 1990 3629 2040 hanc
3661 2000 3797 2037 eau-

2220 2103 2335 2142 sam
2374 2100 2496 2138 reor
2520 2092 2574 2136 et
2602 2081 3035 2137 adulescentulas
3084 2082 3274 2134 viduas
3324 2079 3500 2148 jnberi
3537 2080 3605 2130 ab
3646 2076 3795 2142 Apu-

2221 2176 2358 2229 Stolo
2388 2174 2465 2245 (ΙΙ
2517 2173 2652 2229 Tim.
2686 2174 2763 2241 ν),
2812 2185 2872 2226 ιιι
2921 2171 3187 2236 accipiant
3226 2170 3469 2229 maritos,
3502 2177 3553 2220 et
3597 2177 3799 2220 matres

2223 2264 2439 2319 iamilim
2472 2266 2604 2329 sint,
2636 2275 2690 2319 et
2743 2266 2976 2320 educent
3006 2262 3203 2317 liberos
3258 2275 3410 2323 suos,
3452 2260 3573 2326 quia
3616 2259 3799 2310 multa:

2224 2368 2371 2411 retro
2421 2359 2676 2429 abierunt
2727 2365 2851 2424 post
2912 2355 3192 2411 Satanam.
3226 2353 3290 2407 Et
3336 2369 3459 2407 cum
3512 2352 3799 2405 luxuriata:

2224 2449 2426 2502 fuerint
2460 2450 2514 2502 in
2551 2449 2790 2514 Christo,
2825 2449 3029 2503 nubere
3056 2449 3264 2512 volunt,
3288 2445 3549 2502 habentes
3574 2446 3803 2497 damna—

2225 2541 2425 2592 tionem
2452 2579 2465 2601 ,
2497 2540 2619 2608 quia
2679 2539 2908 2608 primam
2943 2538 3101 2593 [idem
3132 2538 3338 2593 irritam
3391 2536 3656 2591 fecerunt.
3689 2534 3803 2589 Nec

2221 2631 2610 2686 ecclesiasticis
2669 2630 2824 2685 vidua
2856 2637 3190 2685 sustentatur
3222 2628 3514 2688 alimentis,
3550 2627 3648 2680 nisi
3680 2641 3802 2690 qua:

2223 2724 2501 2792 sexaginta
2534 2738 2799 2778 annorum
2832 2733 2935 2788 est,
2976 2733 3032 2775 et
3066 2722 3433 2774 maturitatem
3485 2719 3646 2773 habet
3681 2734 3798 2769 tuo-

2225 2828 2342 2865 rum
2379 2814 2580 2880 pariter
2609 2825 2663 2866 et
2696 2817 2895 2867 aetatis.
2955 2813 3112 2866 Putet
3159 2810 3267 2881 5h
3318 2810 3540 2878 aliquis,
3576 2817 3627 2861 ct
3667 2806 3800 2858 illud

2224 2903 2365 2978 quod
2400 2904 2684 2971 Apostolus
2701 2904 2949 2972 prohibet
2977 2901 3028 2973 (Ι
3054 2903 3184 2957 Tim.
3211 2903 3313 2970 III).
3344 2902 3654 2969 episcopum
3686 2898 3804 2952 ﬁeri

2227 2996 2582 3064 neophytum,
2618 2996 2682 3048 ad
2720 2998 2820 3049 hoc
2850 2996 3145 3066 pertinere,
3185 2995 3312 3061 quia
3343 2992 3595 3059 parvulus
3624 2991 3675 3044 in
3703 2990 3808 3044 lide

2225 3097 2328 3151 est,
2361 3102 2428 3138 ne
2484 3088 2657 3140 elatus
2715 3091 2768 3139 tu
2830 3087 3161 3156 superbiam,
3207 3085 3413 3140 incidat
3455 3084 3506 3136 in
3540 3082 3804 3150 judicium

553 3206 706 3248 nator
742 3196 991 3248 Dominus
1020 3198 1365 3259 exercituum,
1399 3198 1596 3266 auferet
1625 3195 1687 3249 ab
1716 3195 2035 3260 Jerusalem,
2076 3205 2122 3251 et
2154 3212 2195 3266 ο
2229 3181 2452 3234 diaboli.
2492 3176 2765 3234 Jttdicinm
2818 3190 2994 3233 autem
3048 3179 3251 3232 diaboli
3284 3178 3490 3232 nullum
3521 3189 3603 3233 est
3635 3176 3808 3236 aliud,

553 3285 618 3337 ab
651 3284 795 3337 Iuda
828 3284 1061 3338 ualidum
1096 3292 1145 3337 et
1188 3285 1418 3336 validam
1452 3300 1468 3338 :
1497 3300 1649 3337 omne
1689 3286 1848 3338 robur
1876 3287 2047 3355 panis,
2075 3298 2122 3339 et

552 3393 705 3431 omne
740 3379 899 3429 robur
944 3392 1116 3445 aqua,
1143 3388 1198 3430 et
1234 3376 1462 3444 reliqua,
1496 3376 1763 3444 quomodo
1813 3393 1955 3431 nunc
1985 3377 2124 3431 idem

554 3468 813 3537 propheta
843 3467 1102 3535 loquitur,
1137 3468 1283 3523 Dabo
1325 3483 1514 3531 pueros
1545 3468 1805 3536 principes
1841 3486 2041 3535 eorum,
2077 3481 2126 3524 et

553 3561 845 3631 eﬂ'emiuati
868 3562 1291 3614 dominabuntur
1320 3562 1391 3614 eis
1416 3562 1441 3613 ?
1468 3559 1608 3631 Ergo
1644 3561 1794 3631 juxta
1830 3573 2126 3616 consuetu-

555 3658 737 3711 dinem
764 3657 1135 3725 prophetalem
1171 3656 1425 3724 loquente
1450 3653 1745 3724 Propheta,
1777 3655 1958 3710 subito
1986 3656 2128 3710 Deus

556 3748 793 3816 loquitur
842 3765 938 3817 per
976 3748 1299 3813 Pcophetam
1336 3763 1399 3802 ex
1438 3764 1666 3816 persona
1706 3764 1829 3811 sua,
1876 3761 1927 3801 et
1974 3747 2125 3815 dicit,

562 3841 706 3895 Dabo
742 3858 929 3910 pueros
988 3843 1246 3910 principes
1298 3857 1477 3895 eorum
1529 3856 1546 3895 :
1595 3841 1824 3895 sublatis
1865 3841 2008 3893 enim
2046 3842 2131 3896 his

558 3951 676 4002 qua:
703 3947 829 3989 ante
858 3933 962 4003 53
992 3935 1341 3995 donaveram,
1368 3941 1421 3986 et
1448 3933 1601 3999 quasi
1632 3932 1770 3984 bona
1802 3932 1974 3984 iratus
2005 3931 2131 3984 abs-

561 4028 815 4085 tnleram.
861 4041 1005 4078 nunc
1054 4024 1361 4078 econtrario
1404 4023 1545 4075 dabo
1596 4021 1757 4073 mala.
1792 4020 1911 4073 Tuli
1948 4035 2131 4075 senem

560 4129 616 4171 et
658 4116 1209 4187 quiuqttageuarinm,
1243 4124 1300 4168 et
1330 4112 1703 4167 admirabilem
1738 4112 2132 4173 consiliarium,

561 4212 615 4269 et
662 4203 961 4271 sapientem
1025 4202 1382 4255 architectum
1442 4210 1495 4254 et.
1550 4200 1868 4270 prudentem
1925 4200 2136 4253 audito-

565 4309 697 4353 rem,
732 4305 837 4347 etc.
870 4291 976 4345 Pro
1011 4293 1097 4345 his
1132 4292 1275 4347 dabo
1307 4307 1508 4361 pueros
1540 4292 1832 4361 principes.
1859 4292 1960 4358 Qui
1992 4291 2133 4345 enim

566 4386 939 4454 tresbyterutn
1006 4385 1376 4449 perdiderunt,
1412 4384 1625 4451 qualem
1679 4386 1927 4454 superior
1957 4401 2136 4439 sermo

565 4474 574 4541 |
611 4482 620 4495 ’·
644 4479 671 4525 ’.
734 4473 912 4546 servo]
970 4475 1311 4536 monstravit,
1340 4475 1516 4543 qualis
1547 4484 1601 4528 et
1636 4476 1905 4529 Abraham
1929 4476 2137 4545 primus

2231 3267 2332 3321 nisi
2380 3268 2897 3335 superbia,5propter
2929 3282 3091 3337 quam
3145 3266 3211 3319 de
3236 3266 3556 3321 cmlestibns
3586 3265 3808 3318 cecidit.

2230 3356 2383 3411 Unde
2403 3368 2457 3411 et
2489 3357 2733 3410 Salvator
2767 3357 3036 3424 loquitur:
3078 3355 3325 3409 Videbam
3345 3353 3626 3417 Satanam,
3652 3354 3809 3423 quasi

2230 3449 2410 3520 fulgur
2440 3450 2710 3502 cadentem
2743 3450 2805 3502 de
2839 3449 2964 3503 calo
2995 3448 3145 3518 (Luc.
3181 3464 3269 3510 xx,
3303 3448 3411 3507 i8).

2307 3560 2326 3593 ι
2370 3542 2434 3595 lit
2464 3540 2759 3595 ell'eminati
2799 3540 3222 3593 dominabuntur
3256 3540 3353 3592 eis.
3396 3556 3415 3589 ι
3455 3537 3557 3589 Pro
3589 3551 3694 3606 quo
3749 3536 3811 3589 in

2231 3634 2456 3685 Hebrteo
2533 3632 2790 3701 scriptum
2862 3640 2944 3685 est
3016 3647 3285 3686 TnALliLUI
3338 3613 3631 3699 (πενθήρη),
3673 3646 3811 3697 unus

2178 3760 2181 3765 ρ
2230 3724 2372 3778 LXX
2402 3735 2455 3777 et
2477 3723 3044 3801 Theodotioillusores
3069 3724 3408 3792 interpretati
3434 3732 3582 3787 sunt,
3614 3721 3807 3789 Aquila

2232 3818 2591 3883 ὲναλλὰκτατ,
2610 3817 2700 3884 qui
2720 3830 2778 3869 se
2804 3825 3037 3878 mutent,
3064 3825 3121 3869 et
3140 3814 3496 3884 turpitudinis
3517 3823 3805 3866 exerceant

2239 3911 2406 3964 vices.
2435 3910 2631 3975 Quales
2689 3909 2743 3962 in
2794 3907 3044 3963 Judicum
3108 3907 3247 3961 libro
3295 3921 3457 3975 super
3504 3892 3855 3960 cuneubina‘

2242 4000 2439 4053 Leviue
2491 3999 2542 4053 itt
2597 3998 2782 4054 Gabaa
2812 3998 3037 4066 legimus
3075 3995 3275 4061 (Judic.
3312 3996 3447 4065 XIX).
3484 3994 3812 4049 Considere-

2235 4110 2358 4148 mtts
2381 4095 2401 4125 ⁸
2438 4092 2782 4147 Patriarchas
2824 4089 3157 4154 Jttdzeonun,
3187 4099 3242 4143 et
3272 4090 3496 4158 juvenes
3534 4086 3646 4139 sive
3682 4102 3815 4154 pne-

2236 4203 2347 4250 ros,
2381 4186 2830 4252 ellemiuatosque
2860 4196 2923 4236 ac
2953 4181 3160 4234 deliciis
3190 4178 3494 4241 afﬂuentes,
3537 4188 3589 4231 et
3618 4178 3812 4244 imple-

2238 4288 2345 4333 tam
2379 4276 2715 4346 prophetiam
2760 4287 2880 4327 esse
2910 4284 3215 4325 cernemus.
3239 4270 3532 4324 Possumus
3565 4266 3817 4319 illusores

2238 4371 2419 4425 dicere
2447 4377 2502 4422 et
2536 4367 2828 4435 magis-tros
2868 4364 3051 4432 populi
3079 4362 3264 4426 Israel,
3299 4365 3388 4432 qui
3427 4362 3688 4414 devorant
3725 4375 3819 4428 pu-

2240 4464 2425 4533 pulum
2455 4461 2568 4525 Dei,
2605 4461 2749 4515 sicut
2774 4473 2956 4513 escam
2987 4456 3171 4526 panis,
3203 4463 3257 4508 et
3285 4468 3538 4521 perverse
3565 4451 3818 4512 SCl‘ittlll-

565 4588 665 4629 ιιςιι
708 4570 860 4620 ἐςιῑιιε
896 4544 1008 4621 iret
1066 4567 1368 4636 presbyter,
1415 4576 1561 4620 recte
1605 4566 1830 4636 juvenes
1866 4568 2137 4635 principes
2169 4544 2211 4598 Ῐ)
2243 4575 2331 4613 ras
2399 4568 2615 4611 sanctas
2663 4554 3112 4621 interpretantur,
3170 4548 3515 4616 illuduntque
3571 4545 3819 4599 stultitia,-

567 4677 644 4707 an
671 4660 836 4722 cpiunt
869 4657 1077 4718 (Cenes.
1103 4658 1220 4721 vul.
1250 4657 1322 4712 De
1362 4659 1582 4726 quibus,
1619 4669 1673 4711 et
1725 4658 1776 4711 in
1813 4657 2137 4713 Ecclesiaste

569 4751 814 4818 leginms.
850 4747 1080 4813 Vcc'tibi,
1106 4749 1315 4812 civitas,
1347 4748 1497 4815 cujus
1529 4764 1621 4801 rex
1643 4749 1876 4817 juvenis,
1909 4759 1955 4803 et
1989 4750 2136 4817 ptiu-

567 4843 704 4909 cipes
731 4842 808 4893 tui
839 4857 989 4893 mane
1010 4841 1307 4894 comedunt.
1331 4839 1496 4892 Beata
1529 4849 1690 4900 terra.
1711 4841 1861 4905 cujus
1883 4857 1976 4894 res:
1997 4841 2140 4908 ﬁlius

570 4937 907 5004 ingenuorum
960 4931 1156 5003 (Eccle.
1207 4933 1409 4998 x,16).
1448 4933 1596 4988 Talis
1647 4933 1748 4988 fuit
1781 4948 1874 4987 rex
1929 4934 2142 5003 juvenis

569 5025 811 5081 ltolaoatn
854 5024 996 5079 (ilius
1027 5024 1364 5090 Salomonis,
1398 5026 1486 5093 qui
1513 5034 1732 5080 secutus
1774 5034 1855 5079 est
1879 5025 2140 5094 juvennm

572 5120 798 5173 consilia
834 5118 955 5191 (IlI
990 5118 1114 5188 Reg.
1156 5120 1282 5180 xu).
1310 5116 1426 5172 Non
1481 5118 1625 5187 quod
1677 5127 1838 5172 {etate
1871 5127 2018 5171 esset
2060 5117 2147 5185 ju-
2190 5154 2197 5159 -

576 5210 743 5275 venis,
765 5211 858 5263 sed
883 5209 1170 5278 sapientia.
1198 5208 1411 5280 Alioqui
1444 5208 1799 5278 quadraginta
1830 5216 1883 5262 et
1915 5207 2148 5275 amplius

576 5315 841 5356 annm-um
881 5318 1105 5372 regnum
1134 5305 1413 5372 accepisse
1461 5311 1736 5357 narratur.
1760 5301 1826 5355 Et
1859 5318 1888 5356 e
1927 5309 2146 5355 contra-

577 5393 657 5449 rio
701 5392 955 5448 Salomon
988 5395 1275 5452 duodecim
1329 5410 1593 5448 annorum
1624 5403 1742 5449 erat
1774 5393 1991 5449 quando
2026 5410 2149 5448 sus-

655 5576 668 5605 '
705 5571 861 5625 Addit
889 5570 1137 5625 Vaticani
1189 5586 1288 5625 ms.
1319 5581 1477 5625 vetus
1530 5571 1822 5633 glossator,
1860 5584 2149 5639 gaueouem

583 5656 665 5698 sat
702 5642 1239 5712 intelligiprodigum.
1274 5641 1351 5694 rel
1382 5651 1692 5694 voratorem.

656 5716 676 5744 ’
705 5706 997 5767 Eusebium
1040 5706 1302 5768 iuittatttr,
1362 5711 1517 5774 cuius
1550 5711 1662 5762 haec
1696 5719 1822 5761 sunt
1854 5725 1866 5760 :
1907 5708 2005 5768 Τίς
2060 5706 2151 5759 οὖν

586 5783 729 5841 ὀρῶν
764 5785 888 5844 τοὺς
921 5781 1073 5849 παρὰ
1115 5780 1388 5842 Ἰουδαίοις
1423 5781 1849 5848 ὀνομαζομένους
1879 5777 2150 5844 πατριάρ-

592 5855 691 5917 xu;
729 5854 1043 5915 νεανίσκους
1097 5850 1307 5918 ἀληθῶς
1362 5852 1419 5899 rvit
1472 5854 1561 5918 εἰη-θ
1592 5852 1696 5901 τῶν
1731 5849 1999 5915 σωμάτων
2039 5851 2150 5912 ἠλι-

2241 4647 2655 4715 discipulorum.

2314 4737 2493 4807 (Vers.
2551 4735 2632 4805 5.)
2667 4753 2687 4785 ς
2728 4733 2794 4787 Et
2827 4738 3046 4787 corruet
3095 4730 3325 4801 populus
3377 4729 3456 4782 vir
3508 4730 3572 4782 ad
3618 4729 3820 4785 virum,

2246 4829 2614 4895 unusquisque
2662 4826 2727 4879 ad
2786 4822 3092 4893 proximum
3153 4836 3313 4874 suum
3352 4837 3365 4873 :
3404 4816 3825 4873 tumultuabitur

2244 4935 2379 4989 puer
2417 4928 2606 4971 contra
2645 4930 2854 4981 senem,
2895 4922 2950 4969 et
2999 4913 3251 4979 ignobilis
3279 4918 3465 4965 contra
3496 4907 3751 4961 nobilem.
3798 4925 3818 4955 ι

2247 5012 2472 5079 Quando
2497 5009 2725 5080 juvenes
2768 5006 2968 5061 iuerint
3010 5004 3299 5073 principes,
3335 5014 3389 5057 et
3441 5001 3690 5055 illusores
3723 4999 3826 5050 Do-

2250 5108 2401 5171 mini,
2440 5105 2625 5176 quales
2658 5102 3006 5173 propheticus
3046 5114 3227 5154 sermo
3250 5096 3527 5159 describit,
3561 5105 3691 5149 tunc
3725 5109 3827 5145 nec

2248 5199 2548 5270 dignitatis,
2585 5213 2685 5252 nec
2720 5195 2925 5259 aetatis,
2964 5209 3067 5248 nec
3096 5192 3337 5247 scientia:
3370 5189 3514 5244 ullus
3546 5189 3680 5242 ordo
3711 5203 3829 5241 ser-

2249 5294 2508 5357 vabitur;
2545 5292 2639 5344 sed
2695 5287 3036 5343 rebellabant
3081 5283 3229 5350 pueri
3297 5285 3539 5343 senibus,
3576 5290 3631 5333 et
3670 5280 3828 5348 igitu—

2253 5388 2386 5441 biles
2434 5384 2724 5447 nobilibus,
2756 5392 2809 5436 et
2848 5388 3034 5434 mutuo
3094 5384 3373 5430 corrneut.
3405 5373 3470 5426 Et
3512 5371 3829 5442 implebitur

2251 5566 2397 5623 κίειν,
2435 5564 2572 5617 ἀλλὰ
2600 5562 2698 5625 τὰς
2738 5559 2918 5629 ψυχὰς
2978 5555 3188 5629 excisi;
3213 5553 3336 5629 una!
3368 5553 3534 5629 ἐνδξῖς
3561 5549 3816 5629 ξρρενιῦν,

2252 5619 2478 5697 coiisse
2521 5619 2968 5694 ).οίποῖ›ςά’ὖτὼν
3002 5624 3380 5697 βιδαᾳκὰλους,
3425 5624 3525 5673 οὐκ
3554 5619 3625 5697 av
3672 5619 3822 5697 ergo:

2254 5688 2563 5774 ὲμτέαίκτας
2600 5688 2737 5754 εἷναί
2765 5716 2780 5763 ;
2804 5698 2972 5750 Porro
2999 5695 3346 5747 Patriam-has
3394 5702 3513 5763 post
3545 5688 3825 5808 lt'rosola-

2258 5792 2357 5808 ιιι-ι)
2377 5773 2646 5808 ηνρὶιιίηηι
2680 5768 2855 5808 unlnri
2892 5766 3149 5808 ἷιιιμΙΙίιῙΡ-
3174 5774 3226 5808 ut
3265 5762 3373 5808 Viti,
3427 5761 3547 5808 (ltiti.
3805 5798 3820 5808 .

2258 5757 2358 5829 nise
2377 5757 2646 5825 excidium
2680 5757 2857 5823 notari
2892 5766 3151 5833 intellige,
3174 5774 3226 5817 ct
3265 5762 3374 5817 vid.
3407 5757 3547 5816 'cod.
3605 5757 3820 5813 Theod.

2257 5846 2351 5901 lib.
2384 5856 2493 5899 tm.
2529 5843 2613 5896 tit.
2641 5843 2693 5896 3.
