3980 6200
2863 249 2887 269 Ο

197 263 274 327 65
961 267 1460 329 COMMEN'l‘All.
1508 268 1585 326 I.\'
1634 267 1896 325 [SAIAM
1944 266 2407 360 l’ROl’llb‘TAM
2456 266 2605 329 LIB.
2657 269 2738 329 11.
2867 263 2885 269 ”
3400 271 3472 333 06

195 374 333 427 illud
382 362 757 441 Apostnlicum

195 467 325 520 estis
379 469 447 518 ab
496 466 716 520 invicem
754 465 962 535 ((Ialat.
996 486 1049 532 v.
1090 470 1204 539 15).
1241 470 1367 524 [hec
1395 471 1498 524 sub
1532 469 1657 550 Tito
1682 470 1791 523 lilio

197 558 520 628 Vespasiani
580 560 849 615 accidisse
923 562 1122 629 populo
1184 562 1535 625 Judaeornut,
1599 562 1790 617 scribit

195 650 465 721 losephus
496 650 616 718 (lib.
649 668 682 704 v
714 652 778 704 de
807 651 955 706 Bello
998 652 1165 723 Iud.)
1192 671 1206 707 :
1242 662 1298 706 et
1342 654 1509 719 quod,
1545 669 1666 707 cum
1694 670 1789 708 cx-

194 753 573 812 pngnarentur
617 759 646 796 a
690 744 977 809 Romanis,
1034 744 1199 799 fuerit
1242 745 1541 799 Jerusalem
1591 745 1790 798 intres

194 848 381 904 partes
441 837 617 890 divisa
674 836 913 890 seditio:
951 849 1005 891 et
1039 838 1133 891 alii
1165 853 1345 899 arcem
1390 849 1445 892 et
1505 839 1785 906 templum,

194 928 285 981 alii
315 928 672 995 inferiorem,
704 929 797 983 alii
850 928 1189 996 superiorem
1250 939 1459 999 partem
1509 929 1660 984 urbis
1704 942 1787 985 te-

194 1027 441 1076 nuerunt.

265 1133 451 1191 lVers.
480 1132 560 1203 6.)
594 1152 613 1185 ι
643 1134 1028 1204 Apprehcndet
1058 1133 1203 1187 enim
1237 1134 1319 1188 vir
1344 1133 1568 1187 fratrem
1602 1149 1782 1199 suum,

192 1218 558 1275 domesticum
583 1225 754 1291 putris
783 1223 887 1275 sui.
915 1221 1313 1277 Vestimentum
1351 1223 1454 1277 tibi
1482 1235 1597 1287 est,
1632 1227 1785 1293 prin-

193 1328 325 1380 ceps
352 1322 473 1367 esto
504 1324 689 1369 noster
715 1332 729 1367 :
762 1317 915 1368 ruina
950 1328 1128 1369 autem
1161 1317 1274 1369 haec
1302 1317 1404 1370 sub
1430 1331 1590 1369 manu
1612 1328 1726 1370 tua.
1760 1335 1778 1367 ι

192 1405 303 1459 Pro
346 1409 533 1472 ruina,
573 1406 930 1477 Symmachus
961 1418 1016 1461 et
1050 1407 1357 1462 Theodotio
1402 1410 1456 1462 in
1489 1407 1784 1475 inﬁrmita-

190 1509 297 1552 tem
333 1500 754 1565 transtulerunt,
789 1499 929 1553 LXX
960 1502 976 1530 ¹
1003 1501 1194 1554 cibum.
1253 1501 1536 1568 Significat
1594 1512 1777 1555 autem

195 1593 481 1648 raritatem
516 1593 817 1657 hominum,
842 1603 896 1647 et
924 1595 1158 1647 maxime
1190 1608 1373 1647 rerum
1402 1592 1648 1647 omnium
1682 1607 1779 1660 pe-

194 1685 434 1749 nuriam,
472 1685 615 1754 quod
643 1686 733 1754 qui
765 1685 969 1748 cibum,
1000 1694 1055 1739 et
1082 1678 1472 1740 vesutnentum
1504 1686 1777 1748 habuerit,

192 1787 413 1845 potens,
440 1787 494 1828 et
519 1776 673 1832 dives
704 1777 809 1847 55
834 1788 887 1832 et
922 1778 1150 1849 inclytus
1178 1793 1300 1833 esse
1323 1780 1596 1832 credatur.
1628 1777 1781 1844 Quod

191 1879 375 1921 autem
441 1870 519 1921 ait
565 1871 719 1939 juxta
776 1869 1099 1925 Hebraicum
1143 1887 1159 1924 :
1210 1870 1387 1923 Ruina
1418 1878 1618 1923 .autem
1664 1870 1775 1923 lucc

189 1962 283 2015 sub
338 1978 501 2015 inanu
542 1974 659 2028 tua,
685 1963 829 2017 hunc
857 1978 1075 2018 sensum
1104 1963 1263 2017 habet
1301 1980 1316 2016 :
1346 1962 1561 2017 Miseria
1592 1974 1782 2018 nostra

192 2068 243 2110 et
265 2057 551 2110 calamitas
584 2064 678 2109 tuo
717 2056 1089 2110 substentetur
1113 2063 1169 2108 et
1198 2063 1515 2124 protegatur
1554 2054 1781 2108 auxilio.

193 2148 257 2201 Et
302 2149 408 2201 hoc
458 2146 916 2203 considerandum
966 2148 1112 2216 quod
1164 2146 1362 2215 singuli
1420 2146 1523 2201 sibi
1579 2147 1783 2217 eligant

193 2240 468 2306 principes
496 2237 762 2306 singulos.
782 2246 835 2291 et
865 2239 919 2291 in
954 2237 1258 2307 principum
1290 2237 1558 2293 electione
1582 2239 1781 2294 seditio

192 2330 282 2394 sit,
331 2330 464 2382 dum
497 2329 589 2382 alii
630 2328 771 2384 alios
820 2330 1130 2398 principatu
1188 2331 1385 2398 dignos
1414 2341 1626 2397 putant.
1672 2330 1781 2386 Nec

190 2421 380 2473 dicunt
408 2419 478 2472 ad
503 2433 619 2484 eos,
650 2426 1024 2488 possessiones
1072 2431 1198 2485 tuae,
1252 2430 1305 2474 et
1339 2422 1560 2486 divitite,
1590 2432 1644 2476 et
1697 2437 1781 2476 re-

194 2513 337 2565 ditus
385 2521 699 2566 sustentare
743 2527 842 2565 nos
888 2524 1165 2581 poterunt,
1199 2517 1290 2568 sed
1331 2516 1615 2568 inlirmitas
1653 2516 1778 2580 ista,

189 2606 306 2658 sive
332 2603 503 2659 cibus
533 2618 706 2671 meus,
749 2619 815 2659 ex
871 2615 959 2657 tuo
994 2608 1279 2661 sanabitur
1306 2616 1359 2662 et
1400 2607 1656 2677 pendebit
1687 2623 1778 2662 ar-

193 2695 376 2751 bitrio.

258 2808 443 2876 (Vers.
466 2808 547 2880 7.)
572 2827 591 2860 ‹
622 2808 687 2862 Et
714 2810 1125 2877 reSpondebitin
1154 2810 1238 2864 die
1264 2810 1375 2873 illa,
1402 2811 1591 2866 dicens
1622 2828 1636 2867 :
1660 2810 1776 2867 Non

190 2917 305 2955 sum
341 2903 608 2964 medicus,
645 2912 697 2957 et
728 2902 783 2956 in
819 2903 978 2955 domo
1011 2917 1127 2956 mea
1154 2919 1263 2957 non
1298 2913 1379 2957 est
1403 2908 1579 2973 panis,
1606 2918 1779 2974 neque

192 2992 615 3057 vestimentum;
659 2991 825 3046 nolite
868 2994 1201 3047 constituere
1228 3008 1313 3047 me
1346 2996 1645 3064 principem
1679 3011 1776 3066 p0-

191 3084 319 3152 puli.
356 3099 374 3133 ι
425 3082 531 3136 Pro
566 3082 788 3145 medico,
841 3083 1204 3154 Symmachus
1240 3094 1295 3138 et
1357 3085 1495 3141 LXX
1534 3099 1775 3144 transtu-
1801 3076 1846 3134 θ

192 3175 391 3235 lerunt,
420 3175 711 3240 principem
746 3189 765 3228 :
808 3172 1135 3241 Theodotia,
1167 3177 1640 3248 ’ἑπιδεσμεύοντα
1683 3183 1775 3250 qtti

192 3268 323 3337 liget
381 3268 632 3330 vulnera,
665 3277 718 3321 et
746 3269 1026 3337 provideat
1058 3270 1305 3325 sanitati.
1335 3270 1687 3342 Respondebit
1710 3315 1725 3339 ,
1756 3276 1778 3308 ³

194 3362 244 3413 in
272 3360 500 3414 llebtmo
528 3376 636 3413 non
668 3361 919 3424 habetur,
962 3362 1055 3415 sed
1088 3362 1152 3415 dc
1196 3361 1336 3416 LXX
1395 3364 1637 3417 additum
1668 3377 1773 3421 est.

192 3452 249 3506 In
274 3452 667 3506 llehraeoeuim
694 3452 778 3505 his
793 3467 912 3520 quae
935 3468 1099 3522 supra
1119 3455 1317 3522 scripta
1341 3467 1466 3509 sunt
1486 3456 1730 3526 jungitur
1756 3477 1770 3513 :

199 3543 257 3597 In
291 3546 389 3597 illa
433 3545 517 3597 die
546 3546 706 3609 dicet,
735 3543 853 3598 Non
913 3561 1030 3600 sunt
1077 3549 1337 3612 medicus,
1373 3560 1424 3602 et
1469 3549 1692 3618 reliqua.
1730 3549 1776 3605 ls

196 3647 375 3689 autem
410 3636 573 3702 ditet,
606 3637 701 3705 qui
747 3635 1004 3704 princeps
1053 3638 1213 3692 fuerit
1270 3641 1496 3695 electus.
1544 3643 1606 3695 Et
1630 3644 1775 3697 sicut

193 3729 420 3796 populus
446 3730 540 3797 qui
572 3744 697 3782 eum
747 3744 935 3797 quem.
962 3731 1373 3800 c0mparatione
1404 3733 1486 3786 sui
1536 3734 1774 3803 locuple-

195 3824 382 3875 tiorem
433 3822 708 3893 intelligit,
759 3825 1065 3893 principem
1116 3826 1319 3881 habere
1361 3827 1657 3890 desiderat,
1693 3829 1772 3883 sic

191 3918 277 3983 qui
296 3916 543 3983 eligitur,
573 3915 926 3970 considerans
953 3925 1328 3986 paupertatem
1351 3925 1405 3970 et
1434 3917 1773 3972 imbecillita-

193 4022 294 4061 tem
324 4023 504 4074 suam,
540 4009 816 4078 indignum
847 4024 906 4063 se
934 4023 1056 4063 esse
1070 4008 1248 4063 delato
1279 4010 1484 4063 honore
1515 4019 1768 4076 testatur,

188 4115 285 4153 nec
323 4115 484 4166 posse
525 4101 726 4153 mederi
757 4100 924 4167 vitiis,
967 4102 1017 4155 id
1049 4110 1157 4165 est,
1192 4116 1389 4155 curare
1427 4102 1764 4172 languentes,

186 4194 551 4248 esurientibus
580 4192 762 4246 cibum
788 4194 1048 4257 tribuere,
1068 4195 1268 4248 vestire
1299 4195 1500 4259 nudos,
1526 4197 1617 4263 qui
1651 4196 1767 4264 ipse

187 4302 243 4340 se
270 4293 583 4339 sustentare
606 4284 694 4338 vix
725 4284 924 4339 valeat.
962 4284 1107 4358 Ergo
1157 4302 1266 4341 non
1295 4287 1480 4341 statim
1511 4288 1765 4343 multitu-

187 4382 327 4432 dinis
366 4378 783 4447 acquiescamus
822 4377 1049 4446 judicio,
1082 4379 1177 4432 sed
1205 4377 1360 4433 electi
1393 4379 1448 4432 in
1483 4379 1763 4448 principa-
1798 4414 1843 4469 η

188 4485 325 4536 tum,
357 4473 667 4526 noverimus
700 4486 1010 4526 mensuram
1042 4482 1379 4538 nostram,et
1413 4473 1763 4527 luuniliemur

257 4626 276 4658 ¹
296 4627 465 4680 Obvio
492 4624 702 4680 scilicet
725 4638 913 4677 errore
936 4637 974 4682 :3.
1005 4624 1405 4679 substituerunt
1432 4641 1531 4694 pro
1548 4638 1601 4688 δ,
1624 4626 1767 4697 quod

186 4728 238 4772 et
298 4717 566 4771 Montane.
601 4726 753 4770 notat
805 4733 820 4771 :
869 4717 1223 4786 legeruntque
1267 4698 1479 4775 rtme
1537 4732 1766 4779 coctum,

187 4792 271 4842 vel
302 4790 583 4840 coctionem
596 4826 610 4839 .

258 4862 280 4891 ²
321 4858 377 4911 lu
414 4857 585 4909 Palat.
645 4857 857 4912 Latinis
898 4857 1093 4911 litteris
1119 4858 1573 4924 epidesmeuonta.
1605 4857 1763 4924 Quod

183 4940 365 4984 autem
399 4928 473 4979 ait
503 4925 559 4979 S.
598 4927 797 4981 Doctor
832 4930 886 4980 in
919 4926 1147 4981 llebrzeo
1189 4940 1294 4981 nan
1333 4928 1519 4980 haberi
1553 4944 1765 4995 respon—

184 5000 351 5061 debit,
400 4998 597 5051 falsum
649 4999 863 5051 videtur
909 4996 1248 5060 Mat-tinuum,
1293 4997 1581 5067 doctisque
1642 4998 1769 5051 aliis

188 5071 345 5130 viris,
374 5083 496 5137 cum
528 5069 815 5121 manifesto
838 5068 909 5121 sit
930 5075 1043 5127 mm
1064 5067 1209 5137 quod
1232 5077 1336 5130 est,
1364 5076 1619 5129 assumet,
1651 5069 1767 5121 sive

184 5147 424 5207 reponet.
456 5136 561 5191 Sed
601 5138 729 5190 iltud
761 5141 986 5192 verbum
1030 5139 1085 5192 in
1114 5137 1578 5192 emendatioribus
1613 5137 1768 5191 libris

184 5228 314 5263 cum
347 5208 564 5260 cirtetlo
582 5207 861 5273 SCI‘Iblllﬂ',
887 5223 1007 5276 qua:
1030 5207 1420 5262 Massorethica
1446 5217 1569 5260 nata
1598 5209 1765 5261 docet

186 5282 239 5332 in
294 5277 691 5345 antiquissimis
738 5278 1133 5344 voluminibus,
1180 5293 1302 5346 quae
1347 5278 1433 5330 vel
1491 5279 1592 5342 ipsi
1630 5276 1767 5332 Pro-

184 5355 363 5417 pheta:
394 5356 758 5414 scripserunt,
799 5348 1114 5417 vel_Esdras
1157 5350 1451 5410 recensuit,
1496 5361 1561 5402 ea
1603 5350 1761 5400 verba

183 5413 281 5472 aut
316 5422 476 5472 aliter
512 5420 684 5471 fuisse
712 5413 959 5487 exaruia,
983 5431 1078 5471 aut
1111 5433 1334 5487 prorsus
1353 5431 1458 5471 non
1480 5418 1763 5487 exstitisse

183 5492 238 5542 in
276 5493 399 5543 aliis
433 5490 860 5556 exemplaribus.
899 5486 1030 5542 Tale
1062 5486 1192 5542 illud
1231 5488 1419 5554 fuerit,
1456 5502 1563 5558 quo
1607 5486 1761 5544 liter.

184 5565 460 5615 utebatur.

256 5630 280 5661 ³
316 5631 388 5684 In
449 5628 673 5683 llebmo
700 5645 807 5682 non
856 5629 1096 5695 habetur,
1144 5628 1202 5683 lu
1245 5627 1474 5685 Hebraeo
1509 5639 1594 5684 est
1643 5639 1763 5691 sum

173 5702 338 5769 jissa,
391 5703 444 5756 id
479 5714 583 5765 eat,
618 5710 846 5754 assumet
870 5716 889 5764 ;
926 5703 1067 5769 quod
1112 5698 1253 5753 LXX
1295 5702 1499 5771 optimc
1549 5713 1793 5756 vertunt

817 393 830 426 :
887 372 1187 430 Mordentes
1216 379 1460 440 invicem,
1494 379 1793 447 consumpti
1823 385 1866 438 Α
1896 376 1999 431 sub
2022 379 2228 447 potenti
2249 394 2411 432 manu
2432 378 2524 433 Dei
2556 398 2571 437 :
2604 381 2728 448 quia
2758 380 2903 435 Deus
2924 380 3173 447 superbis
3192 381 3470 438 resistens-

1894 467 2190 523 humilibus
2249 470 2342 523 dat
2371 472 2601 538 gratiam
2635 470 2684 541 (1
2723 470 2870 526 Petr.
2898 476 2975 540 ν).
3033 471 3228 536 Quanti
3280 486 3473 541 panem

1892 577 1998 613 non
2026 562 2309 627 habentes,
2335 575 2387 618 ct
2411 565 2820 625 vestimentum,
2850 581 2974 619 cum
3010 564 3112 634 ipsi
3143 566 3391 619 esuriant
3422 576 3477 620 et

1893 654 2016 705 nudi
2051 656 2179 715 sint,
2206 668 2303 707 nec
2326 654 2560 708 habeant
2591 655 2901 724 spirituales
2924 657 3096 722 cibos,
3119 657 3477 725 nequeCnri-

1888 744 1957 797 sti
1995 746 2249 798 tunicatu-
2273 748 2531 817 integram
2557 749 2913 812 reservarint,
2938 749 3062 803 aliis
3082 757 3135 802 et
3158 751 3471 804 alimoniam

1889 847 1942 890 et
2008 838 2327 891 veStimenta
2399 839 2749 905 promittunt,
2802 850 2856 892 et
2914 840 3057 908 pleni
3135 842 3470 902 vulneribus.

1890 929 2130 982 medicos
2160 945 2281 983 esse
2311 946 2369 982 se
2395 930 2602 998 jactaut
2639 946 2653 987 :
2687 948 2783 986 nec
2811 944 3033 987 servant
3079 935 3208 987 illud
3272 935 3471 990 Mosai-

1887 1031 2046 1071 cum:
2084 1017 2307 1074 Provide
2336 1020 2504 1073 alium
2527 1038 2678 1087 quem
2708 1024 2891 1076 mittas
2917 1040 2934 1078 :
2964 1024 3218 1091 aliudque
3247 1028 3471 1081 manda-

1888 1114 2000 1160 tum
2028 1124 2042 1159 :
2071 1107 2149 1161 Ne
2199 1125 2403 1177 autem
2435 1110 2603 1176 judex
2650 1111 2768 1178 ﬁeri
2795 1128 2813 1165 :
2851 1128 2913 1166 ne
2971 1113 3107 1180 forte
3147 1129 3249 1167 non
3297 1118 3468 1181 possis

1888 1192 2095 1266 auferre
2119 1201 2420 1267 iniquitates
2452 1202 2649 1273 (Hrcle.
2679 1219 2773 1269 vn,
2806 1204 2886 1273 6).
2914 1206 3074 1259 Solus
3094 1204 3254 1260 Jesus
3283 1225 3471 1262 mones
3520 1204 3529 1215 ’

1888 1286 2176 1354 laugooree
2210 1301 2389 1354 sanat,
2422 1300 2478 1343 et
2511 1292 2885 1358 inﬁrmitates,
2919 1294 2985 1346 de
3032 1311 3141 1363 quo
3198 1299 3467 1364 scriptum

1885 1390 1968 1432 est
2000 1397 2015 1432 :
2053 1380 2159 1444 Qui
2181 1391 2336 1434 sanat
2355 1384 2612 1437 contritas
2640 1385 2816 1448 corde,
2838 1396 2888 1438 et
2915 1387 3101 1454 alligat
3126 1390 3469 1443 contritiones

1885 1487 2061 1525 eorum
2096 1472 2269 1537 (Psal.
2304 1490 2484 1537 chvt,
2510 1477 2588 1539 5).

1954 1587 2063 1658 56
2090 1587 2267 1658 (Vers.
2300 1589 2354 1650 8,
2381 1588 2460 1656 9.)
2492 1608 2510 1640 ε
2549 1589 2679 1644 Ruit
2714 1596 2853 1646 enim
2884 1596 3206 1661 Jerusalem,
3238 1612 3287 1651 et
3315 1596 3453 1651 JnJa

1884 1680 2121 1734 concidit
2152 1697 2165 1732 :
2199 1682 2327 1749 quia
2367 1680 2546 1748 lingua
2578 1697 2788 1747 eorum,
2818 1697 2871 1739 et
2908 1690 3327 1745 adinventiOncs
3358 1707 3454 1747 eo-

1890 1787 2005 1824 rum
2063 1782 2253 1827 cnntra
2289 1773 2603 1837 Dominum,
2636 1783 2697 1830 ut
2734 1792 3095 1845 pmvocarent
3121 1784 3307 1837 oculos
3338 1801 3455 1836 ma-

1878 1861 2097 1931 jestatis
2115 1863 2254 1932 ejus.
2281 1863 2499 1934 Agnitio
2520 1866 2701 1921 vultus
2726 1881 2915 1922 eorum
2949 1873 3228 1941 respondit
3252 1873 3330 1927 eis
3364 1891 3381 1928 :
3414 1885 3468 1928 ct

1889 1963 2179 2021 peccatum
2220 1969 2377 2007 smnn
2413 1956 2571 2024 quasi
2599 1958 2836 2012 Sodoma
2873 1951 3333 2029 praedicaverunt,
3365 1980 3467 2021 nec

1883 2048 2310 2105 absconderuut.
2348 2069 2367 2101 ι
2430 2050 2546 2106 lloc
2600 2051 2875 2119 Propheta
2941 2056 3208 2126 loquitur,
3250 2074 3359 2114 non
3407 2075 3468 2116 ut

1884 2138 2130 2207 plerique
2159 2143 2517 2211 arbitrantur,
2568 2144 2654 2199 ille
2701 2147 2792 2214 qui
2846 2147 3101 2217 princeps
3138 2150 3312 2204 fuerat
3348 2152 3463 2205 ele-

1882 2236 2023 2281 Cltts.
2078 2227 2143 2281 Et
2181 2231 2313 2285 dicit
2353 2233 2474 2287 ideo
2522 2234 2734 2288 nullum
2785 2236 2923 2292 velle
2978 2253 3211 2307 praeesse
3263 2244 3462 2311 populo

1883 2320 2181 2388 peccatori,
2226 2327 2351 2391 quia
2387 2337 2442 2381 et
2472 2324 2645 2383 ludas
2674 2338 2729 2383 et
2764 2328 3098 2397 Jerusalem,
3130 2342 3183 2388 et
3212 2337 3366 2399 urbs,
3405 2347 3460 2389 et

1880 2408 2063 2464 Judaza
2099 2414 2401 2482 provincia,
2440 2417 2559 2474 sive
2588 2419 2762 2474 tribus
2794 2419 2930 2476 Juda
2972 2426 3179 2493 pariter
3209 2426 3465 2483 concide-

1884 2505 2014 2557 rint.
2070 2505 2390 2575 Causasque
2455 2511 2634 2565 reddit
2693 2514 2991 2581 impietatis
3055 2531 3272 2582 eorum,
3333 2522 3458 2584 quia

1882 2604 2074 2649 contra
2136 2598 2424 2650 Dominum
2489 2600 3036 2670 blasphcmareruul,
3092 2614 3256 2671 atque
3312 2608 3463 2660 dixe-

1882 2696 2052 2739 runt:
2121 2685 2285 2749 Tolle,
2338 2689 2486 2755 tolle,
2515 2693 2764 2762 cruci/iga
2795 2696 2984 2756 talem,
3038 2712 3144 2747 non
3200 2699 3454 2750 habemus

1881 2791 2053 2845 regem
2087 2777 2193 2830 nisi
2227 2778 2489 2832 Cwsarem
2546 2779 2732 2850 (Joan.
2760 2775 2888 2847 'xts,
2921 2783 3009 2847 15,
3064 2784 3153 2853 16)
3189 2803 3203 2840 :
3242 2796 3296 2841 ct
3344 2787 3459 2841 cle-

1884 2865 2285 2921 mentissimum
2311 2866 2604 2923 Dominum
2631 2870 2815 2928 lurore
2846 2872 3042 2943 linguae
3074 2890 3187 2929 sua:
3213 2876 3279 2930 ad
3314 2894 3462 2929 nuta-

1881 2952 2181 3012 ritudinem
2241 2974 2697 3028 provocaverunt.
2729 2963 2752 2995 δ
2786 2967 3000 3034 Agnitio
3048 2967 3226 3022 vultus
3279 2984 3460 3022 eorum

1882 3049 2220 3117 respondebit
2253 3053 2351 3118 eis,
2409 3038 2460 3105 id
2494 3064 2599 3117 est,
2651 3069 2746 3109 sua
2781 3073 3036 3126 recepere
3066 3070 3309 3127 peccata,
3342 3062 3459 3115 sive

1882 3150 1938 3194 ut
1967 3141 2320 3209 Septuaginta
2351 3147 2746 3201 transtulerunt
2775 3165 2789 3200 :
2827 3150 2848 3180 ⁸
2884 3152 3120 3220 confusio
3156 3152 3331 3206 vultus
3356 3170 3449 3205 ec-

1879 3249 1995 3286 rum
2023 3235 2221 3287 restitit
2253 3235 2326 3289 eis
2358 3251 2378 3289 :
2416 3237 2467 3290 id
2510 3247 2614 3303 est,
2667 3249 2792 3295 ante
2846 3243 3032 3298 oculos
3061 3259 3193 3298 suos
3233 3248 3454 3315 proptia

1878 3339 2092 3393 semper
2140 3325 2381 3380 habuere
2437 3327 2658 3383 delicta.
2709 3331 2773 3384 Et
2832 3333 3108 3401 quomodo
3162 3334 3459 3390 Sodomita:

1878 3434 2001 3471 cum
2036 3420 2181 3473 omni
2222 3421 2473 3475 libertate
2508 3434 2813 3490 peccantes,
2843 3435 2898 3479 et
2932 3419 2999 3480 ne
3029 3428 3289 3495 pudorem
3328 3432 3455 3498 qni-

1878 3513 1998 3565 dem
2031 3512 2197 3567 ullum
2232 3516 2495 3573 habentes
2526 3520 2577 3570 in
2612 3518 2840 3583 scelere,
2883 3520 3139 3573 dixerunt
3179 3523 3247 3576 ad
3306 3521 3408 3577 Lot
3439 3541 3453 3579 :

1877 3602 2027 3657 Educ
2073 3604 2219 3673 [oras
2251 3609 2412 3673 viros,
2465 3616 2522 3660 ut
2569 3609 2979 3663 concumbamus
3016 3627 3132 3664 cum
3165 3613 3240 3666 eis
3294 3612 3455 3683 ((-‘en.

1875 3717 1988 3762 six.
2033 3702 2129 3769 5):
2166 3702 2247 3756 sic
2287 3716 2341 3757 et
2400 3705 2489 3757 isti
2550 3705 2768 3774 publice
2823 3706 3250 3773 proclamantes,
3289 3721 3451 3761 Suum

1877 3794 2242 3863 prtedicavere
2264 3807 2568 3867 peceatum,
2592 3814 2691 3851 nec
2717 3799 2920 3851 nullam
2946 3800 2997 3851 in
3021 3798 3453 3867 blasphemando

1877 3885 2120 3939 habuere
2160 3889 2571 3941 verecundiam.
2604 3887 2857 3943 Secunda
2892 3891 3036 3943 enim
3078 3902 3199 3958 post
3231 3891 3453 3945 naufra—

1873 3974 2016 4043 giutn
2052 3977 2231 4031 tabula
2268 3987 2373 4039 est,
2400 3990 2454 4032 et
2506 3981 2807 4034 consolatio
2858 3981 3227 4048 miscriamm,
3257 3983 3450 4051 inzpie-

1875 4074 2040 4120 tatem
2066 4083 2221 4123 suam
2248 4069 2605 4126 abscondere.
2635 4069 2784 4125 Unde
2805 4083 2852 4124 et
2882 4075 3152 4140 principes
3175 4075 3452 4142 appellan-

1870 4164 1961 4213 tur
2009 4159 2388 4224 Sodomorum,
2424 4162 2592 4231 'qnia
2653 4162 2990 4217 Sodomitit-a
3052 4164 3293 4217 baltuure
3323 4180 3452 4235 pec-

1870 4263 2013 4309 cata.

1943 4366 2124 4438 (Vers.
2160 4368 2247 4432 l0,
2278 4368 2386 4435 ll).
2421 4389 2442 4419 ς
2492 4367 2582 4424 Vae
2634 4384 2828 4422 anima:
2880 4386 3063 4423 eorum
3117 4389 3131 4424 :
3189 4372 3447 4441 quoniam

1873 4463 2079 4516 reddita
2130 4465 2352 4515 suuteis
2388 4463 2549 4515 mala.
2586 4463 2758 4517 Dicite
2782 4464 2956 4532 justo,
2984 4464 3244 4534 quoniam
3279 4465 3439 4531 bene,

1869 4621 2207 4691 ἀποκριθεὶς,
2241 4622 2577 4693 res-pandens,
2607 4624 2753 4688 juxta
2789 4621 3025 4689 phrasim
3062 4623 3115 4676 in
3152 4625 3443 4693 Evangelia

1869 4695 2067 4762 sepius
2110 4706 2455 4760 usurpatam,
2491 4692 2824 4755 Respondeas
2876 4703 3053 4744 autem
3092 4694 3252 4748 dixit.
3302 4692 3445 4750 Idem

1870 4767 2092 4815 verbum
2125 4762 2461 4832 respondebit
2497 4764 2686 4828 legitur
2705 4763 2842 4829 apud
2880 4777 3070 4816 omnes
3094 4765 3442 4832 interpretes,

1867 4832 2085 4895 Chald.,
2117 4830 2240 4900 Syr.
2266 4844 2317 4886 et
2353 4836 2516 4885 Arat).
2559 4833 2779 4885 Videtur
2808 4847 2938 4900 ergo
2962 4834 3048 4886 hic
3085 4830 3447 4889 halluciuatns

1870 4899 2251 4970 Hieronymus,
2293 4903 2393 4955 nisi
2445 4903 2632 4955 mutilo
2675 4899 2975 4970 exemplari
3033 4899 3264 4956 Hebraeo
3314 4920 3447 4957 usus

1870 4972 2054 5024 fuerit.
2088 4970 2351 5025 Maurum.

1939 5061 1963 5094 ⁸
1997 5064 2169 5133 Palat.
2200 5064 2498 5133 agnitioque
2536 5067 2712 5120 vultus
2741 5080 2918 5117 eorum
2964 5062 3294 5131 respondebit
3348 5064 3444 5120 eis.

1940 5135 1963 5167 ⁸
1999 5132 2253 5204 Confusio
2285 5135 2459 5188 vultus
2499 5151 2704 5200 eorum,
2743 5146 2846 5187 etc.
2889 5134 3108 5186 Addunt
3138 5134 3272 5187 editi
3325 5136 3449 5189 libri

1869 5207 1974 5261 hoc
2002 5208 2118 5260 loco
2148 5208 2308 5260 verba
2336 5204 2521 5260 GrtBCtt
2549 5204 2689 5259 LXX
2730 5204 3113 5272 Interpretnm,
3176 5219 3296 5272 quae
3326 5220 3437 5258 non

1869 5277 2123 5347 leguntur
2155 5277 2390 5347 inmss._
2420 5277 2698 5347 codicibus
2750 5272 3087 5343 Hieronymi.
3128 5272 3447 5347 llujustnodi

1870 5345 2197 5415 inierpolata
2225 5346 2342 5402 loca
2370 5345 2484 5399 lere
2514 5346 2801 5399 innumera
2833 5354 3089 5399 resecare
3112 5346 3445 5399 studuimus.

1869 5418 2141 5472 Maurum.

1941 5490 1961 5520 ⁶
1994 5487 2135 5552 Quia
2164 5485 2512 5542 Sodomi‘tica.
2547 5484 2644 5540 llic
2666 5500 2884 5556 quoque
2916 5484 3277 5541 adduntediti
3316 5491 3446 5537 ante

1871 5574 1971 5613 nos
1999 5558 2125 5613 libri
2158 5560 2382 5611 verbum
2415 5557 2755 5622 penitentiw,
2806 5558 2950 5624 quod
2998 5558 3328 5621 superﬂuum
3362 5563 3447 5608 est

1870 5645 1936 5683 ex
1973 5631 2077 5683 ﬁde
2096 5627 2492 5707 exemplarium
2525 5642 2659 5707 mss.
2706 5637 2869 5707 atque
2913 5626 3446 5707 exnllieropymiana

1871 5700 2163 5755 sententia.
2203 5697 2469 5751 Munus.
2505 5728 2573 5739 —
2613 5695 2809 5764 Vatia,
2842 5699 2931 5767 qui
2987 5695 3335 5750 Sodomitira.
