3962 6192
385 263 456 328 67
1548 253 1606 314 S.
1654 252 1977 314 EUSEBII
2024 248 2472 311 iliERONYMi
3574 252 3649 311 f8

386 372 642 446 quoniam
678 368 914 426 fructum
967 366 1419 422 adinventionum
1451 379 1672 421 suarum
1708 362 1964 421 comede-
1992 370 2035 425 Α
2066 374 2257 424 sancta
2291 360 2460 434 (Eccl.
2500 377 2557 427 ιι,
2596 358 2687 430 ‘50)
2724 378 2737 414 :
2776 358 2854 414 Ne
2890 361 3098 413 brutum
3129 361 3277 413 dicos
3330 377 3650 431 quemquam

389 456 543 523 runt.
575 466 670 521 Vae
700 464 866 532 impio
912 464 963 517 iu
1022 459 1224 514 malum
1263 476 1276 513 :
1339 457 1624 512 retributio
1669 457 1814 512 enim
1850 471 1965 509 tua-

391 574 558 615 nuum
604 556 723 626 ejus
768 555 857 609 liet
891 553 963 607 ei.
1015 549 1239 606 t'Juxta
1274 547 1603 601 iiebraicutn
1635 555 1690 600 et
1740 553 1966 600 caeteros

389 652 715 718 interpretes
740 648 885 701 hunc
931 657 1152 700 sensum
1185 640 1350 695 babet
1387 656 1400 692 :
1442 636 1537 692 Vae
1566 638 1674 694 illis
1708 637 1834 707 quia
1864 649 1969 692 sua

311 743 316 751 ’
391 741 593 797 scelera
620 742 989 805 receperuntﬁ
1013 731 1169 788 Unde
1201 744 1297 783 vos
1356 728 1446 798 qui
1481 726 1707 789 auditis,
1738 724 1821 778 vel
1871 725 1963 794 qui

390 833 590 888 librqu
623 828 905 898 Propheta:
932 823 1133 895 legitis,
1162 822 1379 876 laudate
1403 819 1671 889 justitiam
1704 817 1818 883 Dei,
1843 818 1970 885 quia

320 914 326 920 “
392 921 731 980 henet‘ecerit
761 936 776 974 :
810 917 936 983 quia
969 916 1120 986 impii
1176 914 1395 969 labores
1439 924 1696 967 manuum
1743 922 1965 989 suarum

394 1013 775 1070 comederunt.
806 1009 873 1064 Et
910 1024 985 1063 va:
1016 1005 1185 1076 impio
1215 1003 1412 1073 populo
1438 1004 1490 1058 in
1527 1001 1725 1057 malum
1756 1016 1772 1055 :
1808 1013 1962 1055 rece-

393 1108 467 1176 pit
500 1108 644 1160 enim
684 1101 826 1172 quod
861 1100 1191 1155 merebatur.
1232 1097 1299 1149 Et
1335 1096 1424 1162 qui
1460 1095 1759 1164 principem
1807 1105 1967 1147 suum

393 1200 651 1255 Romana:
682 1196 903 1251 tradidit
953 1181 1226 1260 potestati.
1254 1192 1369 1258 ipse
1418 1187 1677 1242 Romamn
1724 1187 1969 1254 subjacet

392 1290 660 1347 servituti.
696 1287 854 1341 .Inxtu
906 1282 1043 1338 ΙιλΧ
1101 1294 1280 1336 autent
1318 1281 1651 1345 interpretes
1684 1279 1773 1346 qui
1805 1277 1966 1331 dixe-

395 1389 520 1433 runt
546 1394 561 1430 :
596 1376 681 1430 Va:
710 1375 903 1427 auium:
926 1388 1106 1425 eorum
1129 1384 1148 1422 :
1170 1372 1421 1438 quoniam
1447 1368 1811 1436 cogitaverunt
1840 1380 1968 1418 con-

393 1469 571 1522 silium
603 1467 883 1534 pessimum
934 1472 1117 1515 contra
1162 1461 1464 1527 semetipsos
1504 1457 1637 1528 57,
1684 1457 1914 1511 dicentes
1950 1470 1970 1513 .'

394 1557 932 1629 Alligcmusjnstnm,
956 1551 1204 1613 quoniam
1233 1549 1437 1602 inutilis
1463 1558 1538 1602 est
1562 1548 1712 1601 nobis
1740 1563 1758 1598 :
1786 1546 1970 1616 itaque

393 1655 597 1719 [ructus
660 1662 874 1715 operum
930 1658 1147 1698 suorum
1204 1640 1496 1707 comedent,
1551 1639 1841 1708 perspicue
1902 1637 1969 1692 de

394 1742 596 1796 Christi
644 1741 840 1794 dicitur
868 1737 1140 1802 passione,
1204 1731 1351 1798 quod
1403 1730 1623 1785 inierint
1675 1729 1965 1786 consilium

395 1834 714 1900 pessimum,
771 1842 882 1905 non
916 1837 1024 1879 tant
1056 1834 1244 1879 contra
1300 1822 1525 1893 justum,
1562 1836 1722 1890 quam
1775 1830 1965 1876 contra

395 1927 742 1993 senet‘psos,
766 1933 820 1977 et
852 1903 1091 1974 animam
1119 1903 1272 1969 suam
1300 1932 1316 1981 ;
1345 1927 1401 1972 et
1428 1929 1571 1969 nunc
1601 1914 1813 1968 fructus
1843 1925 1969 1979 ope-

398 2034 515 2071 rum
565 2029 784 2070 suorum
844 2011 1157 2067 comedunt.
1219 2007 1350 2073 Qua:
1409 2007 1555 2061 enim
1619 2001 1969 2059 seminaverit

397 2108 580 2171 homo,
606 2105 720 2158 hate
739 2112 793 2156 et
819 2112 983 2156 tttetet
1012 2098 1213 2171 (Gulut.
1248 2111 1321 2162 VI,
1344 2095 1483 2163 5.8),
1507 2103 1561 2150 et
1594 2094 1971 2165 unusquisque

396 2211 537 2252 onus
565 2209 725 2249 suum
767 2193 1026 2262 portabit.

467 2286 648 2356 (Vera.
694 2286 805 2356 l2.)
849 2302 867 2336 ι
908 2285 1170 2354 Populum
1203 2299 1385 2338 meum
1413 2292 1696 2335 CXiH'IOI'eS
1724 2281 1805 2335 sui
1847 2294 1973 2348 spo-

397 2381 685 2446 laverunt,
719 2387 775 2434 et
830 2377 1089 2430 tnulieres
1142 2376 1431 2437 dominata:
1479 2383 1604 2426 sunt
1650 2372 1753 2426 eis.
1799 2390 1817 2423 ι
1867 2370 1977 2425 Pro

400 2471 730 2531 mulieribus,
782 2485 919 2538 quas
963 2469 1113 2521 sulus
1161 2468 1555 2533 interpretatus
1606 2473 1688 2517 est
1718 2461 1970 2533 Symma-

404 2573 562 2632 chus,
591 2575 644 2618 et
675 2562 940 2619 ilebraice
963 2564 1218 2615 dicuntur
1245 2572 1400 2614 NASIII
1436 2558 1623 2628 (arma)
1651 2563 1668 2609 :
1693 2554 1886 2624 Aquila
1921 2565 1977 2609 et

407 2654 551 2710 LXX
612 2653 1010 2709 transtulerunt
1064 2649 1454 2713 ἀπαιτοῦντας,
1516 2648 1606 2716 qui
1662 2648 1974 2717 signiﬁcant

398 2756 672 2801 exactores
705 2758 723 2797 :
752 2741 1052 2797 Theodotio
1072 2740 1380 2804 δανειστὰς,
1411 2739 1462 2793 id
1496 2748 1601 2804 est,
1626 2738 1974 2808 feam‘atores.

402 2839 666 2908 Loquitur
724 2846 901 2890 autent
941 2848 1123 2889 sermo
1167 2830 1514 2901 propheticus
1538 2839 1724 2885 contra
1759 2827 1979 2885 Scribas

402 2940 458 2984 et
478 2929 809 2991 Pharisaeos,
835 2927 927 2997 qui
982 2925 1159 2996 turpis
1183 2924 1317 2978 lucri
1365 2923 1560 2992 gratia,
1587 2921 1980 2991 utacciperout

2068 457 2331 509 hominem
2353 465 2476 508 ante
2516 467 2759 507 morlem.
2807 452 2913 507 Sed
2948 461 3002 505 et
3032 452 3083 504 in
3121 452 3229 505 alio
3265 452 3386 506 loco
3414 454 3653 521 legimus

2070 546 2249 614 (Prov.
2282 561 2452 609 xxvii,
2481 545 2568 611 14)
2586 561 2616 597 κε
2652 542 2760 613 58
2808 542 2911 608 Qui
2960 543 3215 596 benedicit
3262 546 3432 597 amico
3491 561 3654 599 mane

2069 640 2258 708 grandi
2291 654 2433 710 voce,
2465 655 2498 692 a
2529 640 2870 691 maledicente
2910 637 3041 690 nihil
3073 639 3272 707 differt.
3306 637 3459 693 Unde
3488 655 3647 706 sper-

2071 739 2263 782 nentes
2293 729 2573 783 hominum
2607 728 2834 796 judicia,
2865 742 2965 783 nec
2986 728 3235 783 laudibus
3258 744 3443 784 comm
3465 729 3650 785 extol-

2070 821 2266 882 lamur,
2331 836 2432 875 nco
2478 821 2972 879 obtrectationibus
3023 823 3414 876 contristemur
3442 839 3458 890 ;
3541 823 3645 877 sed

2072 914 2442 982 ingrediantur
2482 922 2689 968 rectam
2729 912 2899 978 vitam,
2931 922 2985 968 et
3016 913 3178 969 tritas
3212 929 3241 967 a
3280 914 3483 970 sanctis
3510 930 3645 986 pro.

2072 1004 2250 1072 phetis
2295 1005 2539 1068 semitas,
2571 1006 2965 1075 audiainusque
2983 1001 3275 1059 Jereiiiiain
3325 1004 3655 1073 prophetam

2070 1096 2337 1152 dicentem
2387 1114 2400 1149 :
2457 1095 2605 1151 Sate
2658 1097 2711 1149 in
2742 1097 2856 1163 riis,
2886 1106 2937 1150 et
2976 1097 3189 1152 uidete:
3233 1106 3282 1151 et
3327 1099 3661 1167 interrogate

2069 1190 2283 1242 semitas
2334 1188 2545 1243 Domini
2578 1188 2948 1256 sempiternas,
2998 1204 3119 1257 qua:
3151 1188 3220 1242 sit
3268 1189 3357 1243 via
3387 1192 3523 1242 bona
3547 1206 3567 1242 :
3602 1197 3661 1241 et

2071 1278 2406 1333 ambulalein
2426 1296 2488 1333 ea
2519 1280 2736 1349 (Jerem.
2764 1296 2838 1343 vr,
2874 1280 2986 1349 16).
3015 1281 3169 1346 Quod
3199 1280 3246 1334 si
3267 1282 3483 1347 quando
3498 1295 3661 1333 erra-

2074 1370 2336 1436 verimus,
2368 1380 2423 1423 et
2452 1370 2609 1438 quasi
2645 1370 2897 1424 homines
2930 1384 3190 1439 perverso
3232 1370 3425 1423 itinere
3459 1384 3654 1439 perre-

2073 1461 2337 1526 xerimus,
2370 1461 2583 1517 Domini
2646 1476 2739 1531 per
2787 1462 3040 1518 Ezechiel
3089 1472 3468 1532 etspectemus
3516 1477 3656 1531 pro-

2073 1552 2237 1606 missa
2271 1553 2504 1607 dicentis
2539 1569 2556 1608 ζ
2599 1551 2745 1608 Dabo
2768 1553 2842 1608 eis
2878 1553 3017 1607 viam
3041 1552 3286 1615 alteram,
3317 1564 3363 1606 et
3385 1569 3474 1607 cor
3497 1553 3657 1607 aliud

2074 1642 2294 1712 (Ezech.
2318 1645 2524 1712 xum).
2552 1644 2845 1700 Exactores
2865 1655 3041 1700 autem
3069 1654 3452 1713 perverterunt
3481 1654 3657 1714 atque

2074 1738 2433 1792 turbaverunt
2484 1736 2628 1791 viam
2709 1736 2948 1803 Domini,
3007 1746 3065 1790 ut
3124 1736 3391 1792 habentes
3435 1738 3650 1797 clavem

2071 1831 2334 1897 scientiae,
2365 1843 2468 1885 nec
2525 1829 2625 1897 ipsi
2658 1828 2946 1896 intrarent,
2998 1843 3100 1884 nec
3144 1828 3399 1899 pupulum
3435 1829 3650 1883 intrare

2073 1934 2429 1992 paterentur;
2461 1922 2556 1978 sed
2593 1921 2835 1977 facerent
2875 1936 2970 1977 eos
3000 1921 3226 1989 perdere
3258 1922 3398 1976 viam
3436 1922 3646 1975 verita-

2075 2018 2164 2079 tis,
2184 2031 2302 2085 qua:
2326 1995 2568 2084 loquitur
2591 2012 2648 2069 in
2676 2013 3011 2085 Evangelio;
3036 2012 3149 2085 Eyo
3168 2030 3282 2069 sum
3303 2015 3407 2079 via,
3428 2025 3475 2069 et
3506 2014 3648 2079 vita,

2073 2117 2121 2162 et
2158 2108 2347 2162 veritas
2378 2106 2562 2178 (Joan.
2597 2122 2707 2175 xw,
2742 2107 2820 2177 6).

2145 2198 2323 2264 (Vers.
2353 2199 2439 2265 l5,
2470 2200 2583 2271 η.)
2619 2220 2639 2253 ‹
2680 2200 2802 2256 Stat
2840 2201 2905 2255 ad
2936 2200 3290 2268 iudicandum
3322 2200 3585 2257 Dominus
3630 2241 3649 2266 ,

2075 2301 2122 2346 et
2153 2304 2258 2347 stat
2287 2293 2353 2347 ad
2379 2292 2704 2360 iudicandos
2737 2292 2983 2363 populos.
3011 2290 3272 2347 Dominus
3294 2295 3360 2346 ad
3384 2294 3654 2363 judicium

2077 2386 2259 2441 veuict
2302 2402 2423 2440 cum
2480 2386 2698 2440 senibus
2727 2386 2909 2456 populi
2933 2385 3037 2449 sui,
3072 2398 3127 2441 et
3159 2402 3280 2440 ctnu
3313 2385 3659 2455 principibus

2078 2478 2219 2547 cjus.
2270 2495 2286 2529 I
2328 2477 2589 2543 Populus,
2617 2479 2706 2545 qui
2739 2488 2959 2548 propter
2986 2478 3393 2545 simplicitatem
3430 2479 3663 2546 imperi-

2078 2569 2317 2635 tiaiuque
2347 2567 2607 2636 deceptus
2634 2575 2739 2630 est,
2775 2568 2953 2621 adhuc
2983 2575 3207 2620 vocatur
3240 2567 3467 2636 populus
3497 2568 3594 2621 Dei
3637 2606 3657 2634 ,
3678 2604 3699 2621 ς

2077 2667 2132 2709 ct
2162 2667 2445 2725 propterea
2465 2657 2761 2727 judicatur,
2796 2664 2855 2710 ut
2905 2657 3163 2712 salvetur.
3197 2656 3308 2714 Nec
3342 2658 3494 2714 sedet
3543 2657 3661 2715 Do-

2079 2752 2254 2804 minus
2285 2750 2340 2802 iu
2379 2749 2569 2805 habitu
2593 2750 2913 2819 judicantis,
2943 2761 3000 2803 ut
3029 2751 3083 2805 in
3115 2752 3337 2807 Dauiele
3376 2753 3609 2823 legimus
3642 2770 3661 2809 :

2083 2838 2281 2894 Throni
2329 2842 2490 2910 positi
2519 2852 2664 2905 sunt,
2700 2852 2748 2896 et
2795 2842 2918 2897 libri
2973 2845 3142 2912 aperti
3180 2854 3302 2899 sunt
3354 2843 3519 2914 (Dan.
3552 2861 3661 2912 vtt,

2093 2937 2150 3005 9)
2181 2951 2196 3003 ;
2255 2935 2346 2990 sed
2383 2944 2492 2990 stat
2520 2938 2585 2990 ad
2612 2935 2988 3005 judicandutu,
3016 2944 3069 2989 et
3101 2944 3210 2989 Stat
3238 2944 3299 2989 ut
3320 2935 3529 3007 judicet
3556 2953 3669 3006 p0-

399 3021 640 3077 decimas
663 3029 718 3075 et
740 3018 1024 3089 primitias,
1059 3017 1147 3071 Dei
1175 3015 1369 3069 Filium
1404 3020 1751 3083 uegawrunt.
1785 3013 1851 3067 Et
1874 3028 1981 3071 not:

2089 3027 2263 3097 polus,
2284 3026 2473 3081 volens
2494 3039 2589 3080 eos
2610 3035 2777 3087 stare,
2805 3042 3035 3094 quorum
3059 3027 3142 3079 via
3165 3025 3339 3081 fuerat
3362 3026 3665 3097 dissipata.

330 3168 333 3169 ν
400 3129 495 3168 eos
509 3123 664 3165 vocat
681 3110 991 3180 magistros,
1015 3108 1227 3163 scribas
1245 3114 1408 3177 atque
1427 3106 1676 3160 doctores
1690 3144 1706 3170 ,
1727 3104 1820 3158 sed
1852 3119 1986 3158 exa-

402 3215 579 3261 ctores
613 3200 768 3274 (Luc.
804 3202 915 3272 xv),
937 3200 1310 3277 quiquazstum
1330 3207 1653 3268 putautesse
1680 3196 1934 3265 pietatem
1960 3236 1976 3262 ,

404 3306 459 3351 et
480 3300 770 3355 devorant.
801 3311 907 3348 non
940 3294 1091 3365 juxta
1128 3292 1464 3363 Apostolunt,
1520 3290 1715 3346 domos
1774 3302 1983 3346 tantum

404 3390 713 3452 viduarum,
744 3388 837 3443 sed
889 3387 1201 3442 universum
1245 3385 1544 3454 pepnlum;
1594 3397 1979 3453 accusattsque

408 3484 674 3535 luxuriam
709 3495 919 3543 eorum,
983 3489 1036 3532 et
1090 3488 1298 3546 turpem
1334 3475 1832 3539 conversationem,
1876 3490 1988 3529 non

408 3574 585 3628 solum
622 3580 911 3627 exactores
945 3570 1207 3640 appellat,
1266 3579 1322 3622 ut
1347 3568 1415 3622 ab
1472 3567 1663 3623 invitis
1696 3568 1983 3635 pecuniam

412 3666 703 3720 videantur
752 3663 1010 3733 exigere;
1048 3661 1143 3715 sed
1178 3660 1432 3713 mulieres
1458 3698 1475 3726 ,
1509 3660 1632 3728 quia
1675 3670 1895 3730 propter
1923 3658 1987 3712 li-

413 3758 655 3812 bidinem
692 3756 873 3810 omnia
914 3753 1135 3820 iaciant,
1173 3761 1230 3807 et
1262 3753 1373 3806 sint
1403 3751 1569 3805 dediti
1599 3752 1988 3821 voluptatibus.

408 3850 714 3903 Caveamus
752 3860 887 3913 ergo
909 3854 966 3900 et
1025 3860 1144 3906 nos,
1188 3859 1255 3897 ne
1277 3852 1564 3898 exactores
1599 3845 1772 3897 simus
1803 3842 1857 3897 in
1892 3857 1990 3910 po-

414 3940 589 4009 pulo;
623 3953 689 3992 ne
736 3941 898 4006 juxta
934 3936 1157 4005 impium
1208 3933 1571 4005 Porphyrium
1629 3943 1888 3988 matronae
1936 3943 1990 3988 et

418 4031 678 4085 mulieres
710 4031 821 4083 sint
853 4040 1038 4082 noster
1064 4034 1307 4091 smmtus,
1340 4040 1460 4094 qua:
1519 4022 1870 4080 dominantur
1934 4024 1987 4077 in

415 4123 701 4188 Ecciesiis,
753 4132 809 4176 et
852 4121 921 4177 de
979 4120 1305 4175 sacerdotali
1348 4119 1520 4185 gradu
1578 4116 1734 4173 favor
1777 4117 1991 4188 judicat

415 4214 771 4269 l'etuinarutn.

494 4304 676 4376 (Vere.
708 4305 821 4372 l3.)
849 4323 866 4354 ι
897 4302 1101 4371 Populo
1133 4318 1308 4370 meus,
1340 4302 1431 4371 qui
1458 4303 1677 4356 beatum
1711 4311 1763 4356 te
1783 4301 1992 4364 dicunt,

2087 3120 2288 3173 Contra
2317 3118 2589 3187 principes
2614 3120 2629 3148 ‘
2661 3126 2842 3173 autem
2875 3130 2929 3173 et
2961 3120 3311 3188 presbyteros
3352 3120 3530 3191 populi
3575 3122 3669 3174 sui

2090 3212 2237 3267 venit
2267 3212 2333 3265 ad
2369 3210 2658 3282 judicium,
2689 3226 2797 3265 non
2848 3221 2904 3264 ιιι
2934 3212 3163 3278 iudicet,
3214 3213 3307 3267 sed
3342 3220 3404 3267 ut
3458 3215 3672 3282 pariter

2082 3301 2354 3370 judicetur
2381 3330 2396 3367 φ
2428 3296 2564 3354 dans
2595 3300 2643 3353 ei
2678 3301 2856 3354 locum
2905 3296 3266 3360 defensionis,
3290 3298 3334 3353 si
3384 3302 3673 3366 potuerint.

2091 3393 2294 3450 habere
2313 3396 2455 3462 quod
2491 3390 3044 3461 reapondeattt,jtixta
3074 3388 3206 3444 illud
3237 3391 3379 3461 quod
3421 3391 3471 3443 in
3502 3389 3671 3459 quin-

2087 3489 2402 3558 quagesimo
2442 3485 2651 3556 psalmo
2690 3485 2887 3540 dicitur
2920 3499 2934 3539 :
2992 3481 3058 3537 Ut
3103 3482 3413 3551 justi/iceris
3443 3484 3498 3535 in
3549 3498 3671 3535 ser-

2090 3577 2332 3630 monibus
2354 3578 2480 3638 tuis,
2505 3583 2553 3629 et
2575 3575 2749 3628 vincas
2769 3589 2884 3626 cum
2902 3573 3066 3640 fueris
3089 3573 3367 3641 judicatus
3393 3573 3555 3647 (vers.
3585 3571 3671 3643 6).

2092 3667 2149 3722 in
2202 3664 2419 3721 Michma
2482 3679 2704 3736 quoque
2773 3662 3034 3732 propheta
3090 3661 3199 3714 tale
3244 3661 3374 3730 quid
3428 3659 3673 3730 legimus

2090 3760 2236 3830 (cap.
2264 3758 2359 3829 VI),
2383 3758 2526 3827 quod
2558 3756 2614 3810 in
2646 3771 2744 3810 suo
2770 3755 2891 3811 loco
2920 3754 3258 3823 interpretati
3294 3768 3502 3807 sumus.
3524 3751 3674 3822 Ergo

2092 3862 2280 3907 contra
2329 3850 2635 3906 Pharisteos
2695 3860 2748 3904 et
2787 3848 3160 3920 Δευτερωτὰς,
3217 3862 3458 3917 praesens
3510 3846 3675 3901 locus

2094 3943 2379 4013 accipitur.
2410 3941 2560 3996 inter
2582 3956 2742 3996 senes
2778 3954 2960 3995 autem
2978 3948 3045 4011 ,ει
3074 3942 3345 4009 principes
3375 3940 3476 3994 hoc
3498 3936 3674 3994 fuisse

2095 4045 2219 4085 reor
2254 4030 2306 4083 in
2345 4032 2513 4082 veteri
2545 4028 2766 4098 populo,
2806 4026 2950 4098 quod
2978 4041 3125 4081 nunc
3161 4038 3238 4082 est
3267 4027 3408 4081 inter
3441 4028 3674 4097 presby-

2096 4132 2239 4177 teros
2262 4128 2315 4176 et
2342 4121 2646 4189 episcopos.

2172 4231 2190 4264 ι
2222 4213 2330 4269 Vos
2367 4213 2513 4275 enim
2543 4212 2756 4283 depasti
2784 4211 2917 4268 estis
2941 4211 3153 4265 vineam
3180 4210 3202 4241 ⁸
3228 4225 3402 4264 meam
3431 4227 3446 4275 ;
3478 4209 3676 4277 rapina

2097 4304 2351 4375 pauperis
2413 4302 2468 4355 in
2510 4302 2669 4355 domo
2731 4312 2933 4355 vestra.
2981 4298 3162 4365 Quare
3223 4301 3459 4352 atteritis
3494 4314 3676 4368 popu-

417 4398 521 4468 ipsi
564 4408 616 4452 te
648 4398 943 4464 decipiunt,
980 4406 1035 4448 et
1066 4396 1208 4446 viam
1241 4410 1525 4464 gressunm
1572 4404 1787 4447 tuorum
1825 4393 1991 4449 dissi-
2025 4390 2069 4446 D
2100 4399 2207 4451 lum
2248 4411 2452 4459 meum,
2480 4405 2534 4448 et
2585 4393 2753 4448 facies
2810 4407 3106 4462 pauperum
3181 4390 3525 4450 commolitis,
3554 4394 3677 4447 sive

420 4497 569 4558 pani.
620 4491 735 4542 sive
781 4486 1139 4541 conturbant.
1208 4504 1227 4537 ι
1298 4485 1521 4541 Sci-ibas
1582 4495 1637 4541 et
1688 4484 1993 4540 Pharisatos

416 4589 706 4633 exactores
726 4578 1110 4648 appellaverat,
1152 4592 1261 4631 non
1296 4578 1625 4646 magistros;
1653 4589 1707 4630 ct
1740 4592 1899 4645 supra
1934 4577 1996 4628 il-

419 4673 657 4749 iusores,
689 4672 781 4740 qui
817 4680 1036 4738 propter
1067 4684 1317 4731 ntuncra,
1347 4685 1468 4739 quae
1494 4678 1772 4723 excatcant
1809 4668 1999 4722 oculos

418 4766 589 4818 etiam
621 4762 971 4831 sapientium,
1001 4775 1112 4815 non
1137 4761 1309 4815 solum
1345 4768 1673 4829 peccatores
1722 4760 1772 4814 in
1804 4759 1998 4829 populo

428 4873 535 4910 non
560 4855 948 4924 corripiebant,
975 4855 1069 4908 sed
1097 4869 1192 4922 pro
1219 4852 1428 4908 divitiis
1469 4863 1630 4922 atque
1657 4850 2000 4917 compendiis

429 4947 730 5003 ell'erebant
759 4946 1009 5000 laudibus
1036 4960 1054 5012 ;
1093 4943 1285 4998 beatos
1319 4954 1600 5009 vocantes,
1633 4955 1688 4998 et
1717 4942 2001 4999 columnas

418 5041 621 5095 domus
643 5038 762 5103 Dei,
795 5046 850 5092 et
874 5048 1069 5092 caetera
1098 5050 1217 5105 qua:
1247 5035 1427 5090 solent
1455 5034 1765 5090 adulatores
1795 5035 1999 5090 dicere.

426 5130 521 5181 ille
550 5137 633 5182 est
667 5142 799 5198 ergo
830 5129 1016 5182 doctor
1058 5126 1503 5189 Ecclesiasticus,
1542 5124 1651 5194 ,qui
1699 5125 1993 5195 lacrymas,

426 5235 536 5275 non
598 5220 789 5283 risum,
857 5232 1056 5283 movet,
1108 5218 1197 5288 qui
1238 5218 1464 5287 corripit
1522 5226 1855 5289 peccatores,
1911 5216 2001 5285 qui

424 5313 634 5367 nullum
672 5312 918 5372 beatum.
976 5310 1183 5365 nullum
1239 5311 1372 5365 dicit
1401 5324 1524 5365 esse
1582 5309 1844 5366 felicem:
1906 5323 2004 5363 nec

429 5406 698 5474 praevenit
737 5404 1060 5457 sententiain
1088 5402 1294 5471 judicia
1326 5403 1434 5466 sui,
1466 5402 1679 5457 diCcHte
1723 5401 2003 5468 SCI'ipltll‘a

507 5605 524 5637 ¹
564 5602 872 5685 \‘atic.cum
913 5603 1237 5673 principibus
1285 5614 1532 5661 autemet
1558 5604 1898 5673 presbyteris,
1952 5615 2005 5660 et

437 5691 584 5740 mox,
619 5684 806 5729 veniet.
838 5710 851 5725 .

2097 4490 2400 4552 conteritis,
2434 4498 2489 4543 et
2523 4496 2579 4542 ut
2608 4484 2750 4539 LXX
2796 4484 3137 4554 interpretati
3190 4493 3340 4549 sunt,
3386 4483 3676 4540 confundi-

2099 4580 2212 4638 tis?
2247 4601 2267 4635 ι
2304 4582 2501 4636 Servat
2541 4578 2988 4634 consuetudinem
3019 4575 3414 4646 prophetalein,
3446 4584 3506 4629 ut
3546 4591 3676 4628 mu-

2102 4685 2177 4729 tet
2231 4660 2448 4743 repcute
2505 4684 2999 4741 personas;supra
3042 4670 3190 4723 enim
3247 4668 3364 4738 ipse
3413 4668 3683 4723 Dominus

2102 4766 2311 4819 dixerat
2342 4780 2355 4817 :
2393 4763 2594 4830 Populo
2641 4778 2814 4826 meus,
2859 4761 2952 4829 qui
2985 4759 3094 4829 59
3123 4758 3330 4813 beatum
3383 4768 3432 4813 te
3462 4759 3679 4823 dicunt,

2103 4857 2201 4921 ipsi
2233 4864 2281 4909 te
2315 4854 2581 4922 decipiunt
2616 4868 2634 4907 :
2666 4863 2722 4907 et
2776 4862 2960 4919 postea
3008 4851 3276 4920 Propheta
3310 4851 3620 4918 subjecerat
3661 4867 3679 4906 :

2104 4938 2225 5004 Stat
2254 4946 2689 5016 adjudicandum
2723 4945 3019 5001 Dominus:
3047 4945 3300 5001 Dominus
3322 4952 3391 4999 ad
3406 4948 3683 5014 judicium

2104 5044 2295 5095 ueniet.
2328 5039 2503 5107 igitur
2536 5047 2659 5105 post
2684 5041 2999 5106 prophetam
3032 5040 3148 5107 ipse
3178 5040 3460 5105 Dominus,
3488 5042 3580 5109 qui
3612 5042 3684 5093 ad

2104 5133 2369 5202 judicium
2406 5142 2629 5186 venerat
2674 5145 2799 5189 cum
2848 5132 3075 5188 senibus
3114 5131 3295 5203 populi
3328 5133 3407 5185 sui
3447 5140 3502 5186 et
3529 5132 3689 5199 prin-

2110 5225 2323 5296 cipibus
2352 5224 2493 5295 ejus,
2519 5225 2758 5294 loquitur
2782 5225 2848 5279 ad
2879 5241 2996 5290 eos,
3027 5237 3080 5281 et
3102 5226 3329 5296 corripit
3358 5225 3691 5293 iii-linquen~

2110 5326 2190 5370 tcs
2223 5331 2238 5372 :
2277 5314 2454 5380 Quare
2504 5317 2784 5384 depascitis
2832 5318 3033 5371 vineam
3061 5318 3275 5371 meam?
3303 5317 3368 5371 de
3402 5333 3506 5383 qua
3545 5320 3691 5371 scri-

2112 5418 2260 5476 ptum
2277 5419 2392 5463 est:
2420 5408 2627 5461 Vineam
2648 5410 2710 5462 de
2726 5406 2958 5478 Egi/pta
2973 5409 3292 5462 transtulisti
3307 5407 3473 5477 (Ριεαι.
3496 5424 3689 5469 Lxxtx.

2173 5609 2196 5637 ³
2230 5607 2345 5661 Duo
2381 5623 2518 5667 mss.
2551 5624 2676 5665 cum
2718 5611 2934 5682 vulgato
2987 5609 3286 5680 interprete
3323 5625 3428 5664 non
3478 5609 3695 5666 addunt

2107 5691 2301 5731 meum.
