3962 6192
269 228 347 292 69
1033 218 1536 283 COMMENTAR.
1582 212 1664 280 IN
1713 216 1981 279 ISAIAM
2011 214 2483 278 PROPHE'I‘AM
2532 214 2678 279 LIB.
2720 215 2800 277 II.
3467 210 3537 280 7t)

266 341 349 411 9).
388 337 457 394 Et
507 336 558 391 in
617 337 719 390 hoc
757 334 950 391 eodem
1005 333 1269 403 propheta
1314 348 1332 388 :

264 430 512 491 sabaoth,
541 428 729 481 domus
754 434 832 481 est
860 425 1035 480 Israel
1065 424 1205 494 (lsa.
1239 440 1291 487 v,
1319 426 1393 486 7).
1451 422 1603 476 Hanc
1633 423 1846 474 vineam

265 534 324 576 et
360 524 413 575 in
440 518 737 589 Evangelio
767 518 968 571 locavit
996 515 1259 569 Dominus
1284 514 1542 582 agricolis
1570 512 1844 581 pessimis,

267 614 366 684 qui
410 611 639 666 missum
670 609 737 662 ad
791 622 850 662 se
884 605 1301 675 patrisfamilias
1332 605 1500 659 ﬁlium
1554 602 1848 657 interfece-

216 716 230 726 ’
267 713 406 759 runt
461 703 675 772 (Matth.
712 698 925 770 xxvm).
962 697 1194 765 Rapina,
1230 698 1328 760 ait,
1371 694 1631 766 pauperis
1664 695 1716 747 in
1752 695 1850 748 do-

267 795 454 849 mibus
509 793 728 846 vestris.
773 789 1071 859 Pauperem
1126 789 1209 842 vel
1267 787 1587 856 simpliciter
1639 785 1846 855 accipe,

271 890 364 959 qui
401 888 601 957 indiget
647 885 1018 954 eleemosyna,
1073 887 1155 937 vel
1210 894 1377 938 certe
1414 896 1702 951 pauperem
1735 880 1853 951 spi-

271 985 403 1045 ritu,
432 987 498 1035 de
532 995 640 1049 quo
656 982 917 1048 scriptum
942 986 1023 1030 est
1049 992 1064 1030 :
1090 974 1286 1030 Beatus
1306 976 1395 1045 qui
1423 974 1668 1044 intelligit
1690 989 1847 1041 super

270 1086 491 1140 egenum
517 1081 566 1123 ct
591 1085 874 1140 pauperem
909 1067 1083 1140 (Psal.
1114 1084 1201 1131 χι,
1225 1067 1297 1136 l).
1326 1065 1389 1119 Et
1416 1066 1614 1120 Paulus
1635 1075 1854 1135 aposto—

273 1163 409 1217 lus:
455 1159 708 1225 Tantum,
763 1161 962 1229 inquit,
990 1169 1051 1213 ut
1102 1174 1394 1228 pauperum
1422 1173 1675 1212 memores
1716 1170 1855 1210 este-

270 1268 392 1305 rnus
423 1252 563 1323 (Gal.
599 1269 655 1318 Il,
692 1251 806 1320 10).
840 1250 1108 1319 Quodque
1135 1249 1386 1318 sequitur
1414 1263 1429 1301 :
1455 1247 1632 1312 Quare
1662 1246 1853 1299 (Μανία

270 1347 340 1398 iis
388 1343 637 1412 populum
668 1360 862 1404 meum,
887 1353 935 1397 et
963 1343 1125 1413 facies
1178 1356 1468 1410 pauperum
1514 1337 1851 1402 commolitis,

268 1436 388 1488 sive
443 1436 794 1505 confunditis.
848 1435 1135 1489 manifeste
1185 1432 1250 1487 ad
1314 1430 1586 1502 principes
1652 1430 1856 1484 dicitur

268 1528 606 1584 Judaeorum.
639 1528 745 1582 Sed
773 1539 830 1583 et
850 1528 916 1581 ad
948 1541 1167 1582 nostros
1204 1524 1478 1596 principes
1507 1521 1706 1578 referri
1743 1538 1852 1592 po-

274 1631 406 1689 test,
436 1624 481 1677 si
513 1630 748 1676 atterunt
772 1620 1071 1690 subjectam
1101 1621 1201 1673 sibi
1236 1617 1472 1687 plebem,
1505 1627 1559 1671 et
1589 1628 1856 1686 pauperes

275 1715 652 1782 delinquentes
690 1711 907 1782 publice
976 1721 1212 1783 arguant
1265 1721 1432 1780 atque
1493 1708 1852 1774 confundant,
1888 1690 1932 1747 Β

274 1805 537 1859 divitibus
564 1816 747 1860 autem
779 1804 961 1874 peiora
985 1804 1338 1871 peccantibus
1364 1817 1431 1855 ne
1462 1816 1550 1855 mu
1575 1801 1592 1831 ί
1636 1801 1853 1868 quidem

273 1897 461 1951 facere
511 1896 773 1950 audeant.
809 1894 879 1949 Et
915 1894 1104 1962 rapina
1164 1909 1463 1963 pauperum
1511 1895 1564 1947 iu
1603 1891 1859 1946 domibus

272 2001 468 2043 eorum
499 1995 607 2051 est,
640 1987 857 2056 quando
886 1987 1100 2057 replent
1148 1986 1436 2040 thesauros
1475 1998 1630 2049 suos,
1663 1992 1721 2042 et
1752 1981 1858 2039 Ec-

258 2078 459 2138 clesia
504 2077 700 2147 opibus
749 2077 1049 2131 abutuntur
1089 2076 1142 2132 in
1195 2077 1438 2142 delicias,
1506 2075 1861 2146 publicasque

274 2170 471 2239 stipes,
497 2184 616 2238 quae
636 2169 702 2222 ad
729 2170 1182 2223 sustentationem
1209 2182 1503 2236 pauperum
1534 2166 1678 2220 data:
1708 2175 1855 2229 sunt,

273 2259 366 2315 vel
378 2259 479 2314 sibi
500 2269 800 2322 reservant,
820 2258 903 2312 vel
929 2259 1244 2328 propinquis
1261 2258 1618 2322 distribuunt,
1636 2270 1688 2311 et
1722 2258 1861 2310 alie—

273 2367 406 2408 nam
438 2352 696 2422 inopiam,
728 2367 855 2408 suas
879 2366 1209 2422 suorumque
1230 2352 1434 2411 iaciunt
1458 2366 1579 2407 esse
1620 2351 1857 2408 divitias.

351 2440 538 2512 (Vers.
588 2441 705 2512 15.)
774 2458 795 2493 ι
853 2442 919 2496 Et
958 2443 1095 2496 dixit
1129 2443 1384 2496 Dominus
1414 2443 1565 2497 z-Pro
1616 2457 1683 2497 eo
1717 2442 1860 2510 quod

275 2533 504 2589 elevata:
538 2542 663 2588 sunt
699 2533 822 2588 lilia:
875 2532 1031 2596 Sion,
1081 2541 1137 2587 et
1183 2532 1597 2587 ambulaverunt
1633 2543 1859 2587 extento

276 2626 444 2689 collo,
480 2633 537 2680 et
567 2626 782 2679 nutibus
811 2624 1091 2679 oculorum
1132 2626 1305 2683 ibant.
1339 2636 1389 2678 et
1428 2625 1775 2693 plaudebant,
1807 2632 1862 2678 et

280 2716 658 2776 ambulabant,
691 2725 745 2770 et
773 2717 1001 2785 pedibus
1033 2717 1151 2768 suis
1180 2716 1484 2783 composito
1511 2714 1680 2782 gradu
1707 2714 1861 2768 ince-

278 2812 509 2866 debant.
557 2831 575 2862 ι
618 2810 791 2880 Supra
823 2821 879 2865 et
911 2812 1172 2880 p0pulntn
1205 2820 1257 2865 et
1288 2811 1562 2880 principes
1600 2819 1707 2862 tam
1740 2822 1864 2877 pro-

279 2904 449 2972 pheta
472 2918 632 2972 quam
670 2903 932 2955 Dominus
960 2906 1334 2969 corripuerat;
1373 2918 1517 2955 nunc
1547 2900 1611 2953 ad
1655 2900 1862 2953 mulie-

275 3011 374 3050 res
411 2997 480 3049 de
502 2994 699 3063 quibus
741 2996 891 3064 prius
919 2996 1132 3047 dixerat
1162 3010 1175 3043 :
1207 2990 1272 3045 Et
1309 2992 1551 3046 mulieres
1578 2992 1863 3046 dominam

274 3093 407 3138 sunt
435 3086 529 3146 eis,
558 3085 904 3152 propheticus
929 3100 1110 3137 sermo
1142 3085 1503 3146 convertitur,
1541 3097 1606 3136 ne
1644 3097 1704 3136 se
1729 3084 1863 3138 alie-

278 3192 386 3231 nas
419 3175 757 3230 arbitrentur
808 3191 837 3227 a
878 3175 1128 3240 crimine,
1165 3176 1233 3228 ob
1263 3190 1491 3243 quarunt
1524 3175 1752 3230 delicias
1782 3187 1865 3229 at-

276 3284 391 3338 que
431 3268 703 3321 luxuriam
740 3268 952 3337 depasti
1012 3279 1137 3323 sunt
1186 3280 1469 3323 exactores
1521 3269 1732 3324 vineam
1760 3268 1864 3322 Do-

278 3360 418 3415 ntini
450 3373 468 3426 ;
499 3370 551 3413 et
580 3364 763 3429 rapina
794 3362 1047 3430 pauperis
1074 3362 1125 3414 in
1162 3360 1414 3415 domibus
1449 3376 1640 3414 eorum
1671 3370 1776 3426 est,
1806 3367 1862 3414 et

279 3453 614 3507 attriverant
644 3454 894 3523 populum
928 3453 1067 3523 ejus,
1097 3461 1151 3506 et
1197 3452 1365 3507 facies
1398 3467 1694 3522 pauperum
1729 3466 1865 3504 cou-

279 3545 561 3600 fuderunt.
584 3546 732 3611 Quas
756 3546 975 3614 quidam
1008 3554 1195 3611 putant
1228 3559 1354 3599 vere
1396 3543 1626 3599 feminas
1649 3541 1866 3597 ludam-

281 3654 435 3705 rum,
467 3639 555 3692 alti
587 3637 697 3708 ϐο
725 3637 1098 3706 metapltorice
1139 3637 1206 3690 de
1261 3637 1490 3690 urbibus
1516 3633 1718 3690 ludicre
1751 3634 1859 3688 dici

280 3728 645 3793 arbitrantur,
684 3743 819 3795 .qute
870 3726 1214 3797 appellantur
1250 3726 1372 3780 lilia:
1412 3725 1544 3779 Sion
1578 3767 1594 3791 ,
1630 3726 1865 3779 minores

281 3820 541 3874 videlicet
566 3822 837 3889 civitates,
870 3820 971 3873 vici
1005 3829 1057 3873 et
1103 3819 1321 3888 oppida.
1354 3819 1507 3873 Unde
1540 3829 1595 3871 et
1645 3821 1695 3870 ιιι
1727 3818 1865 3872 libro

279 3911 414 3968 Jesu
454 3927 550 3981 per
601 3913 845 3983 singulas
896 3912 1071 3965 tribus
1102 3923 1383 3980 pOnuntur
1416 3910 1637 3965 nomina
1671 3909 1865 3965 civita-

282 4018 404 4061 tum
442 4005 584 4074 (los.
619 4011 737 4073 xv),
770 4014 823 4059 et
856 4016 1041 4074 postea
1082 4005 1468 4057 describuntur
1511 4004 1651 4059 νίιιεε
1700 4014 1866 4072 atque

281 4097 534 4160 Castella,
570 4106 619 4152 el
666 4100 787 4149 lilia:
844 4107 1251 4164 nuncupantur.
1288 4094 1388 4147 Alli
1425 4096 1721 4147 secundum
1752 4106 1864 4146 tro-

283 4189 583 4261 pologiam,
651 4188 909 4242 mulieres
962 4187 1173 4239 animas
1235 4184 1596 4249 arbitrantur,
1647 4199 1765 4252 qua:
1814 4182 1861 4237 si

280 4290 512 4339 extento
538 4282 677 4337 collo
713 4280 1134 4351 amdulaverint,
1167 4290 1222 4333 et
1255 4293 1313 4332 se
1364 4277 1641 4331 erexerint
1676 4277 1727 4329 in
1767 4289 1862 4330 su-

1404 331 1563 385 Vinea
1634 328 1847 383 Domini
1877 334 1922 390 Α
1950 328 2149 397 lorum,
2181 339 2237 413 et
2267 329 2536 399 plaudunt
2571 339 2682 383 tam
2719 328 2971 384 manibus
2996 345 3159 401 quam
3196 330 3443 407 pedibus,
3470 345 3527 388 et

1958 431 2017 477 ut
2038 423 2345 489 composito
2370 422 2626 477 incedant
2643 422 2836 493 gradu,
2875 438 2980 476 non
3007 431 3135 476 natu
3149 438 3264 477 ram
3295 438 3537 494 sequun-

1956 524 2042 567 tur
2074 512 2292 576 ducem,
2326 514 2421 568 sed
2448 514 2746 567 histriones
2769 514 3040 569 redimunt
3073 524 3458 585 praaccptores.

2026 603 2205 675 (Vers.
2241 604 2355 674 16.)
2393 624 2412 657 t
2463 606 2776 660 Dccalvabit
2803 604 3064 662 Dominus
3095 609 3353 663 verticem
3402 608 3537 662 lilia-

1959 712 2075 749 rum
2102 696 2257 761 Sion,
2285 706 2338 752 et
2369 698 2580 751 crinem
2605 713 2792 752 earum
2815 698 3069 765 nudabit,
3096 701 3116 731 ’
3138 708 3192 754 ct
3220 715 3318 769 pro
3345 710 3539 753 ornatu

1959 791 2065 843 erit
2094 790 2407 858 ignominia.
2448 809 2466 842 ι
2502 787 2617 845 Hoc
2640 800 2693 845 et
2727 791 2883 845 nobis
2910 792 3121 845 accidet
3150 807 3381 861 quorum
3414 805 3542 862 pec-

1959 892 2080 937 cata
2116 882 2389 945 celantur,
2410 898 2530 935 cum
2557 882 2838 950 impletum
2873 881 3038 938 fuerit
3066 882 3199 938 illud
3229 883 3372 953 quod
3407 883 3543 937 scri-

1958 983 2104 1043 ptum
2132 982 2249 1028 est:
2272 973 2421 1027 Nihil
2443 973 2705 1027 occultum
2730 975 2869 1042 quod
2911 990 3013 1028 non
3045 974 3364 1028 revelabitur
3386 970 3539 1044 (Luc.

1960 1081 2077 1130 vnt,
2106 1064 2216 1135 17).
2260 1064 2507 1131 Quandiu
2565 1065 2710 1119 enim
2745 1065 3077 1135 protegimur
3111 1066 3284 1131 crine,
3312 1075 3367 1120 et
3396 1074 3544 1121 veste

1962 1156 2302 1225 ignorantiae,
2326 1168 2379 1211 et
2407 1156 2654 1213 homines
2672 1170 2775 1212 nos
2799 1166 2992 1227 putant
3016 1158 3265 1227 sepulcra
3295 1156 3540 1212 dealbata

1961 1250 2179 1321 (Matth.
2208 1250 2393 1319 χχιιι),
2418 1249 2510 1321 qui
2538 1253 2686 1304 intus
2732 1265 2921 1306 sumus
2970 1251 3111 1319 pleni
3154 1252 3372 1305 ossibus
3401 1268 3543 1305 tuor-

1964 1353 2201 1409 tuorum,
2237 1345 2485 1398 videmur
2543 1345 2745 1414 aliquid
2800 1346 3004 1406 habere
3058 1344 3351 1401 munditiae.
3403 1342 3541 1399 Cum

1963 1445 2143 1490 autem
2176 1436 2414 1500 patuerit
2466 1436 2607 1507 quod
2640 1436 2911 1490 occultum
2951 1444 3056 1501 est,
3101 1435 3377 1491 auferetur
3419 1439 3542 1491 uni-

1965 1541 2118 1581 versa
2162 1528 2443 1592 caesaries,
2474 1540 2527 1582 et
2580 1527 2722 1583 fmda
2774 1528 3019 1585 calvities
3072 1528 3328 1585 omnibus
3375 1544 3542 1600 appa-

1964 1616 2125 1672 rebit.

2030 1706 2212 1781 (Vers.
2256 1709 2370 1779 l7.)
2399 1726 2418 1761 ι
2464 1709 2521 1763 in
2554 1707 2643 1764 die
2692 1708 2782 1763 illa
2816 1709 3029 1764 auferet
3080 1708 3343 1766 Dominus
3383 1728 3547 1766 orna-

1962 1812 2203 1857 mentum
2263 1802 2783 1859 calceamentorum.
2834 1820 2854 1857 t
2918 1803 2976 1858 In
3027 1819 3130 1873 qua
3188 1804 3319 1858 die?
3369 1802 3539 1859 Judmi

1960 1903 2178 1966 putant,
2232 1896 2567 1966 captivitatis
2627 1893 2958 1966 Babyloniae.
3003 1895 3127 1951 ‘Nos
3184 1896 3368 1951 verius
3421 1911 3542 1951 esse

1961 1988 2361 2054 ccttvincimus,
2389 1987 2609 2059 quando
2636 2003 2664 2042 a
2697 1986 2961 2043 Romanis
2992 1988 3135 2057 capti
3170 2001 3314 2053 sunt,
3338 1998 3394 2042 et
3423 2003 3541 2041 om-

1964 2082 2050 2133 nia
2090 2081 2323 2134 vestium
2372 2074 2539 2150 atque
2599 2094 2962 2149 gemmarum,
2994 2079 3224 2147 aurique
3255 2094 3319 2134 ac
3369 2079 3546 2133 moni-

1963 2171 2093 2225 lium
2121 2181 2474 2236 ornamenta,
2505 2180 2560 2226 et
2590 2171 2842 2226 diversas
2896 2171 3260 2239 supellectiles
3292 2171 3543 2241 perdide-

1962 2272 2107 2317 runt.
2138 2260 2265 2318 Sive
2298 2278 2394 2333 per
2426 2264 2806 2330 metaphoram
2835 2262 3147 2327 mulierum,
3171 2265 3353 2316 omnis
3379 2275 3543 2316 orna-

1965 2362 2055 2407 tus
2104 2353 2318 2407 urbium
2370 2352 2683 2407 destructus
2723 2367 2848 2406 esse
2897 2362 3176 2407 narratur.
3207 2353 3539 2406 Ornamenta

1964 2445 2176 2500 urbium
2200 2444 2253 2497 in
2284 2444 2475 2513 plateis
2494 2455 2547 2497 et
2567 2445 2891 2513 porticibus,
2913 2442 3036 2498 foro
3061 2455 3224 2513 atque
3246 2447 3546 2512 gymnasiis

1961 2550 2019 2595 et
2056 2538 2328 2593 mmnibus
2386 2537 2622 2607 publicis
2675 2538 2936 2608 intelligo.
2995 2540 3126 2604 Quae
3159 2538 3204 2591 si
3241 2537 3543 2593 referamus

1963 2630 2032 2685 ad
2088 2630 2399 2684 animarum
2455 2638 2682 2692 statum,
2714 2629 2986 2684 calceolos
3040 2630 3204 2698 pedes
3252 2629 3391 2697 ejus,
3447 2632 3540 2699 qui

1965 2734 2159 2776 carnes
2180 2721 2305 2789 agni
2329 2730 2673 2776 comesturus
2692 2731 2800 2784 est,
2830 2730 2886 2774 et
2903 2720 3279 2776 celebraturus
3306 2721 3511 2776 Pascha
3527 2761 3543 2785 ,

1965 2814 2166 2883 legisse
2215 2828 2313 2868 nos
2369 2812 2739 2877 recordemur,
2774 2814 2880 2883 61
2930 2823 2986 2867 et
3041 2828 3141 2883 per
3193 2814 3541 2870 solitudinem

1967 2907 2388 2971 transeuntium,
2407 2922 2505 2960 nec
2523 2908 2867 2969 vestimenta,
2893 2920 2997 2960 nec
3021 2906 3386 2962 calceamenta
3417 2923 3550 2963 con-

1887 3024 1935 3089 c
1969 3003 2205 3065 sumpta.
2231 3000 2361 3064 Quae
2394 3008 2522 3051 sunt
2556 2998 2657 3052 ista
2694 2997 3109 3053 calceamental
3138 2996 3232 3053 Illa
3255 3000 3324 3055 de
3346 3003 3546 3069 quibus

1966 3089 2262 3159 Apostolus
2293 3088 2488 3143 scribit
2536 3088 2603 3143 ad
2654 3087 2955 3159 Ephesios:
3006 3089 3246 3147 Caleeati
3278 3094 3434 3159 pedes
3488 3095 3545 3148 in

1962 3180 2414 3249 prarparationem
2438 3178 2716 3247 Evangelii
2745 3181 2893 3247 pacis
2923 3177 3147 3249 (Ephes.
3171 3197 3248 3249 vt,
3283 3182 3392 3254 l5).
3417 3184 3550 3251 Quae

1966 3273 2340 3326 calceatnenta
2361 3272 2556 3325 anima:
2583 3271 2878 3339 perditura
2905 3283 3059 3337 sunt,
3085 3273 3304 3341 quando
3327 3285 3550 3329 extento

1964 3363 2102 3418 collo
2129 3362 2550 3426 ambulaverint,
2570 3371 2627 3417 et
2649 3363 2876 3431 pedibus
2908 3363 3174 3419 traxerint
3198 3365 3545 3430 vestimenta,

1965 3463 2015 3506 et
2052 3468 2148 3521 pro
2184 3453 2450 3507 munditia
2502 3453 2816 3517 matronali,
2854 3464 3014 3508 terra:
3065 3463 3289 3510 verrent
3340 3459 3549 3526 spurci-

1967 3545 2117 3602 tiam.

2036 3637 2216 3707 (Vers.
2266 3635 2482 3707 18-21.)
2542 3655 2563 3691 ι
2604 3638 2669 3693 Et
2703 3639 2948 3705 luunlas,
2979 3650 3036 3697 et
3071 3652 3312 3713 torques,
3337 3652 3394 3699 et
3427 3658 3550 3699 mo-

1966 3732 2117 3793 nilia,
2152 3739 2206 3783 et
2255 3731 2519 3796 armillas,
2549 3742 2606 3788 et
2664 3737 2876 3801 mitras,
2927 3744 2984 3789 et
3041 3735 3460 3803 discritninalia,
3494 3750 3553 3791 et

1968 3822 2332 3894 periscelidas,
2362 3834 2418 3879 et
2448 3825 2781 3893 murenulas,
2806 3836 2860 3881 et
2902 3828 3264 3894 olfactoriola,
3297 3839 3354 3884 et
3393 3830 3548 3884 inau-

1968 3928 2077 3976 res,
2107 3920 2161 3966 et
2202 3913 2430 3967 aunulos
2463 3920 2518 3966 et
2546 3927 2791 3982 gemmas
2826 3916 2882 3969 in
2918 3915 3098 3971 fronte
3147 3917 3469 3988 pendentes.
3523 3940 3545 3972 ι

1967 4004 2233 4059 Describit
2272 4006 2492 4058 monilia
2538 4006 2885 4071 feminarum,
2922 3993 3105 4079 et'per
3150 4011 3263 4064 haec
3314 4010 3548 4083 insignia

1968 4098 2248 4151 civitatum
2275 4114 2290 4165 ;
2331 4100 2411 4153 vel
2448 4098 2603 4168 juxta
2630 4115 2904 4169 anagogen
2930 4103 3204 4156 variarum
3227 4112 3545 4158 ornamenta

1968 4192 2251 4243 virtutum.
2280 4187 2487 4245 [labent
2533 4192 2790 4245 mulieres
2826 4192 2880 4245 in
2939 4191 3082 4248 luna
3127 4193 3545 4251 similitudinem

1966 4278 2201 4334 bullulas
2230 4282 2620 4349 dependentes,
2655 4297 2792 4351 quas
2847 4297 2947 4337 nos
2988 4282 3057 4337 ad
3094 4284 3350 4340 Ecclesia:
3380 4301 3548 4341 orna-

284 4378 557 4447 perbiam,
587 4383 642 4430 et
696 4391 800 4429 non
834 4375 1045 4428 virilem
1082 4373 1364 4438 duritiam,
1398 4368 1493 4424 sed
1542 4368 1858 4423 dissolutio-
1896 4369 1942 4425 D
1971 4383 2150 4425 menta
2189 4372 2593 4437 transierimus,
2636 4389 2757 4442 qua:
2791 4362 3138 4431 illumiuzitur
3164 4378 3545 4449 solejustitiao.

282 4484 411 4523 nem
470 4476 691 4523 sectatae
743 4466 945 4520 fuerint
999 4464 1351 4529 feminarum,
1410 4463 1777 4529 corripiantur
1830 4477 1859 4513 a

280 4573 539 4615 sermone
578 4557 917 4627 prophetico,
949 4565 1007 4610 ct
1049 4557 1229 4608 omnia
1262 4553 1496 4624 perdant
1544 4562 1862 4606 ornamenta

238 4672 254 4724 ;
285 4655 578 4717 virtutum,
614 4665 735 4720 qua:
774 4649 876 4704 sub
907 4647 1106 4703 lunulis
1141 4646 1535 4715 torquibusque
1588 4653 1641 4698 et
1691 4644 1866 4698 moni-

290 4747 440 4799 li.:ns
479 4755 643 4813 atque
677 4742 928 4806 armillis,
960 4739 1136 4794 niitris
1168 4750 1223 4794 et
1257 4736 1723 4793 discriminalibus
1759 4751 1863 4789 ca:-

286 4834 533 4903 terisque
563 4832 898 4901 huiusmodi.
955 4832 1363 4886 describuntur.
1398 4828 1746 4883 Abuteodum
1782 4833 1867 4880 est

284 4931 397 4987 hoc
428 4922 741 4983 testimonio
771 4936 825 4981 et
856 4928 1143 4981 adversum
1172 4923 1431 4979 Ecclesiae
1461 4923 1715 4984 feminas,
1738 4936 1862 4989 quae

284 5022 576 5077 ambulant
610 5020 749 5075 collo
767 5029 1009 5083 extento,
1046 5028 1100 5072 et
1148 5018 1370 5071 nutibus
1423 5014 1715 5084 loquuntur
1738 5027 1867 5069 ocu‘

365 5184 382 5213 '
418 5182 689 5237 Hactenus
724 5180 851 5236 editi
900 5196 963 5233 ne
997 5189 1180 5231 nutum
1214 5176 1446 5247 quidem,
1479 5175 1531 5230 itt
1561 5175 1686 5229 aliis
1730 5189 1864 5247 mss.

284 5274 351 5309 ne
395 5263 621 5317 mulum,
657 5265 764 5306 etc.
820 5248 930 5303 N05
958 5245 1386 5316 interiectionem
1436 5263 1519 5299 mu
1579 5245 1864 5317 substitui-

280 5344 435 5389 mus,
467 5326 533 5376 de
556 5313 690 5394 qua
717 5323 837 5394 vide
878 5313 1197 5394 Varronem.
1231 5318 1322 5372 lib.
1355 5332 1430 5394 vr.
1460 5316 1601 5394 _Alibi
1659 5316 1720 5369 ὃ.
1758 5313 1864 5394 Do-

280 5385 430 5457 ctor,
481 5385 643 5461 epist.
680 5390 741 5445 1'2
789 5406 803 5445 :
845 5410 863 5442 ι
912 5392 1104 5461 Decem
1138 5389 1250 5461 jam
1283 5385 1863 5461 epistolas._....‘_utisi,

280 5454 599 5523 cunrtu'ne
629 5478 718 5515 nm
746 5460 962 5531 quidem
995 5458 1177 5513 facere
1209 5457 1469 5520 dignaris.
1504 5476 1523 5507 ι
1565 5454 1810 5510 Lucilius
1843 5471 1861 5509 :

379 5565 485 5614 Nec
505 5564 703 5613 laudare
730 5564 999 5615 hominem,
1025 5572 1191 5619 neque
1215 5571 1293 5609 mu
1317 5558 1480 5607 facere
1504 5569 1737 5619 unquam.

356 5676 377 5702 ¹
414 5671 537 5724 llaec
565 5675 726 5723 verba
751 5677 799 5721 et
832 5684 925 5736 pro
959 5676 1146 5719 ornatu
1175 5666 1274 5718 erit
1322 5664 1611 5733 ignominia
1661 5671 1863 5719 temere

1968 4460 2011 4513 Τ
2016 4478 2211 4527 orqucs
2234 4478 2470 4533 quoque,
2500 4481 2621 4534 qua:
2661 4468 2728 4519 ad
2762 4478 2951 4535 pectus
3004 4482 3175 4538 usque
3227 4470 3542 4538 pendentes,

1966 4552 2407 4624 intelligentiam,
2451 4572 2516 4611 ac
2570 4557 2872 4627 principale
2924 4562 3302 4633 (ἡγεμονικόν)
3350 4566 3547 4618 mentis

1967 4646 2020 4699 in
2055 4651 2217 4699 corde
2252 4647 2649 4702 demonstrant.
2711 4648 2775 4701 Et
2831 4651 3075 4716 monilia,
3107 4668 3225 4721 qua:
3269 4670 3379 4709 uno
3429 4669 3547 4708 ser-

1968 4753 2127 4793 m0ne
2154 4740 2335 4794 omnia
2365 4752 2688 4797 ornamenta
2736 4743 3080 4813 significant:
3119 4755 3171 4800 et
3204 4745 3540 4801 armillarum

1966 4828 2106 4882 bona
2136 4843 2302 4898 opera
2335 4870 2350 4893 ,
2378 4832 2568 4899 quales
2600 4832 2842 4887 llebecca
2876 4837 3088 4904 accepit
3119 4836 3170 4889 itt
3200 4834 3548 4903 sponsalibus

1966 4919 2119 4990 (Cen.
2175 4922 2361 4991 xxiv):
2397 4932 2452 4977 et
2484 4925 2696 4988 mitras,
2742 4926 2939 4995 capitis
2976 4934 3319 4991 ornamenta,
3348 4926 3545 4980 discri-

1968 5014 2213 5074 tninalia.
2246 5024 2302 5070 ut
2330 5015 2599 5085 judicium
2656 5018 2855 5071 habeat
2892 5018 3234 5087 singulorum
3264 5034 3279 5071 :
3314 5028 3366 5073 et
3403 5024 3546 5088 peri-

1968 5173 2035 5247 ab
2060 5174 2314 5240 imperito
2353 5173 2537 5243 aliquo
2610 5173 2780 5247 textui
2842 5171 3041 5247 infarta
3104 5174 3405 5247 arbitratus
3461 5186 3548 5231 est

1969 5244 2262 5306 Victorius.
2285 5245 2781 5313 eaqueiexpunxit,
2814 5243 3166 5313 quod'neque
3196 5245 3251 5298 in
3288 5244 3543 5309 Hebraeo,

1969 5329 2145 5397 neque
2174 5315 2315 5397 apud
2347 5312 2485 5397 LXX
2543 5312 2987 5397 autnvulg.’edit.
3026 5312 3374 5397 Slitl,‘l't(.3qtle
3416 5325 3542 5396 tan-

1970 5381 2090 5438 dem
2124 5381 2600 5437 inCommeutario
2631 5381 2784 5454 Hier;
2831 5395 3113 5454 agnoscat.
3176 5381 3549 5441 Nabilosecius

1970 5456 2173 5508 habent
2211 5469 2340 5509 mss.
2373 5467 2594 5524 omnes,
2622 5455 2672 5524 in
2702 5451 2892 5508 Graeco
2944 5467 3123 5509 autem
3158 5470 3259 5523 pro
3303 5456 3371 5509 iis
3412 5467 3493 5510 est
3524 5474 3550 5524 ς

1972 5526 2066 5579 καὶ
2118 5524 2323 5607 Κρριρς
2355 5521 2690 5607 ἀνακαλύψῃ
2717 5523 2779 5577 τὸ
2810 5525 3002 5607 σχῆμα
3048 5521 3228 5607 alitth
3262 5542 3276 5589 ;
3316 5526 3374 5581 in
3418 5521 3552 5583 aliis

1969 5594 2372 5664 exemplaribus
2410 5609 2510 5664 pro
2576 5594 2764 5666 σχῆμα
2796 5594 2880 5666 est
2908 5600 3256 5666 αἱσχέινωμα.
