3962 6192
361 242 425 300 71
1511 226 1575 287 S.
1626 222 1935 284 EUSEBII
2010 216 2456 280 IIIERONYMI
3542 202 3612 261 7?.

359 346 588 402 scclidas
640 338 842 411 quibus
909 347 1091 393 noSter
1130 349 1348 405 gressus
1381 343 1630 395 ornatur,
1654 342 1709 383 ttl
1745 330 1930 383 andia-
1961 335 2005 389 Α
2035 330 2217 384 crines
2251 326 2507 395 ligantur,
2536 339 2674 393 quas
2704 322 2971 391 appellant
2997 320 3210 378 ταινίας
3243 319 3284 369 ¹;
3318 314 3521 369 "abem
3556 326 3612 369 ot

364 450 518 490 IttllS:
557 432 655 487 l‘es
696 444 822 485 tuus
856 444 963 483 non
997 428 1235 483 oll'endet
1263 426 1437 493 (l’sal.
1472 425 1558 487 xc)
1587 440 1601 485 ;
1633 434 1685 474 et
1723 440 1735 474 :
1773 419 1931 473 Eruet

364 525 515 591 pedes
549 539 685 577 meos
712 539 744 575 a
782 522 934 588 lapsu
972 518 1147 577 (Psal.
1177 517 1304 582 Lv);
1357 526 1410 566 et
1444 512 1777 569 uiurenulas.
1813 527 1931 577 qua:

368 618 481 670 auri
512 625 673 684 atque
708 610 913 682 argenti
964 620 1221 663 texuntur
1258 607 1502 675 virgulis,
1535 620 1698 660 sensu
1751 603 1855 655 vid:
1878 603 1939 654 li-

365 717 476 767 cet.
507 717 559 759 ct
590 703 935 761 sermonibus
997 700 1404 768 Scripturarum
1444 713 1458 748 ε
1491 706 1544 750 et
1577 693 1937 750 ollactoriola,

368 809 424 852 ut
472 796 672 852 Christi
728 794 904 848 bonus
943 793 1089 845 odor
1141 791 1311 844 simus
1338 787 1422 854 (ll
1457 786 1581 841 Cor.
1615 802 1674 850 ιι,
1726 785 1847 853 15);
1890 794 1942 836 ct

369 890 610 950 inaures,
663 900 730 939 ne
785 884 1071 939 audiamus
1151 881 1415 949 judicium
1478 878 1783 944 sanguinis,
1846 877 1942 927 sed

370 979 578 1032 homini
648 976 811 1031 verba
880 973 1172 1030 dicentis:
1234 972 1335 1037 Qui
1397 971 1549 1024 habet
1617 969 1944 1031 auresf’au-

367 1070 545 1125 diendi
596 1068 775 1122 audiat
813 1066 964 1138 (Luc.
1019 1064 1257 1133 vni,18)
1294 1078 1307 1115 :
1356 1072 1410 1117 et
1460 1059 1710 1121 annulus,
1751 1056 1946 1124 quibus

368 1165 646 1232 signantur
674 1162 741 1213 ad
801 1158 1010 1213 Domini
1045 1156 1319 1219 militiam,
1346 1170 1504 1222 quem
1542 1152 1681 1205 Deus
1711 1149 1949 1218 signavit
1976 1184 1981 1188 ι

372 1255 547 1309 Pater.
587 1253 739 1309 Umle
774 1253 971 1306 dicitur
1006 1249 1072 1303 ad
1110 1250 1404 1318 principem
1439 1243 1569 1315 Tyri
1607 1259 1620 1293 :
1655 1240 1734 1294 Tu
1778 1256 1833 1293 es
1878 1239 1952 1291 si-

369 1344 1037 1415 guaculumsimilitudinis
1073 1339 1290 1411 (Ezeclt.
1345 1352 1576 1399 xxxvui,
1628 1332 1734 1403 l2).
1784 1332 1951 1386 Filius

368 1455 583 1507 quoque
625 1438 879 1509 prodigus
904 1451 1026 1490 cum
1061 1435 1198 1488 stola
1254 1431 1458 1497 recepit
1494 1427 1760 1481 annulum
1792 1421 1949 1494 (Luc.

376 1529 487 1597 xv),
522 1538 575 1582 et
608 1527 996 1585 calceamenta,
1030 1531 1083 1576 et
1118 1535 1361 1587 gemmas
1397 1520 1450 1572 in
1498 1517 1678 1571 fronte
1713 1516 1953 1584 penden-

375 1630 474 1681 tes,
507 1618 705 1686 quibus
740 1628 924 1668 nosura
961 1627 1053 1666 ora
1080 1612 1433 1665 decorantnr.
1470 1608 1543 1662 De
1574 1608 1728 1672 cnjus
1755 1603 1951 1673 capitis

372 1716 715 1770 ornamento,
740 1708 867 1757 etin
903 1702 1109 1771 psalmo
1149 1701 1411 1768 legimus:
1446 1698 1597 1753 Sicut
1627 1706 1953 1766 unguentum
1986 1675 2027 1729 Β

374 1802 428 1852 iu
486 1800 675 1867 capite,
716 1800 852 1866 quod
902 1794 1162 1848 descendit
1214 1793 1266 1845 in
1306 1792 1516 1843 barbam
1556 1792 1732 1843 Aaron
1774 1786 1953 1858 (l’sal.

372 1905 576 1952 cxxxtt,
594 1890 664 1957 i).
686 1892 813 1955 Quae
832 1888 1013 1941 omnia
1044 1887 1168 1939 licet
1196 1882 1335 1936 LXX
1361 1884 1711 1950 luterpretes,
1732 1879 1953 1945 Aquila,

375 1994 430 2036 et
471 1982 850 2052 Symmachus,
885 1994 945 2030 ac
980 1975 1285 2030 Theodotio
1311 1975 1539 2028 diversis
1572 1971 1746 2025 modis
1785 1970 1955 2023 inter--

380 2083 683 2143 pretentur,
717 2087 812 2123 nos
862 2079 918 2121 ut
970 2067 1247 2138 potuimus
1284 2066 1364 2119 vel
1397 2066 1466 2118 de
1502 2064 1750 2127 Hebraeo,
1781 2061 1860 2114 vel
1894 2062 1959 2113 de

381 2166 627 2233 ipsorum
662 2161 1014 2215 translatione
1040 2158 1311 2213 tcxuimns
1331 2173 1345 2208 :
1369 2168 1469 2209 nec
1486 2156 1732 2208 volumus
1759 2153 1959 2206 diutius

383 2259 433 2310 in
473 2254 698 2325 singulis
730 2251 1033 2310 immorari,
1069 2250 1178 2321 62
1214 2266 1279 2303 ne
1320 2247 1508 2303 frivola
1546 2247 1616 2302 sit
1660 2244 1957 2315 expositio,

379 2357 436 2402 et
463 2347 716 2417 prudenti
754 2343 942 2398 lectori
971 2341 1250 2396 fastidium
1283 2339 1467 2394 faciat.

454 2483 629 2554 (Vers.
659 2479 776 2550 Q2.)
808 2497 824 2532 ι
873 2478 939 2533 Et
988 2477 1309 2541 mutatoria,
1346 2487 1403 2531 et
1440 2475 1623 2545 pallia,
1658 2487 1711 2529 et
1760 2476 1957 2529 lintea—

385 2575 551 2628 mina.
591 2591 610 2623 ι
645 2570 749 2625 Pro
791 2570 1165 2631 ‘linteamina,
1199 2567 1341 2622 LXX
1376 2569 1655 2638 perspicua
1696 2567 1958 2631 laconica,

386 2662 726 2731 interpretati
781 2668 909 2714 sunt
936 2673 955 2716 :
993 2659 1236 2723 volentes
1267 2658 1623 2711 tenuissimas
1649 2658 1959 2725 signiliCare

385 2761 581 2814 vestes,
637 2750 835 2817 quibus
886 2746 1443 2810 Lacedauuoiiiormn,
1492 2746 1587 2816 qui
1641 2746 1863 2799 fuerunt
1897 2746 1963 2799 ad

385 2842 522 2897 bella
555 2839 967 2909 promptissimi.
1002 2848 1057 2893 et
1085 2838 1409 2892 ausrerioris
1441 2839 1587 2903 vitae,
1616 2852 1846 2907 corpora
1888 2848 1966 2891 te-

385 2934 654 3004 gebantur
702 2948 719 2989 :
762 2945 1073 3000 quanquam
1137 2930 1425 2995 Laconica,
1483 2946 1582 2985 nec
1638 2930 1960 2985 Ilebraicum

2039 422 2317 484 theristra,
2347 434 2467 489 qua:
2498 432 2597 472 nos
2632 416 2789 485 pallza
2829 426 3120 477 possumus
3151 407 3425 477 appellare
3454 422 3471 462 :
3512 420 3622 470 quo

2038 513 2286 566 obvoluta
2322 522 2402 563 est
2436 520 2490 563 ct
2534 507 2799 570 Rebecca,
2846 514 2901 558 et
2953 504 3111 556 hodie
3156 514 3370 569 quoque
3410 498 3621 553 Arabim

2038 616 2091 657 et
2127 603 2255 657 Mesr
2277 602 2531 671 potainire
2560 600 2879 667 operiuntur
2906 594 3122 648 femina:
3153 608 3168 645 :
3201 606 3323 659 qua!
3358 587 3624 643 llebzaice

2043 699 2299 748 dicuntur
2335 691 2355 721 ³
2394 704 2637 755 Αιιυιυιιι,
2678 688 2864 744 (ἔπαιρε
2924 687 3191 755 θέριστρα
3225 700 3239 736 :
3273 683 3339 735 ah
3378 696 3443 735 eo
3475 680 3623 749 quod

2047 790 2096 840 lu
2131 787 2302 855 θέρει,
2345 788 2446 838 hoc
2499 792 2601 846 est,
2655 782 2706 834 in
2744 787 2932 834 mstate
2981 787 3038 831 et
3084 786 3336 830 Cantuate
3392 788 3624 841 corpova

2047 886 2333 946 protegant
2376 874 2726 928 feininarnm.
2765 870 2912 924 Filia:
2942 883 3072 941 ergo
3107 868 3237 921 Sion
3284 877 3504 935 pr0pter
3537 879 3633 918 su-

2049 970 2287 1039 perbiam
2345 983 2496 1021 suam
2552 963 2911 1035 perdiderunt
2958 976 3110 1024 acus,
3140 960 3338 1022 quibus
3381 958 3629 1012 ninnium

2048 1072 2447 1132 pra'ceptorum
2484 1056 2665 1125 regula
2699 1054 3096 1124 stringebatur.
3127 1053 3636 1119 l‘crdideruntspe—

2049 1153 2192 1213 cula,
2220 1165 2342 1219 quae
2371 1147 2687 1201 obtulerunt
2728 1146 2779 1198 in
2824 1143 3005 1198 Exodo
3034 1150 3315 1196 manentes
3337 1140 3391 1193 in
3421 1139 3635 1193 loribns

2055 1241 2391 1297 talernaculi
2431 1238 2687 1293 mulieres
2725 1236 2790 1289 ad
2833 1236 3064 1289 luterem
3108 1232 3317 1286 Domini
3360 1230 3638 1284 fabricau-

2053 1336 2181 1390 dum
2213 1331 2412 1403 (Exod.
2447 1329 2721 1399 xxsvm):
2754 1330 2822 1382 de
2869 1326 3069 1397 quibus
3098 1335 3152 1379 et
3185 1323 3459 1393 apostolus
3490 1322 3638 1374 Pau-

2056 1430 2141 1482 lus
2167 1427 2528 1494 loquebatur:
2568 1422 2811 1477 Videmus
2846 1430 3018 1473 autem
3051 1434 3187 1472 nunc
3235 1432 3326 1484 per
3365 1414 3639 1486 speculum

2054 1523 2108 1575 in
2139 1520 2421 1590 aenigmate
2469 1515 2520 1586 (l
2554 1515 2676 1572 Cor.
2711 1530 2831 1580 xm,
2883 1513 2993 1581 12).
3035 1511 3349 1565 Amiscrunt
3378 1508 3645 1562 sindones

2056 1622 2111 1666 et
2150 1612 2331 1674 vittas,
2363 1608 2562 1676 quibus
2591 1607 2911 1676 operiebant
2963 1607 3239 1664 humeros,
3282 1611 3336 1655 et
3380 1598 3641 1654 iiut-atem

2062 1708 2165 1759 huc
2195 1712 2358 1771 atque
2398 1702 2525 1756 illuc
2557 1700 2797 1752 animum
2849 1695 3298 1764 constringebant
3328 1709 3343 1749 ;
3377 1700 3432 1745 et
3463 1691 3599 1743 lberi
3624 1716 3642 1728 -

2060 1811 2195 1861 sua,
2225 1809 2335 1864 quo
2385 1794 2659 1847 tutissimo
2699 1791 2755 1844 in
2790 1790 3017 1844 testibus
3053 1787 3374 1858 tegebantur
3423 1785 3650 1838 umbra-

2061 1888 2200 1943 culo.
2233 1886 2358 1940 Haec
2394 1884 2626 1938 dicimus
2658 1896 2726 1936 ne
2749 1881 2857 1952 63
2888 1880 3111 1932 oninino
3147 1875 3508 1948 tropologiam
3541 1876 3649 1927 hu—

2057 1981 2146 2051 jus
2206 1979 2309 2034 loci
2363 1976 2550 2047 fugere
2604 1974 2902 2028 videamur.
2957 1972 3223 2026 Cmterum
3284 1969 3487 2024 laboris
3557 1976 3651 2021 est

2064 2072 2285 2128 maximi
2316 2072 2369 2125 in
2406 2069 2633 2139 singulis
2683 2067 2987 2131 itmnorarl,
3018 2076 3073 2121 et
3116 2060 3651 2131 latam.explanatio-

2064 2180 2184 2220 nem
2215 2179 2482 2234 querere.
3328 2164 3334 2177 ‘

2135 2281 2315 2350 (νει-ε.
2355 2278 2475 2350 24.)
2506 2298 2525 2331 ι
2570 2280 2633 2333 Et
2668 2280 2773 2334 erit
2807 2292 2904 2346 pro
2939 2277 3094 2333 suavi
3123 2277 3313 2343 odore,
3343 2276 3509 2332 ltetor
3538 2292 3554 2332 :
3587 2286 3650 2330 et.

2065 2387 2163 2441 pro
2222 2386 2379 2435 zona,
2430 2370 2733 2426 funiculus.
2776 2390 2793 2421 ›
2833 2367 3047 2425 Fatere
3101 2378 3323 2438 peccata
3373 2368 3655 2438 pumileas

2070 2466 2346 2533 loquitur:
2410 2459 2731 2517 Ptitrueruut
2783 2472 2833 2515 et
2883 2474 3146 2528 corrnp’a:
3202 2470 3322 2514 sunt
3377 2458 3654 2512 cicatricis

2069 2575 2196 2614 mea:
2230 2576 2262 2612 a
2309 2557 2451 2627 [acte
2477 2538 2791 2626 insipientia;
2821 2572 2949 2610 meat
2991 2555 3106 2626 (Ps.
3146 2571 3358 2615 xxxvii.
3389 2554 3465 2623 6).
3499 2552 3657 2606 Zona

2068 2652 2276 2721 accingi
2312 2651 2525 2705 llltllbOS
2581 2650 2873 2718 Apostolus
2920 2648 3201 2715 praecepit,
3235 2646 3462 2699 dicens:
3498 2643 3657 2698 State

2068 2746 2288 2799 accincti
2323 2743 2525 2797 lumbos
2578 2752 2772 2795 vestros
2825 2740 2879 2792 in
2916 2739 3132 2792 veritate
3163 2736 3380 2808 (Ephes.
3429 2752 3502 2797 vr,
3536 2734 3657 2804 l4).

2069 2838 2134 2892 Et
2166 2840 2232 2891 de
2272 2846 2553 2904 peCeatore
2588 2834 2814 2904 legimus
2844 2851 2858 2887 :
2889 2831 3121 2885 Funibus
3163 2840 3497 2896 peccatorum
3529 2844 3659 2881 suo-

2070 2946 2188 2983 rum
2216 2930 2575 2997 unusquisque
2608 2926 2988 2992 constringitur
3018 2923 3196 2993 (Prov.
3244 2939 3295 2989 v,
3334 2920 3448 2987 22).
3488 2919 3602 2989 lgit:
3631 2935 3660 2973 ι·

389 3026 612 3088 habeat,
634 3038 733 3078 nec
766 3024 906 3078 ullus
936 3024 1076 3078 alius
1110 3023 1492 3093 interpretum.
1529 3022 1820 3076 Mutatoria
1869 3038 1966 3076 au-
1990 3028 2035 3090 ρ,
2069 3038 2166 3091 pro
2193 3024 2333 3075 bono
2358 3020 2526 3073 odore
2549 3020 2832 3082 virtutum,
2860 3017 2983 3070 filiae
3010 3014 3142 3069 Sion
3172 3014 3447 3069 habebunt
3467 3022 3663 3082 putre-

390 3128 496 3170 tum
528 3127 576 3171 et
616 3116 799 3185 pallia,
820 3129 940 3185 qua:
968 3115 1370 3185 signiﬁcantius
1412 3114 1966 3186 Symmachustrans.

391 3209 513 3263 tulit
563 3207 885 3272 ἁναόὁλαια,
930 3218 1250 3261 ornamenta
1293 3221 1425 3261 sunt
1477 3207 1711 3260 vestium
1773 3207 1968 3261 mulie-

394 3300 596 3359 brium,
644 3297 844 3365 quibus
915 3298 1127 3351 humeri
1204 3306 1258 3350 et
1312 3309 1533 3365 pectora
1591 3306 1965 3364 proteguntur.

396 3387 680 3442 ttulatoria
745 3386 902 3456 juxta
962 3402 1241 3457 anagogen
1334 3387 1408 3440 illi
1460 3396 1609 3450 sunt,
1658 3387 1725 3440 de
1774 3385 1970 3455 quibus

391 3480 633 3535 dicitur:
662 3477 824 3534 Ibunt
851 3481 917 3534 de
949 3481 1143 3534 virtute
1182 3481 1236 3533 in
1261 3480 1506 3533 virtutem
1536 3478 1708 3548 (Prol.
1744 3494 1968 3541 uuln,

393 3574 451 3645 8)
481 3588 497 3631 :
526 3585 581 3628 et
614 3572 950 3646 linteamina,
992 3582 1050 3626 ιιι
1076 3573 1169 3626 loti
1220 3574 1275 3627 in
1323 3573 1550 3627 Domino
1603 3572 1817 3627 deliciis
1851 3588 1973 3639 per-

398 3666 663 3731 fruamur,
688 3665 988 3719 secundum
1022 3662 1175 3729 illud,
1227 3678 1335 3733 quo
1362 3666 1414 3716 iu
1446 3662 1678 3719 Psalmis
1706 3665 1971 3732 scriptum

394 3766 477 3809 est
508 3771 525 3810 :
559 3753 808 3809 Torrente
837 3754 1118 3825 voluptatis
1151 3765 1256 3809 tute
1284 3754 1490 3825 potabis
1547 3770 1634 3809 eos
1658 3754 1778 3823 (Ps.
1808 3769 1972 3815 xxxv,

396 3846 477 3914 9).
507 3843 633 3899 Haec
667 3855 850 3899 autem
883 3847 1071 3899 omnia
1111 3845 1469 3913 perdiderunt
1497 3845 1620 3899 lilia:
1653 3845 1805 3909 Sion,
1845 3848 1973 3913 quia

396 3937 819 3991 ambulaverunt
850 3945 1070 3991 extento
1113 3936 1274 3999 collo,
1318 3946 1376 3992 et
1419 3937 1703 3993 oculorum
1755 3940 1975 3991 nutibus

398 4031 710 4100 superbiam
742 4031 1045 4097 gestierunt
1071 4048 1085 4087 :
1115 4039 1374 4100 putantes
1407 4046 1523 4084 sua:
1552 4045 1673 4084 esse
1722 4031 1977 4099 potentiae

399 4128 542 4192 qnol
577 4124 868 4186 habebant,
892 4133 944 4175 et
976 4137 1081 4175 ttott
1116 4122 1326 4176 Domini
1358 4124 1567 4191 gratia}.

477 4210 655 4280 (νει-ε.
680 4210 797 4280 23.)
831 4227 850 4261 ι
889 4210 959 4266 Ει
986 4228 1133 4275 acus,
1184 4224 1241 4266 et
1266 4212 1509 4280 specula,
1532 4222 1586 4267 et
1613 4214 1889 4277 sindones,
1925 4224 1980 4269 et

401 4304 587 4369 vittas,
609 4312 664 4357 et
692 4304 971 4358 theristra.
1017 4322 1036 4355 ι
1073 4304 1284 4360 llabent
1313 4320 1444 4360 acus
1478 4304 1755 4368 mulieres,
1781 4308 1979 4375 quibus

2076 3112 2257 3168 dinem
2293 3119 2640 3182 peccatorum
2668 3129 2681 3165 :
2711 3119 2767 3165 et
2812 3124 2910 3179 pro
2959 3106 3177 3176 cingulo
3210 3106 3473 3168 veritatis,
3505 3119 3664 3158 men-

2076 3205 2215 3261 dacii
2262 3202 2524 3259 funiculis
2577 3203 2913 3271 ligabuntur,
2950 3215 3092 3270 quos
3140 3200 3450 3255 habuerunt
3495 3212 3665 3267 super

2076 3298 2256 3368 capita
2295 3297 2389 3367 qui
2420 3312 2544 3352 cum
2576 3296 2769 3365 pannis
2809 3306 2864 3349 et
2922 3292 3198 3356 sordibus,
3232 3292 3395 3345 vitam
3423 3290 3444 3321 ‘
3470 3306 3497 3344 a
3532 3303 3667 3359 περ

2077 3391 2248 3463 Syria:
2281 3388 2661 3459 precabantur.
2700 3406 2719 3438 ι
2762 3386 2828 3440 Ει
2863 3401 2959 3454 pro
3016 3384 3182 3442 fascia
3233 3382 3493 3454 pectorali
3545 3383 3667 3435 cili-

2079 3484 2247 3537 cium.
2300 3500 2318 3533 ι
2364 3480 2469 3533 Pro
2517 3479 2686 3533 fascia
2741 3477 3215 3548 pectorali,qnam
3274 3476 3667 3546 interpretatus

2080 3587 2161 3632 est
2211 3573 2595 3646 Symmachus,
2645 3569 2787 3625 LXX
2838 3570 3073 3623 tunicam
3121 3568 3568 3639 μεσοπορφύραν,
3607 3567 3664 3620 id

2081 3676 2187 3729 est,
2223 3666 2487 3719 clamitant
2506 3664 2526 3694 ⁸
2554 3679 2794 3731 purpura
2828 3661 3226 3716 transtulerunt
3254 3677 3270 3715 :
3301 3660 3443 3729 quod
3465 3660 3668 3725 Aquila

2081 3758 2351 3829 cingulum
2378 3755 2750 3809 exsultationis
2793 3755 3085 3829 expressit.
3133 3751 3435 3808 Tltecdotto
3482 3754 3664 3824 ipsum

2085 3826 2305 3898 verbum
2342 3842 2664 3897 Hebraicum
2716 3857 2973 3896 rttrmctt.
3006 3826 3238 3912 (Sume)
3285 3845 3483 3914 posuit,
3513 3845 3666 3913 qttod

2082 3951 2256 4004 genus
2291 3935 2596 3990 ornamenti
2628 3936 2914 3991 muliebris
2946 3948 3049 3991 est.
3075 3934 3264 3991 Fascia
3290 3948 3474 4006 pectus
3506 3950 3669 4005 tegit,

2084 4038 2137 4082 et
2167 4042 2291 4082 eum
2327 4028 2567 4095 possidet
2596 4027 2773 4083 locant
2819 4028 2874 4082 in
2909 4026 3148 4094 feminis,
3182 4044 3340 4097 quem
3376 4027 3667 4084 llationa'e

2087 4124 2137 4176 in
2164 4120 2537 4179 Pontilicibus.
2563 4122 2639 4176 De
2664 4121 2767 4176 hac
2801 4120 2970 4176 fascia
3004 4120 3287 4189 pectorali.
3313 4132 3364 4173 et
3394 4114 3669 4177 Jeremias

2088 4216 2316 4287 mystico
2335 4229 2588 4269 setmone
2617 4214 2873 4270 dicebat:
2913 4210 2971 4267 Si
3003 4211 3236 4267 oblivisci
3273 4223 3439 4282 potest
3468 4229 3671 4280 sponsa

2090 4318 2305 4361 ornatus
2332 4311 2439 4369 sui,
2473 4319 2562 4359 aut
2598 4309 2738 4373 virgo
2781 4308 2961 4376 (ascite
3016 4308 3299 4374 pectoralis
3331 4323 3464 4370 sum,
3491 4320 3536 4360 et
3574 4324 3672 4376 ego

402 4405 717 4448 ornatormn
760 4390 997 4449 crinidm
1052 4411 1317 4465 compago
1366 4400 1651 4460 retinetur,
1685 4415 1753 4451 ne
1803 4399 1976 4452 laxius
2011 4385 2056 4441 ί)
2083 4399 2362 4452 obliviscar
2407 4400 2507 4463 tui,
2540 4398 2669 4451 dicit
2721 4397 2978 4451 Dominus
3025 4399 3163 4468 (Jer.
3202 4415 3260 4463 ιι,
3308 4400 3420 4469 δι’).
3477 4400 3664 4465 Virgo,

408 4485 596 4547 ﬂuant,
623 4497 678 4541 et
709 4486 762 4539 in
795 4502 1015 4556 sparsos
1044 4490 1372 4557 dissipentur
1398 4487 1649 4558 capillos.
1677 4487 1891 4543 Habent
1925 4502 1979 4544 et

406 4582 645 4653 specula,
678 4579 877 4649 quibus
937 4579 1283 4633 considerant
1332 4583 1535 4633 vultum
1593 4594 1777 4642 suum,
1834 4592 1887 4634 et
1936 4583 1980 4634 si

409 4670 537 4739 quid
575 4669 763 4723 deesse
794 4670 1050 4732 viderint,
1076 4668 1281 4722 addunt
1308 4669 1547 4722 ornatui.
1605 4665 1819 4720 [labent
1868 4668 1984 4720 sin-

409 4760 599 4823 dones,
624 4775 743 4829 (pne
769 4757 1032 4816 vocantur
1069 4762 1352 4815 amictoria
1384 4777 1397 4814 :
1446 4771 1501 4815 et
1551 4762 1732 4825 vittas,
1787 4762 1985 4830 quibus

485 4958 503 4990 ¹
535 4958 809 5024 Martium,
869 4960 972 5015 Pro
1022 4963 1341 5017 linteamine.

487 5032 506 5061 ²
543 5033 713 5092 Idem,
734 5036 869 5085 haud
898 5044 1063 5093 recte.
1094 5033 1410 5087 ἀναόο).αἶα.

487 5096 507 5127 ³
549 5101 779 5154 Arittim.
837 5100 910 5153 lia
946 5104 1127 5172 legunt.
1187 5106 1401 5158 codices
1438 5117 1569 5158 mss.
1626 5103 1984 5157 conformiter

416 5172 642 5225 Hebrum
680 5179 917 5230 ωιτη-ττι
971 5173 1257 5236 hurdidim,
1291 5176 1355 5226 de
1383 5190 1487 5240 quo
1545 5173 1676 5228 editi
1707 5174 1828 5226 libri
1876 5176 1987 5227 cle-

417 5253 662 5295 mentum
728 5243 789 5293 Ite
815 5245 963 5313 quod
1014 5261 1045 5294 α
1088 5244 1215 5311 legit
1275 5242 1660 5313 Hieronymus,
1693 5245 1837 5297 nulla
1876 5246 1984 5297 [ide

416 5315 772 5365 abstulerunt.
810 5310 1075 5367 Maurus.

488 5380 701 5454 ‘Yatic.
760 5385 1032 5454 contrario
1083 5397 1271 5446 sensu,
1326 5385 1490 5436 vitam
1525 5385 1633 5454 regi
1685 5381 1985 5454 ὅψεως-τ

421 5449 548 5521 Regi
572 5449 744 5519 Syria:
780 5451 1150 5519 precabantur.
1211 5455 1425 5506 Addunt
1460 5455 1558 5508 hoc
1582 5446 1699 5507 loco
1727 5446 1988 5508 Erasmus

418 5532 495 5592 et,
530 5522 835 5583 Marianos,
871 5521 932 5572 Et
962 5538 1055 5588 pro
1101 5524 1366 5592 crispante
1413 5525 1556 5578 crine
1601 5524 1888 5582 calvitium.
1934 5536 1991 5579 et

421 5591 757 5658 subjmignnt
815 5596 954 5645 hanc
1003 5596 1393 5658 expositionem
1425 5614 1438 5648 :
1473 5612 1491 5645 ι
1534 5595 1638 5649 Pro
1694 5600 1986 5654 COItlittlllS,

422 5664 594 5731 longis
618 5676 666 5715 et
701 5665 1118 5718 ascendentibus
1151 5666 1507 5730 orationibus,
1539 5680 1658 5734 qua:
1683 5682 1776 5733 per
1803 5681 1984 5719 crines

2088 4492 2303 4560 qualem
2321 4490 2577 4544 exhibere
2597 4506 2694 4544 nos
2710 4491 2856 4559 cupit
2879 4490 2919 4542 A
2931 4492 3169 4559 postolns
3194 4495 3410 4543 Christo
3429 4489 3519 4557 (ll
3540 4492 3668 4545 Cor.

2092 4586 2173 4654 ιι),
2198 4585 2434 4652 quandiu
2462 4597 2568 4636 non
2602 4583 2970 4651 corrumpitur
2999 4582 3049 4634 iu
3085 4581 3340 4651 :Egypto,
3382 4598 3481 4637 nec
3512 4581 3669 4635 fran-

2031 4716 2037 4720 .
2092 4686 2296 4746 gnutur
2328 4674 2582 4729 mamilla:
2628 4675 2770 4743 ejus,
2808 4689 2931 4743 qua:
2983 4675 3237 4741 pet-turali
3300 4674 3462 4727 fascia
3512 4675 3678 4729 colli-

2096 4775 2231 4836 gata:
2255 4774 2402 4826 sunt,
2426 4763 2672 4835 jungitur
2700 4780 2903 4834 sponso
2933 4782 2949 4821 :
2985 4774 3038 4820 et
3073 4781 3195 4819 cum
3227 4767 3469 4835 quotidie
3499 4766 3679 4821 virtu-

2090 4965 2491 5034 signilicantur,
2526 4967 2830 5021 baouerunt
2872 4966 3174 5027 calvitium,
3217 4975 3453 5022 mentem
3509 4969 3674 5021 tituli-

2090 5051 2197 5104 que
2221 5039 2533 5090 obStrusam
2560 5046 2616 5091 ιιι
2645 5039 2710 5090 ad
2753 5040 3043 5089 tacendum
3078 5040 3147 5090 ah
3175 5041 3513 5091 oratioiiibus
3576 5039 3676 5091 tir-

2097 5115 2322 5159 matam.
2357 5125 2377 5157 ι
2421 5104 2589 5173 llujus
2638 5120 2803 5174 porro
2853 5104 3209 5160 Glossematis
3256 5110 3458 5158 nntium
3498 5118 3679 5161 exstat

2098 5176 2385 5243 veStigium
2417 5176 2471 5227 in
2499 5178 2904 5243 exemplaribus
2948 5192 3077 5229 mss.
3140 5191 3237 5231 nec
3270 5177 3403 5230 satis
3469 5177 3679 5232 redolet

2098 5246 2295 5316 styluui
2316 5247 2845 5316 illteronymianttm.
2877 5247 3151 5316 Maurus.

2165 5316 2186 5345 ⁸
2222 5312 2429 5370 γὶιὶοςθ
2464 5312 2730 5371 hactenus
2760 5319 2914 5380 editi,
2948 5315 3079 5385 quin
3121 5317 3285 5370 etiam
3332 5332 3465 5370 mss.
3501 5316 3684 5370 claua-

2096 5395 2207 5438 tam
2238 5400 2529 5453 purpuram
2558 5403 2654 5456 pro
2687 5402 2946 5457 purpura,
2987 5389 3127 5454 quod
3162 5403 3229 5440 ex
3259 5386 3477 5453 ingenio
3518 5390 3681 5439 resti-

2095 5457 2321 5515 tuimns,
2348 5465 2576 5526 cogente
2632 5470 2785 5511 recto
2823 5472 2987 5511 sensu
3014 5473 3030 5521 ;
3059 5472 3182 5509 nam
3223 5458 3439 5510 clavare
3479 5471 3680 5510 vestem

2096 5542 2356 5593 purpura,
2393 5542 2448 5579 et
2503 5538 2705 5581 Vestettt
2763 5527 2933 5581 clavis
2977 5530 3265 5596 purpureis
3308 5529 3681 5587 intertextam,

2095 5596 2284 5648 Gnrce
2342 5600 2792 5665 μεσοπορφύραν,
2854 5597 3107 5651 dicebant
3167 5601 3686 5662 vctct'es;tuiuime

2100 5682 2229 5719 vero
2261 5669 2479 5721 clasare
2508 5684 2831 5723 mtrouram.
3290 5680 3293 5683 '

3950 5072 3962 5191 ἓ
