3962 6192
240 265 331 330 ’13

3236 207 3260 222 ο

998 254 1510 321 COMMENTAR.
1552 250 1634 313 ΙΝ
1673 249 1940 312 ISAIAM
1986 243 2448 310 PROPHETAM
2481 243 2634 305 LIB.
2674 240 2754 303 Ῑῐ.
3433 233 3506 297 7i.

249 385 366 429 tum
398 371 534 427 filios
570 374 819 441 generet,
852 380 1196 440 nequaquam
1233 365 1385 434 v‘irgo
1415 375 1542 417 esse
1591 358 1827 413 desistit.
1870 382 1904 434 Α
1939 372 2045 409 non
2102 363 2296 421 septem
2341 351 2673 422 significare,
2704 347 2814 419 6'5
2836 347 2930 401 sed
3001 345 3201 410 plures.
3257 341 3368 396 lloc
3424 358 3512 396 se-

246 466 406 533 Qnod
454 480 497 519 si
528 461 821 533 aliquando
853 459 1235 515 divaricaverit
1265 457 1431 526 pedes
1468 452 1614 508 omni
1650 462 1831 505 trans-

247 558 427 620 eunti,
469 566 523 610 et
575 564 760 609 secuta
812 552 972 606 fuerit
1022 560 1294 603 amatores
1343 561 1506 613 suos;
1557 550 1637 614 et]
1679 544 1832 613 juxta

248 651 395 705 Osee
424 647 767 711 vaticinium,
809 642 1039 713 sepserit
1091 642 1354 696 Dominus
1402 639 1517 692 vias
1584 636 1724 703 ejus,
1781 642 1837 688 et

254 742 629 798 intercluserit
688 739 930 799 semitas,
985 742 1287 788 revertetur
1334 730 1402 784 ad
1457 730 1632 782 virum
1676 741 1835 778 suum

250 838 593 905 prioremuet
624 831 804 883 audiet
833 846 847 883 :
884 828 1030 881 Exue
1060 837 1107 880 te
1128 824 1448 879 vestimentis
1496 823 1666 873 luctus
1689 818 1733 885 ⁴,
1786 829 1834 872 et

253 929 475 980 induere
503 925 731 979 restibus
767 922 948 991 gloria:
972 929 1077 974 tutu
1103 918 1366 976 (Baruclt.
1393 931 1446 980 ν,
1476 915 1551 983 1).

328 1016 507 1081 (Vcrs.
540 1014 657 1084 ‘25.)
688 1031 707 1065 ι
760 1010 1118 1065 l’uleliert‘itni
1150 1023 1363 1078 quoque
1398 1008 1494 1059 viri
1537 1005 1613 1058 tui
1664 1000 1841 1074 gladio

255 1107 495 1161 cadent:
537 1115 593 1159 et
624 1105 792 1158 fortes
826 1104 901 1157 tui
937 1106 988 1155 in
1022 1101 1228 1170 praelii).
1274 1117 1292 1150 ι
1322 1097 1430 1152 Pro
1462 1096 1842 1165 pulcherrimis

253 1200 416 1261 viris,
439 1195 576 1250 LXX
608 1195 947 1264 interpretati
979 1204 1126 1255 sunt,
1152 1202 1199 1245 et
1227 1191 1372 1258 ﬁlius
1397 1199 1519 1244 tuus
1544 1188 1844 1258 pulcherri-

257 1306 400 1349 mus,
434 1304 586 1357 quem
625 1288 827 1357 diligis.
858 1285 1036 1355 gladio
1075 1284 1253 1337 cadet.
1286 1283 1440 1349 Quod
1475 1282 1520 1336 si
1552 1284 1619 1335 de
1646 1283 1842 1335 anima:

258 1388 404 1432 statu
464 1378 843 1446 intelligimus,
871 1389 988 1442 quae
1043 1384 1163 1442 post
1219 1375 1449 1426 virtutes
1511 1371 1843 1440 peccaverit,

260 1469 689 1538 pidcherrimom
748 1467 915 1518 lilium
966 1464 1105 1534 ejus,
1159 1466 1297 1516 bona
1349 1461 1460 1534 65
1509 1462 1845 1532 accipiamus

257 1574 450 1629 Opera.
473 1572 593 1625 quite
621 1556 801 1610 hostili
830 1556 1169 1623 gladio-conc
1191 1554 1384 1605 derunt
1407 1568 1422 1607 :
1447 1562 1502 1606 et
1526 1551 1693 1606 fortes
1715 1567 1849 1620 quo-

262 1666 371 1720 que
397 1651 627 1720 periisse
654 1651 703 1700 in
733 1649 939 1715 pra-lto,
963 1647 1087 1714 quia
1111 1646 1332 1711 justitia
1363 1644 1501 1713 justi
1530 1658 1632 1696 non
1656 1642 1849 1695 libera-

1937 450 2174 501 cundum
2236 445 2493 499 litteram.
2558 443 2829 497 Caeterum
2888 441 2939 492 in
3006 437 3239 492 adventu
3298 434 3512 489 Domini

1936 541 2261 602 Salvatoris.
2293 548 2500 610 septem
2535 535 2814 599 mulieres,
2852 531 2906 587 id
2939 541 3046 596 est,
3079 540 3290 600 septem
3318 528 3514 600 gratiae

1944 634 2179 704 Spiritus
2210 633 2407 694 sancti,
2441 632 2508 685 de
2524 627 2721 699 quibus
2754 628 2806 679 in
2852 621 3322 692 consequentibus
3369 619 3513 673 idem
3559 602 3590 699 ξ

1939 726 2210 795 Propheta
2230 725 2477 777 dicturus
2505 730 2588 775 est
2626 737 2641 773 :
2669 719 2825 774 Exiet
2857 718 3001 784 virga
3033 716 3096 768 de
3114 714 3291 766 radice
3341 709 3518 771 Jessc.

1938 834 1984 876 et
2016 822 2116 890 [los
2146 821 2209 874 de
2244 818 2424 871 radice
2456 815 2570 884 ejus
2592 812 2902 867 conscendet
2934 823 3016 866 :et
3047 810 3326 880 requiescet
3356 821 3516 871 super

1938 930 2055 969 eum
2087 912 2301 981 spiritus
2338 909 2571 974 Domini,
2593 910 2812 978 spiritus
2838 905 3110 972 sapientia:
3130 913 3177 956 et
3200 902 3520 962 intellectus,

1944 1007 2164 1075 spiritus
2184 1005 2397 1059 consilii
2424 1015 2472 1057 et
2501 1001 2853 1071 fortitudinis,
2916 998 3136 1051 sniritus
3190 996 3427 1050 scientia:
3470 1001 3520 1047 et

1940 1101 2150 1169 pietatis
2177 1110 2260 1153 :et
2282 1096 2510 1165 implebit
2537 1110 2653 1148 eum
2681 1089 3123 1159 spiritusjtimoris
3146 1087 3359 1141 Domini
3374 1083 3519 1157 (Isa.

1946 1209 2025 1253 xl,
2046 1193 2200 1255 i-Sl;
2229 1189 2635 1257 apprehendent
2657 1185 3045 1252 Jesum,qnem
3078 1181 3248 1235 multo
3278 1192 3523 1249 tempore

1947 1284 2417 1344 desideraverant,
2451 1282 2573 1348 quia
2601 1280 2808 1333 nullum
2846 1277 3009 1331 alium
3040 1282 3330 1346 patuerant
3365 1272 3518 1325 inve-

1946 1379 2089 1433 nire.
2118 1377 2168 1427 in
2199 1391 2302 1440 quo
2326 1384 2526 1426 adorna
2560 1373 2792 1425 statione
2826 1368 3262 1435 requiescerent.
3298 1361 3451 1419 Unde
3472 1373 3522 1417 et

1949 1465 2185 1521 Joannes
2219 1465 2452 1533 Baptista
2512 1461 2675 1515 refert
2699 1462 2748 1514 in
2782 1459 3068 1528 Evangelio
3109 1473 3123 1511 :
3167 1454 3230 1509 Et
3259 1455 3349 1527 qui
3384 1455 3526 1509 misit

1951 1574 2051 1621 me,
2086 1562 2194 1625 ipse
2230 1557 2355 1608 mihi
2387 1555 2521 1608 dixit
2561 1569 2582 1606 :
2615 1552 2783 1620 Super
2810 1567 2959 1620 quem
3022 1549 3212 1604 uideris
3265 1546 3528 1616 Spiritum

1952 1662 2193 1702 sanetum
2259 1646 2651 1699 descendentem
2680 1654 2725 1697 et
2762 1653 3054 1696 manentem
3078 1642 3135 1693 in
3204 1655 3290 1706 eo,
3319 1641 3428 1707 ipse
3453 1651 3527 1691 est

256 1746 337 1798 bit
370 1759 488 1796 eum
512 1743 566 1795 in
587 1755 914 1810 quacumque
942 1740 1028 1791 die
1049 1737 1364 1791 aberraverit
1396 1734 1612 1806 (Esech.
1651 1748 1846 1799 xxxi-tt,
1884 1729 1924 1784 Β
1959 1738 2145 1810 (Ιοαη,
2174 1756 2210 1801 ι,
2242 1739 2354 1807 53).
2404 1738 2461 1791 In
2520 1736 2785 1791 zacharia
2816 1750 3034 1805 quoque
3076 1732 3314 1803 legimus
3362 1744 3528 1800 super

264 1837 382 1903 η).
414 1833 511 1889 Sin
546 1842 728 1887 autem
758 1846 1055 1900 sequamur
1083 1830 1387 1891 historiam,
1416 1844 1482 1882 es
1518 1829 1603 1883 his
1637 1842 1847 1882 seruio-

262 1932 430 1981 nibus
460 1925 798 1987 docebimur,
831 1938 938 1975 non
969 1923 1037 1976 de
1069 1921 1386 1974 mulieribus
1419 1920 1692 1988 prophetae
1728 1930 1852 1970 esse

260 2032 599 2080 sermonem,
634 2030 864 2086 quarum
896 2015 993 2067 viri
1038 2014 1094 2067 in
1143 2012 1328 2081 pmlio
1356 2021 1723 2074 corruerunt;
1758 2010 1851 2064 sed

260 2114 332 2164 de
364 2109 594 2163 urbibus
630 2105 852 2171 Jutlime,
901 2118 1040 2175 quas
1092 2105 1233 2159 iilias
1267 2104 1396 2158 Sion
1454 2102 1767 2172 appellavit,
1799 2110 1854 2154 et

258 2217 495 2270 quarum
535 2200 821 2254 bellatores
840 2198 1164 2251 ceciderunt
1192 2200 1244 2249 in
1271 2198 1588 2250 certamine.
1612 2192 1854 2264 Denique

256 2296 330 2348 de
360 2292 549 2347 eadem
584 2292 715 2345 Sion
745 2304 980 2359 sequens
1011 2287 1311 2342 versiculus
1341 2288 1602 2354 loquitur.

338 2386 519 2455 (Veis.
551 2385 668 2456 20.)
703 2402 723 2435 ‹
767 2385 830 2437 Et
860 2381 1167 2436 monebunt
1195 2390 1360 2449 atque
1387 2379 1645 2448 lugebant
1682 2386 1854 2446 porta

256 2480 482 2550 ejus,ct
509 2479 531 2509 '
558 2477 671 2541 ipsa
703 2476 832 2528 urbs
855 2473 1092 2527 desolata
1124 2472 1333 2526 sedebit
1359 2472 1412 2524 in
1448 2483 1612 2525 terra.
1651 2489 1670 2521 ι
1699 2470 1853 2537 Quod

257 2585 444 2639 usque
497 2569 657 2622 hodie
716 2567 891 2619 oculis
931 2566 1227 2620 cernimus.
1288 2560 1489 2616 Facilis
1552 2554 1852 2616 secundum

266 2664 628 2733 tropologiam
649 2658 1145 2726 interpretatioest,
1170 2655 1315 2724 quod
1334 2654 1852 2723 quicumquelocnm

258 2755 486 2809 dederit
536 2752 770 2814 diabolo,
806 2761 859 2803 et
900 2765 1004 2803 non
1066 2751 1214 2800 omni
1257 2747 1500 2802 cusmdia
1549 2747 1855 2800 servaverit

262 2861 374 2900 eor
398 2860 580 2911 suum,
615 2844 833 2913 lugeant
881 2851 1048 2910 portae
1076 2840 1194 2909 ejus
1222 2855 1237 2895 ς
1286 2850 1339 2893 et
1373 2839 1603 2892 absente
1630 2853 1850 2908 sponso,

261 2956 488 3011 semper
523 2942 575 2992 in
625 2943 768 2991 luctu
822 2938 914 3000 sit,
962 2951 1024 2989 ac
1074 2936 1141 2989 de
1179 2934 1412 2988 excelsis
1461 2948 1753 2999 corruens,
1798 2936 1852 2987 in

261 3046 437 3091 terra:
469 3033 686 3101 pulvere
713 3033 921 3083 sedeat.

1950 1831 2186 1900 lapidem
2241 1845 2408 1883 unum
2470 1835 2679 1898 septem
2741 1826 2955 1892 oculos,
3004 1823 3140 1879 etin
3180 1840 3287 1878 uno
3362 1835 3530 1875 aureo

1955 1923 2284 1977 candelabro
2314 1930 2516 1990 septem
2560 1921 2829 1983 lucernas,
2858 1928 2915 1972 et
2964 1925 3169 1985 septem
3214 1914 3529 1974 sun‘usoria,

1956 2028 2021 2067 ac
2051 2016 2185 2068 duas
2220 2015 2393 2068 olivas
2420 2028 2484 2066 ex
2526 2026 2754 2082 utraque
2812 2021 2967 2080 parte
3025 2008 3316 2077 lampadis,
3371 2007 3528 2060 lirma

1952 2106 2138 2159 radice
2194 2104 2449 2158 fundatas
2506 2101 2695 2175 (Zaclt.
2754 2103 2854 2171 tv).
2906 2100 3060 2168 Quod
3126 2109 3306 2155 autem
3357 2100 3530 2168 gratia

1956 2197 2134 2250 sancti
2171 2194 2406 2265 Spiritus
2437 2207 2633 2250 cuncta
2694 2196 2992 2263 possideat,
3039 2192 3378 2262 expositione
3419 2208 3527 2247 non

1956 2287 2184 2357 indiget.
2221 2285 2327 2343 Sed
2365 2289 2489 2357 quia
2517 2289 2571 2342 in
2620 2288 2930 2342 hominibus
2966 2303 3182 2358 semper
3219 2287 3535 2359 patiebatur

1956 2382 2328 2449 approbrium,
2363 2381 2513 2435 nullo
2539 2381 2772 2439 vivente.
2802 2389 2860 2433 ut
2889 2380 3126 2448 Spiritus
3176 2380 3355 2434 sancti
3392 2380 3532 2432 dona

1956 2477 2274 2542 poscebant,
2329 2485 2611 2544 propterea
2648 2473 2776 2527 Jesu
2812 2488 3007 2526 nomen
3041 2473 3144 2527 sibi
3182 2476 3406 2541 cupiunt
3450 2472 3532 2525 in-

1958 2566 2161 2627 vorari,
2197 2575 2253 2619 ut
2285 2570 2427 2634 quod
2458 2565 2507 2618 in
2530 2564 2671 2634 Lege
2698 2563 3073 2634 imperfectum
3096 2576 3239 2627 erat,
3272 2561 3532 2618 inEvan-

1953 2661 2098 2729 gelio
2124 2660 2479 2730 compleatur.

2031 2753 2207 2824 (Vers.
2242 2753 2299 2818 2,
2332 2752 2412 2818 ὃ.)
2456 2770 2475 2803 t
2520 2751 2580 2805 lo
2605 2752 2690 2804 die
2723 2750 2807 2803 illa
2839 2752 2942 2806 crit
2974 2766 3192 2822 germen
3228 2750 3437 2804 Domini
3476 2752 3531 2803 in

1961 2845 2363 2916 magniﬁcentia
2410 2853 2463 2898 et
2501 2845 2551 2897 in
2586 2843 2755 2916 gloria
2785 2862 2800 2899 :
2833 2856 2887 2897 et
2922 2844 3129 2899 fructus
3165 2852 3322 2897 terras
3358 2843 3528 2897 subli-

1961 2940 2081 2999 mis,
2117 2946 2170 2989 et
2210 2937 2505 2991 exsultatio
2542 2937 2626 2991 liis
2656 2937 2743 3004 qui
2769 2937 2959 2991 salvati
2998 2938 3196 2990 fuerint
3237 2937 3303 2992 de
3344 2936 3535 2991 Isracl.

1961 3026 2024 3081 Et
2053 3030 2179 3090 erit,
2215 3029 2394 3082 omnis
2431 3029 2521 3097 qui
2565 3030 2781 3083 relictus
2825 3029 2984 3084 fuerit
3018 3033 3068 3083 in
3105 3029 3260 3096 Sion,
3305 3039 3359 3083 et
3394 3031 3536 3085 resi-

348 3093 503 3199 (cui.
530 3122 619 3177 IV.
652 3151 722 3163 -
756 3121 887 3175 νιττδ
918 3120 989 3189 ι.)
1020 3136 1039 3170 ‹
1076 3119 1145 3173 Et
1180 3118 1585 3188 apprehendent
1641 3124 1850 3184 septem
1880 3093 1926 3155 ε
1958 3120 2099 3175 duus
2142 3122 2194 3175 in
2233 3093 2559 3186 Jerusalem,
2593 3135 2822 3177 sanctus
2874 3123 3176 3191 vocabitur,
3224 3093 3402 3178 omnis
3443 3144 3493 3194 ιιι
3521 3129 3536 3181 i

263 3222 532 3275 mulieres
572 3218 742 3267 \ltttlll
779 3230 947 3267 unum
984 3216 1035 3265 in
1084 3214 1168 3265 die
1202 3212 1309 3274 illa,
1340 3211 1623 3263 dicentes:
1656 3208 1853 3262 l’anem

266 3323 524 3367 uestrum
559 3306 930 3370 comedemus,
968 3315 1023 3357 et
1076 3301 1416 3356 vestimentis
1471 3302 1676 3355 nostris
1726 3314 1855 3368 ope-

262 3404 507 3463 riemur,
546 3399 920 3453 tantummodo
951 3395 1236 3476 invo'cetur
1263 3407 1455 3446 nomen
1510 3401 1660 3445 tuum
1694 3407 1858 3461 super

272 3505 385 3547 nos
413 3509 427 3545 :
464 3489 621 3543 anl'cr
649 3487 999 3558 opprobrium
1027 3496 1298 3541 nostrum.
1331 3505 1350 3539 s
1381 3486 1514 3542 Cum
1549 3486 1856 3556 pulcheiri-

268 3587 352 3639 mi
385 3585 534 3637 urbis
551 3580 849 3636 JeruSaIem
882 3580 1060 3650 gladio
1094 3579 1410 3643 occiderint,
1436 3589 1490 3631 et
1520 3580 1689 3632 fortes
1718 3591 1856 3647 per-

271 3678 445 3731 ierint
472 3677 523 3729 in
565 3674 756 3744 praelio
789 3712 804 3738 ,
878 3686 933 3726 et
966 3674 1305 3733 inaruerint,
1355 3672 1699 3740 luxuriatque
1730 3684 1858 3739 por—

266 3771 485 3835 twejus
517 3785 532 3834 ;
564 3778 618 3823 et
654 3769 769 3838 ipsa
820 3765 985 3821 fuerit
1037 3765 1280 3819 desolata
1309 3764 1623 3819 obnimiatn
1678 3763 1857 3817 homi-

268 3877 409 3916 num
486 3862 797 3919 raritatem.
848 3858 1153 3911 interiectis
1231 3856 1605 3922 bellatoribus,
1646 3865 1855 3925 septem

276 3954 539 4006 mulieres
590 3950 1003 4019 sppreliendent
1092 3964 1257 4002 unum
1317 3948 1516 4013 vitum,
1576 3949 1860 4017 cupientes

272 4044 485 4097 habere
512 4058 698 4097 semen
728 4042 779 4094 in
818 4040 974 4107 Sion,
1000 4050 1055 4095 et
1074 4040 1409 4095 domesticos
1442 4038 1812 4093 inJerusalem
1836 4055 1856 4093 :

266 4136 464 4190 cibum
494 4141 547 4187 et
575 4133 961 4186 vestimentum
1000 4147 1061 4185 se
1094 4133 1296 4185 habere
1330 4133 1579 4184 dicentes
1604 4168 1620 4195 ,
1651 4140 1857 4184 tantum

274 4243 351 4281 ne
378 4227 586 4294 absque
611 4226 808 4279 marito
837 4238 963 4279 esse
997 4223 1314 4289 videantur,
1347 4231 1404 4277 et
1436 4223 1725 4291 subjacere
1776 4222 1858 4275 illi

273 4318 594 4382 maledicto,
620 4317 646 4348 ³
673 4316 819 4386 quod
851 4319 1117 4385 scriptum
1139 4329 1223 4370 est
1257 4331 1275 4369 :
1311 4315 1599 4370 Maledicta
1641 4315 1858 4379 sterilis,

1958 3214 2192 3280 scriptus
2219 3224 2303 3269 est
2332 3215 2383 3267 in
2421 3214 2526 3267 vita
2560 3214 2610 3266 in
2637 3210 2959 3267 Jerusalem.
3008 3232 3025 3265 ι
3071 3214 3205 3268 Cum
3238 3215 3358 3270 filia:
3403 3214 3531 3271 Sion

1958 3321 2180 3379 propter
2210 3309 2518 3378 superbiam
2541 3324 2755 3363 omnem
2782 3319 3031 3363 ornatum
3069 3310 3401 3379 perdiderint
3432 3330 3447 3367 :
3479 3326 3537 3367 et

1963 3403 2279 3454 mmruerint
2303 3402 2645 3470 luxerintqne
2676 3414 2842 3471 porta:
2869 3404 3005 3474 ejus,
3027 3415 3081 3459 et
3111 3404 3224 3474 ipsa
3256 3405 3494 3461 desolata
3514 3408 3537 3439 ⁸

1962 3492 2283 3556 conciderit,
2322 3509 2616 3562 omnesque
2674 3495 2960 3550 bellatores
2990 3495 3111 3566 ejus
3166 3496 3426 3566 perierint
3480 3499 3535 3553 in

1963 3584 2168 3651 prmlio,
2195 3585 2247 3638 in
2284 3597 2490 3639 tantum
2534 3596 2593 3642 ut
2636 3588 2819 3641 multa:
2860 3589 3116 3645 mulieres
3150 3604 3312 3645 unum
3361 3590 3536 3647 tironi

1962 3672 2164 3729 habere
2196 3678 2284 3730 vix
2334 3678 2543 3747 possint
2574 3695 2590 3733 :
2625 3688 2753 3733 tunc
2794 3680 3003 3734 orietur
3042 3696 3263 3750 germen
3295 3683 3537 3737 nomini.

1960 3766 2342 3833 Christiani,“
2360 3779 2501 3823 terra
2517 3770 2662 3824 dabit
2684 3771 2916 3840 fructum
2942 3788 3094 3825 suum
3118 3771 3294 3836 (Psal.
3314 3789 3536 3832 Luxu.

1966 3867 2055 3936 13)
2086 3865 2490 3923 :etexsultatio
2517 3865 2620 3918 erit
2656 3864 2740 3919 bis
2766 3865 2857 3934 qui
2892 3866 2961 3921 de
2996 3866 3163 3922 Israel
3201 3868 3393 3922 salvsti
3426 3867 3538 3922 fui-—

1964 3961 2095 4023 riut,
2125 3960 2192 4014 de
2218 3958 2415 4029 quibus
2456 3969 2514 4012 et
2542 3972 2701 4028 supra
2734 3958 2937 4013 dictum
2969 3968 3052 4014 est
3085 3978 3099 4016 :
3130 3958 3255 4014 Nisi
3282 3958 3538 4014 Dominus

1961 4049 2195 4105 Sabaoth
2224 4050 2520 4121 reliquisset
2550 4050 2697 4103 nobis
2723 4065 2917 4117 semen,
2946 4053 3099 4121 quasi
3126 4050 3359 4106 Sodoma
3399 4070 3507 4107 esse
3527 4084 3539 4094 ο

1963 4159 2099 4207 mus,
2138 4153 2189 4196 et
2230 4143 2430 4197 similes
2471 4140 2772 4197 Gomorrlue
2802 4143 3084 4213 fuissemus
3100 4144 3416 4218 .(Isa.t,9).
3470 4146 3538 4200 Et

1960 4250 2089 4290 uota
2126 4238 2270 4306 quod
2320 4251 2428 4289 non
2459 4237 2637 4291 omnis
2673 4236 2834 4291 Israel
2875 4234 3133 4306 salvetur,
3174 4240 3268 4294 sed
3298 4242 3540 4311 reliquid:

1965 4328 2144 4398 populi
2173 4328 2328 4392 Sion,
2367 4336 2423 4384 et
2464 4327 2714 4383 residuus
2759 4329 2813 4383 in
2843 4328 3143 4387 Jerusalem
3180 4349 3197 4387 :
3237 4333 3416 4390 omnis
3449 4351 3539 4405 qui

270 4420 332 4463 et
370 4424 486 4479 quis:
530 4425 633 4461 non
662 4407 794 4477 facis
821 4422 995 4460 semen
1027 4411 1082 4459 in
1115 4405 1288 4460 Israel
1318 4403 1522 4474 (Exod.
1545 4420 1705 4470 mit,
1737 4404 1851 4474 26).

1961 4421 2200 4490 scriptus
2222 4431 2306 4476 est
2330 4421 2385 4474 in
2419 4422 2526 4475 vita
2552 4420 2604 4474 in
2632 4421 2953 4491 Jerusalem,
2976 4426 3177 4495 quibus
3202 4436 3256 4480 et
3281 4403 3542 4483 Dominus

268 4503 575 4560 Zacharias
606 4518 825 4572 quoque
869 4503 995 4557 huic
1019 4503 1271 4572 congruit
1303 4503 1484 4557 sensui
1517 4514 1532 4554 ι
1564 4498 1632 4554 In
1670 4501 1854 4555 diebus

272 4600 392 4653 illis
432 4596 821 4669 apprehendent
848 4594 1027 4649 decem
1073 4597 1311 4650 homines
1358 4610 1424 4650 ea:
1458 4595 1701 4648 omnibus
1755 4593 1857 4646 lin-

265 4694 391 4762 guis
419 4692 649 4762 gentium
678 4688 944 4756 ﬁmbriam
974 4688 1073 4741 uiri
1110 4686 1287 4742 λιιάωὶ
1341 4688 1571 4741 dicentes
1602 4703 1620 4741 :
1655 4684 1859 4738 Ibimus

270 4787 562 4847 vobiscum,
610 4784 907 4837 audivimus
953 4784 1092 4835 enim
1126 4782 1375 4853 quoniam
1406 4781 1545 4835 Deus
1594 4779 1858 4833 vobiscum

264 4890 351 4936 est
373 4878 558 4947 (Zach.
589 4893 701 4938 vni,
731 4876 850 4945 23).
884 4876 1240 4944 Septenarius
1269 4884 1325 4929 et
1360 4872 1622 4928 denarius
1669 4887 1860 4927 nume-

273 4985 375 5027 rus
400 4978 630 5039 propter
678 4968 999 5032 Sabbatum,
1046 4977 1105 5021 et
1135 4969 1320 5021 decem
1375 4974 1643 5036 pracepta
1698 4962 1856 5035 legis,

262 5062 482 5119 Iudicis
515 5062 802 5116 familiaris
821 5069 953 5128 est;
1010 5070 1066 5115 et
1096 5061 1217 5114 ideo
1248 5059 1353 5114 hoc
1380 5059 1694 5129 frequenter
1728 5060 1861 5112 abu.

268 5166 473 5211 tantur
496 5193 513 5219 ,
543 5155 670 5209 licet
689 5154 846 5224 juxta
876 5150 1091 5208 Hebraei
1129 5151 1399 5207 sermonis
1417 5149 1856 5221 ambiguitatem,

262 5248 365 5319 qui
396 5248 622 5302 verbum
679 5260 808 5300 sses
836 5246 1033 5315 tm),
1070 5259 1213 5297 nunc
1246 5253 1462 5312 septem,
1491 5255 1639 5296 nunc
1654 5240 1855 5312 plures,

262 5355 424 5397 nunc
438 5345 803 5410 juraiueuium
841 5340 1289 5410 interpretantur,
1312 5340 1482 5406 possit
1509 5337 1564 5391 in
1602 5338 1704 5393 hoc
1735 5337 1857 5392 loco

346 5509 365 5540 ⁸
387 5505 505 5562 Duo
528 5523 659 5560 mss.
685 5505 859 5562 Vatic.
882 5516 934 5561 et
962 5506 1134 5562 Palat.
1156 5522 1345 5562 exuere
1376 5508 1720 5575 vestimentis,
1743 5520 1857 5565 etc.

344 5581 371 5612 ²
404 5576 576 5702 νοεῖς
603 5588 653 5632 et
679 5578 792 5647 ipsa
821 5580 943 5631 urbs
974 5580 1025 5632 in
1056 5579 1221 5635 llebr.
1241 5590 1334 5633 aut
1364 5578 1589 5635 Hieron.
1621 5581 1857 5636 version.

344 5665 382 5702 ιι
418 5662 521 5702 sua
554 5687 570 5702 .

256 5665 382 5709 non
418 5662 570 5702 sunt.

337 5719 364 5750 ³
394 5716 566 5774 Palat.
594 5734 697 5788 quo
727 5717 983 5786 scriptum
1017 5729 1116 5774 est.
1159 5718 1234 5776 De
1265 5720 1366 5778 hoc
1394 5731 1575 5778 autem
1616 5718 1863 5793 Scriptu-

606 5816 876 5877 Ps'rnor..
920 5817 1155 5882 XXIV.

1966 4511 2291 4582 loquebatur
2308 4530 2331 4569 :
2351 4514 2608 4580 Gaudete,
2638 4519 2886 4586 quoniam
2915 4519 3131 4573 nomina
3153 4532 3322 4576 vestra
3343 4522 3541 4593 scriptu

1964 4616 2087 4659 sunt
2132 4606 2187 4660 in
2236 4607 2377 4662 caelis
2421 4607 2575 4680 (Luc.
2609 4624 2664 4677 ι,
2695 4608 2810 4679 20).
2863 4611 2978 4683 66
3017 4611 3297 4684 Signiﬁcat
3361 4628 3539 4671 autem

1962 4698 2238 4767 apostolos
2266 4710 2321 4752 et
2348 4713 2442 4754 eos
2473 4700 2563 4770 qui
2598 4715 2697 4771 per
2724 4704 3002 4771 apostolos
3029 4704 3395 4759 crediderunt.

2037 4792 2219 4862 (Vers.
2245 4791 2325 4864 ι.)
2359 4811 2379 4845 ‹
2405 4793 2541 4848 Cum
2564 4793 2797 4849 abluerit
2821 4793 3083 4851 Dominus
3101 4801 3286 4851 sordes
3306 4797 3537 4854 filiarum

1966 4883 2121 4949 Sion,
2150 4895 2202 4937 et
2229 4885 2547 4956 sanguinem
2581 4886 2885 4944 Jerusalem
2911 4889 3104 4945 laverit
3133 4890 3200 4945 de
3226 4892 3403 4947 medio
3424 4894 3541 4962 ejus

1968 4976 2021 5031 io
2062 4978 2257 5047 spiritu
2292 4977 2482 5048 judicii
2524 4991 2579 5035 et
2618 4982 2814 5050 spiritu
2854 4982 3273 5040 combustionis.
3321 5004 3343 5043 s
3388 4985 3542 5044 Tune

1966 5070 2321 5125 salvabuutur
2344 5070 2587 5142 reliquiae
2603 5074 2668 5127 de
2689 5071 2874 5135 Israel.
2898 5074 3115 5144 quando
3137 5075 3192 5130 in
3212 5073 3541 5147 baptismate

1968 5164 2266 5219 Salvatoris
2288 5165 2368 5220 eis
2390 5164 2593 5221 fuerint
2622 5177 2842 5237 peccata
2865 5164 3109 5231 dimissa,
3134 5179 3188 5225 et
3210 5171 3299 5225 ille
3317 5177 3543 5243 sanguis

1964 5257 2205 5321 ablutus,
2234 5274 2395 5329 quem
2435 5274 2601 5331 super
2633 5274 2694 5314 se
2720 5273 2911 5314 errans
2941 5262 3173 5332 populus
3209 5265 3542 5335 imprecatus

1965 5359 2051 5403 est
2075 5364 2097 5402 :
2132 5347 2362 5419 Sanguis
2395 5350 2511 5419 eius
2543 5366 2700 5421 super
2727 5367 2843 5419 nos,
2881 5362 2933 5406 et
2975 5371 3135 5426 super
3158 5356 3298 5425 [tios
3333 5371 3541 5414 nostros

1970 5522 2044 5562 rte
2073 5516 2222 5561 testu
2255 5506 2377 5561 vide
2404 5521 2527 5576 qua:
2551 5505 2621 5562 ad
2669 5508 2830 5577 epist.
2860 5510 3154 5566 secundam
3219 5511 3541 5569 Post-bidens

1968 5586 2313 5632 annotantus.

2037 5648 2059 5677 ⁸
2089 5644 2359 5703 Victorius
2379 5647 2457 5703 ait
2484 5645 2753 5705 :Coustat
2783 5665 2850 5706 ex
2896 5658 3044 5706 textu
3068 5661 3122 5706 et
3148 5662 3547 5708 commentario

1971 5719 2027 5776 in
2045 5718 2156 5773 tiae
2172 5720 2536 5788 praecedentis
2555 5721 2754 5791 capitis
2773 5736 2895 5781 esse
2921 5721 3208 5793 legendum
3229 5724 3546 5782 conscch

3142 5820 3184 5880 3
