3980 6200
226 250 302 314 ἾῚ

977 244 1464 307 COMMENTAR
1510 246 1592 308 IN
1634 247 1903 310 ISAIAM
1938 242 2405 310 [ἬΟΡΗΕΤΑΜ
2447 243 2591 304 LIB.
2629 239 2710 304 ll.
3418 248 3491 312 78

243 365 461 419 Domino
496 363 759 418 canticum
807 378 1019 428 novum,
1065 362 1191 429 quia
1234 360 1497 415 mirabilia
1531 362 1677 430 fecit.
1719 362 1814 416 Os-
1845 365 1895 423 Α
1924 360 2225 431 susceperit
2268 358 2640 413 doctrinarum
2664 398 2678 422 ,
2712 356 2836 427 quia
2872 359 3143 426 prurit-rita
3180 362 3316 414 dona
3362 378 3493 415 con'

234 455 399 508 trudit
435 454 689 507 Dominus
715 452 953 507 salutare
981 468 1156 515 suum,
1185 452 1239 504 in
1276 463 1551 518 conspectu
1577 454 1813 521 gentium

234 544 769 615 rerclaritjustitiam
803 560 951 596 suam
975 541 1089 612 (Ps.
1113 557 1275 604 xcvu,
1307 541 1358 605 l,
1379 540 1459 602 2).

311 656 328 687 ι
362 635 530 690 Vinea
556 635 697 689 facta
715 644 798 688 est
819 636 1013 688 dilecto
1035 635 1054 665 ¹
1082 650 1203 686 meo
1231 634 1282 686 iit
1309 647 1479 686 cornu
1504 630 1613 684 lilio
1634 628 1754 682 olei.
1790 649 1809 680 ι

239 727 348 781 Iloc
375 729 531 796 juxta
569 727 895 781 llebraicum
925 725 1227 779 Theodotio
1258 735 1313 778 et
1344 724 1535 794 Aquila
1575 732 1813 776 transtu-

240 822 418 873 l.-t-nnt
458 836 474 887 ;
508 819 864 890 Symmachus
892 830 1068 872 autem
1105 833 1255 871 more
1281 832 1380 872 suo
1420 815 1760 869 manifestius
1795 832 1811 867 :

244 906 400 962 νέηαι
438 920 583 976 [acta
612 918 692 962 est
719 909 909 961 dilecto
940 924 1052 961 meo
1083 909 1136 961 t'tt
1163 924 1325 967 cornu
1350 906 1403 959 in
1439 907 1606 959 medio
1641 904 1813 958 oliva-

236 1016 372 1051 rum.
395 1001 566 1054 Porro
587 998 727 1053 LXX
745 1015 966 1052 sensum
1002 998 1170 1067 magis
1200 1014 1363 1065 quam
1396 998 1618 1050 verbum
1649 998 1814 1048 inter-

233 1095 423 1159 pretati
458 1104 579 1146 sunt
605 1108 620 1147 :
651 1091 810 1147 Vinea
838 1092 983 1162 facta
1014 1100 1089 1143 est
1118 1089 1438 1142 dilectarum
1467 1088 1520 1140 in
1551 1103 1731 1150 cornu,
1756 1086 1811 1139 in

232 1182 347 1235 loco
370 1185 581 1254 pingui,
612 1187 728 1239 sive
768 1186 935 1247 uberi,
965 1183 1105 1236 πξων
1143 1182 1285 1236 enim
1321 1191 1611 1249 utrtttnque
1641 1180 1811 1246 signi-

233 1276 384 1331 ﬁx‘al.
410 1278 474 1330 Et
498 1291 683 1330 revera
720 1276 852 1329 nihil
882 1284 1024 1330 terra
1046 1272 1513 1344 Repromissionis
1536 1270 1809 1339 pinguius,

232 1372 277 1425 si
315 1387 421 1421 non
465 1380 721 1423 montana
754 1383 981 1439 quicque
1009 1377 1171 1436 atque
1194 1366 1432 1426 deserta,
1465 1364 1559 1418 sed
1592 1378 1809 1417 omnem

237 1460 381 1513 illius
416 1460 759 1514 latitudinem
796 1457 1131 1521 consideres,
1166 1472 1194 1507 ιι
1231 1456 1346 1508 rivo
1375 1451 1597 1522 Egypti
1634 1456 1811 1520 usque

238 1558 301 1610 ad
330 1558 531 1611 numen
558 1570 809 1623 maguum
839 1554 1166 1621 Euphratem
1194 1560 1384 1606 contra
1402 1547 1683 1604 Orientem
1713 1555 1729 1597 ξ
1757 1554 1811 1600 ct

238 1650 302 1702 ad
322 1645 799 1715 septentrionalem
815 1644 1022 1713 plagam
1043 1656 1211 1711 usque
1226 1641 1292 1695 ad
1310 1638 1548 1694 Taurum
1568 1647 1807 1690 montem

1916 451 2218 521 tettlpserit.

1990 560 2007 591 ι
2056 540 2123 594 Ει
2150 540 2481 608 exSpectavi,
2517 551 2573 595 ut
2606 540 2809 596 faceret
2842 555 2993 605 uvas,
3019 551 3073 596 ct
3106 541 3233 597 fecit
3264 543 3485 598 labrus-

1915 646 2026 685 cas.
2069 650 2088 683 ι
2125 630 2229 684 Pro
2250 631 2533 692 labruscis,
2564 649 2700 698 quas
2731 648 2827 686 nos
2851 633 3138 697 venimus,
3174 635 3224 687 itt
3259 633 3488 689 ilcbrmn
3542 670 3545 675 ν

1915 724 2179 790 scriptum
2211 733 2292 777 est
2319 740 2473 778 BUsll
2509 723 2742 794 (:waz)
2770 744 2784 779 :
2813 727 2953 793 quod
2982 727 3173 796 Aquila
3220 729 3493 796 interpre-

1917 826 2057 869 tatus
2083 826 2188 879 est,
2223 820 2243 848 ¹
2280 818 2537 887 σαπρξας,
2572 819 2623 872 id
2657 830 2762 883 est,
2796 822 3000 888 [ructus
3026 822 3300 887 pessimos.
3335 820 3493 891 Sym-

1917 908 2141 960 tnachus
2178 907 2367 978 ἀτελῆ,
2391 910 2495 962 hoi-
2520 921 2626 973 est,
2667 910 3034 980 imperfectos:
3081 910 3218 964 LXX
3242 912 3493 966 et'l'heo-

1915 998 2063 1051 tlotio
2084 1000 2300 1066 spinas;
2322 1003 2517 1071 quibus
2546 1000 2714 1056 Judaei
2750 1000 3034 1055 Dominum
3066 1017 3489 1058 coronaverunt.

1916 1088 2013 1144 Illo
2041 1091 2187 1144 enim
2213 1102 2587 1160 exSpectaute,
2618 1103 2673 1146 ιιι
2709 1094 2994 1147 vindemia:
3027 1104 3274 1163 tempore
3303 1095 3486 1149 defer-

1916 1191 2037 1234 rent
2073 1180 2181 1249 70
2228 1196 2364 1235 uvas
2409 1182 2474 1236 ad
2512 1184 2752 1236 torcular
2777 1200 2828 1247 a,
2873 1200 2971 1253 pro
3016 1186 3217 1253 quibus
3261 1195 3486 1239 octavus

1912 1283 1967 1324 et
2009 1273 2371 1340 octogesimus
2411 1275 2604 1328 tertius
2637 1277 2871 1342 psalmus
2924 1277 3130 1330 habent
3159 1277 3368 1343 titulos,
3405 1277 3493 1334 ἱειί

1914 1373 1974 1414 se
1999 1363 2149 1436 (‘IlI'lS_
2168 1371 2223 1417 et
2254 1364 2395 1417 vitiis
2425 1367 2606 1420 surculi
2636 1365 3033 1437 demergeutcs,
3063 1383 3182 1437 qua:
3215 1369 3268 1421 in
3309 1368 3487 1421 Evan-

1912 1469 1944 1525 ε
1968 1455 2050 1507 lin
2082 1454 2278 1526 (Marc.
2316 1458 2388 1528 Iv)
2424 1457 2595 1527 apinae
2624 1459 3084 1528 interpretantur,
3119 1460 3485 1530 blasphemia-

1914 1561 2032 1598 rum
2065 1546 2315 1601 stitnulos
2357 1548 2694 1604 obtulerunt.
2725 1550 2863 1605 Puto
2890 1563 3071 1606 autem
3115 1551 3308 1606 melius
3341 1566 3485 1612 esse,

1911 1636 2095 1692 Busint
2144 1640 2443 1706 labruscas,
2476 1656 2640 1710 quam
2684 1643 2871 1712 spinas
2910 1643 3157 1714 intelligi,
3191 1653 3249 1698 ut
3290 1655 3486 1713 emptae

237 1747 291 1789 et
323 1734 655 1805 Zephyrium
695 1732 933 1795 Ciliciae,
979 1734 1121 1801 quod
1165 1731 1299 1784 mari
1325 1728 1592 1783 imminet.
1625 1725 1805 1781 Cornu
1840 1746 1882 1800 ιι
1914 1732 2284 1787 translationis
2315 1734 2618 1789 similitudo
2654 1746 2926 1792 servetur.
2966 1736 3123 1792 Unde
3151 1748 3203 1790 et
3238 1734 3492 1790 Salvator

238 1842 418 1880 autem
460 1841 684 1897 regnum
725 1824 1055 1894 signiﬁcare,
1089 1832 1144 1875 et
1177 1821 1472 1891 potentiam
1504 1833 1644 1886 saepe
1676 1815 1807 1885 legiv

234 1937 376 1986 ntus,
408 1931 468 1973 ut
498 1931 580 1972 est
606 1918 736 1971 illud
766 1918 819 1970 iit
844 1915 1129 1985 Evangelia
1155 1930 1175 1969 :
1209 1912 1499 1971 Suscitavit
1526 1927 1691 1965 cornu
1724 1926 1810 1963 sa-

236 2015 361 2067 lutis
392 2025 587 2066 nostra:
614 2012 669 2064 in
692 2012 847 2064 domo
871 2008 1038 2063 David
1059 2008 1309 2073 puerisui
1332 2005 1486 2076 (Luc.
1514 2020 1550 2069 ι,
1570 2002 1681 2063 69).
1709 2002 1810 2067 Et:

239 2106 298 2159 In
336 2122 384 2158 te
412 2105 657 2159 inimicos
686 2114 892 2158 nostros
927 2118 1088 2156 cornu
1119 2100 1485 2155 ventilabimus
1514 2096 1625 2168 (Ps.
1659 2112 1809 2160 xuii,

241 2199 315 2259 6).
350 2197 462 2269 69
494 2197 556 2250 Et
588 2197 641 2250 in
673 2195 930 2249 Zacharia
961 2203 1198 2264 quatuor
1223 2207 1426 2248 cornua
1459 2199 1692 2258 quatuor
1720 2203 1815 2257 po-

238 2292 541 2346 lentissima
572 2304 731 2359 regna
761 2282 1328 2353 demonstrant(Zach.
1350 2282 1413 2353 t).
1439 2278 1644 2335 llebrtei
1670 2279 1816 2334 hunc

238 2388 411 2439 lorum
449 2389 519 2436 ita
552 2386 897 2439 edisserunt:
932 2378 1099 2432 Vinea
1130 2378 1348 2432 Christo
1378 2374 1616 2443 plautata
1647 2384 1728 2426 est
1761 2373 1812 2424 in

232 2492 428 2541 cornu,
472 2476 521 2527 id
564 2484 670 2538 est,
712 2472 768 2525 in
803 2471 927 2524 forti
963 2468 1088 2522 loco
1118 2480 1282 2538 atque
1321 2463 1562 2526 sublimi,
1596 2465 1686 2529 qui
1716 2476 1812 2531 ap-

236 2569 472 2638 pellatur
502 2566 641 2619 ﬁlius
662 2563 788 2629 olei,
821 2563 901 2616 vel
930 2563 1074 2630 quod
1103 2562 1339 2629 indigeat
1370 2555 1465 2610 Dei
1504 2554 1815 2609 misericor-

234 2676 341 2724 «ιιι,
371 2675 423 2715 et
476 2662 595 2728 ejus
644 2667 978 2711 sustentetur
1023 2654 1224 2706 auxilio
1254 2665 1267 2703 :
1297 2649 1379 2704 vel
1430 2647 1574 2717 quod
1605 2647 1816 2700 cunctis

237 2772 281 2823 ει
304 2755 491 2806 ιιιὶιιιιε
517 2750 723 2803 clarum
760 2744 849 2799 Dei
880 2744 1083 2798 notitiae
1110 2742 1287 2794 lumen
1318 2737 1630 2808 praebuerit.

307 2844 488 2912 (νει-ε.
506 2842 587 2907 2).
619 2860 637 2889 ι
666 2838 732 2891 Et
756 2837 926 2907 sepsit
948 2849 1092 2899 eam,
1113 2843 1167 2887 et
1194 2830 1399 2900 lapides
1421 2827 1584 2897 elegit
1608 2840 1674 2878 ex
1699 2824 1812 2886 illa,

184 2954 191 2965 '
237 2954 284 2988 ει
310 2933 577 3003 piantatit
615 2934 826 2984 vineam
866 2929 1054 2989 Soret',
1098 2934 1151 2979 et
1191 2921 1479 2977 aediﬁcavit
1523 2921 1717 2972 turrim
1762 2916 1816 2969 in

238 3032 416 3080 medio
443 3025 582 3093 ejus,
614 3031 668 3075 et
696 3020 933 3076 torcular
955 3015 1221 3072 exstruxit
1252 3015 1308 3069 in
1337 3028 1420 3068 ea.
1462 3029 1483 3064 ι
1519 3012 1620 3065 Per
1646 3019 1816 3062 meta-

236 3124 485 3188 phoram,
512 3128 569 3169 ut
598 3116 745 3184 ptius
774 3111 1030 3175 diximus,
1055 3109 1224 3162 vinem
1267 3106 1529 3160 describit
1552 3101 1810 3173 populum

234 3212 567 3272 Jadxorum,
599 3221 759 3276 quem
793 3206 959 3274 sepsit
995 3203 1307 3271 angelorum
1362 3197 1581 3252 auxilio.
1632 3195 1694 3248 Et
1739 3195 1816 3247 la-

234 3306 388 3373 pides
409 3302 573 3369 elegit
602 3314 668 3352 ex
698 3312 784 3359 c0,
817 3296 895 3350 vel
927 3296 1090 3358 idola,
1118 3292 1202 3347 vel
1235 3291 1414 3345 omnia
1444 3305 1561 3358 qua:
1582 3289 1676 3343 Dei
1701 3288 1818 3341 cul-

240 3407 353 3448 th
403 3400 652 3462 poterant
701 3387 986 3457 impedire.
1020 3385 1084 3438 Et
1127 3384 1397 3453 plantavit
1440 3398 1559 3435 eam
1601 3384 1815 3435 vincam

241 3490 430 3552 Suret',
466 3503 629 3554 quam
664 3485 809 3536 solus
832 3482 1197 3550 Symmachus
1227 3476 1445 3532 electam
1486 3477 1815 3545 interpreta—

239 3591 325 3633 tus
351 3592 458 3643 est,
481 3595 587 3631 non
616 3578 841 3629 verbum
871 3592 902 3627 e
929 3576 1111 3640 verbo,
1142 3584 1198 3623 ιιι
1222 3571 1349 3623 tttihi
1382 3570 1614 3634 videtur,
1634 3566 1815 3636 expri-

240 3687 413 3734 mens,
446 3672 541 3722 scd
575 3685 790 3720 sensum
819 3667 909 3735 qui
943 3676 1153 3719 leuetur
1184 3664 1237 3716 in
1270 3660 1453 3716 verbo.
1482 3662 1646 3714 Aiunt
1674 3659 1816 3713 enim

238 3764 471 3824 llebr.ci,
498 3763 663 3815 Sorec
689 3778 857 3829 genus
877 3773 1005 3813 esse
1034 3757 1155 3809 ιίεἰδ
1180 3755 1415 3824 optimm,
1445 3753 1590 3823 quod
1622 3754 1817 3806 uberes

240 3862 453 3910 [ructus
495 3856 660 3908 iaciat
706 3864 867 3920 atque
940 3864 1254 3921 perpetuos.
1302 3846 1543 3914 Denique
1589 3845 1756 3899 Sorcc
1788 3858 1818 3897 a

237 3951 560 4020 quibusdam
591 3947 965 4015 καλλίκαρπος
996 3950 1383 4014 interpretatur
1413 3940 1605 4011 Lquod
1637 3955 1736 3994 nos
1765 3938 1817 3991 in

240 4043 640 4114 pulcherrimos
669 4041 881 4094 fructus
914 4046 1129 4092 vertere
1170 4048 1480 4105 possumus.
1511 4029 1822 4087 Edilicavit

245 4150 465 4205 quoque
496 4134 686 4187 turrim
721 4132 776 4184 in
808 4128 982 4184 medio
1011 4128 1152 4197 ejus,
1187 4126 1442 4195 templum
1478 4122 1727 4178 videlicet
1763 4122 1817 4175 in

248 4227 426 4280 media
451 4225 688 4288 civitate,
728 4230 784 4276 et
808 4219 1047 4275 torcular
1066 4218 1335 4272 exstruxit
1356 4218 1407 4269 in
1433 4229 1518 4279 ea,
1536 4213 1680 4284 quod
1704 4211 1822 4281 qni-

248 4320 376 4372 tlatu
399 4316 569 4371 altare
588 4313 879 4383 significari
907 4317 1116 4381 potant.
1146 4309 1295 4364 Sicut
1315 4307 1460 4363 enim
1483 4307 1549 4361 ad
1582 4304 1837 4384 torcular

1915 1824 2045 1876 dicit
2065 1822 2114 1874 in
2136 1823 2429 1896 Evangelia
2454 1828 2469 1877 ὲ
2500 1824 2774 1896 Numquid
2793 1827 3042 1899 colligunt
3064 1832 3129 1883 de
3147 1828 3317 1899 spinis
3337 1844 3486 1891 uvas,

1915 1924 2004 1963 aut
2031 1912 2095 1966 de
2121 1913 2331 1967 tribulis
2358 1915 2490 1983 ﬁcus
2519 1915 2730 1985 (Matth.
2762 1933 2853 1984 vit,
2884 1917 3001 1987 ιδῃ

1986 2009 2003 2070 (
2041 2002 2195 2060 Vers.
2222 2007 2277 2070 5,
2307 2005 2387 2076 4.)
2420 2025 2439 2059 ι
2473 2007 2629 2062 Nunc
2655 2010 2676 2039 ⁸
2703 2024 2852 2080 ergo,
2891 2009 3228 2066 habitatores
3263 2008 3489 2066 Jerusa-

1916 2095 2021 2150 lem
2054 2109 2109 2151 et
2157 2100 2252 2152 viri
2325 2098 2484 2167 .luda,
2533 2099 2777 2169 judicate
2836 2104 2980 2158 inter
3034 2119 3123 2159 tne
3176 2113 3228 2159 et
3277 2106 3489 2160 vineam

1920 2204 2091 2242 neam
2132 2206 2145 2242 :
2170 2190 2299 2260 quid
2323 2200 2406 2246 est
2431 2194 2573 2261 quod
2594 2193 2733 2247 ultra
2761 2193 2924 2249 debui
2953 2195 3132 2250 facere
3159 2196 3329 2250 vineae
3356 2212 3490 2250 mea:

1917 2292 1967 2334 ct
2000 2295 2105 2335 non
2139 2280 2359 2336 fecerim
2391 2284 2440 2338 ei
2476 2284 2501 2337 ?
2530 2287 2609 2339 An
2661 2290 2803 2354 quod
2832 2287 3147 2355 exspectavi
3177 2301 3238 2341 ut
3280 2287 3488 2342 faceret

1919 2390 2073 2437 uvas,
2112 2384 2165 2429 et
2217 2373 2346 2429 fecit
2397 2376 2676 2433 labruscas
2711 2378 2776 2431 it
2813 2376 2957 2442 Feci,
2995 2379 3190 2449 inquit,
3233 2378 3487 2434 universa

1917 2481 2037 2532 qute
2071 2466 2228 2519 debui
2261 2466 2532 2534 :plantavi
2571 2469 2782 2521 vineam
2818 2470 2868 2522 in
2900 2469 3018 2524 loco
3049 2469 3349 2533 uberrimo,
3376 2469 3487 2524 cir~

1917 2556 2168 2610 cumdedi
2214 2558 2530 2624 maceriam,
2563 2558 2703 2625 elegi
2759 2559 2985 2628 lapides,
3019 2569 3075 2615 et
3119 2558 3331 2628 ﬂagella
3370 2558 3492 2628 ejus

1916 2651 2206 2704 hastilibus
2259 2649 2591 2720 calathisque
2631 2652 2853 2706 subresi
2886 2667 2901 2715 ;
2944 2650 3069 2706 vitis
3125 2666 3338 2720 quoque
3372 2652 3485 2720 ipsa

1919 2754 2026 2793 non
2059 2739 2160 2794 luit
2193 2754 2297 2794 una
2337 2741 2404 2793 de
2434 2740 2702 2809 pluribus,
2735 2742 2829 2797 sed
2859 2743 3027 2797 electa
3095 2753 3150 2797 et
3181 2743 3488 2816 κιλλίκαρο

1918 2848 2039 2892 mc.
2101 2829 2377 2889 Ediiicavi
2425 2831 2796 2889 ﬁrmissimam
2833 2834 3045 2899 turrim,
3076 2834 3130 2889 iit
3164 2850 3269 2905 qua
3303 2834 3489 2906 fruges

1921 2925 2292 2991 reconderem,
2318 2936 2375 2981 et
2394 2926 2461 2981 de
2492 2942 2595 2997 qua
2637 2926 2959 2983 insidiantes
2984 2926 3232 2996 frugibus
3283 2927 3487 2981 beszias

1919 3018 2338 3087 contemplarer.
2372 3016 2625 3073 Esstrusi
2653 3021 2916 3085 torcular,
2965 3029 3027 3074 ut
3056 3019 3111 3073 in
3142 3020 3330 3074 eodem
3390 3032 3490 3089 po~

1920 3110 2184 3164 tissimunt
2227 3111 2349 3166 loco
2396 3122 2778 3180 premerentur
2827 3127 2967 3178 uvte,
3003 3121 3058 3167 et
3079 3117 3263 3167 viuum
3297 3109 3489 3166 funde-

1919 3210 2058 3257 rent.
2111 3201 2247 3268 Quia
2283 3203 2397 3258 haac
2452 3190 2774 3271 igitur'feci,
2808 3219 2927 3272 qua:
2959 3202 3139 3259 facere
3164 3203 3345 3269 debui,
3402 3219 3500 3258 rc-

1921 3295 2227 3362 spoudeaut
2279 3295 2410 3349 mihi
2437 3295 2772 3365 habitatores
2818 3294 3120 3352 Jerusalem
3165 3307 3217 3352 et
3262 3295 3416 3352 Iuda:
3478 3315 3494 3352 :

1918 3387 2029 3441 imo
2077 3386 2323 3455 judicent
2369 3390 2510 3443 inter
2542 3404 2626 3443 me
2668 3397 2723 3444 et
2767 3391 2977 3443 vineam
3012 3406 3210 3455 meam,
3245 3391 3376 3460 quid
3407 3399 3492 3446 est

1920 3478 2060 3548 quod
2092 3479 2274 3534 facere
2304 3481 2485 3548 debui,
2527 3490 2583 3535 et
2618 3496 2727 3536 non
2772 3480 2993 3538 iecerint
3019 3483 3043 3537 ?
3068 3482 3135 3536 Et
3163 3484 3267 3538 illis
3297 3494 3488 3539 tacen-

1924 3572 2090 3636 tibus,
2156 3572 2271 3626 sibi
2312 3573 2424 3641 ipse
2454 3575 2743 3643 respondet
2776 3591 2790 3627 :
2824 3572 2939 3629 Nisi
2971 3573 3113 3629 forte
3144 3575 3197 3630 itt
3221 3577 3323 3630 hoc
3347 3592 3502 3631 ενι-εις

1923 3665 1994 3727 vi,
2016 3664 2158 3733 quod
2180 3679 2276 3728 pro
2302 3664 2487 3719 labore
2518 3681 2640 3718 tneo
2658 3669 2996 3735 exspectavi,
3023 3679 3078 3720 tit
3102 3684 3233 3722 uvas
3258 3670 3484 3735 laceret,

1924 3771 2027 3808 non
2060 3756 2362 3817 labrusc.ts,
2394 3773 2531 3824 q-tas
2558 3757 2758 3810 inculta
2795 3771 2860 3811 ac
2892 3759 3109 3812 deserta
3140 3761 3292 3813 vinea
3330 3759 3495 3811 allur-

1921 3862 1981 3903 re
2008 3849 2308 3902 consuevit.
2335 3845 2468 3902 Tale
2503 3850 2628 3917 quid
2654 3860 2708 3904 et
2736 3847 2949 3905 Natltan
2995 3853 3262 3921 propheta
3298 3854 3362 3905 ad
3399 3852 3503 3907 Da-

1923 3942 2008 3994 vid
2037 3943 2232 3994 missus
2260 3941 2501 4010 loquitur
2542 3940 2608 4008 (ll
2634 3940 2765 4013 Reg.
2801 3944 2918 4013 stt),
2956 3950 3010 3996 et
3042 3941 3346 4011 interrogat
3372 3958 3495 3996 eum

1922 4047 2009 4102 pet
2045 4033 2384 4103 parabolaut,
2427 4018 2484 4086 ut
2512 4034 2641 4086 dum
2668 4035 2734 4089 de
2767 4033 2875 4087 alio
2903 4033 3135 4103 judicat,
3174 4034 3240 4088 de
3267 4049 3327 4088 se
3367 4049 3498 4104 pro-

1924 4134 2034 4179 mat
2066 4127 2413 4180 sententiam.
2457 4124 2595 4195 Ergo
2628 4135 2681 4179 et
2737 4125 2823 4179 hic
2853 4128 3086 4195 populus
3120 4126 3499 4196 interrogatur

1922 4218 2074 4286 quasi
2106 4220 2171 4271 de
2194 4219 2370 4283 vinea,
2401 4227 2459 4271 ut
2486 4228 2681 4272 contra
2713 4232 2771 4272 se
2800 4218 2913 4285 ipse
2947 4217 3299 4285 respondeat.
3338 4218 3495 4273 lluue

1925 4306 2104 4359 locum
2158 4307 2211 4359 in
2265 4306 2560 4374 Evangelio
2628 4304 2840 4374 plenius
2891 4304 3141 4361 Salvator
3179 4308 3499 4374 exsequitur

242 4425 436 4466 omnes
468 4422 583 4462 uvae
613 4414 1020 4475 comperiantur
1052 4414 1214 4471 atque
1240 4399 1538 4463 ealcantur,
1562 4408 1621 4450 ut
1645 4411 1712 4449 ex
1741 4398 1821 4450 eis
1855 4413 1897 4467 υ
1928 4397 2147 4466 (Matth.
2168 4397 2305 4469 ut),
2327 4409 2379 4452 et
2412 4400 2552 4466 quod
2574 4397 2661 4453 hic
2688 4400 3115 4468 praetermissum
3142 4410 3246 4465 est,
3279 4399 3501 4455 Scribas

243 4502 584 4569 exprimatur
621 4499 828 4563 viuum,
858 4497 937 4549 sic
966 4494 1139 4548 altare
1173 4494 1354 4546 omnis
1387 4487 1569 4560 pepuli
1596 4487 1825 4554 suscipit

241 4595 472 4657 fructus,
501 4602 555 4645 et
585 4591 894 4644 immolatus
940 4587 1150 4643 hostias
1193 4586 1459 4647 devorat;
1501 4580 1653 4650 juxta
1691 4579 1821 4633 illud

240 4685 390 4753 quod
421 4687 486 4736 de
516 4681 822 4751 Benjatnin,
857 4682 909 4734 in
955 4679 1110 4748 cujus
1154 4679 1296 4732 tribu
1339 4674 1593 4743 templum
1630 4671 1733 4726 fuit
1769 4680 1825 4725 et

236 4777 442 4839 altare,
461 4774 726 4842 legimus:
756 4772 1035 4842 Benjamiu
1064 4768 1218 4838 lupus
1252 4778 1443 4835 rapax,
1472 4778 1630 4817 mane
1650 4776 1823 4816 conte-

236 4872 333 4920 det
364 4881 383 4919 :
411 4876 461 4919 et
499 4866 567 4920 ad
606 4881 868 4933 vesperam
915 4864 1062 4916 dabit
1105 4879 1277 4917 escam
1320 4859 1478 4933 (Gen.
1526 4874 1671 4922 χιιι,
1704 4854 1820 4916 27).

236 4960 451 5015 Cuncta
475 4976 591 5028 qua:
620 4961 876 5013 dicuntur
900 4958 965 5010 de
992 4959 1151 5010 vinea
1190 4965 1413 5024 possunt
1440 4964 1494 5009 et
1528 4954 1595 5008 ad
1630 4950 1825 5004 animat

236 5054 500 5106 humana:
536 5050 726 5105 referri
760 5061 985 5114 statum,
1019 5065 1136 5117 qua:
1168 5062 1198 5100 a
1226 5047 1334 5100 Deo
1366 5046 1602 5116 plautata
1637 5044 1687 5096 in
1720 5042 1820 5095 bo-

239 5161 403 5205 nun,
444 5159 547 5197 non
585 5160 717 5197 uvas
759 5141 1024 5202 attulerit,
1066 5142 1159 5195 sed
1202 5138 1506 5199 labruscas,
1547 5145 1601 5189 et
1637 5145 1819 5202 postea

236 5239 320 5291 sit
339 5238 531 5288 tradita
555 5236 746 5290 bestiis
765 5235 1137 5289 conculcanda
1167 5252 1180 5287 :
1202 5248 1299 5288 nec
1323 5233 1564 5285 divinum
1589 5227 1821 5280 imbrem

318 5394 335 5424 ¹
362 5393 421 5446 in
473 5391 718 5445 Vaticau.
762 5406 877 5445 meo
924 5392 1014 5446 hic
1040 5401 1202 5460 atque
1226 5387 1364 5444 infra
1388 5394 1702 5442 constanter
1732 5380 1825 5440 dc-

235 5468 541 5521 sitiuntur.

315 5538 334 5565 ¹
392 5533 661 5600 ﬁngis;
693 5530 1041 5600 Manuscripti
1094 5530 1310 5585 codices
1361 5526 1562 5582 habent
1592 5528 1679 5581 hic
1710 5542 1822 5580 me-

236 5608 481 5660 tathestu
514 5622 552 5656 π
585 5617 709 5671 etp.
752 5606 999 5656 scribunt
1019 5602 1393 5669 enimantiqui
1436 5603 1637 5671 notarii
1685 5614 1817 5671 crap-

232 5677 392 5738 πξας.
415 5677 570 5742 Apud
596 5669 800 5728 Amen.
820 5673 859 5726 Ι.
885 5687 927 5739 ι,
946 5674 1187 5743 asapia;
1206 5680 1291 5725 est
1312 5685 1507 5725 nomen
1534 5669 1816 5741 cujusdam

1924 4500 1979 4543 et
2022 4488 2322 4542 Pharisaeos
2353 4489 2671 4555 interrogat.
2708 4487 2764 4541 ltt
2790 4488 2927 4543 Isaia
2955 4490 3099 4544 enim
3133 4490 3267 4544 nihil
3298 4492 3497 4545 dictum

1925 4589 2014 4634 est
2044 4582 2110 4633 de
2149 4579 2424 4649 agricolis,
2456 4595 2553 4634 nec
2585 4595 2707 4647 quas
2767 4581 2979 4649 passuri
3030 4582 3138 4636 sint
3168 4581 3440 4637 indicatur
3478 4597 3494 4643 ;

1926 4675 2019 4725 sed
2064 4683 2271 4743 tantum
2306 4672 2374 4726 de
2406 4673 2562 4726 vinea
2589 4688 2773 4727 sermo
2813 4682 2896 4727 est
2934 4689 2949 4726 :
2985 4674 3059 4728 ibi
3111 4683 3293 4728 autem
3344 4677 3497 4743 quasi

1928 4763 2029 4816 alia
2058 4764 2128 4816 sit
2163 4765 2317 4817 vinea
2342 4774 2395 4816 et
2428 4764 2519 4817 alii
2550 4763 2825 4834 agricolae,
2869 4767 2952 4823 sic
2992 4767 3057 4820 de
3081 4766 3279 4835 popqu
3318 4765 3497 4833 loqui-

1929 4865 2014 4908 tur
2041 4866 2094 4908 et
2124 4854 2418 4923 magistris,
2475 4866 2534 4909 ut
2567 4856 2740 4910 malos
2763 4858 2903 4912 male
2955 4855 3166 4927 perdat,
3195 4864 3248 4910 et
3281 4853 3498 4909 vineam

1926 4947 2053 5001 aliis
2124 4949 2376 5018 agricolis
2428 4947 2590 5013 locet,
2632 4948 2945 5019 signiﬁcans
2993 4948 3272 5018 apostolos
3323 4956 3378 5003 et
3406 4962 3504 5001 eos

1926 5040 2016 5108 qui
2056 5042 2315 5108 apostolis
2357 5044 2666 5098 successuri
2697 5052 2846 5099 sunt.
2866 5040 2976 5096 Nec
3013 5055 3140 5094 vero
3166 5039 3501 5108 ταυτολθγια

1925 5142 2029 5195 est,
2063 5144 2118 5186 nt
2176 5132 2423 5203 plerique
2479 5135 2796 5198 aestimant,
2831 5138 2885 5187 in
2931 5148 2997 5187 eo
3047 5136 3189 5203 quod
3234 5139 3360 5195 ait:
3415 5139 3500 5192 An

1924 5225 2061 5292 quod
2083 5228 2398 5293 exspectavi,
2438 5235 2493 5280 ut
2523 5227 2720 5295 Iaceret
2748 5242 2897 5293 uvas,
2922 5236 2971 5280 et
3003 5229 3124 5298 fecit
3172 5229 3445 5284 labruscas
3473 5231 3500 5282 .’

1922 5388 2035 5442 vini
2076 5387 2221 5456 quod
2252 5388 2503 5458 conditur
2531 5387 2713 5441 herbis
2745 5388 2797 5441 in
2830 5401 2896 5442 eo
2927 5391 3369 5458 putrescentihus
3399 5406 3497 5444 seu

1926 5461 2411 5519 tuarcesceutihus,
2440 5457 2775 5525 odoremque
2799 5457 3007 5513 illarum
3033 5479 3093 5514 es
3125 5478 3366 5515 marcore
3397 5463 3500 5517 isto

1926 5530 2256 5593 concipiens.
2292 5527 2568 5581 Maurum.

1996 5598 2018 5628 ³
2044 5598 2403 5671 idein_\'atic._,
2435 5595 2593 5650 Nunc
2614 5613 2733 5668 ergo
2764 5601 3084 5658 habitatores
3112 5615 3159 5657 et
3190 5604 3284 5661 tiri
3328 5601 3500 5671 ludit.

1926 5670 2134 5739 absque
2162 5667 2462 5724 Jerusalem
2494 5667 2737 5726 nomine.
