  <div class='ocr_page' id='page_1' title='image "/cluster/home/n/w/nwhite01/storage/ocr_20150623/24/hvd.32044096580485/045.png"; bbox 0 0 3962 6192; ppageno 0'>
   <div class='ocr_carea' id='block_1_1' title="bbox 461 255 3710 327">
    <p class='ocr_par' dir='ltr' id='par_1_1' title="bbox 461 255 3710 327">
     <span class='ocr_line' id='line_1_1' title="bbox 461 255 3710 327; baseline -0.004 -1"><span class='ocrx_word' id='word_1_1' title='bbox 461 264 532 327; x_wconf 87' lang='grc'>79</span> <span class='ocrx_word' id='word_1_2' title='bbox 1633 262 1691 324; x_wconf 93' lang='lat' dir='ltr'><strong>S.</strong></span> <span class='ocrx_word' id='word_1_3' title='bbox 1727 257 2030 324; x_wconf 80' lang='lat' dir='ltr'><strong>EUSEBII</strong></span> <span class='ocrx_word' id='word_1_4' title='bbox 2071 255 2506 321; x_wconf 62' lang='lat' dir='ltr'><strong>HIERGNYSII</strong></span> <span class='ocrx_word' id='word_1_5' title='bbox 3646 263 3710 327; x_wconf 67' lang='lat' dir='ltr'><strong>ﬂ]</strong></span> 
     </span>
    </p>
   </div>
   <div class='ocr_carea' id='block_1_2' title="bbox 467 371 3711 451">
    <p class='ocr_par' dir='ltr' id='par_1_2' title="bbox 467 371 3711 451">
     <span class='ocr_line' id='line_1_2' title="bbox 467 371 3711 451; baseline -0.003 -15"><span class='ocrx_word' id='word_1_6' title='bbox 467 385 645 451; x_wconf 73' lang='lat' dir='ltr'><strong>Supra</strong></span> <span class='ocrx_word' id='word_1_7' title='bbox 679 378 823 433; x_wconf 84' lang='lat' dir='ltr'><strong>enim</strong></span> <span class='ocrx_word' id='word_1_8' title='bbox 883 378 1032 449; x_wconf 77' lang='lat' dir='ltr'><strong>apud</strong></span> <span class='ocrx_word' id='word_1_9' title='bbox 1064 395 1120 433; x_wconf 91' lang='lat' dir='ltr'><strong>se</strong></span> <span class='ocrx_word' id='word_1_10' title='bbox 1155 371 1257 449; x_wconf 78' lang='lat'><strong>71</strong></span> <span class='ocrx_word' id='word_1_11' title='bbox 1295 377 1488 433; x_wconf 88' lang='lat' dir='ltr'><strong>tacitus</strong></span> <span class='ocrx_word' id='word_1_12' title='bbox 1519 376 1774 446; x_wconf 89' lang='lat' dir='ltr'><strong>loquitur,</strong></span> <span class='ocrx_word' id='word_1_13' title='bbox 1804 375 1894 431; x_wconf 90' lang='lat' dir='ltr'><strong>hic</strong></span> <span class='ocrx_word' id='word_1_14' title='bbox 1937 390 2033 428; x_wconf 85' lang='lat' dir='ltr'><strong>au-</strong></span> <span class='ocrx_word' id='word_1_15' title='bbox 2066 380 2109 436; x_wconf 81' lang='grc' dir='ltr'>Α</span> <span class='ocrx_word' id='word_1_16' title='bbox 2143 371 2297 428; x_wconf 82' lang='lat' dir='ltr'><strong>Unde</strong></span> <span class='ocrx_word' id='word_1_17' title='bbox 2345 384 2396 427; x_wconf 87' lang='lat' dir='ltr'><strong>et</strong></span> <span class='ocrx_word' id='word_1_18' title='bbox 2429 374 2481 427; x_wconf 89' lang='lat' dir='ltr'><strong>In</strong></span> <span class='ocrx_word' id='word_1_19' title='bbox 2526 371 2765 427; x_wconf 81' lang='lat' dir='ltr'><strong>Levitico</strong></span> <span class='ocrx_word' id='word_1_20' title='bbox 2805 371 3049 441; x_wconf 77' lang='lat' dir='ltr'><strong>loquitur</strong></span> <span class='ocrx_word' id='word_1_21' title='bbox 3099 371 3165 426; x_wconf 89' lang='lat' dir='ltr'><strong>a.l</strong></span> <span class='ocrx_word' id='word_1_22' title='bbox 3196 387 3288 428; x_wconf 90' lang='lat' dir='ltr'><strong>eos</strong></span> <span class='ocrx_word' id='word_1_23' title='bbox 3327 390 3338 426; x_wconf 91' lang='lat'>:</span> <span class='ocrx_word' id='word_1_24' title='bbox 3368 372 3571 426; x_wconf 54' lang='lat' dir='ltr'><strong>Pcaam</strong></span> <span class='ocrx_word' id='word_1_25' title='bbox 3622 393 3711 430; x_wconf 70' lang='lat' dir='ltr'><strong>ra-</strong></span> 
     </span>
    </p>
   </div>
   <div class='ocr_carea' id='block_1_3' title="bbox 467 469 1747 541">
    <p class='ocr_par' dir='ltr' id='par_1_3' title="bbox 467 469 1747 541">
     <span class='ocr_line' id='line_1_3' title="bbox 467 469 1747 541; baseline -0.002 -15"><span class='ocrx_word' id='word_1_26' title='bbox 467 485 576 527; x_wconf 85' lang='lat' dir='ltr'><strong>tem</strong></span> <span class='ocrx_word' id='word_1_27' title='bbox 611 478 755 540; x_wconf 82' lang='lat' dir='ltr'><strong>quod</strong></span> <span class='ocrx_word' id='word_1_28' title='bbox 786 472 1142 541; x_wconf 83' lang='lat' dir='ltr'><strong>cogitaverat,</strong></span> <span class='ocrx_word' id='word_1_29' title='bbox 1182 471 1195 501; x_wconf 82' lang='lat'>&#39;</span> <span class='ocrx_word' id='word_1_30' title='bbox 1237 470 1374 524; x_wconf 89' lang='lat' dir='ltr'><strong>alios</strong></span> <span class='ocrx_word' id='word_1_31' title='bbox 1421 469 1747 538; x_wconf 85' lang='lat' dir='ltr'><strong>interrogat.</strong></span> 
     </span>
    </p>
   </div>
   <div class='ocr_carea' id='block_1_4' title="bbox 527 559 2033 631">
    <p class='ocr_par' dir='ltr' id='par_1_4' title="bbox 527 559 2033 631">
     <span class='ocr_line' id='line_1_4' title="bbox 527 559 2033 631; baseline -0.005 -15"><span class='ocrx_word' id='word_1_32' title='bbox 527 563 712 631; x_wconf 71' lang='grc' dir='ltr'><strong>(γει-ε.</strong></span> <span class='ocrx_word' id='word_1_33' title='bbox 740 563 794 626; x_wconf 84' lang='grc'><strong>5,</strong></span> <span class='ocrx_word' id='word_1_34' title='bbox 818 561 897 630; x_wconf 87' lang='grc'><strong>6.)</strong></span> <span class='ocrx_word' id='word_1_35' title='bbox 927 580 944 611; x_wconf 86' lang='grc' dir='ltr'><strong>ι</strong></span> <span class='ocrx_word' id='word_1_36' title='bbox 978 561 1044 614; x_wconf 82' lang='grc' dir='ltr'><strong>ΕΙ.</strong></span> <span class='ocrx_word' id='word_1_37' title='bbox 1072 577 1212 614; x_wconf 89' lang='lat' dir='ltr'><strong>nunc</strong></span> <span class='ocrx_word' id='word_1_38' title='bbox 1237 560 1520 614; x_wconf 89' lang='lat' dir='ltr'><strong>ostendam</strong></span> <span class='ocrx_word' id='word_1_39' title='bbox 1570 559 1724 612; x_wconf 88' lang='lat' dir='ltr'><strong>vobis</strong></span> <span class='ocrx_word' id='word_1_40' title='bbox 1773 559 1900 627; x_wconf 87' lang='lat' dir='ltr'><strong>quid</strong></span> <span class='ocrx_word' id='word_1_41' title='bbox 1932 573 2033 625; x_wconf 83' lang='lat' dir='ltr'><strong>ego</strong></span> 
     </span>
    </p>
   </div>
   <div class='ocr_carea' id='block_1_5' title="bbox 463 649 2036 719">
    <p class='ocr_par' dir='ltr' id='par_1_5' title="bbox 463 649 2036 719">
     <span class='ocr_line' id='line_1_5' title="bbox 463 649 2036 719; baseline -0.006 -11"><span class='ocrx_word' id='word_1_42' title='bbox 463 655 661 709; x_wconf 81' lang='lat' dir='ltr'><strong>faciam</strong></span> <span class='ocrx_word' id='word_1_43' title='bbox 728 655 898 708; x_wconf 71' lang='lat' dir='ltr'><strong>vinea:</strong></span> <span class='ocrx_word' id='word_1_44' title='bbox 939 669 1070 708; x_wconf 76' lang='lat' dir='ltr'><strong>meze</strong></span> <span class='ocrx_word' id='word_1_45' title='bbox 1103 651 1400 710; x_wconf 81' lang='lat' dir='ltr'><strong>:Aul‘eram</strong></span> <span class='ocrx_word' id='word_1_46' title='bbox 1436 665 1621 719; x_wconf 85' lang='lat' dir='ltr'><strong>sepem</strong></span> <span class='ocrx_word' id='word_1_47' title='bbox 1686 649 1826 718; x_wconf 83' lang='lat' dir='ltr'><strong>ejus,</strong></span> <span class='ocrx_word' id='word_1_48' title='bbox 1851 661 1906 703; x_wconf 93' lang='lat' dir='ltr'><strong>et</strong></span> <span class='ocrx_word' id='word_1_49' title='bbox 1931 649 2036 703; x_wconf 86' lang='lat' dir='ltr'><strong>erit</strong></span> 
     </span>
    </p>
   </div>
   <div class='ocr_carea' id='block_1_6' title="bbox 464 741 2034 816">
    <p class='ocr_par' dir='ltr' id='par_1_6' title="bbox 464 741 2034 816">
     <span class='ocr_line' id='line_1_6' title="bbox 464 741 2034 816; baseline -0.005 -16"><span class='ocrx_word' id='word_1_50' title='bbox 464 746 517 800; x_wconf 88' lang='lat' dir='ltr'><strong>in</strong></span> <span class='ocrx_word' id='word_1_51' title='bbox 544 747 903 816; x_wconf 72' lang='lat' dir='ltr'><strong>direptionem</strong></span> <span class='ocrx_word' id='word_1_52' title='bbox 943 746 1198 801; x_wconf 87' lang='lat' dir='ltr'><strong>:diruam</strong></span> <span class='ocrx_word' id='word_1_53' title='bbox 1234 745 1526 798; x_wconf 87' lang='lat' dir='ltr'><strong>maceriam</strong></span> <span class='ocrx_word' id='word_1_54' title='bbox 1579 741 1722 809; x_wconf 83' lang='lat' dir='ltr'><strong>ejus,</strong></span> <span class='ocrx_word' id='word_1_55' title='bbox 1774 751 1827 795; x_wconf 92' lang='lat' dir='ltr'><strong>et</strong></span> <span class='ocrx_word' id='word_1_56' title='bbox 1858 741 2034 794; x_wconf 89' lang='lat' dir='ltr'><strong>critin</strong></span> 
     </span>
    </p>
   </div>
   <div class='ocr_carea' id='block_1_7' title="bbox 461 829 2034 906">
    <p class='ocr_par' dir='ltr' id='par_1_7' title="bbox 461 829 2034 906">
     <span class='ocr_line' id='line_1_7' title="bbox 461 829 2034 906; baseline -0.004 -14"><span class='ocrx_word' id='word_1_57' title='bbox 461 838 952 892; x_wconf 73' lang='lat' dir='ltr'><strong>eonmleationem.</strong></span> <span class='ocrx_word' id='word_1_58' title='bbox 1022 836 1086 889; x_wconf 89' lang='lat' dir='ltr'><strong>Et</strong></span> <span class='ocrx_word' id='word_1_59' title='bbox 1131 851 1330 906; x_wconf 87' lang='lat' dir='ltr'><strong>ponam</strong></span> <span class='ocrx_word' id='word_1_60' title='bbox 1390 849 1510 889; x_wconf 89' lang='lat' dir='ltr'><strong>eam</strong></span> <span class='ocrx_word' id='word_1_61' title='bbox 1549 829 1822 888; x_wconf 76' lang='lat' dir='ltr'><strong>desertam</strong></span> <span class='ocrx_word' id='word_1_62' title='bbox 1863 850 1877 896; x_wconf 92' lang='lat'><strong>;</strong></span> <span class='ocrx_word' id='word_1_63' title='bbox 1930 849 2034 885; x_wconf 88' lang='lat' dir='ltr'><strong>non</strong></span> 
     </span>
    </p>
   </div>
   <div class='ocr_carea' id='block_1_8' title="bbox 467 923 2036 997">
    <p class='ocr_par' dir='ltr' id='par_1_8' title="bbox 467 923 2036 997">
     <span class='ocr_line' id='line_1_8' title="bbox 467 923 2036 997; baseline -0.003 -17"><span class='ocrx_word' id='word_1_64' title='bbox 467 930 762 997; x_wconf 90' lang='lat' dir='ltr'><strong>putabitur,</strong></span> <span class='ocrx_word' id='word_1_65' title='bbox 807 942 863 983; x_wconf 87' lang='lat' dir='ltr'><strong>et</strong></span> <span class='ocrx_word' id='word_1_66' title='bbox 926 944 1030 983; x_wconf 91' lang='lat' dir='ltr'><strong>non</strong></span> <span class='ocrx_word' id='word_1_67' title='bbox 1082 927 1358 994; x_wconf 86' lang='lat' dir='ltr'><strong>fodietur;</strong></span> <span class='ocrx_word' id='word_1_68' title='bbox 1407 934 1463 980; x_wconf 86' lang='lat' dir='ltr'><strong>et</strong></span> <span class='ocrx_word' id='word_1_69' title='bbox 1503 923 1843 978; x_wconf 72' lang='lat' dir='ltr'><strong>aiscendeut&#39;</strong></span> <span class='ocrx_word' id='word_1_70' title='bbox 1874 938 2036 991; x_wconf 81' lang='lat' dir='ltr'><strong>super</strong></span> 
     </span>
    </p>
   </div>
   <div class='ocr_carea' id='block_1_9' title="bbox 461 1015 2036 1090">
    <p class='ocr_par' dir='ltr' id='par_1_9' title="bbox 461 1015 2036 1090">
     <span class='ocr_line' id='line_1_9' title="bbox 461 1015 2036 1090; baseline -0.006 -15"><span class='ocrx_word' id='word_1_71' title='bbox 461 1036 578 1075; x_wconf 86' lang='lat' dir='ltr'><strong>eam</strong></span> <span class='ocrx_word' id='word_1_72' title='bbox 604 1035 796 1088; x_wconf 80' lang='lat' dir='ltr'><strong>vepres</strong></span> <span class='ocrx_word' id='word_1_73' title='bbox 833 1030 882 1074; x_wconf 90' lang='lat' dir='ltr'><strong>et</strong></span> <span class='ocrx_word' id='word_1_74' title='bbox 917 1021 1118 1090; x_wconf 65' lang='lat' dir='ltr'><strong>Spinae.</strong></span> <span class='ocrx_word' id='word_1_75' title='bbox 1164 1037 1182 1070; x_wconf 76' lang='grc' dir='ltr'><strong>ι</strong></span> <span class='ocrx_word' id='word_1_76' title='bbox 1209 1016 1528 1083; x_wconf 85' lang='lat' dir='ltr'><strong>Provocavi,</strong></span> <span class='ocrx_word' id='word_1_77' title='bbox 1579 1015 1772 1084; x_wconf 83' lang='lat' dir='ltr'><strong>inquit,</strong></span> <span class='ocrx_word' id='word_1_78' title='bbox 1811 1028 1905 1067; x_wconf 84' lang='lat' dir='ltr'><strong>vos</strong></span> <span class='ocrx_word' id='word_1_79' title='bbox 1943 1029 2036 1068; x_wconf 85' lang='lat' dir='ltr'><strong>su-</strong></span> 
     </span>
    </p>
   </div>
   <div class='ocr_carea' id='block_1_10' title="bbox 461 1104 2030 1182">
    <p class='ocr_par' dir='ltr' id='par_1_10' title="bbox 461 1104 2030 1182">
     <span class='ocr_line' id='line_1_10' title="bbox 461 1104 2030 1182; baseline -0.004 -17"><span class='ocrx_word' id='word_1_80' title='bbox 461 1130 578 1182; x_wconf 89' lang='lat' dir='ltr'><strong>pra,</strong></span> <span class='ocrx_word' id='word_1_81' title='bbox 603 1128 635 1168; x_wconf 96' lang='lat' dir='ltr'><strong>o</strong></span> <span class='ocrx_word' id='word_1_82' title='bbox 666 1114 1007 1167; x_wconf 83' lang='lat' dir='ltr'><strong>habitatores</strong></span> <span class='ocrx_word' id='word_1_83' title='bbox 1046 1110 1378 1176; x_wconf 77' lang='lat' dir='ltr'><strong>Jerusalem,</strong></span> <span class='ocrx_word' id='word_1_84' title='bbox 1411 1119 1465 1163; x_wconf 89' lang='lat' dir='ltr'><strong>et</strong></span> <span class='ocrx_word' id='word_1_85' title='bbox 1500 1109 1602 1162; x_wconf 90' lang='lat' dir='ltr'><strong>viri</strong></span> <span class='ocrx_word' id='word_1_86' title='bbox 1635 1106 1810 1162; x_wconf 89' lang='lat' dir='ltr'><strong>tribus</strong></span> <span class='ocrx_word' id='word_1_87' title='bbox 1855 1104 2030 1170; x_wconf 69' lang='lat' dir='ltr'><strong>.Iudte,</strong></span> 
     </span>
    </p>
   </div>
   <div class='ocr_carea' id='block_1_11' title="bbox 458 1198 2036 1278">
    <p class='ocr_par' dir='ltr' id='par_1_11' title="bbox 458 1198 2036 1278">
     <span class='ocr_line' id='line_1_11' title="bbox 458 1198 2036 1278; baseline -0.004 -20"><span class='ocrx_word' id='word_1_88' title='bbox 458 1215 515 1258; x_wconf 89' lang='lat' dir='ltr'><strong>ut</strong></span> <span class='ocrx_word' id='word_1_89' title='bbox 540 1206 862 1278; x_wconf 87' lang='lat' dir='ltr'><strong>judicaretis</strong></span> <span class='ocrx_word' id='word_1_90' title='bbox 895 1207 1036 1258; x_wconf 90' lang='lat' dir='ltr'><strong>inter</strong></span> <span class='ocrx_word' id='word_1_91' title='bbox 1065 1217 1149 1257; x_wconf 89' lang='lat' dir='ltr'><strong>me</strong></span> <span class='ocrx_word' id='word_1_92' title='bbox 1165 1212 1224 1257; x_wconf 83' lang='lat' dir='ltr'><strong>et</strong></span> <span class='ocrx_word' id='word_1_93' title='bbox 1251 1204 1466 1256; x_wconf 88' lang='lat' dir='ltr'><strong>vineam</strong></span> <span class='ocrx_word' id='word_1_94' title='bbox 1527 1215 1727 1265; x_wconf 90' lang='lat' dir='ltr'><strong>meam,</strong></span> <span class='ocrx_word' id='word_1_95' title='bbox 1763 1208 1818 1253; x_wconf 89' lang='lat' dir='ltr'><strong>et</strong></span> <span class='ocrx_word' id='word_1_96' title='bbox 1864 1198 2036 1252; x_wconf 82' lang='lat' dir='ltr'><strong>inter-</strong></span> 
     </span>
    </p>
   </div>
   <div class='ocr_carea' id='block_1_12' title="bbox 459 1291 2030 1366">
    <p class='ocr_par' dir='ltr' id='par_1_12' title="bbox 459 1291 2030 1366">
     <span class='ocr_line' id='line_1_12' title="bbox 459 1291 2030 1366; baseline -0.005 -16"><span class='ocrx_word' id='word_1_97' title='bbox 459 1297 664 1366; x_wconf 76' lang='lat' dir='ltr'><strong>regavi,</strong></span> <span class='ocrx_word' id='word_1_98' title='bbox 695 1306 756 1351; x_wconf 93' lang='lat' dir='ltr'><strong>ut</strong></span> <span class='ocrx_word' id='word_1_99' title='bbox 786 1297 1040 1351; x_wconf 84' lang='lat' dir='ltr'><strong>diceretis</strong></span> <span class='ocrx_word' id='word_1_100' title='bbox 1063 1295 1189 1364; x_wconf 90' lang='lat' dir='ltr'><strong>quid</strong></span> <span class='ocrx_word' id='word_1_101' title='bbox 1218 1293 1496 1348; x_wconf 85' lang='lat' dir='ltr'><strong>debuerim</strong></span> <span class='ocrx_word' id='word_1_102' title='bbox 1537 1291 1718 1347; x_wconf 87' lang='lat' dir='ltr'><strong>facere</strong></span> <span class='ocrx_word' id='word_1_103' title='bbox 1746 1291 1891 1360; x_wconf 90' lang='lat' dir='ltr'><strong>quod</strong></span> <span class='ocrx_word' id='word_1_104' title='bbox 1925 1304 2030 1343; x_wconf 90' lang='lat' dir='ltr'><strong>non</strong></span> 
     </span>
    </p>
   </div>
   <div class='ocr_carea' id='block_1_13' title="bbox 461 1383 2030 1457">
    <p class='ocr_par' dir='ltr' id='par_1_13' title="bbox 461 1383 2030 1457">
     <span class='ocr_line' id='line_1_13' title="bbox 461 1383 2030 1457; baseline -0.007 -15"><span class='ocrx_word' id='word_1_105' title='bbox 461 1389 705 1444; x_wconf 77' lang='lat' dir='ltr'><strong>fecerim.</strong></span> <span class='ocrx_word' id='word_1_106' title='bbox 759 1389 823 1441; x_wconf 86' lang='lat' dir='ltr'><strong>Et</strong></span> <span class='ocrx_word' id='word_1_107' title='bbox 875 1390 1008 1456; x_wconf 86' lang='lat' dir='ltr'><strong>quia</strong></span> <span class='ocrx_word' id='word_1_108' title='bbox 1061 1390 1218 1457; x_wconf 80' lang='lat' dir='ltr'><strong>juxta</strong></span> <span class='ocrx_word' id='word_1_109' title='bbox 1293 1384 1664 1454; x_wconf 74' lang='lat' dir='ltr'><strong>evangelicum</strong></span> <span class='ocrx_word' id='word_1_110' title='bbox 1719 1383 2030 1451; x_wconf 84' lang='lat' dir='ltr'><strong>parabolam</strong></span> 
     </span>
    </p>
   </div>
   <div class='ocr_carea' id='block_1_14' title="bbox 460 1470 2027 1547">
    <p class='ocr_par' dir='ltr' id='par_1_14' title="bbox 460 1470 2027 1547">
     <span class='ocr_line' id='line_1_14' title="bbox 460 1470 2027 1547; baseline -0.006 -15"><span class='ocrx_word' id='word_1_111' title='bbox 460 1493 565 1533; x_wconf 86' lang='lat' dir='ltr'><strong>non</strong></span> <span class='ocrx_word' id='word_1_112' title='bbox 612 1479 775 1534; x_wconf 86' lang='lat' dir='ltr'><strong>vultis</strong></span> <span class='ocrx_word' id='word_1_113' title='bbox 831 1479 1158 1547; x_wconf 85' lang='lat' dir='ltr'><strong>respondere</strong></span> <span class='ocrx_word' id='word_1_114' title='bbox 1216 1477 1360 1544; x_wconf 88' lang='lat' dir='ltr'><strong>quod</strong></span> <span class='ocrx_word' id='word_1_115' title='bbox 1405 1476 1683 1537; x_wconf 84' lang='lat' dir='ltr'><strong>sciscitor,</strong></span> <span class='ocrx_word' id='word_1_116' title='bbox 1741 1487 1842 1541; x_wconf 86' lang='lat' dir='ltr'><strong>ego</strong></span> <span class='ocrx_word' id='word_1_117' title='bbox 1895 1470 2027 1525; x_wconf 89' lang='lat' dir='ltr'><strong>mihi</strong></span> 
     </span>
    </p>
   </div>
   <div class='ocr_carea' id='block_1_15' title="bbox 459 1561 2033 1639">
    <p class='ocr_par' dir='ltr' id='par_1_15' title="bbox 459 1561 2033 1639">
     <span class='ocr_line' id='line_1_15' title="bbox 459 1561 2033 1639; baseline -0.007 -15"><span class='ocrx_word' id='word_1_118' title='bbox 459 1571 797 1639; x_wconf 85' lang='lat' dir='ltr'><strong>respondebo</strong></span> <span class='ocrx_word' id='word_1_119' title='bbox 837 1570 953 1638; x_wconf 86' lang='lat' dir='ltr'><strong>ipse</strong></span> <span class='ocrx_word' id='word_1_120' title='bbox 1003 1584 1101 1638; x_wconf 90' lang='lat' dir='ltr'><strong>pro</strong></span> <span class='ocrx_word' id='word_1_121' title='bbox 1150 1569 1323 1630; x_wconf 88' lang='lat' dir='ltr'><strong>vobis,</strong></span> <span class='ocrx_word' id='word_1_122' title='bbox 1376 1567 1624 1619; x_wconf 90' lang='lat' dir='ltr'><strong>imlicans</strong></span> <span class='ocrx_word' id='word_1_123' title='bbox 1666 1563 1795 1632; x_wconf 91' lang='lat' dir='ltr'><strong>quid</strong></span> <span class='ocrx_word' id='word_1_124' title='bbox 1857 1561 2033 1616; x_wconf 84' lang='lat' dir='ltr'><strong>factu-</strong></span> 
     </span>
    </p>
   </div>
   <div class='ocr_carea' id='block_1_16' title="bbox 456 1660 2029 1730">
    <p class='ocr_par' dir='ltr' id='par_1_16' title="bbox 456 1660 2029 1730">
     <span class='ocr_line' id='line_1_16' title="bbox 456 1660 2029 1730; baseline -0.007 -12"><span class='ocrx_word' id='word_1_125' title='bbox 456 1681 550 1719; x_wconf 88' lang='lat' dir='ltr'><strong>rus</strong></span> <span class='ocrx_word' id='word_1_126' title='bbox 581 1665 682 1717; x_wconf 91' lang='lat' dir='ltr'><strong>sim</strong></span> <span class='ocrx_word' id='word_1_127' title='bbox 724 1702 739 1716; x_wconf 93' lang='lat'><strong>.</strong></span> <span class='ocrx_word' id='word_1_128' title='bbox 773 1665 1036 1730; x_wconf 84' lang='lat' dir='ltr'><strong>Quoniam</strong></span> <span class='ocrx_word' id='word_1_129' title='bbox 1096 1660 1202 1715; x_wconf 85' lang='lat' dir='ltr'><strong>feci</strong></span> <span class='ocrx_word' id='word_1_130' title='bbox 1259 1662 1429 1713; x_wconf 69' lang='lat' dir='ltr'><strong>vince</strong></span> <span class='ocrx_word' id='word_1_131' title='bbox 1493 1675 1623 1712; x_wconf 71' lang='lat' dir='ltr'><strong>tueze</strong></span> <span class='ocrx_word' id='word_1_132' title='bbox 1675 1665 1867 1710; x_wconf 88' lang='lat' dir='ltr'><strong>cuncta</strong></span> <span class='ocrx_word' id='word_1_133' title='bbox 1907 1671 2029 1723; x_wconf 79' lang='lat' dir='ltr'><strong>qua:</strong></span> 
     </span>
    </p>
   </div>
   <div class='ocr_carea' id='block_1_17' title="bbox 2138 465 3708 535">
    <p class='ocr_par' dir='ltr' id='par_1_17' title="bbox 2138 465 3708 535">
     <span class='ocr_line' id='line_1_17' title="bbox 2138 465 3708 535; baseline 0.003 -18"><span class='ocrx_word' id='word_1_134' title='bbox 2138 465 2243 517; x_wconf 84' lang='lat' dir='ltr'><strong>lum</strong></span> <span class='ocrx_word' id='word_1_135' title='bbox 2272 465 2413 518; x_wconf 75' lang='lat' dir='ltr'><strong>vobis</strong></span> <span class='ocrx_word' id='word_1_136' title='bbox 2452 465 2701 532; x_wconf 77' lang='lat' dir='ltr'><strong>ferreum,</strong></span> <span class='ocrx_word' id='word_1_137' title='bbox 2757 477 2804 520; x_wconf 82' lang='lat' dir='ltr'><strong>et</strong></span> <span class='ocrx_word' id='word_1_138' title='bbox 2848 479 3046 519; x_wconf 82' lang='lat' dir='ltr'><strong>terram</strong></span> <span class='ocrx_word' id='word_1_139' title='bbox 3092 465 3510 534; x_wconf 72' lang='lat' dir='ltr'><strong>a&#39;neam(Lerit.</strong></span> <span class='ocrx_word' id='word_1_140' title='bbox 3573 485 3708 535; x_wconf 80' lang='lat' dir='ltr'><strong>nvi,</strong></span> 
     </span>
    </p>
   </div>
   <div class='ocr_carea' id='block_1_18' title="bbox 2141 555 3712 628">
    <p class='ocr_par' dir='ltr' id='par_1_18' title="bbox 2141 555 3712 628">
     <span class='ocr_line' id='line_1_18' title="bbox 2141 555 3712 628; baseline 0.003 -20"><span class='ocrx_word' id='word_1_141' title='bbox 2141 556 2250 626; x_wconf 83' lang='lat' dir='ltr'><strong>l9).</strong></span> <span class='ocrx_word' id='word_1_142' title='bbox 2295 555 2357 608; x_wconf 84' lang='lat' dir='ltr'><strong>Et</strong></span> <span class='ocrx_word' id='word_1_143' title='bbox 2383 558 2433 610; x_wconf 91' lang='lat' dir='ltr'><strong>in</strong></span> <span class='ocrx_word' id='word_1_144' title='bbox 2481 558 2900 610; x_wconf 67' lang='lat' dir='ltr'><strong>lhruteronomio</strong></span> <span class='ocrx_word' id='word_1_145' title='bbox 2940 575 2954 610; x_wconf 90' lang='lat'><strong>:</strong></span> <span class='ocrx_word' id='word_1_146' title='bbox 2994 556 3110 610; x_wconf 82' lang='lat' dir='ltr'><strong>Erit</strong></span> <span class='ocrx_word' id='word_1_147' title='bbox 3149 559 3332 611; x_wconf 64' lang='lat' dir='ltr'><strong>calum</strong></span> <span class='ocrx_word' id='word_1_148' title='bbox 3357 575 3516 626; x_wconf 78' lang='lat' dir='ltr'><strong>super</strong></span> <span class='ocrx_word' id='word_1_149' title='bbox 3565 574 3712 628; x_wconf 77' lang='lat' dir='ltr'><strong>caput</strong></span> 
     </span>
    </p>
   </div>
   <div class='ocr_carea' id='block_1_19' title="bbox 2139 649 3713 716">
    <p class='ocr_par' dir='ltr' id='par_1_19' title="bbox 2139 649 3713 716">
     <span class='ocr_line' id='line_1_19' title="bbox 2139 649 3713 716; baseline 0.003 -20"><span class='ocrx_word' id='word_1_150' title='bbox 2139 655 2286 698; x_wconf 87' lang='lat' dir='ltr'><strong>tuum</strong></span> <span class='ocrx_word' id='word_1_151' title='bbox 2320 662 2544 709; x_wconf 69' lang='lat' dir='ltr'><strong>autenm,</strong></span> <span class='ocrx_word' id='word_1_152' title='bbox 2575 658 2624 700; x_wconf 89' lang='lat' dir='ltr'><strong>et</strong></span> <span class='ocrx_word' id='word_1_153' title='bbox 2676 657 2817 700; x_wconf 86' lang='lat' dir='ltr'><strong>terra</strong></span> <span class='ocrx_word' id='word_1_154' title='bbox 2849 649 3025 700; x_wconf 78' lang='lat' dir='ltr'><strong>subter</strong></span> <span class='ocrx_word' id='word_1_155' title='bbox 3057 659 3104 702; x_wconf 89' lang='lat' dir='ltr'><strong>te</strong></span> <span class='ocrx_word' id='word_1_156' title='bbox 3135 650 3326 716; x_wconf 76' lang='lat' dir='ltr'><strong>lerrea.</strong></span> <span class='ocrx_word' id='word_1_157' title='bbox 3362 651 3427 703; x_wconf 83' lang='lat' dir='ltr'><strong>Et</strong></span> <span class='ocrx_word' id='word_1_158' title='bbox 3478 669 3713 716; x_wconf 84' lang='lat' dir='ltr'><strong>rursum,</strong></span> 
     </span>
    </p>
   </div>
   <div class='ocr_carea' id='block_1_20' title="bbox 2143 737 3714 807">
    <p class='ocr_par' dir='ltr' id='par_1_20' title="bbox 2143 737 3714 807">
     <span class='ocr_line' id='line_1_20' title="bbox 2143 737 3714 807; baseline 0.005 -16"><span class='ocrx_word' id='word_1_159' title='bbox 2143 737 2298 793; x_wconf 81' lang='lat' dir='ltr'><strong>Dabit</strong></span> <span class='ocrx_word' id='word_1_160' title='bbox 2346 740 2604 792; x_wconf 75' lang='lat' dir='ltr'><strong>Dominus</strong></span> <span class='ocrx_word' id='word_1_161' title='bbox 2647 739 2875 807; x_wconf 86' lang='lat' dir='ltr'><strong>pluviam</strong></span> <span class='ocrx_word' id='word_1_162' title='bbox 2921 751 3075 794; x_wconf 64' lang='lat' dir='ltr'><strong>terra’</strong></span> <span class='ocrx_word' id='word_1_163' title='bbox 3109 752 3231 794; x_wconf 74' lang='lat' dir='ltr'><strong>tum.</strong></span> <span class='ocrx_word' id='word_1_164' title='bbox 3262 743 3283 773; x_wconf 83' lang='grc'><em>³</em></span> <span class='ocrx_word' id='word_1_165' title='bbox 3329 743 3412 805; x_wconf 77' lang='lat' dir='ltr'><strong>Et,</strong></span> <span class='ocrx_word' id='word_1_166' title='bbox 3457 742 3609 799; x_wconf 79' lang='lat' dir='ltr'><strong>Ciuis</strong></span> <span class='ocrx_word' id='word_1_167' title='bbox 3658 748 3714 799; x_wconf 83' lang='lat' dir='ltr'><strong>de</strong></span> 
     </span>
    </p>
   </div>
   <div class='ocr_carea' id='block_1_21' title="bbox 2135 829 3713 899">
    <p class='ocr_par' dir='ltr' id='par_1_21' title="bbox 2135 829 3713 899">
     <span class='ocr_line' id='line_1_21' title="bbox 2135 829 3713 899; baseline 0.006 -19"><span class='ocrx_word' id='word_1_168' title='bbox 2135 831 2263 882; x_wconf 78' lang='lat' dir='ltr'><strong>cwlo</strong></span> <span class='ocrx_word' id='word_1_169' title='bbox 2308 829 2579 883; x_wconf 82' lang='lat' dir='ltr'><strong>descendet</strong></span> <span class='ocrx_word' id='word_1_170' title='bbox 2614 848 2769 899; x_wconf 82' lang='lat' dir='ltr'><strong>super</strong></span> <span class='ocrx_word' id='word_1_171' title='bbox 2796 844 2866 895; x_wconf 91' lang='lat' dir='ltr'><strong>te,</strong></span> <span class='ocrx_word' id='word_1_172' title='bbox 2897 831 3061 885; x_wconf 84' lang='lat' dir='ltr'><strong>donec</strong></span> <span class='ocrx_word' id='word_1_173' title='bbox 3107 835 3328 886; x_wconf 75' lang='lat' dir='ltr'><strong>rradicet</strong></span> <span class='ocrx_word' id='word_1_174' title='bbox 3363 843 3431 894; x_wconf 82' lang='lat' dir='ltr'><strong>te,</strong></span> <span class='ocrx_word' id='word_1_175' title='bbox 3466 845 3518 887; x_wconf 80' lang='lat' dir='ltr'><strong>et</strong></span> <span class='ocrx_word' id='word_1_176' title='bbox 3549 837 3713 890; x_wconf 70' lang='lat' dir='ltr'><strong>deleat</strong></span> 
     </span>
    </p>
   </div>
   <div class='ocr_carea' id='block_1_22' title="bbox 2137 922 3714 996">
    <p class='ocr_par' dir='ltr' id='par_1_22' title="bbox 2137 922 3714 996">
     <span class='ocr_line' id='line_1_22' title="bbox 2137 922 3714 996; baseline 0.004 -22"><span class='ocrx_word' id='word_1_177' title='bbox 2137 922 2317 991; x_wconf 81' lang='lat' dir='ltr'><strong>(Deut.</strong></span> <span class='ocrx_word' id='word_1_178' title='bbox 2345 939 2531 984; x_wconf 74' lang='lat' dir='ltr'><strong>xxviii,</strong></span> <span class='ocrx_word' id='word_1_179' title='bbox 2557 925 2647 988; x_wconf 77' lang='grc'><strong>25,</strong></span> <span class='ocrx_word' id='word_1_180' title='bbox 2679 922 2770 993; x_wconf 69' lang='lat' dir='ltr'><strong>2t)</strong></span> <span class='ocrx_word' id='word_1_181' title='bbox 2807 940 2820 989; x_wconf 89' lang='lat'><strong>;</strong></span> <span class='ocrx_word' id='word_1_182' title='bbox 2877 925 3001 992; x_wconf 91' lang='lat' dir='ltr'><strong>quia</strong></span> <span class='ocrx_word' id='word_1_183' title='bbox 3063 935 3202 977; x_wconf 85' lang='lat' dir='ltr'><strong>terra</strong></span> <span class='ocrx_word' id='word_1_184' title='bbox 3235 943 3353 994; x_wconf 79' lang='lat' dir='ltr'><strong>qua:</strong></span> <span class='ocrx_word' id='word_1_185' title='bbox 3407 927 3714 996; x_wconf 73' lang='lat' dir='ltr'><strong>frequenter</strong></span> 
     </span>
    </p>
   </div>
   <div class='ocr_carea' id='block_1_23' title="bbox 2136 1017 3710 1086">
    <p class='ocr_par' dir='ltr' id='par_1_23' title="bbox 2136 1017 3710 1086">
     <span class='ocr_line' id='line_1_23' title="bbox 2136 1017 3710 1086; baseline 0.003 -17"><span class='ocrx_word' id='word_1_186' title='bbox 2136 1030 2302 1083; x_wconf 75' lang='lat' dir='ltr'><strong>Super</strong></span> <span class='ocrx_word' id='word_1_187' title='bbox 2326 1032 2383 1069; x_wconf 87' lang='lat' dir='ltr'><strong>se</strong></span> <span class='ocrx_word' id='word_1_188' title='bbox 2409 1017 2716 1070; x_wconf 77' lang='lat' dir='ltr'><strong>venientem</strong></span> <span class='ocrx_word' id='word_1_189' title='bbox 2760 1017 2988 1086; x_wconf 88' lang='lat' dir='ltr'><strong>suscipit</strong></span> <span class='ocrx_word' id='word_1_190' title='bbox 3027 1017 3288 1085; x_wconf 87' lang='lat' dir='ltr'><strong>pluviam,</strong></span> <span class='ocrx_word' id='word_1_191' title='bbox 3325 1029 3379 1073; x_wconf 90' lang='lat' dir='ltr'><strong>et</strong></span> <span class='ocrx_word' id='word_1_192' title='bbox 3431 1037 3539 1073; x_wconf 90' lang='lat' dir='ltr'><strong>non</strong></span> <span class='ocrx_word' id='word_1_193' title='bbox 3587 1022 3710 1074; x_wconf 89' lang='lat' dir='ltr'><strong>facit</strong></span> 
     </span>
    </p>
   </div>
   <div class='ocr_carea' id='block_1_24' title="bbox 2135 1109 3714 1180">
    <p class='ocr_par' dir='ltr' id='par_1_24' title="bbox 2135 1109 3714 1180">
     <span class='ocr_line' id='line_1_24' title="bbox 2135 1109 3714 1180; baseline 0.006 -21"><span class='ocrx_word' id='word_1_194' title='bbox 2135 1118 2394 1176; x_wconf 76' lang='lat' dir='ltr'><strong>segetem,</strong></span> <span class='ocrx_word' id='word_1_195' title='bbox 2453 1110 2545 1162; x_wconf 91' lang='lat' dir='ltr'><strong>scd</strong></span> <span class='ocrx_word' id='word_1_196' title='bbox 2585 1110 2771 1177; x_wconf 89' lang='lat' dir='ltr'><strong>spinas</strong></span> <span class='ocrx_word' id='word_1_197' title='bbox 2814 1121 2868 1164; x_wconf 91' lang='lat' dir='ltr'><strong>et</strong></span> <span class='ocrx_word' id='word_1_198' title='bbox 2917 1109 3172 1173; x_wconf 84' lang='lat' dir='ltr'><strong>tribulos,</strong></span> <span class='ocrx_word' id='word_1_199' title='bbox 3244 1113 3476 1180; x_wconf 87' lang='lat' dir='ltr'><strong>rcproha</strong></span> <span class='ocrx_word' id='word_1_200' title='bbox 3538 1123 3626 1167; x_wconf 87' lang='lat' dir='ltr'><strong>est</strong></span> <span class='ocrx_word' id='word_1_201' title='bbox 3667 1123 3714 1168; x_wconf 72' lang='lat' dir='ltr'><strong>et</strong></span> 
     </span>
    </p>
   </div>
   <div class='ocr_carea' id='block_1_25' title="bbox 2138 1201 3647 1273">
    <p class='ocr_par' dir='ltr' id='par_1_25' title="bbox 2138 1201 3647 1273">
     <span class='ocr_line' id='line_1_25' title="bbox 2138 1201 3647 1273; baseline 0.003 -22"><span class='ocrx_word' id='word_1_202' title='bbox 2138 1201 2535 1255; x_wconf 85' lang='lat' dir='ltr'><strong>maledictionis</strong></span> <span class='ocrx_word' id='word_1_203' title='bbox 2562 1204 2838 1271; x_wconf 76' lang='lat' dir='ltr'><strong>proxima,</strong></span> <span class='ocrx_word' id='word_1_204' title='bbox 2871 1204 3027 1273; x_wconf 81' lang='lat' dir='ltr'><strong>cujus</strong></span> <span class='ocrx_word' id='word_1_205' title='bbox 3052 1204 3177 1258; x_wconf 85' lang='lat' dir='ltr'><strong>linis</strong></span> <span class='ocrx_word' id='word_1_206' title='bbox 3199 1206 3511 1259; x_wconf 89' lang='lat' dir='ltr'><strong>combustio</strong></span> <span class='ocrx_word' id='word_1_207' title='bbox 3536 1215 3647 1261; x_wconf 86' lang='lat' dir='ltr'><strong>est.</strong></span> 
     </span>
    </p>
   </div>
   <div class='ocr_carea' id='block_1_26' title="bbox 2208 1289 3712 1359">
    <p class='ocr_par' dir='ltr' id='par_1_26' title="bbox 2208 1289 3712 1359">
     <span class='ocr_line' id='line_1_26' title="bbox 2208 1289 3712 1359; baseline 0.008 -19"><span class='ocrx_word' id='word_1_208' title='bbox 2208 1289 2384 1358; x_wconf 78' lang='lat' dir='ltr'><strong>(Vers.</strong></span> <span class='ocrx_word' id='word_1_209' title='bbox 2433 1291 2511 1359; x_wconf 92' lang='lat'><strong>7.)</strong></span> <span class='ocrx_word' id='word_1_210' title='bbox 2552 1310 2572 1342; x_wconf 72' lang='grc' dir='ltr'>ί</span> <span class='ocrx_word' id='word_1_211' title='bbox 2617 1290 2785 1345; x_wconf 74' lang='lat' dir='ltr'><strong>Vinea</strong></span> <span class='ocrx_word' id='word_1_212' title='bbox 2840 1304 3020 1347; x_wconf 90' lang='lat' dir='ltr'><strong>autem</strong></span> <span class='ocrx_word' id='word_1_213' title='bbox 3098 1297 3307 1349; x_wconf 85' lang='lat' dir='ltr'><strong>Domini</strong></span> <span class='ocrx_word' id='word_1_214' title='bbox 3370 1299 3712 1352; x_wconf 54' lang='lat' dir='ltr'><strong>ext-rt‘itttum</strong></span> 
     </span>
    </p>
   </div>
   <div class='ocr_carea' id='block_1_27' title="bbox 2135 1381 3716 1453">
    <p class='ocr_par' dir='ltr' id='par_1_27' title="bbox 2135 1381 3716 1453">
     <span class='ocr_line' id='line_1_27' title="bbox 2135 1381 3716 1453; baseline 0.006 -20"><span class='ocrx_word' id='word_1_215' title='bbox 2135 1381 2324 1433; x_wconf 88' lang='lat' dir='ltr'><strong>domus</strong></span> <span class='ocrx_word' id='word_1_216' title='bbox 2353 1381 2515 1434; x_wconf 88' lang='lat' dir='ltr'><strong>Israel</strong></span> <span class='ocrx_word' id='word_1_217' title='bbox 2551 1392 2630 1436; x_wconf 87' lang='lat' dir='ltr'><strong>est</strong></span> <span class='ocrx_word' id='word_1_218' title='bbox 2677 1399 2690 1437; x_wconf 85' lang='lat'>:</span> <span class='ocrx_word' id='word_1_219' title='bbox 2730 1395 2784 1438; x_wconf 90' lang='lat' dir='ltr'><strong>et</strong></span> <span class='ocrx_word' id='word_1_220' title='bbox 2812 1385 2914 1436; x_wconf 92' lang='lat' dir='ltr'><strong>viri</strong></span> <span class='ocrx_word' id='word_1_221' title='bbox 2951 1384 3086 1438; x_wconf 85' lang='lat' dir='ltr'><strong>Juda</strong></span> <span class='ocrx_word' id='word_1_222' title='bbox 3121 1402 3338 1453; x_wconf 82' lang='lat' dir='ltr'><strong>germen</strong></span> <span class='ocrx_word' id='word_1_223' title='bbox 3399 1388 3716 1442; x_wconf 77' lang='lat' dir='ltr'><strong>delectabile</strong></span> 
     </span>
    </p>
   </div>
   <div class='ocr_carea' id='block_1_28' title="bbox 2134 1473 3716 1543">
    <p class='ocr_par' dir='ltr' id='par_1_28' title="bbox 2134 1473 3716 1543">
     <span class='ocr_line' id='line_1_28' title="bbox 2134 1473 3716 1543; baseline 0.003 -16"><span class='ocrx_word' id='word_1_224' title='bbox 2134 1475 2270 1543; x_wconf 82' lang='lat' dir='ltr'><strong>ejus.</strong></span> <span class='ocrx_word' id='word_1_225' title='bbox 2313 1496 2330 1525; x_wconf 75' lang='grc' dir='ltr'><strong>ι</strong></span> <span class='ocrx_word' id='word_1_226' title='bbox 2377 1473 2431 1527; x_wconf 91' lang='lat' dir='ltr'><strong>Id</strong></span> <span class='ocrx_word' id='word_1_227' title='bbox 2467 1483 2571 1541; x_wconf 90' lang='lat' dir='ltr'><strong>est,</strong></span> <span class='ocrx_word' id='word_1_228' title='bbox 2617 1474 2756 1531; x_wconf 87' lang='lat' dir='ltr'><strong>Dei:</strong></span> <span class='ocrx_word' id='word_1_229' title='bbox 2782 1477 2895 1531; x_wconf 81' lang='lat' dir='ltr'><strong>sive</strong></span> <span class='ocrx_word' id='word_1_230' title='bbox 2927 1488 2985 1530; x_wconf 90' lang='lat' dir='ltr'><strong>ut</strong></span> <span class='ocrx_word' id='word_1_231' title='bbox 3008 1476 3147 1530; x_wconf 71' lang='lat' dir='ltr'><strong>LXX</strong></span> <span class='ocrx_word' id='word_1_232' title='bbox 3177 1477 3601 1538; x_wconf 80' lang='lat' dir='ltr'><strong>transtulerunt.</strong></span> <span class='ocrx_word' id='word_1_233' title='bbox 3627 1497 3716 1532; x_wconf 84' lang='lat' dir='ltr'><strong>uo-</strong></span> 
     </span>
    </p>
   </div>
   <div class='ocr_carea' id='block_1_29' title="bbox 2135 1566 3715 1635">
    <p class='ocr_par' dir='ltr' id='par_1_29' title="bbox 2135 1566 3715 1635">
     <span class='ocr_line' id='line_1_29' title="bbox 2135 1566 3715 1635; baseline 0.001 -14"><span class='ocrx_word' id='word_1_234' title='bbox 2135 1567 2267 1621; x_wconf 80' lang='lat' dir='ltr'><strong>vella</strong></span> <span class='ocrx_word' id='word_1_235' title='bbox 2302 1566 2567 1635; x_wconf 85' lang='lat' dir='ltr'><strong>plantatio</strong></span> <span class='ocrx_word' id='word_1_236' title='bbox 2599 1567 2966 1622; x_wconf 80' lang='lat' dir='ltr'><strong>dilectissima.</strong></span> <span class='ocrx_word' id='word_1_237' title='bbox 3013 1567 3178 1622; x_wconf 91' lang='lat' dir='ltr'><strong>Israel</strong></span> <span class='ocrx_word' id='word_1_238' title='bbox 3209 1579 3267 1622; x_wconf 88' lang='lat' dir='ltr'><strong>et</strong></span> <span class='ocrx_word' id='word_1_239' title='bbox 3303 1566 3478 1621; x_wconf 80' lang='lat' dir='ltr'><strong>Judas</strong></span> <span class='ocrx_word' id='word_1_240' title='bbox 3512 1569 3618 1622; x_wconf 90' lang='lat' dir='ltr'><strong>hoc</strong></span> <span class='ocrx_word' id='word_1_241' title='bbox 3644 1571 3715 1623; x_wconf 87' lang='lat' dir='ltr'><strong>ia-</strong></span> 
     </span>
    </p>
   </div>
   <div class='ocr_carea' id='block_1_30' title="bbox 2136 1658 3714 1730">
    <p class='ocr_par' dir='ltr' id='par_1_30' title="bbox 2136 1658 3714 1730">
     <span class='ocr_line' id='line_1_30' title="bbox 2136 1658 3714 1730; baseline 0.002 -19"><span class='ocrx_word' id='word_1_242' title='bbox 2136 1669 2216 1712; x_wconf 91' lang='lat' dir='ltr'><strong>ter</strong></span> <span class='ocrx_word' id='word_1_243' title='bbox 2238 1675 2295 1712; x_wconf 85' lang='lat' dir='ltr'><strong>se</strong></span> <span class='ocrx_word' id='word_1_244' title='bbox 2326 1658 2601 1725; x_wconf 82' lang='lat' dir='ltr'><strong>ditlerunt,</strong></span> <span class='ocrx_word' id='word_1_245' title='bbox 2638 1660 2778 1730; x_wconf 92' lang='lat' dir='ltr'><strong>quod</strong></span> <span class='ocrx_word' id='word_1_246' title='bbox 2807 1662 2980 1714; x_wconf 86' lang='lat' dir='ltr'><strong>otuuis</strong></span> <span class='ocrx_word' id='word_1_247' title='bbox 3013 1661 3242 1729; x_wconf 87' lang='lat' dir='ltr'><strong>p0pulus</strong></span> <span class='ocrx_word' id='word_1_248' title='bbox 3281 1660 3433 1729; x_wconf 90' lang='lat' dir='ltr'><strong>prius</strong></span> <span class='ocrx_word' id='word_1_249' title='bbox 3485 1663 3714 1730; x_wconf 67' lang='lat' dir='ltr'><strong>appella-</strong></span> 
     </span>
    </p>
   </div>
   <div class='ocr_carea' id='block_1_31' title="bbox 451 1731 3708 1824">
    <p class='ocr_par' dir='ltr' id='par_1_31' title="bbox 451 1731 3708 1824">
     <span class='ocr_line' id='line_1_31' title="bbox 451 1731 3708 1824; baseline -0.004 -14"><span class='ocrx_word' id='word_1_250' title='bbox 451 1758 637 1821; x_wconf 89' lang='lat' dir='ltr'><strong>dchui,</strong></span> <span class='ocrx_word' id='word_1_251' title='bbox 683 1766 734 1809; x_wconf 91' lang='lat' dir='ltr'><strong>et</strong></span> <span class='ocrx_word' id='word_1_252' title='bbox 770 1771 867 1824; x_wconf 86' lang='lat' dir='ltr'><strong>pro</strong></span> <span class='ocrx_word' id='word_1_253' title='bbox 892 1756 1011 1807; x_wconf 83' lang='lat' dir='ltr'><strong>uvis</strong></span> <span class='ocrx_word' id='word_1_254' title='bbox 1036 1753 1216 1806; x_wconf 86' lang='lat' dir='ltr'><strong>attulit</strong></span> <span class='ocrx_word' id='word_1_255' title='bbox 1249 1753 1551 1814; x_wconf 84' lang='lat' dir='ltr'><strong>labruscas,</strong></span> <span class='ocrx_word' id='word_1_256' title='bbox 1605 1731 1852 1802; x_wconf 80' lang='lat' dir='ltr'><strong>attferam</strong></span> <span class='ocrx_word' id='word_1_257' title='bbox 1905 1747 2026 1799; x_wconf 85' lang='lat' dir='ltr'><strong>uni—</strong></span> <span class='ocrx_word' id='word_1_258' title='bbox 2061 1743 2102 1796; x_wconf 83' lang='grc' dir='ltr'><strong>Β</strong></span> <span class='ocrx_word' id='word_1_259' title='bbox 2135 1754 2294 1804; x_wconf 65' lang='lat' dir='ltr'><strong>batur</strong></span> <span class='ocrx_word' id='word_1_260' title='bbox 2336 1751 2524 1817; x_wconf 63' lang='lat' dir='ltr'><strong>Israel,</strong></span> <span class='ocrx_word' id='word_1_261' title='bbox 2556 1762 2611 1806; x_wconf 72' lang='lat' dir='ltr'><strong>ei,</strong></span> <span class='ocrx_word' id='word_1_262' title='bbox 2645 1763 2850 1821; x_wconf 62' lang='lat' dir='ltr'><strong>postea,</strong></span> <span class='ocrx_word' id='word_1_263' title='bbox 2897 1765 3162 1823; x_wconf 61' lang='lat' dir='ltr'><strong>regnante</strong></span> <span class='ocrx_word' id='word_1_264' title='bbox 3196 1755 3365 1808; x_wconf 54' lang='lat' dir='ltr'><strong>David</strong></span> <span class='ocrx_word' id='word_1_265' title='bbox 3409 1770 3580 1824; x_wconf 63' lang='lat' dir='ltr'><strong>super</strong></span> <span class='ocrx_word' id='word_1_266' title='bbox 3613 1755 3708 1809; x_wconf 79' lang='lat' dir='ltr'><strong>u-i.</strong></span> 
     </span>
    </p>
   </div>
   <div class='ocr_carea' id='block_1_32' title="bbox 454 1837 2028 1914">
    <p class='ocr_par' dir='ltr' id='par_1_32' title="bbox 454 1837 2028 1914">
     <span class='ocr_line' id='line_1_32' title="bbox 454 1837 2028 1914; baseline -0.006 -14"><span class='ocrx_word' id='word_1_267' title='bbox 454 1864 612 1902; x_wconf 86' lang='lat' dir='ltr'><strong>versa</strong></span> <span class='ocrx_word' id='word_1_268' title='bbox 661 1862 780 1914; x_wconf 73' lang='lat' dir='ltr'><strong>qtue</strong></span> <span class='ocrx_word' id='word_1_269' title='bbox 812 1847 1090 1900; x_wconf 83' lang='lat' dir='ltr'><strong>dederam.</strong></span> <span class='ocrx_word' id='word_1_270' title='bbox 1122 1843 1333 1897; x_wconf 81' lang='lat' dir='ltr'><strong>Tollam</strong></span> <span class='ocrx_word' id='word_1_271' title='bbox 1364 1844 1683 1910; x_wconf 79' lang='lat' dir='ltr'><strong>angelorum</strong></span> <span class='ocrx_word' id='word_1_272' title='bbox 1715 1838 1934 1902; x_wconf 78' lang='lat' dir='ltr'><strong>auxilia,</strong></span> <span class='ocrx_word' id='word_1_273' title='bbox 1959 1837 2028 1890; x_wconf 87' lang='lat' dir='ltr'><strong>de</strong></span> 
     </span>
    </p>
   </div>
   <div class='ocr_carea' id='block_1_33' title="bbox 455 1929 2029 2006">
    <p class='ocr_par' dir='ltr' id='par_1_33' title="bbox 455 1929 2029 2006">
     <span class='ocr_line' id='line_1_33' title="bbox 455 1929 2029 2006; baseline -0.005 -18"><span class='ocrx_word' id='word_1_274' title='bbox 455 1938 652 2006; x_wconf 87' lang='lat' dir='ltr'><strong>quibus</strong></span> <span class='ocrx_word' id='word_1_275' title='bbox 688 1939 741 1990; x_wconf 92' lang='lat' dir='ltr'><strong>in</strong></span> <span class='ocrx_word' id='word_1_276' title='bbox 770 1934 1002 1990; x_wconf 86' lang='lat' dir='ltr'><strong>Psalmis</strong></span> <span class='ocrx_word' id='word_1_277' title='bbox 1019 1935 1280 2002; x_wconf 87' lang='lat' dir='ltr'><strong>scriptum</strong></span> <span class='ocrx_word' id='word_1_278' title='bbox 1311 1944 1390 1987; x_wconf 89' lang='lat' dir='ltr'><strong>cst</strong></span> <span class='ocrx_word' id='word_1_279' title='bbox 1425 1947 1440 1988; x_wconf 90' lang='lat'><strong>:</strong></span> <span class='ocrx_word' id='word_1_280' title='bbox 1471 1930 1779 1986; x_wconf 85' lang='lat' dir='ltr'><strong>Circumdat</strong></span> <span class='ocrx_word' id='word_1_281' title='bbox 1813 1929 2029 1998; x_wconf 77' lang='lat' dir='ltr'><strong>angelus</strong></span> 
     </span>
    </p>
   </div>
   <div class='ocr_carea' id='block_1_34' title="bbox 459 2018 2029 2086">
    <p class='ocr_par' dir='ltr' id='par_1_34' title="bbox 459 2018 2029 2086">
     <span class='ocr_line' id='line_1_34' title="bbox 459 2018 2029 2086; baseline -0.004 -8"><span class='ocrx_word' id='word_1_282' title='bbox 459 2026 671 2080; x_wconf 82' lang='lat' dir='ltr'><strong>Domini</strong></span> <span class='ocrx_word' id='word_1_283' title='bbox 699 2028 751 2078; x_wconf 86' lang='lat' dir='ltr'><strong>ia</strong></span> <span class='ocrx_word' id='word_1_284' title='bbox 783 2025 1009 2078; x_wconf 77' lang='lat' dir='ltr'><strong>circuitu</strong></span> <span class='ocrx_word' id='word_1_285' title='bbox 1043 2024 1338 2077; x_wconf 82' lang='lat' dir='ltr'><strong>timentium</strong></span> <span class='ocrx_word' id='word_1_286' title='bbox 1368 2036 1511 2086; x_wconf 85' lang='lat' dir='ltr'><strong>eum,</strong></span> <span class='ocrx_word' id='word_1_287' title='bbox 1541 2029 1592 2073; x_wconf 86' lang='lat' dir='ltr'><strong>et</strong></span> <span class='ocrx_word' id='word_1_288' title='bbox 1645 2018 1885 2072; x_wconf 80' lang='lat' dir='ltr'><strong>liberabit</strong></span> <span class='ocrx_word' id='word_1_289' title='bbox 1940 2035 2029 2072; x_wconf 82' lang='lat' dir='ltr'><strong>eos</strong></span> 
     </span>
    </p>
   </div>
   <div class='ocr_carea' id='block_1_35' title="bbox 451 2111 2029 2190">
    <p class='ocr_par' dir='ltr' id='par_1_35' title="bbox 451 2111 2029 2190">
     <span class='ocr_line' id='line_1_35' title="bbox 451 2111 2029 2190; baseline -0.004 -19"><span class='ocrx_word' id='word_1_290' title='bbox 451 2118 574 2190; x_wconf 69' lang='lat' dir='ltr'><strong>(.l’s.</strong></span> <span class='ocrx_word' id='word_1_291' title='bbox 609 2135 801 2183; x_wconf 78' lang='lat' dir='ltr'><strong>xxxiii,</strong></span> <span class='ocrx_word' id='word_1_292' title='bbox 839 2118 942 2186; x_wconf 84' lang='lat'><strong>8);</strong></span> <span class='ocrx_word' id='word_1_293' title='bbox 997 2125 1053 2172; x_wconf 87' lang='lat' dir='ltr'><strong>et</strong></span> <span class='ocrx_word' id='word_1_294' title='bbox 1093 2115 1382 2186; x_wconf 88' lang='lat' dir='ltr'><strong>diripietur</strong></span> <span class='ocrx_word' id='word_1_295' title='bbox 1413 2115 1483 2167; x_wconf 85' lang='lat' dir='ltr'><strong>ab</strong></span> <span class='ocrx_word' id='word_1_296' title='bbox 1532 2111 1884 2166; x_wconf 87' lang='lat' dir='ltr'><strong>adversariis.</strong></span> <span class='ocrx_word' id='word_1_297' title='bbox 1923 2111 2029 2165; x_wconf 85' lang='lat' dir='ltr'><strong>De-</strong></span> 
     </span>
    </p>
   </div>
   <div class='ocr_carea' id='block_1_36' title="bbox 454 2207 2024 2281">
    <p class='ocr_par' dir='ltr' id='par_1_36' title="bbox 454 2207 2024 2281">
     <span class='ocr_line' id='line_1_36' title="bbox 454 2207 2024 2281; baseline -0.006 -13"><span class='ocrx_word' id='word_1_298' title='bbox 454 2225 662 2268; x_wconf 83' lang='lat' dir='ltr'><strong>struam</strong></span> <span class='ocrx_word' id='word_1_299' title='bbox 716 2227 925 2281; x_wconf 87' lang='lat' dir='ltr'><strong>muros,</strong></span> <span class='ocrx_word' id='word_1_300' title='bbox 986 2221 1043 2266; x_wconf 91' lang='lat' dir='ltr'><strong>et</strong></span> <span class='ocrx_word' id='word_1_301' title='bbox 1108 2209 1348 2265; x_wconf 89' lang='lat' dir='ltr'><strong>inimicis</strong></span> <span class='ocrx_word' id='word_1_302' title='bbox 1400 2207 1654 2277; x_wconf 81' lang='lat' dir='ltr'><strong>gentibus</strong></span> <span class='ocrx_word' id='word_1_303' title='bbox 1699 2207 2024 2276; x_wconf 87' lang='lat' dir='ltr'><strong>subjacebit,</strong></span> 
     </span>
    </p>
   </div>
   <div class='ocr_carea' id='block_1_37' title="bbox 453 2299 2027 2377">
    <p class='ocr_par' dir='ltr' id='par_1_37' title="bbox 453 2299 2027 2377">
     <span class='ocr_line' id='line_1_37' title="bbox 453 2299 2027 2377; baseline -0.006 -15"><span class='ocrx_word' id='word_1_304' title='bbox 453 2311 668 2377; x_wconf 84' lang='lat' dir='ltr'><strong>eritque</strong></span> <span class='ocrx_word' id='word_1_305' title='bbox 697 2307 914 2362; x_wconf 87' lang='lat' dir='ltr'><strong>deserta</strong></span> <span class='ocrx_word' id='word_1_306' title='bbox 947 2315 1001 2359; x_wconf 91' lang='lat' dir='ltr'><strong>et</strong></span> <span class='ocrx_word' id='word_1_307' title='bbox 1032 2299 1160 2359; x_wconf 77' lang='grc' dir='ltr'><strong>ιιοι(</strong></span> <span class='ocrx_word' id='word_1_308' title='bbox 1185 2302 1464 2373; x_wconf 87' lang='lat' dir='ltr'><strong>putabitur</strong></span> <span class='ocrx_word' id='word_1_309' title='bbox 1491 2302 1544 2355; x_wconf 93' lang='lat' dir='ltr'><strong>in</strong></span> <span class='ocrx_word' id='word_1_310' title='bbox 1576 2312 1861 2363; x_wconf 70' lang='lat' dir='ltr'><strong>aeternum,</strong></span> <span class='ocrx_word' id='word_1_311' title='bbox 1901 2313 2027 2376; x_wconf 25' lang='lat' dir='ltr'><strong>[nec</strong></span> 
     </span>
    </p>
   </div>
   <div class='ocr_carea' id='block_1_38' title="bbox 455 2392 2023 2469">
    <p class='ocr_par' dir='ltr' id='par_1_38' title="bbox 455 2392 2023 2469">
     <span class='ocr_line' id='line_1_38' title="bbox 455 2392 2023 2469; baseline -0.007 -15"><span class='ocrx_word' id='word_1_312' title='bbox 455 2403 706 2464; x_wconf 87' lang='lat' dir='ltr'><strong>lodietur,</strong></span> <span class='ocrx_word' id='word_1_313' title='bbox 735 2411 792 2452; x_wconf 89' lang='lat' dir='ltr'><strong>ut</strong></span> <span class='ocrx_word' id='word_1_314' title='bbox 821 2398 1097 2469; x_wconf 76' lang='lat' dir='ltr'><strong>redigatur</strong></span> <span class='ocrx_word' id='word_1_315' title='bbox 1127 2397 1180 2450; x_wconf 91' lang='lat' dir='ltr'><strong>in</strong></span> <span class='ocrx_word' id='word_1_316' title='bbox 1201 2410 1418 2464; x_wconf 71' lang='lat' dir='ltr'><strong>vepres,</strong></span> <span class='ocrx_word' id='word_1_317' title='bbox 1444 2405 1496 2449; x_wconf 87' lang='lat' dir='ltr'><strong>et</strong></span> <span class='ocrx_word' id='word_1_318' title='bbox 1547 2394 1844 2449; x_wconf 77' lang='lat' dir='ltr'><strong>ascenderit</strong></span> <span class='ocrx_word' id='word_1_319' title='bbox 1880 2392 2023 2444; x_wconf 87' lang='lat' dir='ltr'><strong>inea</strong></span> 
     </span>
    </p>
   </div>
   <div class='ocr_carea' id='block_1_39' title="bbox 450 2485 2026 2563">
    <p class='ocr_par' dir='ltr' id='par_1_39' title="bbox 450 2485 2026 2563">
     <span class='ocr_line' id='line_1_39' title="bbox 450 2485 2026 2563; baseline -0.007 -15"><span class='ocrx_word' id='word_1_320' title='bbox 450 2495 642 2563; x_wconf 80' lang='lat' dir='ltr'><strong>spinte.</strong></span> <span class='ocrx_word' id='word_1_321' title='bbox 678 2491 802 2547; x_wconf 73' lang='lat' dir='ltr'><strong>Haec</strong></span> <span class='ocrx_word' id='word_1_322' title='bbox 836 2503 1019 2546; x_wconf 86' lang='lat' dir='ltr'><strong>autem</strong></span> <span class='ocrx_word' id='word_1_323' title='bbox 1051 2491 1152 2544; x_wconf 87' lang='lat' dir='ltr'><strong>sub</strong></span> <span class='ocrx_word' id='word_1_324' title='bbox 1186 2491 1504 2558; x_wconf 77' lang='lat' dir='ltr'><strong>metaphora</strong></span> <span class='ocrx_word' id='word_1_325' title='bbox 1529 2488 1701 2541; x_wconf 81' lang='lat' dir='ltr'><strong>vineae</strong></span> <span class='ocrx_word' id='word_1_326' title='bbox 1774 2489 1838 2540; x_wconf 92' lang='lat' dir='ltr'><strong>de</strong></span> <span class='ocrx_word' id='word_1_327' title='bbox 1859 2485 2026 2538; x_wconf 82' lang='lat' dir='ltr'><strong>Jeru-</strong></span> 
     </span>
    </p>
   </div>
   <div class='ocr_carea' id='block_1_40' title="bbox 447 2573 2024 2651">
    <p class='ocr_par' dir='ltr' id='par_1_40' title="bbox 447 2573 2024 2651">
     <span class='ocr_line' id='line_1_40' title="bbox 447 2573 2024 2651; baseline -0.006 -15"><span class='ocrx_word' id='word_1_328' title='bbox 447 2583 618 2637; x_wconf 85' lang='lat' dir='ltr'><strong>salem</strong></span> <span class='ocrx_word' id='word_1_329' title='bbox 643 2591 804 2651; x_wconf 88' lang='lat' dir='ltr'><strong>atque</strong></span> <span class='ocrx_word' id='word_1_330' title='bbox 833 2579 1031 2635; x_wconf 77' lang='lat' dir='ltr'><strong>.ludzea:</strong></span> <span class='ocrx_word' id='word_1_331' title='bbox 1081 2579 1338 2634; x_wconf 83' lang='lat' dir='ltr'><strong>dicuntur</strong></span> <span class='ocrx_word' id='word_1_332' title='bbox 1373 2577 1692 2640; x_wconf 81' lang='lat' dir='ltr'><strong>solitudine,</strong></span> <span class='ocrx_word' id='word_1_333' title='bbox 1743 2577 1884 2645; x_wconf 91' lang='lat' dir='ltr'><strong>quod</strong></span> <span class='ocrx_word' id='word_1_334' title='bbox 1914 2573 2024 2644; x_wconf 88' lang='lat' dir='ltr'><strong>ple-</strong></span> 
     </span>
    </p>
   </div>
   <div class='ocr_carea' id='block_1_41' title="bbox 449 2666 2020 2744">
    <p class='ocr_par' dir='ltr' id='par_1_41' title="bbox 449 2666 2020 2744">
     <span class='ocr_line' id='line_1_41' title="bbox 449 2666 2020 2744; baseline -0.005 -16"><span class='ocrx_word' id='word_1_335' title='bbox 449 2675 603 2744; x_wconf 84' lang='lat' dir='ltr'><strong>rique</strong></span> <span class='ocrx_word' id='word_1_336' title='bbox 635 2672 943 2727; x_wconf 74' lang='lat' dir='ltr'><strong>Judaeorum</strong></span> <span class='ocrx_word' id='word_1_337' title='bbox 973 2680 1166 2741; x_wconf 84' lang='lat' dir='ltr'><strong>putant</strong></span> <span class='ocrx_word' id='word_1_338' title='bbox 1205 2672 1308 2724; x_wconf 89' lang='lat' dir='ltr'><strong>sub</strong></span> <span class='ocrx_word' id='word_1_339' title='bbox 1336 2667 1646 2738; x_wconf 71' lang='lat' dir='ltr'><strong>Babyloniis</strong></span> <span class='ocrx_word' id='word_1_340' title='bbox 1699 2666 1963 2720; x_wconf 88' lang='lat' dir='ltr'><strong>accidisse</strong></span> <span class='ocrx_word' id='word_1_341' title='bbox 2004 2681 2020 2720; x_wconf 75' lang='grc' dir='ltr'><strong>ι</strong></span> 
     </span>
    </p>
   </div>
   <div class='ocr_carea' id='block_1_42' title="bbox 449 2761 2016 2836">
    <p class='ocr_par' dir='ltr' id='par_1_42' title="bbox 449 2761 2016 2836">
     <span class='ocr_line' id='line_1_42' title="bbox 449 2761 2016 2836; baseline -0.004 -17"><span class='ocrx_word' id='word_1_342' title='bbox 449 2766 594 2836; x_wconf 88' lang='lat' dir='ltr'><strong>quod</strong></span> <span class='ocrx_word' id='word_1_343' title='bbox 621 2777 677 2820; x_wconf 88' lang='lat' dir='ltr'><strong>et</strong></span> <span class='ocrx_word' id='word_1_344' title='bbox 704 2779 800 2820; x_wconf 92' lang='lat' dir='ltr'><strong>nos</strong></span> <span class='ocrx_word' id='word_1_345' title='bbox 829 2779 895 2818; x_wconf 76' lang='lat' dir='ltr'><strong>ex</strong></span> <span class='ocrx_word' id='word_1_346' title='bbox 920 2772 1073 2830; x_wconf 88' lang='lat' dir='ltr'><strong>parte</strong></span> <span class='ocrx_word' id='word_1_347' title='bbox 1092 2761 1295 2815; x_wconf 77' lang='lat' dir='ltr'><strong>factum</strong></span> <span class='ocrx_word' id='word_1_348' title='bbox 1329 2775 1530 2830; x_wconf 81' lang='lat' dir='ltr'><strong>negare</strong></span> <span class='ocrx_word' id='word_1_349' title='bbox 1567 2773 1671 2812; x_wconf 91' lang='lat' dir='ltr'><strong>non</strong></span> <span class='ocrx_word' id='word_1_350' title='bbox 1709 2771 2016 2827; x_wconf 74' lang='lat' dir='ltr'><strong>possumus.</strong></span> 
     </span>
    </p>
   </div>
   <div class='ocr_carea' id='block_1_43' title="bbox 449 2849 2021 2926">
    <p class='ocr_par' dir='ltr' id='par_1_43' title="bbox 449 2849 2021 2926">
     <span class='ocr_line' id='line_1_43' title="bbox 449 2849 2021 2926; baseline -0.008 -14"><span class='ocrx_word' id='word_1_351' title='bbox 449 2857 552 2912; x_wconf 84' lang='lat' dir='ltr'><strong>Sed</strong></span> <span class='ocrx_word' id='word_1_352' title='bbox 593 2857 717 2926; x_wconf 85' lang='lat' dir='ltr'><strong>quia</strong></span> <span class='ocrx_word' id='word_1_353' title='bbox 740 2856 1017 2922; x_wconf 82' lang='lat' dir='ltr'><strong>sequitur:</strong></span> <span class='ocrx_word' id='word_1_354' title='bbox 1055 2851 1123 2905; x_wconf 87' lang='lat' dir='ltr'><strong>Et</strong></span> <span class='ocrx_word' id='word_1_355' title='bbox 1152 2853 1375 2906; x_wconf 77' lang='lat' dir='ltr'><strong>nubibus</strong></span> <span class='ocrx_word' id='word_1_356' title='bbox 1413 2851 1696 2913; x_wconf 82' lang='lat' dir='ltr'><strong>mandabo,</strong></span> <span class='ocrx_word' id='word_1_357' title='bbox 1740 2865 1804 2903; x_wconf 82' lang='lat' dir='ltr'><strong>ne</strong></span> <span class='ocrx_word' id='word_1_358' title='bbox 1829 2849 2021 2918; x_wconf 82' lang='lat' dir='ltr'><strong>pluaat</strong></span> 
     </span>
    </p>
   </div>
   <div class='ocr_carea' id='block_1_44' title="bbox 448 2939 2018 3019">
    <p class='ocr_par' dir='ltr' id='par_1_44' title="bbox 448 2939 2018 3019">
     <span class='ocr_line' id='line_1_44' title="bbox 448 2939 2018 3019; baseline -0.007 -16"><span class='ocrx_word' id='word_1_359' title='bbox 448 2963 604 3019; x_wconf 76' lang='lat' dir='ltr'><strong>super</strong></span> <span class='ocrx_word' id='word_1_360' title='bbox 631 2962 745 3001; x_wconf 87' lang='lat' dir='ltr'><strong>eam</strong></span> <span class='ocrx_word' id='word_1_361' title='bbox 775 2944 1015 3009; x_wconf 85' lang='lat' dir='ltr'><strong>imbrem,</strong></span> <span class='ocrx_word' id='word_1_362' title='bbox 1058 2944 1160 2997; x_wconf 88' lang='lat' dir='ltr'><strong>hoc</strong></span> <span class='ocrx_word' id='word_1_363' title='bbox 1189 2943 1242 2996; x_wconf 91' lang='lat' dir='ltr'><strong>in</strong></span> <span class='ocrx_word' id='word_1_364' title='bbox 1284 2943 1375 2995; x_wconf 89' lang='lat' dir='ltr'><strong>illa</strong></span> <span class='ocrx_word' id='word_1_365' title='bbox 1422 2942 1746 3011; x_wconf 65' lang='lat' dir='ltr'><strong>captivitate</strong></span> <span class='ocrx_word' id='word_1_366' title='bbox 1791 2939 2018 3009; x_wconf 74' lang='lat' dir='ltr'><strong>intelligi</strong></span> 
     </span>
    </p>
   </div>
   <div class='ocr_carea' id='block_1_45' title="bbox 451 3032 2014 3107">
    <p class='ocr_par' dir='ltr' id='par_1_45' title="bbox 451 3032 2014 3107">
     <span class='ocr_line' id='line_1_45' title="bbox 451 3032 2014 3107; baseline -0.004 -15"><span class='ocrx_word' id='word_1_367' title='bbox 451 3054 560 3094; x_wconf 89' lang='lat' dir='ltr'><strong>non</strong></span> <span class='ocrx_word' id='word_1_368' title='bbox 595 3045 792 3107; x_wconf 83' lang='lat' dir='ltr'><strong>potest.</strong></span> <span class='ocrx_word' id='word_1_369' title='bbox 858 3035 1139 3104; x_wconf 81' lang='lat' dir='ltr'><strong>Siquidem</strong></span> <span class='ocrx_word' id='word_1_370' title='bbox 1173 3043 1228 3088; x_wconf 92' lang='lat' dir='ltr'><strong>et</strong></span> <span class='ocrx_word' id='word_1_371' title='bbox 1248 3032 1518 3088; x_wconf 81' lang='lat' dir='ltr'><strong>.Icremias</strong></span> <span class='ocrx_word' id='word_1_372' title='bbox 1549 3042 1705 3101; x_wconf 89' lang='lat' dir='ltr'><strong>capta</strong></span> <span class='ocrx_word' id='word_1_373' title='bbox 1737 3033 1848 3102; x_wconf 89' lang='lat' dir='ltr'><strong>jam</strong></span> <span class='ocrx_word' id='word_1_374' title='bbox 1880 3032 2014 3086; x_wconf 84' lang='lat' dir='ltr'><strong>urbe</strong></span> 
     </span>
    </p>
   </div>
   <div class='ocr_carea' id='block_1_46' title="bbox 449 3124 2019 3202">
    <p class='ocr_par' dir='ltr' id='par_1_46' title="bbox 449 3124 2019 3202">
     <span class='ocr_line' id='line_1_46' title="bbox 449 3124 2019 3202; baseline -0.006 -16"><span class='ocrx_word' id='word_1_375' title='bbox 449 3130 794 3202; x_wconf 82' lang='lat' dir='ltr'><strong>prOphetavit</strong></span> <span class='ocrx_word' id='word_1_376' title='bbox 842 3130 894 3182; x_wconf 90' lang='lat' dir='ltr'><strong>in</strong></span> <span class='ocrx_word' id='word_1_377' title='bbox 929 3127 1166 3197; x_wconf 84' lang='lat' dir='ltr'><strong>populo;</strong></span> <span class='ocrx_word' id='word_1_378' title='bbox 1205 3135 1258 3179; x_wconf 90' lang='lat' dir='ltr'><strong>et</strong></span> <span class='ocrx_word' id='word_1_379' title='bbox 1285 3124 1554 3192; x_wconf 80' lang='lat' dir='ltr'><strong>Ezechiel,</strong></span> <span class='ocrx_word' id='word_1_380' title='bbox 1591 3124 1777 3178; x_wconf 85' lang='lat' dir='ltr'><strong>Daniel</strong></span> <span class='ocrx_word' id='word_1_381' title='bbox 1805 3137 2019 3192; x_wconf 88' lang='lat' dir='ltr'><strong>quoque</strong></span> 
     </span>
    </p>
   </div>
   <div class='ocr_carea' id='block_1_47' title="bbox 447 3215 2015 3292">
    <p class='ocr_par' dir='ltr' id='par_1_47' title="bbox 447 3215 2015 3292">
     <span class='ocr_line' id='line_1_47' title="bbox 447 3215 2015 3292; baseline -0.007 -13"><span class='ocrx_word' id='word_1_382' title='bbox 447 3232 502 3279; x_wconf 90' lang='lat' dir='ltr'><strong>et</strong></span> <span class='ocrx_word' id='word_1_383' title='bbox 529 3234 639 3278; x_wconf 87' lang='lat' dir='ltr'><strong>tres</strong></span> <span class='ocrx_word' id='word_1_384' title='bbox 671 3223 845 3292; x_wconf 88' lang='lat' dir='ltr'><strong>pueri,</strong></span> <span class='ocrx_word' id='word_1_385' title='bbox 882 3219 966 3275; x_wconf 90' lang='lat' dir='ltr'><strong>vel</strong></span> <span class='ocrx_word' id='word_1_386' title='bbox 1007 3220 1392 3289; x_wconf 82' lang='lat' dir='ltr'><strong>prophetasse,</strong></span> <span class='ocrx_word' id='word_1_387' title='bbox 1419 3218 1505 3271; x_wconf 89' lang='lat' dir='ltr'><strong>vel</strong></span> <span class='ocrx_word' id='word_1_388' title='bbox 1534 3216 1801 3270; x_wconf 85' lang='lat' dir='ltr'><strong>mirabilia</strong></span> <span class='ocrx_word' id='word_1_389' title='bbox 1859 3215 2015 3285; x_wconf 79' lang='lat' dir='ltr'><strong>signa</strong></span> 
     </span>
    </p>
   </div>
   <div class='ocr_carea' id='block_1_48' title="bbox 447 3312 2016 3384">
    <p class='ocr_par' dir='ltr' id='par_1_48' title="bbox 447 3312 2016 3384">
     <span class='ocr_line' id='line_1_48' title="bbox 447 3312 2016 3384; baseline -0.008 -11"><span class='ocrx_word' id='word_1_390' title='bbox 447 3318 611 3374; x_wconf 88' lang='lat' dir='ltr'><strong>etiam</strong></span> <span class='ocrx_word' id='word_1_391' title='bbox 671 3315 726 3369; x_wconf 89' lang='lat' dir='ltr'><strong>in</strong></span> <span class='ocrx_word' id='word_1_392' title='bbox 762 3313 1076 3384; x_wconf 86' lang='lat' dir='ltr'><strong>captivitate</strong></span> <span class='ocrx_word' id='word_1_393' title='bbox 1122 3312 1316 3366; x_wconf 86' lang='lat' dir='ltr'><strong>fecisse</strong></span> <span class='ocrx_word' id='word_1_394' title='bbox 1349 3321 1666 3375; x_wconf 87' lang='lat' dir='ltr'><strong>narrantur,</strong></span> <span class='ocrx_word' id='word_1_395' title='bbox 1724 3317 1778 3362; x_wconf 83' lang='lat' dir='ltr'><strong>et</strong></span> <span class='ocrx_word' id='word_1_396' title='bbox 1831 3318 2016 3376; x_wconf 88' lang='lat' dir='ltr'><strong>postea</strong></span> 
     </span>
    </p>
   </div>
   <div class='ocr_carea' id='block_1_49' title="bbox 446 3401 2018 3478">
    <p class='ocr_par' dir='ltr' id='par_1_49' title="bbox 446 3401 2018 3478">
     <span class='ocr_line' id='line_1_49' title="bbox 446 3401 2018 3478; baseline -0.006 -15"><span class='ocrx_word' id='word_1_397' title='bbox 446 3411 673 3478; x_wconf 67' lang='lat' dir='ltr'><strong>Agganus</strong></span> <span class='ocrx_word' id='word_1_398' title='bbox 706 3419 759 3461; x_wconf 93' lang='lat' dir='ltr'><strong>et</strong></span> <span class='ocrx_word' id='word_1_399' title='bbox 784 3405 1080 3460; x_wconf 83' lang='lat' dir='ltr'><strong>Zacharias</strong></span> <span class='ocrx_word' id='word_1_400' title='bbox 1110 3405 1286 3457; x_wconf 87' lang='lat' dir='ltr'><strong>futura</strong></span> <span class='ocrx_word' id='word_1_401' title='bbox 1323 3403 1577 3456; x_wconf 83' lang='lat' dir='ltr'><strong>dixerunt</strong></span> <span class='ocrx_word' id='word_1_402' title='bbox 1600 3403 1653 3454; x_wconf 88' lang='lat' dir='ltr'><strong>in</strong></span> <span class='ocrx_word' id='word_1_403' title='bbox 1683 3401 2018 3455; x_wconf 88' lang='lat' dir='ltr'><strong>consolatio-</strong></span> 
     </span>
    </p>
   </div>
   <div class='ocr_carea' id='block_1_50' title="bbox 448 3492 2014 3568">
    <p class='ocr_par' dir='ltr' id='par_1_50' title="bbox 448 3492 2014 3568">
     <span class='ocr_line' id='line_1_50' title="bbox 448 3492 2014 3568; baseline -0.008 -12"><span class='ocrx_word' id='word_1_404' title='bbox 448 3517 567 3556; x_wconf 87' lang='lat' dir='ltr'><strong>nem</strong></span> <span class='ocrx_word' id='word_1_405' title='bbox 599 3499 776 3568; x_wconf 88' lang='lat' dir='ltr'><strong>populi</strong></span> <span class='ocrx_word' id='word_1_406' title='bbox 806 3497 1116 3551; x_wconf 83' lang='lat' dir='ltr'><strong>servientis.</strong></span> <span class='ocrx_word' id='word_1_407' title='bbox 1159 3494 1394 3548; x_wconf 86' lang='lat' dir='ltr'><strong>Tollitur</strong></span> <span class='ocrx_word' id='word_1_408' title='bbox 1421 3504 1598 3547; x_wconf 89' lang='lat' dir='ltr'><strong>autem</strong></span> <span class='ocrx_word' id='word_1_409' title='bbox 1626 3493 1719 3546; x_wconf 87' lang='lat' dir='ltr'><strong>Dei</strong></span> <span class='ocrx_word' id='word_1_410' title='bbox 1751 3492 2014 3545; x_wconf 81' lang='lat' dir='ltr'><strong>auxilium</strong></span> 
     </span>
    </p>
   </div>
   <div class='ocr_carea' id='block_1_51' title="bbox 448 3583 2019 3654">
    <p class='ocr_par' dir='ltr' id='par_1_51' title="bbox 448 3583 2019 3654">
     <span class='ocr_line' id='line_1_51' title="bbox 448 3583 2019 3654; baseline -0.003 -14"><span class='ocrx_word' id='word_1_411' title='bbox 448 3589 514 3640; x_wconf 85' lang='lat' dir='ltr'><strong>ab</strong></span> <span class='ocrx_word' id='word_1_412' title='bbox 549 3588 630 3640; x_wconf 84' lang='lat' dir='ltr'><strong>his</strong></span> <span class='ocrx_word' id='word_1_413' title='bbox 677 3585 770 3654; x_wconf 87' lang='lat' dir='ltr'><strong>qui</strong></span> <span class='ocrx_word' id='word_1_414' title='bbox 823 3585 1026 3653; x_wconf 84' lang='lat' dir='ltr'><strong>indigni</strong></span> <span class='ocrx_word' id='word_1_415' title='bbox 1091 3593 1266 3638; x_wconf 78' lang='lat' dir='ltr'><strong>sunt:</strong></span> <span class='ocrx_word' id='word_1_416' title='bbox 1311 3597 1367 3636; x_wconf 88' lang='lat' dir='ltr'><strong>ut</strong></span> <span class='ocrx_word' id='word_1_417' title='bbox 1395 3583 1522 3653; x_wconf 90' lang='lat' dir='ltr'><strong>quia</strong></span> <span class='ocrx_word' id='word_1_418' title='bbox 1582 3599 1684 3636; x_wconf 90' lang='lat' dir='ltr'><strong>non</strong></span> <span class='ocrx_word' id='word_1_419' title='bbox 1737 3589 2019 3636; x_wconf 77' lang='lat' dir='ltr'><strong>senserant</strong></span> 
     </span>
    </p>
   </div>
   <div class='ocr_carea' id='block_1_52' title="bbox 442 3674 2016 3746">
    <p class='ocr_par' dir='ltr' id='par_1_52' title="bbox 442 3674 2016 3746">
     <span class='ocr_line' id='line_1_52' title="bbox 442 3674 2016 3746; baseline -0.003 -14"><span class='ocrx_word' id='word_1_420' title='bbox 442 3677 614 3732; x_wconf 78' lang='lat' dir='ltr'><strong>Deum</strong></span> <span class='ocrx_word' id='word_1_421' title='bbox 671 3693 766 3746; x_wconf 84' lang='lat' dir='ltr'><strong>per</strong></span> <span class='ocrx_word' id='word_1_422' title='bbox 827 3677 1112 3740; x_wconf 80' lang='lat' dir='ltr'><strong>beneficia,</strong></span> <span class='ocrx_word' id='word_1_423' title='bbox 1176 3677 1417 3732; x_wconf 90' lang='lat' dir='ltr'><strong>sentiant</strong></span> <span class='ocrx_word' id='word_1_424' title='bbox 1465 3692 1560 3744; x_wconf 86' lang='lat' dir='ltr'><strong>per</strong></span> <span class='ocrx_word' id='word_1_425' title='bbox 1593 3676 1882 3745; x_wconf 84' lang='lat' dir='ltr'><strong>supplicia.</strong></span> <span class='ocrx_word' id='word_1_426' title='bbox 1919 3674 2016 3731; x_wconf 75' lang='lat' dir='ltr'><strong>Vel</strong></span> 
     </span>
    </p>
   </div>
   <div class='ocr_carea' id='block_1_53' title="bbox 445 3769 2014 3840">
    <p class='ocr_par' dir='ltr' id='par_1_53' title="bbox 445 3769 2014 3840">
     <span class='ocr_line' id='line_1_53' title="bbox 445 3769 2014 3840; baseline -0.004 -14"><span class='ocrx_word' id='word_1_427' title='bbox 445 3770 564 3826; x_wconf 84' lang='lat' dir='ltr'><strong>ideo</strong></span> <span class='ocrx_word' id='word_1_428' title='bbox 596 3771 898 3824; x_wconf 88' lang='lat' dir='ltr'><strong>truculenta</strong></span> <span class='ocrx_word' id='word_1_429' title='bbox 932 3769 1178 3840; x_wconf 71' lang='lat' dir='ltr'><strong>quazdam</strong></span> <span class='ocrx_word' id='word_1_430' title='bbox 1203 3779 1258 3824; x_wconf 91' lang='lat' dir='ltr'><strong>et</strong></span> <span class='ocrx_word' id='word_1_431' title='bbox 1295 3784 1487 3839; x_wconf 89' lang='lat' dir='ltr'><strong>aspera</strong></span> <span class='ocrx_word' id='word_1_432' title='bbox 1507 3772 1921 3834; x_wconf 85' lang='lat' dir='ltr'><strong>&#39;comminatur,</strong></span> <span class='ocrx_word' id='word_1_433' title='bbox 1956 3776 2014 3820; x_wconf 88' lang='lat' dir='ltr'><strong>ut</strong></span> 
     </span>
    </p>
   </div>
   <div class='ocr_carea' id='block_1_54' title="bbox 445 3863 2013 3934">
    <p class='ocr_par' dir='ltr' id='par_1_54' title="bbox 445 3863 2013 3934">
     <span class='ocr_line' id='line_1_54' title="bbox 445 3863 2013 3934; baseline -0.003 -14"><span class='ocrx_word' id='word_1_434' title='bbox 445 3866 691 3920; x_wconf 85' lang='lat' dir='ltr'><strong>c0nversi</strong></span> <span class='ocrx_word' id='word_1_435' title='bbox 743 3865 820 3918; x_wconf 75' lang='lat' dir='ltr'><strong>ad</strong></span> <span class='ocrx_word' id='word_1_436' title='bbox 884 3863 1286 3934; x_wconf 79' lang='lat' dir='ltr'><strong>pteuitcntiam,</strong></span> <span class='ocrx_word' id='word_1_437' title='bbox 1344 3863 1688 3917; x_wconf 82' lang='lat' dir='ltr'><strong>imminentia</strong></span> <span class='ocrx_word' id='word_1_438' title='bbox 1745 3871 2013 3916; x_wconf 85' lang='lat' dir='ltr'><strong>tormenta</strong></span> 
     </span>
    </p>
   </div>
   <div class='ocr_carea' id='block_1_55' title="bbox 441 3954 2014 4022">
    <p class='ocr_par' dir='ltr' id='par_1_55' title="bbox 441 3954 2014 4022">
     <span class='ocr_line' id='line_1_55' title="bbox 441 3954 2014 4022; baseline -0.003 -10"><span class='ocrx_word' id='word_1_439' title='bbox 441 3957 703 4012; x_wconf 87' lang='lat' dir='ltr'><strong>deviteut.</strong></span> <span class='ocrx_word' id='word_1_440' title='bbox 758 3955 989 4010; x_wconf 64' lang='lat' dir='ltr'><strong>Verbum</strong></span> <span class='ocrx_word' id='word_1_441' title='bbox 1039 3955 1360 4009; x_wconf 88' lang='lat' dir='ltr'><strong>llebraicum</strong></span> <span class='ocrx_word' id='word_1_442' title='bbox 1425 3969 1583 4009; x_wconf 71' lang='lat' dir='ltr'><strong>sum</strong></span> <span class='ocrx_word' id='word_1_443' title='bbox 1626 3954 1790 4022; x_wconf 53' lang='lat' dir='ltr'><strong>(nam)</strong></span> <span class='ocrx_word' id='word_1_444' title='bbox 1825 3969 2014 4008; x_wconf 88' lang='lat' dir='ltr'><strong>omnes</strong></span> 
     </span>
    </p>
   </div>
   <div class='ocr_carea' id='block_1_56' title="bbox 443 4043 2012 4117">
    <p class='ocr_par' dir='ltr' id='par_1_56' title="bbox 443 4043 2012 4117">
     <span class='ocr_line' id='line_1_56' title="bbox 443 4043 2012 4117; baseline -0.002 -16"><span class='ocrx_word' id='word_1_445' title='bbox 443 4063 574 4104; x_wconf 83' lang='lat' dir='ltr'><strong>voco</strong></span> <span class='ocrx_word' id='word_1_446' title='bbox 596 4048 756 4102; x_wconf 87' lang='lat' dir='ltr'><strong>simili</strong></span> <span class='ocrx_word' id='word_1_447' title='bbox 805 4051 981 4115; x_wconf 59' lang='lat' dir='ltr'><strong>ipim:</strong></span> <span class='ocrx_word' id='word_1_448' title='bbox 1012 4045 1355 4117; x_wconf 86' lang='lat' dir='ltr'><strong>interpretati</strong></span> <span class='ocrx_word' id='word_1_449' title='bbox 1386 4054 1531 4100; x_wconf 91' lang='lat' dir='ltr'><strong>sunt.</strong></span> <span class='ocrx_word' id='word_1_450' title='bbox 1565 4045 1621 4098; x_wconf 88' lang='lat' dir='ltr'><strong>Si</strong></span> <span class='ocrx_word' id='word_1_451' title='bbox 1681 4062 1812 4115; x_wconf 86' lang='lat' dir='ltr'><strong>ergo</strong></span> <span class='ocrx_word' id='word_1_452' title='bbox 1863 4043 2012 4100; x_wconf 81' lang='lat' dir='ltr'><strong>Saith</strong></span> 
     </span>
    </p>
   </div>
   <div class='ocr_carea' id='block_1_57' title="bbox 446 4138 2014 4210">
    <p class='ocr_par' dir='ltr' id='par_1_57' title="bbox 446 4138 2014 4210">
     <span class='ocr_line' id='line_1_57' title="bbox 446 4138 2014 4210; baseline -0.001 -15"><span class='ocrx_word' id='word_1_453' title='bbox 446 4140 499 4195; x_wconf 90' lang='lat' dir='ltr'><strong>in</strong></span> <span class='ocrx_word' id='word_1_454' title='bbox 527 4139 779 4210; x_wconf 68' lang='lat' dir='ltr'><strong>praesenti</strong></span> <span class='ocrx_word' id='word_1_455' title='bbox 804 4140 923 4195; x_wconf 91' lang='lat' dir='ltr'><strong>loco</strong></span> <span class='ocrx_word' id='word_1_456' title='bbox 953 4140 1119 4208; x_wconf 71' lang='lat' dir='ltr'><strong>spina:</strong></span> <span class='ocrx_word' id='word_1_457' title='bbox 1171 4140 1427 4208; x_wconf 85' lang='lat' dir='ltr'><strong>dicuntur</strong></span> <span class='ocrx_word' id='word_1_458' title='bbox 1470 4138 1627 4208; x_wconf 84' lang='lat' dir='ltr'><strong>juxta</strong></span> <span class='ocrx_word' id='word_1_459' title='bbox 1666 4139 1916 4208; x_wconf 89' lang='lat' dir='ltr'><strong>Aquilam</strong></span> <span class='ocrx_word' id='word_1_460' title='bbox 1959 4149 2014 4194; x_wconf 84' lang='lat' dir='ltr'><strong>et</strong></span> 
     </span>
    </p>
   </div>
   <div class='ocr_carea' id='block_1_58' title="bbox 445 4227 2014 4297">
    <p class='ocr_par' dir='ltr' id='par_1_58' title="bbox 445 4227 2014 4297">
     <span class='ocr_line' id='line_1_58' title="bbox 445 4227 2014 4297; baseline -0.002 -13"><span class='ocrx_word' id='word_1_461' title='bbox 445 4229 874 4284; x_wconf 84' lang='lat' dir='ltr'><strong>&#39;fheodotionem</strong></span> <span class='ocrx_word' id='word_1_462' title='bbox 927 4240 981 4284; x_wconf 90' lang='lat' dir='ltr'><strong>et</strong></span> <span class='ocrx_word' id='word_1_463' title='bbox 1009 4227 1172 4292; x_wconf 76' lang='lat' dir='ltr'><strong>LXX,</strong></span> <span class='ocrx_word' id='word_1_464' title='bbox 1207 4228 1576 4297; x_wconf 86' lang='lat' dir='ltr'><strong>respondeant</strong></span> <span class='ocrx_word' id='word_1_465' title='bbox 1620 4229 1892 4297; x_wconf 89' lang='lat' dir='ltr'><strong>quomodo</strong></span> <span class='ocrx_word' id='word_1_466' title='bbox 1917 4243 2014 4282; x_wconf 88' lang='lat' dir='ltr'><strong>su-</strong></span> 
     </span>
    </p>
   </div>
   <div class='ocr_carea' id='block_1_59' title="bbox 442 4319 2010 4392">
    <p class='ocr_par' dir='ltr' id='par_1_59' title="bbox 442 4319 2010 4392">
     <span class='ocr_line' id='line_1_59' title="bbox 442 4319 2010 4392; baseline -0.001 -17"><span class='ocrx_word' id='word_1_467' title='bbox 442 4338 536 4392; x_wconf 87' lang='lat' dir='ltr'><strong>pra</strong></span> <span class='ocrx_word' id='word_1_468' title='bbox 575 4321 756 4374; x_wconf 77' lang='lat' dir='ltr'><strong>Busim</strong></span> <span class='ocrx_word' id='word_1_469' title='bbox 799 4336 904 4374; x_wconf 91' lang='lat' dir='ltr'><strong>non</strong></span> <span class='ocrx_word' id='word_1_470' title='bbox 938 4320 1238 4384; x_wconf 79' lang='lat' dir='ltr'><strong>labruscas,</strong></span> <span class='ocrx_word' id='word_1_471' title='bbox 1265 4319 1360 4374; x_wconf 89' lang='lat' dir='ltr'><strong>scd</strong></span> <span class='ocrx_word' id='word_1_472' title='bbox 1388 4321 1568 4388; x_wconf 76' lang='lat' dir='ltr'><strong>spinas</strong></span> <span class='ocrx_word' id='word_1_473' title='bbox 1595 4320 2010 4374; x_wconf 86' lang='lat' dir='ltr'><strong>transtulerunt.</strong></span> 
     </span>
    </p>
   </div>
   <div class='ocr_carea' id='block_1_60' title="bbox 2135 1841 3709 1914">
    <p class='ocr_par' dir='ltr' id='par_1_60' title="bbox 2135 1841 3709 1914">
     <span class='ocr_line' id='line_1_60' title="bbox 2135 1841 3709 1914; baseline 0.003 -18"><span class='ocrx_word' id='word_1_474' title='bbox 2135 1843 2261 1896; x_wconf 85' lang='lat' dir='ltr'><strong>bunt</strong></span> <span class='ocrx_word' id='word_1_475' title='bbox 2297 1841 2458 1906; x_wconf 74' lang='lat' dir='ltr'><strong>Juda,</strong></span> <span class='ocrx_word' id='word_1_476' title='bbox 2489 1852 2541 1896; x_wconf 86' lang='lat' dir='ltr'><strong>el</strong></span> <span class='ocrx_word' id='word_1_477' title='bbox 2589 1841 2832 1896; x_wconf 63' lang='lat' dir='ltr'><strong>lioboam</strong></span> <span class='ocrx_word' id='word_1_478' title='bbox 2867 1843 2978 1897; x_wconf 86' lang='lat' dir='ltr'><strong>lilio</strong></span> <span class='ocrx_word' id='word_1_479' title='bbox 3040 1843 3352 1899; x_wconf 86' lang='lat' dir='ltr'><strong>Salomonis</strong></span> <span class='ocrx_word' id='word_1_480' title='bbox 3383 1861 3557 1914; x_wconf 85' lang='lat' dir='ltr'><strong>super</strong></span> <span class='ocrx_word' id='word_1_481' title='bbox 3583 1850 3709 1900; x_wconf 88' lang='lat' dir='ltr'><strong>duas</strong></span> 
     </span>
    </p>
   </div>
   <div class='ocr_carea' id='block_1_61' title="bbox 2135 1935 3706 2007">
    <p class='ocr_par' dir='ltr' id='par_1_61' title="bbox 2135 1935 3706 2007">
     <span class='ocr_line' id='line_1_61' title="bbox 2135 1935 3706 2007; baseline 0.003 -20"><span class='ocrx_word' id='word_1_482' title='bbox 2135 1936 2330 1999; x_wconf 89' lang='lat' dir='ltr'><strong>tribus,</strong></span> <span class='ocrx_word' id='word_1_483' title='bbox 2395 1935 3001 2006; x_wconf 86' lang='lat' dir='ltr'><strong>.IudametBenjamiu,</strong></span> <span class='ocrx_word' id='word_1_484' title='bbox 3038 1937 3089 1991; x_wconf 91' lang='lat' dir='ltr'><strong>hi</strong></span> <span class='ocrx_word' id='word_1_485' title='bbox 3131 1938 3223 2007; x_wconf 88' lang='lat' dir='ltr'><strong>qui</strong></span> <span class='ocrx_word' id='word_1_486' title='bbox 3273 1950 3437 1993; x_wconf 87' lang='lat' dir='ltr'><strong>erant</strong></span> <span class='ocrx_word' id='word_1_487' title='bbox 3498 1941 3552 1992; x_wconf 89' lang='lat' dir='ltr'><strong>in</strong></span> <span class='ocrx_word' id='word_1_488' title='bbox 3614 1940 3706 1992; x_wconf 85' lang='lat' dir='ltr'><strong>Sa-</strong></span> 
     </span>
    </p>
   </div>
   <div class='ocr_carea' id='block_1_62' title="bbox 2133 2028 3705 2096">
    <p class='ocr_par' dir='ltr' id='par_1_62' title="bbox 2133 2028 3705 2096">
     <span class='ocr_line' id='line_1_62' title="bbox 2133 2028 3705 2096; baseline 0.004 -17"><span class='ocrx_word' id='word_1_489' title='bbox 2133 2028 2330 2090; x_wconf 88' lang='lat' dir='ltr'><strong>maria,</strong></span> <span class='ocrx_word' id='word_1_490' title='bbox 2395 2029 2498 2082; x_wconf 78' lang='lat' dir='ltr'><strong>boc</strong></span> <span class='ocrx_word' id='word_1_491' title='bbox 2529 2035 2634 2092; x_wconf 90' lang='lat' dir='ltr'><strong>est,</strong></span> <span class='ocrx_word' id='word_1_492' title='bbox 2667 2028 2854 2083; x_wconf 77' lang='lat' dir='ltr'><strong>decem</strong></span> <span class='ocrx_word' id='word_1_493' title='bbox 2903 2030 3102 2093; x_wconf 88' lang='lat' dir='ltr'><strong>tribus,</strong></span> <span class='ocrx_word' id='word_1_494' title='bbox 3133 2029 3476 2084; x_wconf 84' lang='lat' dir='ltr'><strong>vocabantur</strong></span> <span class='ocrx_word' id='word_1_495' title='bbox 3513 2029 3705 2096; x_wconf 82' lang='lat' dir='ltr'><strong>Israel;</strong></span> 
     </span>
    </p>
   </div>
   <div class='ocr_carea' id='block_1_63' title="bbox 2129 2108 3706 2191">
    <p class='ocr_par' dir='ltr' id='par_1_63' title="bbox 2129 2108 3706 2191">
     <span class='ocr_line' id='line_1_63' title="bbox 2129 2108 3706 2191; baseline 0.001 -17"><span class='ocrx_word' id='word_1_496' title='bbox 2129 2131 2181 2174; x_wconf 93' lang='lat' dir='ltr'><strong>et</strong></span> <span class='ocrx_word' id='word_1_497' title='bbox 2211 2120 2407 2189; x_wconf 89' lang='lat' dir='ltr'><strong>quibus</strong></span> <span class='ocrx_word' id='word_1_498' title='bbox 2441 2108 2741 2189; x_wconf 80' lang='lat' dir='ltr'><strong>regnabant</strong></span> <span class='ocrx_word' id='word_1_499' title='bbox 2764 2123 2830 2175; x_wconf 87' lang='lat' dir='ltr'><strong>de</strong></span> <span class='ocrx_word' id='word_1_500' title='bbox 2866 2137 3065 2191; x_wconf 81' lang='lat' dir='ltr'><strong>genere</strong></span> <span class='ocrx_word' id='word_1_501' title='bbox 3099 2119 3295 2188; x_wconf 83' lang='lat' dir='ltr'><strong>David,</strong></span> <span class='ocrx_word' id='word_1_502' title='bbox 3351 2123 3706 2191; x_wconf 80' lang='lat' dir='ltr'><strong>appellaban-</strong></span> 
     </span>
    </p>
   </div>
   <div class='ocr_carea' id='block_1_64' title="bbox 2132 2212 3705 2283">
    <p class='ocr_par' dir='ltr' id='par_1_64' title="bbox 2132 2212 3705 2283">
     <span class='ocr_line' id='line_1_64' title="bbox 2132 2212 3705 2283; baseline 0.004 -18"><span class='ocrx_word' id='word_1_503' title='bbox 2132 2224 2218 2266; x_wconf 86' lang='lat' dir='ltr'><strong>tur</strong></span> <span class='ocrx_word' id='word_1_504' title='bbox 2247 2212 2410 2270; x_wconf 80' lang='lat' dir='ltr'><strong>Juda.</strong></span> <span class='ocrx_word' id='word_1_505' title='bbox 2449 2215 2516 2270; x_wconf 87' lang='lat' dir='ltr'><strong>Et</strong></span> <span class='ocrx_word' id='word_1_506' title='bbox 2548 2213 2806 2283; x_wconf 89' lang='lat' dir='ltr'><strong>quoniam</strong></span> <span class='ocrx_word' id='word_1_507' title='bbox 2842 2215 2910 2270; x_wconf 86' lang='lat' dir='ltr'><strong>ab</strong></span> <span class='ocrx_word' id='word_1_508' title='bbox 2952 2215 3119 2270; x_wconf 86' lang='lat' dir='ltr'><strong>Israel</strong></span> <span class='ocrx_word' id='word_1_509' title='bbox 3167 2215 3321 2271; x_wconf 89' lang='lat' dir='ltr'><strong>vituli</strong></span> <span class='ocrx_word' id='word_1_510' title='bbox 3388 2218 3705 2272; x_wconf 71' lang='lat' dir='ltr'><strong>colebantur</strong></span> 
     </span>
    </p>
   </div>
   <div class='ocr_carea' id='block_1_65' title="bbox 2129 2303 3704 2381">
    <p class='ocr_par' dir='ltr' id='par_1_65' title="bbox 2129 2303 3704 2381">
     <span class='ocr_line' id='line_1_65' title="bbox 2129 2303 3704 2381; baseline 0.004 -24"><span class='ocrx_word' id='word_1_511' title='bbox 2129 2304 2180 2357; x_wconf 90' lang='lat' dir='ltr'><strong>in</strong></span> <span class='ocrx_word' id='word_1_512' title='bbox 2220 2303 2354 2371; x_wconf 86' lang='lat' dir='ltr'><strong>Dan,</strong></span> <span class='ocrx_word' id='word_1_513' title='bbox 2384 2316 2438 2361; x_wconf 90' lang='lat' dir='ltr'><strong>et</strong></span> <span class='ocrx_word' id='word_1_514' title='bbox 2487 2307 2540 2360; x_wconf 94' lang='lat' dir='ltr'><strong>in</strong></span> <span class='ocrx_word' id='word_1_515' title='bbox 2600 2306 2812 2373; x_wconf 86' lang='lat' dir='ltr'><strong>Bcthel,</strong></span> <span class='ocrx_word' id='word_1_516' title='bbox 2848 2317 3136 2376; x_wconf 87' lang='lat' dir='ltr'><strong>propterea</strong></span> <span class='ocrx_word' id='word_1_517' title='bbox 3198 2309 3268 2362; x_wconf 87' lang='lat' dir='ltr'><strong>ab</strong></span> <span class='ocrx_word' id='word_1_518' title='bbox 3304 2310 3547 2380; x_wconf 80' lang='lat' dir='ltr'><strong>Assyriis</strong></span> <span class='ocrx_word' id='word_1_519' title='bbox 3598 2314 3704 2381; x_wconf 78' lang='lat' dir='ltr'><strong>pri-</strong></span> 
     </span>
    </p>
   </div>
   <div class='ocr_carea' id='block_1_66' title="bbox 2129 2399 3706 2475">
    <p class='ocr_par' dir='ltr' id='par_1_66' title="bbox 2129 2399 3706 2475">
     <span class='ocr_line' id='line_1_66' title="bbox 2129 2399 3706 2475; baseline 0.006 -25"><span class='ocrx_word' id='word_1_520' title='bbox 2129 2413 2274 2451; x_wconf 83' lang='lat' dir='ltr'><strong>umm</strong></span> <span class='ocrx_word' id='word_1_521' title='bbox 2317 2409 2396 2452; x_wconf 83' lang='lat' dir='ltr'><strong>est</strong></span> <span class='ocrx_word' id='word_1_522' title='bbox 2437 2411 2594 2467; x_wconf 88' lang='lat' dir='ltr'><strong>capta</strong></span> <span class='ocrx_word' id='word_1_523' title='bbox 2659 2399 2905 2454; x_wconf 86' lang='lat' dir='ltr'><strong>Samaria</strong></span> <span class='ocrx_word' id='word_1_524' title='bbox 2936 2417 2951 2466; x_wconf 90' lang='lat'><strong>;</strong></span> <span class='ocrx_word' id='word_1_525' title='bbox 2982 2413 3038 2455; x_wconf 92' lang='lat' dir='ltr'><strong>et</strong></span> <span class='ocrx_word' id='word_1_526' title='bbox 3083 2402 3252 2458; x_wconf 92' lang='lat' dir='ltr'><strong>multo</strong></span> <span class='ocrx_word' id='word_1_527' title='bbox 3297 2413 3423 2473; x_wconf 89' lang='lat' dir='ltr'><strong>post</strong></span> <span class='ocrx_word' id='word_1_528' title='bbox 3464 2414 3706 2475; x_wconf 83' lang='lat' dir='ltr'><strong>tempore</strong></span> 
     </span>
    </p>
   </div>
   <div class='ocr_carea' id='block_1_67' title="bbox 2133 2487 3701 2566">
    <p class='ocr_par' dir='ltr' id='par_1_67' title="bbox 2133 2487 3701 2566">
     <span class='ocr_line' id='line_1_67' title="bbox 2133 2487 3701 2566; baseline 0.005 -24"><span class='ocrx_word' id='word_1_529' title='bbox 2133 2487 2292 2544; x_wconf 80' lang='lat' dir='ltr'><strong>Iudas</strong></span> <span class='ocrx_word' id='word_1_530' title='bbox 2318 2504 2348 2544; x_wconf 90' lang='lat' dir='ltr'><strong>a</strong></span> <span class='ocrx_word' id='word_1_531' title='bbox 2379 2488 2649 2546; x_wconf 61' lang='lat' dir='ltr'><strong>Chaldaeis</strong></span> <span class='ocrx_word' id='word_1_532' title='bbox 2677 2491 2878 2546; x_wconf 87' lang='lat' dir='ltr'><strong>ductus</strong></span> <span class='ocrx_word' id='word_1_533' title='bbox 2935 2503 3019 2546; x_wconf 91' lang='lat' dir='ltr'><strong>est</strong></span> <span class='ocrx_word' id='word_1_534' title='bbox 3076 2493 3128 2546; x_wconf 92' lang='lat' dir='ltr'><strong>in</strong></span> <span class='ocrx_word' id='word_1_535' title='bbox 3161 2492 3523 2564; x_wconf 76' lang='lat' dir='ltr'><strong>Babylonem,</strong></span> <span class='ocrx_word' id='word_1_536' title='bbox 3579 2498 3701 2566; x_wconf 83' lang='lat' dir='ltr'><strong>quia</strong></span> 
     </span>
    </p>
   </div>
   <div class='ocr_carea' id='block_1_68' title="bbox 2128 2582 3708 2651">
    <p class='ocr_par' dir='ltr' id='par_1_68' title="bbox 2128 2582 3708 2651">
     <span class='ocr_line' id='line_1_68' title="bbox 2128 2582 3708 2651; baseline 0.008 -20"><span class='ocrx_word' id='word_1_537' title='bbox 2128 2582 2338 2636; x_wconf 88' lang='lat' dir='ltr'><strong>minora</strong></span> <span class='ocrx_word' id='word_1_538' title='bbox 2397 2595 2783 2651; x_wconf 88' lang='lat' dir='ltr'><strong>peccaverant.</strong></span> <span class='ocrx_word' id='word_1_539' title='bbox 2847 2584 3001 2640; x_wconf 90' lang='lat' dir='ltr'><strong>Unde</strong></span> <span class='ocrx_word' id='word_1_540' title='bbox 3053 2595 3108 2642; x_wconf 87' lang='lat' dir='ltr'><strong>et</strong></span> <span class='ocrx_word' id='word_1_541' title='bbox 3165 2587 3217 2642; x_wconf 93' lang='lat' dir='ltr'><strong>in</strong></span> <span class='ocrx_word' id='word_1_542' title='bbox 3279 2588 3594 2645; x_wconf 74' lang='lat' dir='ltr'><strong>Ezechiele</strong></span> <span class='ocrx_word' id='word_1_543' title='bbox 3643 2595 3708 2645; x_wconf 85' lang='lat' dir='ltr'><strong>ad</strong></span> 
     </span>
    </p>
   </div>
   <div class='ocr_carea' id='block_1_69' title="bbox 2131 2673 3710 2749">
    <p class='ocr_par' dir='ltr' id='par_1_69' title="bbox 2131 2673 3710 2749">
     <span class='ocr_line' id='line_1_69' title="bbox 2131 2673 3710 2749; baseline 0.008 -25"><span class='ocrx_word' id='word_1_544' title='bbox 2131 2673 2417 2744; x_wconf 85' lang='lat' dir='ltr'><strong>utriusque</strong></span> <span class='ocrx_word' id='word_1_545' title='bbox 2450 2675 2629 2745; x_wconf 82' lang='lat' dir='ltr'><strong>populi</strong></span> <span class='ocrx_word' id='word_1_546' title='bbox 2684 2689 2900 2745; x_wconf 87' lang='lat' dir='ltr'><strong>peccata</strong></span> <span class='ocrx_word' id='word_1_547' title='bbox 2960 2682 3263 2749; x_wconf 84' lang='lat' dir='ltr'><strong>purganda,</strong></span> <span class='ocrx_word' id='word_1_548' title='bbox 3296 2680 3478 2737; x_wconf 82' lang='lat' dir='ltr'><strong>Israel</strong></span> <span class='ocrx_word' id='word_1_549' title='bbox 3530 2686 3585 2737; x_wconf 91' lang='lat' dir='ltr'><strong>in</strong></span> <span class='ocrx_word' id='word_1_550' title='bbox 3639 2687 3710 2738; x_wconf 81' lang='lat' dir='ltr'><strong>si-</strong></span> 
     </span>
    </p>
   </div>
   <div class='ocr_carea' id='block_1_70' title="bbox 2129 2766 3707 2842">
    <p class='ocr_par' dir='ltr' id='par_1_70' title="bbox 2129 2766 3707 2842">
     <span class='ocr_line' id='line_1_70' title="bbox 2129 2766 3707 2842; baseline 0.007 -24"><span class='ocrx_word' id='word_1_551' title='bbox 2129 2769 2304 2819; x_wconf 89' lang='lat' dir='ltr'><strong>nistro</strong></span> <span class='ocrx_word' id='word_1_552' title='bbox 2346 2766 2518 2821; x_wconf 88' lang='lat' dir='ltr'><strong>latere</strong></span> <span class='ocrx_word' id='word_1_553' title='bbox 2581 2777 2880 2835; x_wconf 89' lang='lat' dir='ltr'><strong>ponuntur,</strong></span> <span class='ocrx_word' id='word_1_554' title='bbox 2932 2771 3080 2837; x_wconf 82' lang='lat' dir='ltr'><strong>juxta</strong></span> <span class='ocrx_word' id='word_1_555' title='bbox 3144 2769 3528 2842; x_wconf 78' lang='lat' dir='ltr'><strong>Septuaginta,</strong></span> <span class='ocrx_word' id='word_1_556' title='bbox 3592 2777 3707 2830; x_wconf 88' lang='lat' dir='ltr'><strong>dies</strong></span> 
     </span>
    </p>
   </div>
   <div class='ocr_carea' id='block_1_71' title="bbox 2125 2858 3708 2928">
    <p class='ocr_par' dir='ltr' id='par_1_71' title="bbox 2125 2858 3708 2928">
     <span class='ocr_line' id='line_1_71' title="bbox 2125 2858 3708 2928; baseline 0.009 -18"><span class='ocrx_word' id='word_1_557' title='bbox 2125 2867 2337 2912; x_wconf 87' lang='lat' dir='ltr'><strong>centqu</strong></span> <span class='ocrx_word' id='word_1_558' title='bbox 2402 2858 2724 2928; x_wconf 85' lang='lat' dir='ltr'><strong>nonaginta,</strong></span> <span class='ocrx_word' id='word_1_559' title='bbox 2768 2861 2883 2914; x_wconf 89' lang='lat' dir='ltr'><strong>sive</strong></span> <span class='ocrx_word' id='word_1_560' title='bbox 2941 2873 2997 2915; x_wconf 93' lang='lat' dir='ltr'><strong>ut</strong></span> <span class='ocrx_word' id='word_1_561' title='bbox 3076 2865 3260 2919; x_wconf 89' lang='lat' dir='ltr'><strong>verius</strong></span> <span class='ocrx_word' id='word_1_562' title='bbox 3318 2867 3372 2919; x_wconf 92' lang='lat' dir='ltr'><strong>in</strong></span> <span class='ocrx_word' id='word_1_563' title='bbox 3437 2866 3708 2924; x_wconf 85' lang='lat' dir='ltr'><strong>Ilehraioo</strong></span> 
     </span>
    </p>
   </div>
   <div class='ocr_carea' id='block_1_72' title="bbox 2119 2937 3709 3031">
    <p class='ocr_par' dir='ltr' id='par_1_72' title="bbox 2119 2937 3709 3031">
     <span class='ocr_line' id='line_1_72' title="bbox 2119 2937 3709 3031; baseline 0.008 -29"><span class='ocrx_word' id='word_1_564' title='bbox 2119 2952 2450 3015; x_wconf 87' lang='lat' dir='ltr'><strong>continetur,</strong></span> <span class='ocrx_word' id='word_1_565' title='bbox 2496 2951 2722 3006; x_wconf 88' lang='lat' dir='ltr'><strong>trecenti</strong></span> <span class='ocrx_word' id='word_1_566' title='bbox 2757 2937 3089 3022; x_wconf 81' lang='lat' dir='ltr'><strong>nonaginta;</strong></span> <span class='ocrx_word' id='word_1_567' title='bbox 3136 2955 3286 3011; x_wconf 72' lang='lat' dir='ltr'><strong>inda:</strong></span> <span class='ocrx_word' id='word_1_568' title='bbox 3339 2967 3523 3014; x_wconf 80' lang='lat' dir='ltr'><strong>autem</strong></span> <span class='ocrx_word' id='word_1_569' title='bbox 3578 2977 3709 3031; x_wconf 83' lang='lat' dir='ltr'><strong>qua-</strong></span> 
     </span>
    </p>
   </div>
   <div class='ocr_carea' id='block_1_73' title="bbox 2123 3043 3705 3120">
    <p class='ocr_par' dir='ltr' id='par_1_73' title="bbox 2123 3043 3705 3120">
     <span class='ocr_line' id='line_1_73' title="bbox 2123 3043 3705 3120; baseline 0.008 -26"><span class='ocrx_word' id='word_1_570' title='bbox 2123 3044 2370 3112; x_wconf 86' lang='lat' dir='ltr'><strong>draginta</strong></span> <span class='ocrx_word' id='word_1_571' title='bbox 2405 3044 2523 3098; x_wconf 89' lang='lat' dir='ltr'><strong>dies</strong></span> <span class='ocrx_word' id='word_1_572' title='bbox 2553 3043 2771 3114; x_wconf 73' lang='lat' dir='ltr'><strong>(Ezech.</strong></span> <span class='ocrx_word' id='word_1_573' title='bbox 2809 3061 2880 3108; x_wconf 86' lang='lat' dir='ltr'><strong>tv,</strong></span> <span class='ocrx_word' id='word_1_574' title='bbox 2915 3047 3074 3116; x_wconf 71' lang='lat' dir='ltr'><strong>juxta</strong></span> <span class='ocrx_word' id='word_1_575' title='bbox 3105 3048 3247 3102; x_wconf 77' lang='lat' dir='ltr'><strong>LXX</strong></span> <span class='ocrx_word' id='word_1_576' title='bbox 3314 3065 3358 3103; x_wconf 77' lang='lat' dir='ltr'><strong>et</strong></span> <span class='ocrx_word' id='word_1_577' title='bbox 3386 3053 3554 3120; x_wconf 75' lang='lat' dir='ltr'><strong>juxta</strong></span> <span class='ocrx_word' id='word_1_578' title='bbox 3592 3054 3705 3107; x_wconf 84' lang='lat' dir='ltr'><strong>Ile-</strong></span> 
     </span>
    </p>
   </div>
   <div class='ocr_carea' id='block_1_74' title="bbox 2126 3135 3705 3213">
    <p class='ocr_par' dir='ltr' id='par_1_74' title="bbox 2126 3135 3705 3213">
     <span class='ocr_line' id='line_1_74' title="bbox 2126 3135 3705 3213; baseline 0.008 -23"><span class='ocrx_word' id='word_1_579' title='bbox 2126 3137 2406 3206; x_wconf 80' lang='lat' dir='ltr'><strong>brairum).</strong></span> <span class='ocrx_word' id='word_1_580' title='bbox 2441 3135 2561 3192; x_wconf 91' lang='lat' dir='ltr'><strong>lloc</strong></span> <span class='ocrx_word' id='word_1_581' title='bbox 2598 3140 2741 3204; x_wconf 93' lang='lat' dir='ltr'><strong>dico,</strong></span> <span class='ocrx_word' id='word_1_582' title='bbox 2770 3148 2829 3193; x_wconf 84' lang='lat' dir='ltr'><strong>ut</strong></span> <span class='ocrx_word' id='word_1_583' title='bbox 2864 3145 3270 3210; x_wconf 85' lang='lat' dir='ltr'><strong>comparatione</strong></span> <span class='ocrx_word' id='word_1_584' title='bbox 3296 3146 3489 3212; x_wconf 81' lang='lat' dir='ltr'><strong>ISrael,</strong></span> <span class='ocrx_word' id='word_1_585' title='bbox 3519 3149 3573 3202; x_wconf 90' lang='lat' dir='ltr'><strong>id</strong></span> <span class='ocrx_word' id='word_1_586' title='bbox 3600 3159 3705 3213; x_wconf 87' lang='lat' dir='ltr'><strong>est,</strong></span> 
     </span>
    </p>
   </div>
   <div class='ocr_carea' id='block_1_75' title="bbox 2127 3227 3702 3303">
    <p class='ocr_par' dir='ltr' id='par_1_75' title="bbox 2127 3227 3702 3303">
     <span class='ocr_line' id='line_1_75' title="bbox 2127 3227 3702 3303; baseline 0.01 -24"><span class='ocrx_word' id='word_1_587' title='bbox 2127 3227 2307 3280; x_wconf 89' lang='lat' dir='ltr'><strong>decem</strong></span> <span class='ocrx_word' id='word_1_588' title='bbox 2335 3228 2593 3292; x_wconf 90' lang='lat' dir='ltr'><strong>tribuum,</strong></span> <span class='ocrx_word' id='word_1_589' title='bbox 2621 3229 2908 3286; x_wconf 83' lang='lat' dir='ltr'><strong>amabilem</strong></span> <span class='ocrx_word' id='word_1_590' title='bbox 2941 3244 3105 3303; x_wconf 88' lang='lat' dir='ltr'><strong>atque</strong></span> <span class='ocrx_word' id='word_1_591' title='bbox 3134 3236 3385 3291; x_wconf 80' lang='lat' dir='ltr'><strong>dilectum</strong></span> <span class='ocrx_word' id='word_1_592' title='bbox 3417 3243 3702 3294; x_wconf 79' lang='lat' dir='ltr'><strong>ostendam</strong></span> 
     </span>
    </p>
   </div>
   <div class='ocr_carea' id='block_1_76' title="bbox 2123 3315 3708 3397">
    <p class='ocr_par' dir='ltr' id='par_1_76' title="bbox 2123 3315 3708 3397">
     <span class='ocr_line' id='line_1_76' title="bbox 2123 3315 3708 3397; baseline 0.011 -26"><span class='ocrx_word' id='word_1_593' title='bbox 2123 3315 2341 3382; x_wconf 81' lang='lat' dir='ltr'><strong>.Iudam,</strong></span> <span class='ocrx_word' id='word_1_594' title='bbox 2382 3320 2434 3374; x_wconf 91' lang='lat' dir='ltr'><strong>in</strong></span> <span class='ocrx_word' id='word_1_595' title='bbox 2467 3337 2572 3388; x_wconf 91' lang='lat' dir='ltr'><strong>quo</strong></span> <span class='ocrx_word' id='word_1_596' title='bbox 2597 3333 2754 3377; x_wconf 88' lang='lat' dir='ltr'><strong>erant</strong></span> <span class='ocrx_word' id='word_1_597' title='bbox 2808 3328 3119 3383; x_wconf 71' lang='lat' dir='ltr'><strong>sacerdotes</strong></span> <span class='ocrx_word' id='word_1_598' title='bbox 3149 3342 3204 3383; x_wconf 90' lang='lat' dir='ltr'><strong>et</strong></span> <span class='ocrx_word' id='word_1_599' title='bbox 3261 3331 3462 3397; x_wconf 67' lang='lat' dir='ltr'><strong>levitm,</strong></span> <span class='ocrx_word' id='word_1_600' title='bbox 3516 3346 3570 3388; x_wconf 90' lang='lat' dir='ltr'><strong>et</strong></span> <span class='ocrx_word' id='word_1_601' title='bbox 3613 3335 3708 3388; x_wconf 60' lang='lat' dir='ltr'><strong>Dei</strong></span> 
     </span>
    </p>
   </div>
   <div class='ocr_carea' id='block_1_77' title="bbox 2129 3412 3705 3492">
    <p class='ocr_par' dir='ltr' id='par_1_77' title="bbox 2129 3412 3705 3492">
     <span class='ocr_line' id='line_1_77' title="bbox 2129 3412 3705 3492; baseline 0.011 -29"><span class='ocrx_word' id='word_1_602' title='bbox 2129 3412 2317 3480; x_wconf 72' lang='lat' dir='ltr'><strong>religio</strong></span> <span class='ocrx_word' id='word_1_603' title='bbox 2354 3415 2673 3468; x_wconf 87' lang='lat' dir='ltr'><strong>versabatur</strong></span> <span class='ocrx_word' id='word_1_604' title='bbox 2697 3432 2763 3471; x_wconf 93' lang='lat' dir='ltr'><strong>eo</strong></span> <span class='ocrx_word' id='word_1_605' title='bbox 2785 3424 3052 3487; x_wconf 88' lang='lat' dir='ltr'><strong>tempore,</strong></span> <span class='ocrx_word' id='word_1_606' title='bbox 3087 3437 3195 3490; x_wconf 90' lang='lat' dir='ltr'><strong>quo</strong></span> <span class='ocrx_word' id='word_1_607' title='bbox 3226 3428 3494 3492; x_wconf 88' lang='lat' dir='ltr'><strong>propheta</strong></span> <span class='ocrx_word' id='word_1_608' title='bbox 3531 3425 3705 3483; x_wconf 83' lang='lat' dir='ltr'><strong>Isaias</strong></span> 
     </span>
    </p>
   </div>
   <div class='ocr_carea' id='block_1_78' title="bbox 2126 3503 3701 3587">
    <p class='ocr_par' dir='ltr' id='par_1_78' title="bbox 2126 3503 3701 3587">
     <span class='ocr_line' id='line_1_78' title="bbox 2126 3503 3701 3587; baseline 0.013 -33"><span class='ocrx_word' id='word_1_609' title='bbox 2126 3503 2446 3572; x_wconf 86' lang='lat' dir='ltr'><strong>loquebatur</strong></span> <span class='ocrx_word' id='word_1_610' title='bbox 2475 3507 2540 3560; x_wconf 90' lang='lat' dir='ltr'><strong>ad</strong></span> <span class='ocrx_word' id='word_1_611' title='bbox 2566 3511 2845 3578; x_wconf 84' lang='lat' dir='ltr'><strong>papulutn.</strong></span> <span class='ocrx_word' id='word_1_612' title='bbox 2886 3511 2954 3564; x_wconf 88' lang='lat' dir='ltr'><strong>Et</strong></span> <span class='ocrx_word' id='word_1_613' title='bbox 2976 3514 3198 3581; x_wconf 79' lang='lat' dir='ltr'><strong>pulchre</strong></span> <span class='ocrx_word' id='word_1_614' title='bbox 3218 3516 3408 3578; x_wconf 82' lang='lat' dir='ltr'><strong>Israel.</strong></span> <span class='ocrx_word' id='word_1_615' title='bbox 3466 3519 3568 3574; x_wconf 86' lang='lat' dir='ltr'><strong>hoc</strong></span> <span class='ocrx_word' id='word_1_616' title='bbox 3593 3533 3701 3587; x_wconf 87' lang='lat' dir='ltr'><strong>est,</strong></span> 
     </span>
    </p>
   </div>
   <div class='ocr_carea' id='block_1_79' title="bbox 2128 3599 3706 3683">
    <p class='ocr_par' dir='ltr' id='par_1_79' title="bbox 2128 3599 3706 3683">
     <span class='ocr_line' id='line_1_79' title="bbox 2128 3599 3706 3683; baseline 0.013 -33"><span class='ocrx_word' id='word_1_617' title='bbox 2128 3605 2270 3652; x_wconf 92' lang='lat' dir='ltr'><strong>totus</strong></span> <span class='ocrx_word' id='word_1_618' title='bbox 2304 3599 2549 3667; x_wconf 89' lang='lat' dir='ltr'><strong>populus,</strong></span> <span class='ocrx_word' id='word_1_619' title='bbox 2593 3604 2786 3658; x_wconf 89' lang='lat' dir='ltr'><strong>domus</strong></span> <span class='ocrx_word' id='word_1_620' title='bbox 2831 3615 2953 3672; x_wconf 84' lang='lat' dir='ltr'><strong>cst;</strong></span> <span class='ocrx_word' id='word_1_621' title='bbox 2993 3606 3163 3661; x_wconf 83' lang='lat' dir='ltr'><strong>Judas</strong></span> <span class='ocrx_word' id='word_1_622' title='bbox 3217 3622 3422 3674; x_wconf 89' lang='lat' dir='ltr'><strong>autem,</strong></span> <span class='ocrx_word' id='word_1_623' title='bbox 3460 3617 3553 3683; x_wconf 90' lang='lat' dir='ltr'><strong>qui</strong></span> <span class='ocrx_word' id='word_1_624' title='bbox 3616 3633 3706 3670; x_wconf 85' lang='lat' dir='ltr'><strong>se-</strong></span> 
     </span>
    </p>
   </div>
   <div class='ocr_carea' id='block_1_80' title="bbox 2125 3690 3703 3767">
    <p class='ocr_par' dir='ltr' id='par_1_80' title="bbox 2125 3690 3703 3767">
     <span class='ocr_line' id='line_1_80' title="bbox 2125 3690 3703 3767; baseline 0.013 -27"><span class='ocrx_word' id='word_1_625' title='bbox 2125 3691 2332 3757; x_wconf 78' lang='lat' dir='ltr'><strong>paratis</strong></span> <span class='ocrx_word' id='word_1_626' title='bbox 2366 3690 2471 3760; x_wconf 83' lang='lat'><strong><em>73</em></strong></span> <span class='ocrx_word' id='word_1_627' title='bbox 2523 3693 2775 3747; x_wconf 87' lang='lat' dir='ltr'><strong>tribubus</strong></span> <span class='ocrx_word' id='word_1_628' title='bbox 2837 3708 3020 3764; x_wconf 87' lang='lat' dir='ltr'><strong>postea</strong></span> <span class='ocrx_word' id='word_1_629' title='bbox 3055 3699 3359 3767; x_wconf 72' lang='lat' dir='ltr'><strong>pullulat-it,</strong></span> <span class='ocrx_word' id='word_1_630' title='bbox 3423 3708 3703 3761; x_wconf 60' lang='lat' dir='ltr'><strong>novellum</strong></span> 
     </span>
    </p>
   </div>
   <div class='ocr_carea' id='block_1_81' title="bbox 2123 3779 3712 3862">
    <p class='ocr_par' dir='ltr' id='par_1_81' title="bbox 2123 3779 3712 3862">
     <span class='ocr_line' id='line_1_81' title="bbox 2123 3779 3712 3862; baseline 0.013 -33"><span class='ocrx_word' id='word_1_631' title='bbox 2123 3779 2321 3832; x_wconf 88' lang='lat' dir='ltr'><strong>dicitur</strong></span> <span class='ocrx_word' id='word_1_632' title='bbox 2369 3783 2717 3839; x_wconf 83' lang='lat' dir='ltr'><strong>delectabile.</strong></span> <span class='ocrx_word' id='word_1_633' title='bbox 2777 3783 2881 3839; x_wconf 85' lang='lat' dir='ltr'><strong>Sed</strong></span> <span class='ocrx_word' id='word_1_634' title='bbox 2922 3787 3109 3841; x_wconf 88' lang='lat' dir='ltr'><strong>ethoc</strong></span> <span class='ocrx_word' id='word_1_635' title='bbox 3170 3793 3492 3855; x_wconf 87' lang='lat' dir='ltr'><strong>notandum,</strong></span> <span class='ocrx_word' id='word_1_636' title='bbox 3561 3797 3712 3862; x_wconf 78' lang='lat' dir='ltr'><strong>quod</strong></span> 
     </span>
    </p>
   </div>
   <div class='ocr_carea' id='block_1_82' title="bbox 2118 3869 3708 3958">
    <p class='ocr_par' dir='ltr' id='par_1_82' title="bbox 2118 3869 3708 3958">
     <span class='ocr_line' id='line_1_82' title="bbox 2118 3869 3708 3958; baseline 0.015 -38"><span class='ocrx_word' id='word_1_637' title='bbox 2118 3869 2269 3939; x_wconf 66' lang='lat' dir='ltr'><strong>juxta</strong></span> <span class='ocrx_word' id='word_1_638' title='bbox 2301 3876 2752 3930; x_wconf 89' lang='lat' dir='ltr'><strong>consuetudinem</strong></span> <span class='ocrx_word' id='word_1_639' title='bbox 2789 3880 3187 3948; x_wconf 86' lang='lat' dir='ltr'><strong>prophetalem,</strong></span> <span class='ocrx_word' id='word_1_640' title='bbox 3219 3899 3339 3950; x_wconf 70' lang='lat' dir='ltr'><strong>qua:</strong></span> <span class='ocrx_word' id='word_1_641' title='bbox 3391 3888 3547 3953; x_wconf 90' lang='lat' dir='ltr'><strong>prius</strong></span> <span class='ocrx_word' id='word_1_642' title='bbox 3603 3904 3708 3958; x_wconf 80' lang='lat' dir='ltr'><strong>per</strong></span> 
     </span>
    </p>
   </div>
   <div class='ocr_carea' id='block_1_83' title="bbox 2125 3960 3706 4046">
    <p class='ocr_par' dir='ltr' id='par_1_83' title="bbox 2125 3960 3706 4046">
     <span class='ocr_line' id='line_1_83' title="bbox 2125 3960 3706 4046; baseline 0.014 -35"><span class='ocrx_word' id='word_1_643' title='bbox 2125 3960 2495 4029; x_wconf 73' lang='lat' dir='ltr'><strong>metaphoram</strong></span> <span class='ocrx_word' id='word_1_644' title='bbox 2529 3965 2668 4018; x_wconf 90' lang='lat' dir='ltr'><strong>dicta</strong></span> <span class='ocrx_word' id='word_1_645' title='bbox 2696 3977 2846 4032; x_wconf 89' lang='lat' dir='ltr'><strong>sunt,</strong></span> <span class='ocrx_word' id='word_1_646' title='bbox 2876 3967 2958 4021; x_wconf 87' lang='lat' dir='ltr'><strong>vel</strong></span> <span class='ocrx_word' id='word_1_647' title='bbox 3013 3983 3109 4038; x_wconf 89' lang='lat' dir='ltr'><strong>per</strong></span> <span class='ocrx_word' id='word_1_648' title='bbox 3135 3973 3471 4040; x_wconf 88' lang='lat' dir='ltr'><strong>parabolam,</strong></span> <span class='ocrx_word' id='word_1_649' title='bbox 3500 3990 3706 4046; x_wconf 83' lang='lat' dir='ltr'><strong>postea</strong></span> 
     </span>
    </p>
   </div>
   <div class='ocr_carea' id='block_1_84' title="bbox 2119 4054 3705 4139">
    <p class='ocr_par' dir='ltr' id='par_1_84' title="bbox 2119 4054 3705 4139">
     <span class='ocr_line' id='line_1_84' title="bbox 2119 4054 3705 4139; baseline 0.013 -35"><span class='ocrx_word' id='word_1_650' title='bbox 2119 4064 2464 4119; x_wconf 79' lang='lat' dir='ltr'><strong>exponuntur</strong></span> <span class='ocrx_word' id='word_1_651' title='bbox 2483 4054 2844 4123; x_wconf 80' lang='lat' dir='ltr'><strong>manifestius,</strong></span> <span class='ocrx_word' id='word_1_652' title='bbox 2888 4064 3033 4129; x_wconf 85' lang='lat' dir='ltr'><strong>quod</strong></span> <span class='ocrx_word' id='word_1_653' title='bbox 3059 4062 3213 4118; x_wconf 86' lang='lat' dir='ltr'><strong>vinea</strong></span> <span class='ocrx_word' id='word_1_654' title='bbox 3233 4074 3285 4118; x_wconf 87' lang='lat' dir='ltr'><strong>et</strong></span> <span class='ocrx_word' id='word_1_655' title='bbox 3305 4068 3515 4123; x_wconf 79' lang='lat' dir='ltr'><strong>novella</strong></span> <span class='ocrx_word' id='word_1_656' title='bbox 3545 4070 3705 4139; x_wconf 82' lang='lat' dir='ltr'><strong>plan-</strong></span> 
     </span>
    </p>
   </div>
   <div class='ocr_carea' id='block_1_85' title="bbox 2126 4142 2878 4204">
    <p class='ocr_par' dir='ltr' id='par_1_85' title="bbox 2126 4142 2878 4204">
     <span class='ocr_line' id='line_1_85' title="bbox 2126 4142 2878 4204; baseline 0.011 -9"><span class='ocrx_word' id='word_1_657' title='bbox 2126 4144 2256 4197; x_wconf 84' lang='lat' dir='ltr'><strong>tatio</strong></span> <span class='ocrx_word' id='word_1_658' title='bbox 2315 4142 2474 4198; x_wconf 88' lang='lat' dir='ltr'><strong>Israel</strong></span> <span class='ocrx_word' id='word_1_659' title='bbox 2501 4155 2551 4199; x_wconf 92' lang='lat' dir='ltr'><strong>et</strong></span> <span class='ocrx_word' id='word_1_660' title='bbox 2583 4145 2753 4204; x_wconf 74' lang='lat' dir='ltr'><strong>ludas</strong></span> <span class='ocrx_word' id='word_1_661' title='bbox 2785 4152 2878 4204; x_wconf 89' lang='lat' dir='ltr'><strong>sit.</strong></span> 
     </span>
    </p>
   </div>
   <div class='ocr_carea' id='block_1_86' title="bbox 2197 4237 3713 4317">
    <p class='ocr_par' dir='ltr' id='par_1_86' title="bbox 2197 4237 3713 4317">
     <span class='ocr_line' id='line_1_86' title="bbox 2197 4237 3713 4317; baseline 0.014 -28"><span class='ocrx_word' id='word_1_662' title='bbox 2197 4257 2216 4289; x_wconf 81' lang='grc' dir='ltr'><strong>ι</strong></span> <span class='ocrx_word' id='word_1_663' title='bbox 2244 4237 2637 4311; x_wconf 64' lang='lat' dir='ltr'><strong>Etexspectavi</strong></span> <span class='ocrx_word' id='word_1_664' title='bbox 2673 4255 2728 4297; x_wconf 90' lang='lat' dir='ltr'><strong>ut</strong></span> <span class='ocrx_word' id='word_1_665' title='bbox 2773 4249 2974 4300; x_wconf 82' lang='lat' dir='ltr'><strong>taceret</strong></span> <span class='ocrx_word' id='word_1_666' title='bbox 2999 4246 3281 4317; x_wconf 86' lang='lat' dir='ltr'><strong>judicium,</strong></span> <span class='ocrx_word' id='word_1_667' title='bbox 3321 4260 3375 4305; x_wconf 86' lang='lat' dir='ltr'><strong>et</strong></span> <span class='ocrx_word' id='word_1_668' title='bbox 3428 4267 3556 4308; x_wconf 84' lang='lat' dir='ltr'><strong>cecc</strong></span> <span class='ocrx_word' id='word_1_669' title='bbox 3597 4253 3713 4310; x_wconf 83' lang='lat' dir='ltr'><strong>ini-</strong></span> 
     </span>
    </p>
   </div>
   <div class='ocr_carea' id='block_1_87' title="bbox 2091 4329 3713 4411">
    <p class='ocr_par' dir='ltr' id='par_1_87' title="bbox 2091 4329 3713 4411">
     <span class='ocr_line' id='line_1_87' title="bbox 2091 4329 3713 4411; baseline 0.014 -30"><span class='ocrx_word' id='word_1_670' title='bbox 2091 4329 2094 4334; x_wconf 80' lang='grc'><em>’</em></span> <span class='ocrx_word' id='word_1_671' title='bbox 2122 4330 2334 4398; x_wconf 83' lang='lat' dir='ltr'><strong>quitas;</strong></span> <span class='ocrx_word' id='word_1_672' title='bbox 2364 4334 2722 4402; x_wconf 83' lang='lat' dir='ltr'><strong>etjnstitiatn,</strong></span> <span class='ocrx_word' id='word_1_673' title='bbox 2749 4349 2805 4391; x_wconf 90' lang='lat' dir='ltr'><strong>et</strong></span> <span class='ocrx_word' id='word_1_674' title='bbox 2834 4354 2962 4394; x_wconf 80' lang='lat' dir='ltr'><strong>ecce</strong></span> <span class='ocrx_word' id='word_1_675' title='bbox 2994 4342 3223 4406; x_wconf 84' lang='lat' dir='ltr'><strong>clamor,</strong></span> <span class='ocrx_word' id='word_1_676' title='bbox 3255 4363 3273 4396; x_wconf 78' lang='grc' dir='ltr'><strong>ι</strong></span> <span class='ocrx_word' id='word_1_677' title='bbox 3313 4347 3449 4411; x_wconf 88' lang='lat' dir='ltr'><strong>sive,</strong></span> <span class='ocrx_word' id='word_1_678' title='bbox 3485 4365 3538 4400; x_wconf 89' lang='lat' dir='ltr'><strong>ut</strong></span> <span class='ocrx_word' id='word_1_679' title='bbox 3560 4347 3713 4404; x_wconf 70' lang='lat' dir='ltr'><strong>LXX</strong></span> 
     </span>
    </p>
   </div>
   <div class='ocr_carea' id='block_1_88' title="bbox 518 4411 3715 4508">
    <p class='ocr_par' dir='ltr' id='par_1_88' title="bbox 518 4411 3715 4508">
     <span class='ocr_line' id='line_1_88' title="bbox 518 4411 3715 4508; baseline 0.001 -43"><span class='ocrx_word' id='word_1_680' title='bbox 518 4432 537 4465; x_wconf 72' lang='grc' dir='ltr'><strong>ι</strong></span> <span class='ocrx_word' id='word_1_681' title='bbox 579 4414 643 4466; x_wconf 77' lang='lat' dir='ltr'><strong>Et</strong></span> <span class='ocrx_word' id='word_1_682' title='bbox 677 4412 912 4508; x_wconf 82' lang='lat' dir='ltr'><strong>nubibus</strong></span> <span class='ocrx_word' id='word_1_683' title='bbox 939 4411 1212 4465; x_wconf 79' lang='lat' dir='ltr'><strong>mandabo</strong></span> <span class='ocrx_word' id='word_1_684' title='bbox 1240 4428 1305 4465; x_wconf 89' lang='lat' dir='ltr'><strong>ne</strong></span> <span class='ocrx_word' id='word_1_685' title='bbox 1330 4413 1712 4508; x_wconf 63' lang='lat' dir='ltr'><strong>..pluatttsupt:r</strong></span> <span class='ocrx_word' id='word_1_686' title='bbox 1746 4413 2011 4508; x_wconf 33' lang='lat' dir='ltr'><strong>eam‘im-</strong></span> <span class='ocrx_word' id='word_1_687' title='bbox 2041 4447 2092 4507; x_wconf 67' lang='grc' dir='ltr'><strong>Β</strong></span> <span class='ocrx_word' id='word_1_688' title='bbox 2125 4427 2541 4493; x_wconf 54' lang='grc' dir='ltr'><strong>ιτειιιειιιιετυηι,</strong></span> <span class='ocrx_word' id='word_1_689' title='bbox 2579 4447 2599 4479; x_wconf 63' lang='grc' dir='ltr'><strong>ι</strong></span> <span class='ocrx_word' id='word_1_690' title='bbox 2638 4429 2961 4500; x_wconf 57' lang='grc' dir='ltr'><strong>Εκερρριωιί</strong></span> <span class='ocrx_word' id='word_1_691' title='bbox 2997 4445 3052 4488; x_wconf 71' lang='grc' dir='ltr'><strong>ιη</strong></span> <span class='ocrx_word' id='word_1_692' title='bbox 3085 4436 3290 4491; x_wconf 52' lang='lat' dir='ltr'><strong>facere,</strong></span> <span class='ocrx_word' id='word_1_693' title='bbox 3317 4441 3612 4508; x_wconf 54' lang='lat' dir='ltr'><strong>judicium,</strong></span> <span class='ocrx_word' id='word_1_694' title='bbox 3654 4455 3715 4498; x_wconf 52' lang='lat' dir='ltr'><strong>ﬂ</strong></span> 
     </span>
    </p>
   </div>
   <div class='ocr_carea' id='block_1_89' title="bbox 441 4493 2011 4573">
    <p class='ocr_par' dir='ltr' id='par_1_89' title="bbox 441 4493 2011 4573">
     <span class='ocr_line' id='line_1_89' title="bbox 441 4493 2011 4573; baseline -0.001 -13"><span class='ocrx_word' id='word_1_695' title='bbox 441 4507 616 4561; x_wconf 85' lang='lat' dir='ltr'><strong>hrem.</strong></span> <span class='ocrx_word' id='word_1_696' title='bbox 649 4522 670 4556; x_wconf 77' lang='grc' dir='ltr'><strong>ι</strong></span> <span class='ocrx_word' id='word_1_697' title='bbox 709 4503 826 4558; x_wconf 74' lang='lat' dir='ltr'><strong>Ista:</strong></span> <span class='ocrx_word' id='word_1_698' title='bbox 845 4513 976 4558; x_wconf 89' lang='lat' dir='ltr'><strong>sunt</strong></span> <span class='ocrx_word' id='word_1_699' title='bbox 1004 4504 1175 4558; x_wconf 90' lang='lat' dir='ltr'><strong>nubes</strong></span> <span class='ocrx_word' id='word_1_700' title='bbox 1209 4519 1346 4573; x_wconf 87' lang='lat' dir='ltr'><strong>quas</strong></span> <span class='ocrx_word' id='word_1_701' title='bbox 1377 4493 1564 4557; x_wconf 76' lang='lat' dir='ltr'><strong>eduxit</strong></span> <span class='ocrx_word' id='word_1_702' title='bbox 1599 4503 1706 4573; x_wconf 81' lang='grc'><strong>72</strong></span> <span class='ocrx_word' id='word_1_703' title='bbox 1746 4502 2011 4558; x_wconf 86' lang='lat' dir='ltr'><strong>Dominus</strong></span> 
     </span>
    </p>
   </div>
   <div class='ocr_carea' id='block_1_90' title="bbox 445 4596 2013 4668">
    <p class='ocr_par' dir='ltr' id='par_1_90' title="bbox 445 4596 2013 4668">
     <span class='ocr_line' id='line_1_90' title="bbox 445 4596 2013 4668; baseline -0.003 -16"><span class='ocrx_word' id='word_1_704' title='bbox 445 4602 512 4652; x_wconf 85' lang='lat' dir='ltr'><strong>ab</strong></span> <span class='ocrx_word' id='word_1_705' title='bbox 539 4609 783 4652; x_wconf 79' lang='lat' dir='ltr'><strong>extremo</strong></span> <span class='ocrx_word' id='word_1_706' title='bbox 823 4606 999 4662; x_wconf 60' lang='lat' dir='ltr'><strong>terrai,</strong></span> <span class='ocrx_word' id='word_1_707' title='bbox 1027 4599 1092 4650; x_wconf 88' lang='lat' dir='ltr'><strong>de</strong></span> <span class='ocrx_word' id='word_1_708' title='bbox 1110 4599 1308 4666; x_wconf 89' lang='lat' dir='ltr'><strong>quibus</strong></span> <span class='ocrx_word' id='word_1_709' title='bbox 1334 4609 1387 4651; x_wconf 91' lang='lat' dir='ltr'><strong>et</strong></span> <span class='ocrx_word' id='word_1_710' title='bbox 1415 4597 1468 4650; x_wconf 86' lang='lat' dir='ltr'><strong>in</strong></span> <span class='ocrx_word' id='word_1_711' title='bbox 1501 4598 1712 4664; x_wconf 83' lang='lat' dir='ltr'><strong>psalmo</strong></span> <span class='ocrx_word' id='word_1_712' title='bbox 1737 4596 1964 4668; x_wconf 73' lang='lat' dir='ltr'><strong>legimus</strong></span> <span class='ocrx_word' id='word_1_713' title='bbox 1996 4612 2013 4653; x_wconf 84' lang='lat'><strong>;</strong></span> 
     </span>
    </p>
   </div>
   <div class='ocr_carea' id='block_1_91' title="bbox 454 4686 2015 4758">
    <p class='ocr_par' dir='ltr' id='par_1_91' title="bbox 454 4686 2015 4758">
     <span class='ocr_line' id='line_1_91' title="bbox 454 4686 2015 4758; baseline -0.002 -15"><span class='ocrx_word' id='word_1_714' title='bbox 454 4688 656 4744; x_wconf 73' lang='lat' dir='ltr'><strong>Veritas</strong></span> <span class='ocrx_word' id='word_1_715' title='bbox 707 4699 800 4741; x_wconf 88' lang='lat' dir='ltr'><strong>tua</strong></span> <span class='ocrx_word' id='word_1_716' title='bbox 856 4702 1016 4756; x_wconf 77' lang='lat' dir='ltr'><strong>usque</strong></span> <span class='ocrx_word' id='word_1_717' title='bbox 1079 4690 1144 4739; x_wconf 85' lang='lat' dir='ltr'><strong>ad</strong></span> <span class='ocrx_word' id='word_1_718' title='bbox 1184 4689 1343 4741; x_wconf 77' lang='lat' dir='ltr'><strong>nubes</strong></span> <span class='ocrx_word' id='word_1_719' title='bbox 1372 4686 1510 4758; x_wconf 65' lang='lat' dir='ltr'><strong>[(Ps.</strong></span> <span class='ocrx_word' id='word_1_720' title='bbox 1573 4696 1746 4753; x_wconf 75' lang='lat' dir='ltr'><strong>xxxv;</strong></span> <span class='ocrx_word' id='word_1_721' title='bbox 1800 4689 1877 4756; x_wconf 82' lang='lat'><strong>6).</strong></span> <span class='ocrx_word' id='word_1_722' title='bbox 1923 4687 2015 4740; x_wconf 68' lang='lat' dir='ltr'><strong>lla:</strong></span> 
     </span>
    </p>
   </div>
   <div class='ocr_carea' id='block_1_92' title="bbox 440 4779 2009 4851">
    <p class='ocr_par' dir='ltr' id='par_1_92' title="bbox 440 4779 2009 4851">
     <span class='ocr_line' id='line_1_92' title="bbox 440 4779 2009 4851; baseline -0.003 -15"><span class='ocrx_word' id='word_1_723' title='bbox 440 4783 630 4849; x_wconf 78' lang='lat' dir='ltr'><strong>nubes,</strong></span> <span class='ocrx_word' id='word_1_724' title='bbox 674 4783 928 4851; x_wconf 88' lang='lat' dir='ltr'><strong>quoniam</strong></span> <span class='ocrx_word' id='word_1_725' title='bbox 964 4779 1064 4834; x_wconf 89' lang='lat' dir='ltr'><strong>sub</strong></span> <span class='ocrx_word' id='word_1_726' title='bbox 1114 4779 1229 4833; x_wconf 80' lang='lat' dir='ltr'><strong>Elia</strong></span> <span class='ocrx_word' id='word_1_727' title='bbox 1259 4794 1448 4832; x_wconf 82' lang='lat' dir='ltr'><strong>otnnes</strong></span> <span class='ocrx_word' id='word_1_728' title='bbox 1485 4779 1789 4833; x_wconf 66' lang='lat' dir='ltr'><strong>idololatria</strong></span> <span class='ocrx_word' id='word_1_729' title='bbox 1834 4787 2009 4845; x_wconf 85' lang='lat' dir='ltr'><strong>erant,</strong></span> 
     </span>
    </p>
   </div>
   <div class='ocr_carea' id='block_1_93' title="bbox 437 4869 2013 4938">
    <p class='ocr_par' dir='ltr' id='par_1_93' title="bbox 437 4869 2013 4938">
     <span class='ocr_line' id='line_1_93' title="bbox 437 4869 2013 4938; baseline -0.003 -10"><span class='ocrx_word' id='word_1_730' title='bbox 437 4878 611 4930; x_wconf 88' lang='lat' dir='ltr'><strong>tribus</strong></span> <span class='ocrx_word' id='word_1_731' title='bbox 652 4873 810 4928; x_wconf 88' lang='lat' dir='ltr'><strong>annis</strong></span> <span class='ocrx_word' id='word_1_732' title='bbox 845 4882 902 4927; x_wconf 91' lang='lat' dir='ltr'><strong>et</strong></span> <span class='ocrx_word' id='word_1_733' title='bbox 930 4887 1022 4925; x_wconf 81' lang='lat' dir='ltr'><strong>sex</strong></span> <span class='ocrx_word' id='word_1_734' title='bbox 1057 4870 1336 4924; x_wconf 87' lang='lat' dir='ltr'><strong>mensibus</strong></span> <span class='ocrx_word' id='word_1_735' title='bbox 1393 4886 1555 4938; x_wconf 85' lang='lat' dir='ltr'><strong>super</strong></span> <span class='ocrx_word' id='word_1_736' title='bbox 1588 4879 1792 4924; x_wconf 87' lang='lat' dir='ltr'><strong>terram</strong></span> <span class='ocrx_word' id='word_1_737' title='bbox 1840 4869 2013 4925; x_wconf 83' lang='lat' dir='ltr'><strong>Israel</strong></span> 
     </span>
    </p>
   </div>
   <div class='ocr_carea' id='block_1_94' title="bbox 437 4946 2010 5039">
    <p class='ocr_par' dir='ltr' id='par_1_94' title="bbox 437 4946 2010 5039">
     <span class='ocr_line' id='line_1_94' title="bbox 437 4946 2010 5039; baseline 0 -20"><span class='ocrx_word' id='word_1_738' title='bbox 437 4982 543 5020; x_wconf 91' lang='lat' dir='ltr'><strong>non</strong></span> <span class='ocrx_word' id='word_1_739' title='bbox 580 4946 836 5036; x_wconf 85' lang='lat' dir='ltr'><strong>pluerunt</strong></span> <span class='ocrx_word' id='word_1_740' title='bbox 867 4963 986 5039; x_wconf 77' lang='lat' dir='ltr'><strong>(III</strong></span> <span class='ocrx_word' id='word_1_741' title='bbox 1015 4964 1150 5034; x_wconf 81' lang='lat' dir='ltr'><strong>Reg.</strong></span> <span class='ocrx_word' id='word_1_742' title='bbox 1206 4969 1383 5032; x_wconf 76' lang='lat' dir='ltr'><strong>xvm).</strong></span> <span class='ocrx_word' id='word_1_743' title='bbox 1411 4964 1564 5028; x_wconf 85' lang='lat' dir='ltr'><strong>Quod</strong></span> <span class='ocrx_word' id='word_1_744' title='bbox 1628 4963 1846 5034; x_wconf 89' lang='lat' dir='ltr'><strong>quidem</strong></span> <span class='ocrx_word' id='word_1_745' title='bbox 1903 4980 2010 5019; x_wconf 89' lang='lat' dir='ltr'><strong>non</strong></span> 
     </span>
    </p>
   </div>
   <div class='ocr_carea' id='block_1_95' title="bbox 444 5055 2010 5127">
    <p class='ocr_par' dir='ltr' id='par_1_95' title="bbox 444 5055 2010 5127">
     <span class='ocr_line' id='line_1_95' title="bbox 444 5055 2010 5127; baseline -0.001 -17"><span class='ocrx_word' id='word_1_746' title='bbox 444 5057 616 5110; x_wconf 88' lang='lat' dir='ltr'><strong>solum</strong></span> <span class='ocrx_word' id='word_1_747' title='bbox 633 5061 694 5112; x_wconf 91' lang='lat' dir='ltr'><strong>de</strong></span> <span class='ocrx_word' id='word_1_748' title='bbox 711 5060 1011 5127; x_wconf 84' lang='lat' dir='ltr'><strong>prOphetis,</strong></span> <span class='ocrx_word' id='word_1_749' title='bbox 1047 5059 1140 5114; x_wconf 90' lang='lat' dir='ltr'><strong>sed</strong></span> <span class='ocrx_word' id='word_1_750' title='bbox 1167 5057 1234 5111; x_wconf 91' lang='lat' dir='ltr'><strong>de</strong></span> <span class='ocrx_word' id='word_1_751' title='bbox 1254 5055 1513 5126; x_wconf 85' lang='lat' dir='ltr'><strong>apostolis</strong></span> <span class='ocrx_word' id='word_1_752' title='bbox 1535 5071 1825 5125; x_wconf 87' lang='lat' dir='ltr'><strong>possumus</strong></span> <span class='ocrx_word' id='word_1_753' title='bbox 1853 5055 2010 5112; x_wconf 88' lang='lat' dir='ltr'><strong>intel-</strong></span> 
     </span>
    </p>
   </div>
   <div class='ocr_carea' id='block_1_96' title="bbox 437 5145 2007 5218">
    <p class='ocr_par' dir='ltr' id='par_1_96' title="bbox 437 5145 2007 5218">
     <span class='ocr_line' id='line_1_96' title="bbox 437 5145 2007 5218; baseline 0.003 -20"><span class='ocrx_word' id='word_1_754' title='bbox 437 5145 625 5216; x_wconf 86' lang='lat' dir='ltr'><strong>ligere,</strong></span> <span class='ocrx_word' id='word_1_755' title='bbox 651 5149 790 5216; x_wconf 87' lang='lat' dir='ltr'><strong>quod</strong></span> <span class='ocrx_word' id='word_1_756' title='bbox 810 5160 927 5216; x_wconf 88' lang='lat' dir='ltr'><strong>post</strong></span> <span class='ocrx_word' id='word_1_757' title='bbox 959 5149 1264 5218; x_wconf 84' lang='lat' dir='ltr'><strong>passionem</strong></span> <span class='ocrx_word' id='word_1_758' title='bbox 1289 5145 1499 5200; x_wconf 83' lang='lat' dir='ltr'><strong>Domini</strong></span> <span class='ocrx_word' id='word_1_759' title='bbox 1558 5162 1656 5199; x_wconf 90' lang='lat' dir='ltr'><strong>nec</strong></span> <span class='ocrx_word' id='word_1_760' title='bbox 1693 5147 2007 5216; x_wconf 82' lang='lat' dir='ltr'><strong>preplietas,</strong></span> 
     </span>
    </p>
   </div>
   <div class='ocr_carea' id='block_1_97' title="bbox 440 5243 2010 5312">
    <p class='ocr_par' dir='ltr' id='par_1_97' title="bbox 440 5243 2010 5312">
     <span class='ocr_line' id='line_1_97' title="bbox 440 5243 2010 5312; baseline 0.004 -19"><span class='ocrx_word' id='word_1_761' title='bbox 440 5257 538 5293; x_wconf 86' lang='lat' dir='ltr'><strong>nec</strong></span> <span class='ocrx_word' id='word_1_762' title='bbox 557 5246 827 5309; x_wconf 85' lang='lat' dir='ltr'><strong>apostolos</strong></span> <span class='ocrx_word' id='word_1_763' title='bbox 851 5248 1146 5299; x_wconf 87' lang='lat' dir='ltr'><strong>habuerunt</strong></span> <span class='ocrx_word' id='word_1_764' title='bbox 1166 5243 1363 5306; x_wconf 59' lang='lat' dir='ltr'><strong>.Iudri,</strong></span> <span class='ocrx_word' id='word_1_765' title='bbox 1392 5258 1457 5296; x_wconf 90' lang='lat' dir='ltr'><strong>ne</strong></span> <span class='ocrx_word' id='word_1_766' title='bbox 1484 5259 1580 5312; x_wconf 90' lang='lat' dir='ltr'><strong>pro</strong></span> <span class='ocrx_word' id='word_1_767' title='bbox 1611 5245 1733 5298; x_wconf 91' lang='lat' dir='ltr'><strong>uvis</strong></span> <span class='ocrx_word' id='word_1_768' title='bbox 1753 5247 2010 5300; x_wconf 72' lang='lat' dir='ltr'><strong>all&#39;errcnt</strong></span> 
     </span>
    </p>
   </div>
   <div class='ocr_carea' id='block_1_98' title="bbox 435 5333 2010 5406">
    <p class='ocr_par' dir='ltr' id='par_1_98' title="bbox 435 5333 2010 5406">
     <span class='ocr_line' id='line_1_98' title="bbox 435 5333 2010 5406; baseline 0.006 -23"><span class='ocrx_word' id='word_1_769' title='bbox 435 5333 642 5399; x_wconf 84' lang='lat' dir='ltr'><strong>spinas,</strong></span> <span class='ocrx_word' id='word_1_770' title='bbox 667 5333 756 5385; x_wconf 86' lang='lat' dir='ltr'><strong>sed</strong></span> <span class='ocrx_word' id='word_1_771' title='bbox 783 5349 879 5401; x_wconf 87' lang='lat' dir='ltr'><strong>pro</strong></span> <span class='ocrx_word' id='word_1_772' title='bbox 909 5337 1193 5392; x_wconf 85' lang='lat' dir='ltr'><strong>sterilitate</strong></span> <span class='ocrx_word' id='word_1_773' title='bbox 1215 5347 1269 5392; x_wconf 88' lang='lat' dir='ltr'><strong>et</strong></span> <span class='ocrx_word' id='word_1_774' title='bbox 1309 5335 1561 5390; x_wconf 84' lang='lat' dir='ltr'><strong>ariditate</strong></span> <span class='ocrx_word' id='word_1_775' title='bbox 1591 5352 1687 5389; x_wconf 89' lang='lat' dir='ltr'><strong>sua</strong></span> <span class='ocrx_word' id='word_1_776' title='bbox 1720 5353 2010 5406; x_wconf 87' lang='lat' dir='ltr'><strong>precaren-</strong></span> 
     </span>
    </p>
   </div>
   <div class='ocr_carea' id='block_1_99' title="bbox 435 5426 2003 5498">
    <p class='ocr_par' dir='ltr' id='par_1_99' title="bbox 435 5426 2003 5498">
     <span class='ocr_line' id='line_1_99' title="bbox 435 5426 2003 5498; baseline 0.01 -26"><span class='ocrx_word' id='word_1_777' title='bbox 435 5431 524 5475; x_wconf 90' lang='lat' dir='ltr'><strong>tur</strong></span> <span class='ocrx_word' id='word_1_778' title='bbox 571 5439 720 5486; x_wconf 86' lang='lat' dir='ltr'><strong>eum,</strong></span> <span class='ocrx_word' id='word_1_779' title='bbox 774 5426 867 5492; x_wconf 88' lang='lat' dir='ltr'><strong>qui</strong></span> <span class='ocrx_word' id='word_1_780' title='bbox 935 5436 1108 5492; x_wconf 80' lang='lat' dir='ltr'><strong>potest</strong></span> <span class='ocrx_word' id='word_1_781' title='bbox 1157 5433 1362 5484; x_wconf 81' lang='lat' dir='ltr'><strong>imbres</strong></span> <span class='ocrx_word' id='word_1_782' title='bbox 1421 5431 1663 5498; x_wconf 58' lang='lat' dir='ltr'><strong>priebere</strong></span> <span class='ocrx_word' id='word_1_783' title='bbox 1723 5431 2003 5487; x_wconf 89' lang='lat' dir='ltr'><strong>virtutum.</strong></span> 
     </span>
    </p>
   </div>
   <div class='ocr_carea' id='block_1_100' title="bbox 505 5556 1251 5625">
    <p class='ocr_par' dir='ltr' id='par_1_100' title="bbox 505 5556 1251 5625">
     <span class='ocr_line' id='line_1_100' title="bbox 505 5556 1251 5625; baseline 0.013 -15"><span class='ocrx_word' id='word_1_784' title='bbox 505 5560 523 5590; x_wconf 77' lang='grc'><strong>⁸</strong></span> <span class='ocrx_word' id='word_1_785' title='bbox 553 5556 749 5620; x_wconf 76' lang='lat' dir='ltr'><strong>Vatic..</strong></span> <span class='ocrx_word' id='word_1_786' title='bbox 789 5560 843 5613; x_wconf 94' lang='lat' dir='ltr'><strong>in</strong></span> <span class='ocrx_word' id='word_1_787' title='bbox 875 5571 1042 5625; x_wconf 71' lang='lat' dir='ltr'><strong>recto,</strong></span> <span class='ocrx_word' id='word_1_788' title='bbox 1091 5565 1251 5620; x_wconf 74' lang='lat' dir='ltr'><strong>alius.</strong></span> 
     </span>
    </p>
   </div>
   <div class='ocr_carea' id='block_1_101' title="bbox 505 5632 1540 5702">
    <p class='ocr_par' dir='ltr' id='par_1_101' title="bbox 505 5632 1540 5702">
     <span class='ocr_line' id='line_1_101' title="bbox 505 5632 1540 5702; baseline 0.013 -22"><span class='ocrx_word' id='word_1_789' title='bbox 505 5632 524 5702; x_wconf 57' lang='grc' dir='ltr'>ξ</span> <span class='ocrx_word' id='word_1_790' title='bbox 557 5632 900 5702; x_wconf 70' lang='lat' dir='ltr'><strong>Desideratur</strong></span> <span class='ocrx_word' id='word_1_791' title='bbox 939 5649 988 5684; x_wconf 90' lang='lat' dir='ltr'><strong>tu</strong></span> <span class='ocrx_word' id='word_1_792' title='bbox 1018 5633 1191 5688; x_wconf 79' lang='lat' dir='ltr'><strong>Vatic.</strong></span> <span class='ocrx_word' id='word_1_793' title='bbox 1215 5653 1369 5702; x_wconf 76' lang='lat' dir='ltr'><strong>sitper</strong></span> <span class='ocrx_word' id='word_1_794' title='bbox 1397 5653 1540 5694; x_wconf 85' lang='lat' dir='ltr'><strong>eam.</strong></span> 
     </span>
    </p>
   </div>
   <div class='ocr_carea' id='block_1_102' title="bbox 510 5700 1992 5783">
    <p class='ocr_par' dir='ltr' id='par_1_102' title="bbox 510 5700 1992 5783">
     <span class='ocr_line' id='line_1_102' title="bbox 510 5700 1992 5783; baseline 0.009 -31"><span class='ocrx_word' id='word_1_795' title='bbox 510 5700 530 5730; x_wconf 78' lang='grc'>³</span> <span class='ocrx_word' id='word_1_796' title='bbox 557 5703 635 5753; x_wconf 84' lang='lat' dir='ltr'><strong>Ad</strong></span> <span class='ocrx_word' id='word_1_797' title='bbox 659 5702 714 5753; x_wconf 81' lang='lat' dir='ltr'><strong>ill</strong></span> <span class='ocrx_word' id='word_1_798' title='bbox 746 5700 945 5755; x_wconf 76' lang='lat' dir='ltr'><strong>Vit-tor.</strong></span> <span class='ocrx_word' id='word_1_799' title='bbox 978 5715 1028 5756; x_wconf 86' lang='lat' dir='ltr'><strong>et</strong></span> <span class='ocrx_word' id='word_1_800' title='bbox 1049 5700 1332 5773; x_wconf 69' lang='lat' dir='ltr'><strong>pulverem,</strong></span> <span class='ocrx_word' id='word_1_801' title='bbox 1373 5725 1435 5761; x_wconf 72' lang='lat' dir='ltr'><strong>ex</strong></span> <span class='ocrx_word' id='word_1_802' title='bbox 1473 5713 1662 5765; x_wconf 69' lang='lat' dir='ltr'><strong>Graeco</strong></span> <span class='ocrx_word' id='word_1_803' title='bbox 1689 5712 1992 5783; x_wconf 76' lang='grc' dir='ltr'><strong>κονιορτὸν,</strong></span> 
     </span>
    </p>
   </div>
   <div class='ocr_carea' id='block_1_103' title="bbox 2113 4512 3704 4595">
    <p class='ocr_par' dir='ltr' id='par_1_103' title="bbox 2113 4512 3704 4595">
     <span class='ocr_line' id='line_1_103' title="bbox 2113 4512 3704 4595; baseline 0.012 -28"><span class='ocrx_word' id='word_1_804' title='bbox 2113 4512 2246 4568; x_wconf 76' lang='lat' dir='ltr'><strong>leeit</strong></span> <span class='ocrx_word' id='word_1_805' title='bbox 2279 4517 2646 4587; x_wconf 84' lang='lat' dir='ltr'><strong>iniquitatem,</strong></span> <span class='ocrx_word' id='word_1_806' title='bbox 2671 4531 2729 4576; x_wconf 78' lang='lat' dir='ltr'><strong>et</strong></span> <span class='ocrx_word' id='word_1_807' title='bbox 2764 4541 2867 4578; x_wconf 89' lang='lat' dir='ltr'><strong>non</strong></span> <span class='ocrx_word' id='word_1_808' title='bbox 2887 4527 3175 4595; x_wconf 83' lang='lat' dir='ltr'><strong>justitiam,</strong></span> <span class='ocrx_word' id='word_1_809' title='bbox 3201 4533 3292 4583; x_wconf 89' lang='lat' dir='ltr'><strong>sed</strong></span> <span class='ocrx_word' id='word_1_810' title='bbox 3319 4532 3646 4586; x_wconf 77' lang='lat' dir='ltr'><strong>clamorem.</strong></span> <span class='ocrx_word' id='word_1_811' title='bbox 3685 4556 3704 4585; x_wconf 79' lang='grc' dir='ltr'><strong>ι</strong></span> 
     </span>
    </p>
   </div>
   <div class='ocr_carea' id='block_1_104' title="bbox 2121 4605 3716 4693">
    <p class='ocr_par' dir='ltr' id='par_1_104' title="bbox 2121 4605 3716 4693">
     <span class='ocr_line' id='line_1_104' title="bbox 2121 4605 3716 4693; baseline 0.014 -33"><span class='ocrx_word' id='word_1_812' title='bbox 2121 4605 2380 4666; x_wconf 84' lang='lat' dir='ltr'><strong>Volumus</strong></span> <span class='ocrx_word' id='word_1_813' title='bbox 2405 4609 2614 4668; x_wconf 85' lang='lat' dir='ltr'><strong>Latinis</strong></span> <span class='ocrx_word' id='word_1_814' title='bbox 2656 4618 2934 4675; x_wconf 86' lang='lat' dir='ltr'><strong>insinuare</strong></span> <span class='ocrx_word' id='word_1_815' title='bbox 2952 4626 3172 4678; x_wconf 82' lang='lat' dir='ltr'><strong>auribus</strong></span> <span class='ocrx_word' id='word_1_816' title='bbox 3201 4628 3345 4693; x_wconf 83' lang='lat' dir='ltr'><strong>quod</strong></span> <span class='ocrx_word' id='word_1_817' title='bbox 3373 4628 3432 4680; x_wconf 72' lang='lat' dir='ltr'><strong>ab</strong></span> <span class='ocrx_word' id='word_1_818' title='bbox 3458 4621 3716 4683; x_wconf 77' lang='lat' dir='ltr'><strong>llebra-is</strong></span> 
     </span>
    </p>
   </div>
   <div class='ocr_carea' id='block_1_105' title="bbox 2119 4703 3712 4786">
    <p class='ocr_par' dir='ltr' id='par_1_105' title="bbox 2119 4703 3712 4786">
     <span class='ocr_line' id='line_1_105' title="bbox 2119 4703 3712 4786; baseline 0.014 -31"><span class='ocrx_word' id='word_1_819' title='bbox 2119 4703 2408 4760; x_wconf 82' lang='lat' dir='ltr'><strong>didicimus</strong></span> <span class='ocrx_word' id='word_1_820' title='bbox 2448 4722 2462 4761; x_wconf 85' lang='lat'><strong>:</strong></span> <span class='ocrx_word' id='word_1_821' title='bbox 2491 4705 2763 4763; x_wconf 78' lang='lat' dir='ltr'><strong>Iudicium</strong></span> <span class='ocrx_word' id='word_1_822' title='bbox 2807 4714 2948 4782; x_wconf 85' lang='lat' dir='ltr'><strong>apud</strong></span> <span class='ocrx_word' id='word_1_823' title='bbox 3006 4729 3100 4769; x_wconf 89' lang='lat' dir='ltr'><strong>eos</strong></span> <span class='ocrx_word' id='word_1_824' title='bbox 3126 4717 3429 4786; x_wconf 82' lang='lat' dir='ltr'><strong>appellatur</strong></span> <span class='ocrx_word' id='word_1_825' title='bbox 3459 4737 3712 4778; x_wconf 75' lang='lat' dir='ltr'><strong>lEsPlu‘l‘</strong></span> 
     </span>
    </p>
   </div>
   <div class='ocr_carea' id='block_1_106' title="bbox 2119 4793 3718 4880">
    <p class='ocr_par' dir='ltr' id='par_1_106' title="bbox 2119 4793 3718 4880">
     <span class='ocr_line' id='line_1_106' title="bbox 2119 4793 3718 4880; baseline 0.012 -29"><span class='ocrx_word' id='word_1_826' title='bbox 2119 4793 2349 4866; x_wconf 61' lang='lat' dir='ltr'><strong>(issula)</strong></span> <span class='ocrx_word' id='word_1_827' title='bbox 2360 4814 2376 4865; x_wconf 85' lang='lat'><strong>;</strong></span> <span class='ocrx_word' id='word_1_828' title='bbox 2399 4800 2675 4869; x_wconf 77' lang='lat' dir='ltr'><strong>iniquitas,</strong></span> <span class='ocrx_word' id='word_1_829' title='bbox 2696 4804 3126 4873; x_wconf 72' lang='lat' dir='ltr'><strong>sivedissipatio,</strong></span> <span class='ocrx_word' id='word_1_830' title='bbox 3145 4819 3200 4862; x_wconf 92' lang='lat' dir='ltr'><strong>ut</strong></span> <span class='ocrx_word' id='word_1_831' title='bbox 3215 4811 3603 4880; x_wconf 79' lang='lat' dir='ltr'><strong>interpretatus</strong></span> <span class='ocrx_word' id='word_1_832' title='bbox 3620 4828 3718 4870; x_wconf 85' lang='lat' dir='ltr'><strong>est</strong></span> 
     </span>
    </p>
   </div>
   <div class='ocr_carea' id='block_1_107' title="bbox 2114 4889 3720 4968">
    <p class='ocr_par' dir='ltr' id='par_1_107' title="bbox 2114 4889 3720 4968">
     <span class='ocr_line' id='line_1_107' title="bbox 2114 4889 3720 4968; baseline 0.014 -28"><span class='ocrx_word' id='word_1_833' title='bbox 2114 4889 2330 4957; x_wconf 88' lang='lat' dir='ltr'><strong>Aquila,</strong></span> <span class='ocrx_word' id='word_1_834' title='bbox 2345 4907 2579 4948; x_wconf 75' lang='lat' dir='ltr'><strong>IESPBAA</strong></span> <span class='ocrx_word' id='word_1_835' title='bbox 2598 4895 2838 4966; x_wconf 65' lang='lat' dir='ltr'><strong>(usuin).</strong></span> <span class='ocrx_word' id='word_1_836' title='bbox 2859 4897 3089 4952; x_wconf 79' lang='lat' dir='ltr'><strong>Rursum</strong></span> <span class='ocrx_word' id='word_1_837' title='bbox 3099 4901 3317 4968; x_wconf 75' lang='lat' dir='ltr'><strong>justitia</strong></span> <span class='ocrx_word' id='word_1_838' title='bbox 3337 4905 3720 4963; x_wconf 61' lang='lat' dir='ltr'><strong>dicitursana-</strong></span> 
     </span>
    </p>
   </div>
   <div class='ocr_carea' id='block_1_108' title="bbox 2113 4981 3714 5082">
    <p class='ocr_par' dir='ltr' id='par_1_108' title="bbox 2113 4981 3714 5082">
     <span class='ocr_line' id='line_1_108' title="bbox 2113 4981 3714 5082; baseline 0.012 -48"><span class='ocrx_word' id='word_1_839' title='bbox 2113 4990 2174 5079; x_wconf 58' lang='lat' dir='ltr'><strong>tia</strong></span> <span class='ocrx_word' id='word_1_840' title='bbox 2191 4981 2406 5067; x_wconf 74' lang='lat' dir='ltr'><strong>(np&#39;nr),</strong></span> <span class='ocrx_word' id='word_1_841' title='bbox 2425 4985 2624 5038; x_wconf 86' lang='lat' dir='ltr'><strong>clamor</strong></span> <span class='ocrx_word' id='word_1_842' title='bbox 2639 4997 2821 5041; x_wconf 90' lang='lat' dir='ltr'><strong>autem</strong></span> <span class='ocrx_word' id='word_1_843' title='bbox 2842 4989 3146 5059; x_wconf 89' lang='lat' dir='ltr'><strong>appellatur</strong></span> <span class='ocrx_word' id='word_1_844' title='bbox 3159 5005 3325 5046; x_wconf 71' lang='lat' dir='ltr'><strong>sum</strong></span> <span class='ocrx_word' id='word_1_845' title='bbox 3347 4996 3618 5082; x_wconf 61' lang='lat' dir='ltr'><strong>(npys).U</strong></span> <span class='ocrx_word' id='word_1_846' title='bbox 3632 5017 3714 5053; x_wconf 80' lang='lat' dir='ltr'><strong>na</strong></span> 
     </span>
    </p>
   </div>
   <div class='ocr_carea' id='block_1_109' title="bbox 2117 5068 3711 5148">
    <p class='ocr_par' dir='ltr' id='par_1_109' title="bbox 2117 5068 3711 5148">
     <span class='ocr_line' id='line_1_109' title="bbox 2117 5068 3711 5148; baseline 0.016 -27"><span class='ocrx_word' id='word_1_847' title='bbox 2117 5068 2300 5140; x_wconf 86' lang='lat' dir='ltr'><strong>itaque</strong></span> <span class='ocrx_word' id='word_1_848' title='bbox 2332 5076 2413 5128; x_wconf 79' lang='lat' dir='ltr'><strong>vel</strong></span> <span class='ocrx_word' id='word_1_849' title='bbox 2457 5078 2636 5131; x_wconf 84' lang='lat' dir='ltr'><strong>addita</strong></span> <span class='ocrx_word' id='word_1_850' title='bbox 2665 5078 2867 5146; x_wconf 85' lang='lat' dir='ltr'><strong>littera,</strong></span> <span class='ocrx_word' id='word_1_851' title='bbox 2904 5082 2984 5135; x_wconf 87' lang='lat' dir='ltr'><strong>vel</strong></span> <span class='ocrx_word' id='word_1_852' title='bbox 3020 5093 3251 5148; x_wconf 87' lang='lat' dir='ltr'><strong>mutata,</strong></span> <span class='ocrx_word' id='word_1_853' title='bbox 3295 5088 3373 5140; x_wconf 88' lang='lat' dir='ltr'><strong>sic</strong></span> <span class='ocrx_word' id='word_1_854' title='bbox 3401 5068 3711 5146; x_wconf 76' lang='lat' dir='ltr'><strong>verborum</strong></span> 
     </span>
    </p>
   </div>
   <div class='ocr_carea' id='block_1_110' title="bbox 2113 5163 3715 5251">
    <p class='ocr_par' dir='ltr' id='par_1_110' title="bbox 2113 5163 3715 5251">
     <span class='ocr_line' id='line_1_110' title="bbox 2113 5163 3715 5251; baseline 0.013 -35"><span class='ocrx_word' id='word_1_855' title='bbox 2113 5163 2526 5222; x_wconf 78' lang='lat' dir='ltr'><strong>similitudinem</strong></span> <span class='ocrx_word' id='word_1_856' title='bbox 2551 5176 2894 5242; x_wconf 88' lang='lat' dir='ltr'><strong>temperavit,</strong></span> <span class='ocrx_word' id='word_1_857' title='bbox 2919 5187 2973 5228; x_wconf 89' lang='lat' dir='ltr'><strong>ut</strong></span> <span class='ocrx_word' id='word_1_858' title='bbox 2997 5191 3092 5243; x_wconf 93' lang='lat' dir='ltr'><strong>pro</strong></span> <span class='ocrx_word' id='word_1_859' title='bbox 3107 5193 3370 5244; x_wconf 73' lang='lat' dir='ltr'><strong>uesrun,</strong></span> <span class='ocrx_word' id='word_1_860' title='bbox 3389 5197 3627 5236; x_wconf 66' lang='lat' dir='ltr'><strong>IESI‘BAA</strong></span> <span class='ocrx_word' id='word_1_861' title='bbox 3645 5184 3670 5214; x_wconf 71' lang='grc'><strong>⁸</strong></span> <span class='ocrx_word' id='word_1_862' title='bbox 3693 5227 3715 5251; x_wconf 85' lang='lat'><strong>,</strong></span> 
     </span>
    </p>
   </div>
   <div class='ocr_carea' id='block_1_111' title="bbox 2111 5265 3717 5339">
    <p class='ocr_par' dir='ltr' id='par_1_111' title="bbox 2111 5265 3717 5339">
     <span class='ocr_line' id='line_1_111' title="bbox 2111 5265 3717 5339; baseline 0.014 -30"><span class='ocrx_word' id='word_1_863' title='bbox 2111 5265 2165 5310; x_wconf 91' lang='lat' dir='ltr'><strong>et</strong></span> <span class='ocrx_word' id='word_1_864' title='bbox 2195 5273 2292 5326; x_wconf 91' lang='lat' dir='ltr'><strong>pro</strong></span> <span class='ocrx_word' id='word_1_865' title='bbox 2321 5274 2516 5314; x_wconf 53' lang='lat' dir='ltr'><strong>same;</strong></span> <span class='ocrx_word' id='word_1_866' title='bbox 2555 5277 2776 5331; x_wconf 89' lang='lat' dir='ltr'><strong>poneret</strong></span> <span class='ocrx_word' id='word_1_867' title='bbox 2804 5281 2983 5331; x_wconf 57' lang='lat' dir='ltr'><strong>suos,</strong></span> <span class='ocrx_word' id='word_1_868' title='bbox 3027 5279 3082 5322; x_wconf 90' lang='lat' dir='ltr'><strong>et</strong></span> <span class='ocrx_word' id='word_1_869' title='bbox 3116 5271 3418 5339; x_wconf 85' lang='lat' dir='ltr'><strong>elegantem</strong></span> <span class='ocrx_word' id='word_1_870' title='bbox 3453 5287 3717 5331; x_wconf 85' lang='lat' dir='ltr'><strong>structu-</strong></span> 
     </span>
    </p>
   </div>
   <div class='ocr_carea' id='block_1_112' title="bbox 2113 5361 3719 5436">
    <p class='ocr_par' dir='ltr' id='par_1_112' title="bbox 2113 5361 3719 5436">
     <span class='ocr_line' id='line_1_112' title="bbox 2113 5361 3719 5436; baseline 0.016 -34"><span class='ocrx_word' id='word_1_871' title='bbox 2113 5365 2228 5403; x_wconf 86' lang='lat' dir='ltr'><strong>ram</strong></span> <span class='ocrx_word' id='word_1_872' title='bbox 2274 5367 2575 5424; x_wconf 88' lang='lat' dir='ltr'><strong>souumque</strong></span> <span class='ocrx_word' id='word_1_873' title='bbox 2615 5361 2924 5424; x_wconf 84' lang='lat' dir='ltr'><strong>verborum,</strong></span> <span class='ocrx_word' id='word_1_874' title='bbox 2959 5361 3111 5429; x_wconf 78' lang='lat' dir='ltr'><strong>juxta</strong></span> <span class='ocrx_word' id='word_1_875' title='bbox 3143 5363 3423 5419; x_wconf 68' lang='lat' dir='ltr'><strong>llebrzeam</strong></span> <span class='ocrx_word' id='word_1_876' title='bbox 3456 5367 3719 5436; x_wconf 75' lang='lat' dir='ltr'><strong>linguam</strong></span> 
     </span>
    </p>
   </div>
   <div class='ocr_carea' id='block_1_113' title="bbox 2111 5444 3719 5526">
    <p class='ocr_par' dir='ltr' id='par_1_113' title="bbox 2111 5444 3719 5526">
     <span class='ocr_line' id='line_1_113' title="bbox 2111 5444 3719 5526; baseline 0.016 -31"><span class='ocrx_word' id='word_1_877' title='bbox 2111 5444 2378 5499; x_wconf 87' lang='lat' dir='ltr'><strong>redderet.</strong></span> <span class='ocrx_word' id='word_1_878' title='bbox 2405 5447 2754 5518; x_wconf 70' lang='lat' dir='ltr'><strong>EXSpectavit</strong></span> <span class='ocrx_word' id='word_1_879' title='bbox 2773 5466 2950 5508; x_wconf 88' lang='lat' dir='ltr'><strong>autem</strong></span> <span class='ocrx_word' id='word_1_880' title='bbox 2969 5453 3130 5522; x_wconf 89' lang='lat' dir='ltr'><strong>Deus,</strong></span> <span class='ocrx_word' id='word_1_881' title='bbox 3152 5467 3206 5508; x_wconf 90' lang='lat' dir='ltr'><strong>ut</strong></span> <span class='ocrx_word' id='word_1_882' title='bbox 3229 5459 3459 5526; x_wconf 80' lang='lat' dir='ltr'><strong>papulas</strong></span> <span class='ocrx_word' id='word_1_883' title='bbox 3475 5460 3719 5519; x_wconf 62' lang='lat' dir='ltr'><strong>Iudaeo-</strong></span> 
     </span>
    </p>
   </div>
   <div class='ocr_carea' id='block_1_114' title="bbox 2147 5583 2712 5672">
    <p class='ocr_par' dir='ltr' id='par_1_114' title="bbox 2147 5583 2712 5672">
     <span class='ocr_line' id='line_1_114' title="bbox 2147 5583 2712 5672; baseline 0.014 -38"><span class='ocrx_word' id='word_1_884' title='bbox 2147 5583 2562 5672; x_wconf 34' lang='lat' dir='ltr'><strong>tqune-Ilebraico</strong></span> <span class='ocrx_word' id='word_1_885' title='bbox 2591 5603 2712 5672; x_wconf 51' lang='lat' dir='ltr'><strong>p23</strong></span> 
     </span>
    </p>
   </div>
   <div class='ocr_carea' id='block_1_115' title="bbox 2181 5655 3716 5742">
    <p class='ocr_par' dir='ltr' id='par_1_115' title="bbox 2181 5655 3716 5742">
     <span class='ocr_line' id='line_1_115' title="bbox 2181 5655 3716 5742; baseline 0.017 -35"><span class='ocrx_word' id='word_1_886' title='bbox 2181 5655 2202 5684; x_wconf 73' lang='lat'><strong>‘</strong></span> <span class='ocrx_word' id='word_1_887' title='bbox 2236 5656 2380 5711; x_wconf 81' lang='lat' dir='ltr'><strong>ldmu</strong></span> <span class='ocrx_word' id='word_1_888' title='bbox 2423 5655 2603 5717; x_wconf 58' lang='lat' dir='ltr'><strong>Valitu&#39;</strong></span> <span class='ocrx_word' id='word_1_889' title='bbox 2625 5683 2720 5732; x_wconf 81' lang='lat' dir='ltr'><strong>pro</strong></span> <span class='ocrx_word' id='word_1_890' title='bbox 2750 5669 2981 5739; x_wconf 83' lang='lat' dir='ltr'><strong>mespltat</strong></span> <span class='ocrx_word' id='word_1_891' title='bbox 3023 5670 3218 5724; x_wconf 75' lang='lat' dir='ltr'><strong>diceret</strong></span> <span class='ocrx_word' id='word_1_892' title='bbox 3241 5676 3537 5742; x_wconf 76' lang='lat' dir='ltr'><strong>mestphan,</strong></span> <span class='ocrx_word' id='word_1_893' title='bbox 3572 5685 3716 5732; x_wconf 80' lang='lat' dir='ltr'><strong>etc.</strong></span> 
     </span>
    </p>
   </div>
  </div>
