3980 6200
201 318 269 391 81
962 320 1457 386 COMMENTAR.
1501 321 1583 383 IN
1624 320 1893 383 ISAIAM
1940 323 2408 386 PROl‘liETAM
2451 325 2601 388 LIB.
2648 326 2729 388 ll’.
3388 327 3461 390 82

198 451 321 489 rum
357 433 556 490 faceret
579 431 870 504 judicium,
904 432 960 489 id
989 445 1097 499 εει.
1128 451 1300 500 uvas;
1342 444 1395 490 et
1431 434 1560 491 feeit
1584 434 1779 507 iuiqni-
1810 438 1858 505 Α

204 538 394 591 tatem,
426 526 479 581 id
515 539 599 580 est
649 525 968 593 labruscas;
1004 537 1059 580 et
1114 528 1449 596 etSpectavit
1491 527 1785 598 justitiam,

204 630 262 673 ut
287 619 612 689 largitorem
653 627 928 673 tantorum
993 634 1277 677 munerum
1309 635 1338 672 a
1370 618 1530 675 Patre
1558 621 1787 677 missum

204 713 531 780 susciperet,
570 724 619 766 et
657 712 786 766 fecit
814 712 1131 779 clatnorem,
1182 729 1288 783 quo
1342 714 1671 768 vociferatus
1702 722 1790 767 est

204 815 397 858 contra
430 803 739 868 Dominum,
771 813 825 860 et
847 803 1122 869 clamavit,
1150 804 1339 859 dicens
1371 823 1383 858 :
1447 802 1613 875 Tolle,
1643 804 1788 867 tolle,

205 896 455 966 cruci/iga
510 896 670 949 talem
713 894 894 965 (Joan.
966 910 1084 961 ιιι,
1122 895 1237 965 15).
1303 892 1459 953 Unde
1506 905 1559 949 et
1589 894 1793 955 Paulus

206 989 492 1057 apostolus
519 987 712 1043 scribit
738 1003 754 1041 :
790 986 976 1041 Omnis
1004 987 1087 1041 ira
1113 997 1161 1040 et
1197 987 1421 1053 clamor,
1451 997 1501 1042 et
1549 988 1793 1055 blasphe-

209 1082 319 1134 mia
341 1080 624 1149 auferatur
653 1080 858 1134 alvobis
883 1096 1003 1133 cum
1044 1079 1191 1135 omni
1229 1078 1443 1133 malitia
1476 1077 1696 1150 (Ephes.
1720 1094 1795 1147 tv,

209 1171 324 1243 51).
391 1172 491 1227 Vel
519 1183 669 1228 certe
700 1177 959 1241 quoniam
985 1173 1121 1240 jUSli
1160 1175 1483 1245 sanguinem
1516 1173 1791 1238 fuderant,

211 1281 437 1336 Sanguis
459 1267 753 1322 Dominicrc
776 1268 1046 1336 passionis
1071 1254 1340 1321 clamabat
1368 1266 1433 1320 ad
1463 1265 1751 1320 Dominum
1776 1281 1793 1331 ;

213 1370 507 1427 propterea
542 1360 837 1415 clamorem
891 1376 989 1430 pro
1014 1359 1223 1430 iustitia
1256 1359 1634 1424 reddiderunt,
1646 1359 1797 1426 juxta

216 1455 347 1507 illud
385 1455 527 1523 quod
563 1456 614 1508 itt
655 1454 850 1510 Genesi
885 1456 1152 1525 legimus:
1197 1453 1310 1511 Vox
1337 1453 1623 1525 sanguinis
1665 1452 1801 1511 Abel

216 1548 406 1616 fratris
435 1549 513 1601 tui
535 1549 735 1602 clamat
782 1550 853 1607 ad
883 1566 963 1604 me
1015 1545 1173 1619 (Gen.
1201 1563 1275 1613 tv,
1310 1547 1424 1618 10).

290 1638 480 1709 (Veis.
515 1640 593 1710 8.)
635 1660 651 1691 ι
685 1638 775 1695 Vae
804 1640 897 1712 qui
929 1640 1262 1707 conjungitis
1313 1640 1535 1695 domum
1590 1636 1656 1692 ad
1697 1636 1798 1692 do-

220 1748 396 1794 unum,
447 1741 504 1786 et
542 1747 731 1801 agrum
784 1746 917 1799 agro
980 1731 1248 1800 copulatis
1284 1745 1459 1797 usque
1505 1730 1571 1783 ad
1611 1729 1797 1783 termi-

222 1842 352 1878 num
391 1825 536 1878 loci’.
581 1825 844 1891 Numquid
880 1824 1195 1879 habitabilis
1226 1822 1327 1876 soli
1368 1837 1464 1879 vos
1495 1836 1660 1892 super
1689 1829 1802 1875 ter-

224 1932 341 1970 ram
374 1918 398 1969 ?
445 1936 465 1967 ι
496 1915 599 1970 Pro
631 1930 696 1971 co
730 1918 871 1986 quod
896 1932 997 1972 nos
1031 1918 1294 1981 diximus,
1328 1931 1497 1986 usqu:-
1520 1917 1593 1972 αι
1618 1914 1804 1970 termi-

228 2027 349 2063 num
375 2010 500 2073 loci,
532 2009 1108 2073 LXXtraustnlerunt.
1138 2020 1229 2064 aut
1252 2010 1510 2082 aufer-alis
1527 2010 1806 2071 proximo:

230 2103 595 2175 Symmachus
631 2115 683 2157 et
717 2103 1019 2158 Theodotio
1067 2103 1271 2157 :donec
1299 2101 1534 2172 deﬁciat,
1566 2104 1645 2155 vel
1702 2117 1808 2155 non

228 2200 295 2253 sit
323 2197 472 2251 locus
496 2213 518 2262 ;
551 2208 608 2249 ιιι
639 2198 924 2252 deficiente
945 2206 1111 2261 terra,
1144 2210 1489 2266 nequaquam
1528 2204 1811 2249 saturetur

230 2288 485 2345 avaritia.
529 2288 684 2355 Quod
734 2290 956 2358 quidem
1018 2299 1071 2342 et
1122 2289 1454 2358 generaliter
1514 2289 1808 2342 adversum

229 2398 445 2445 otnnes,
498 2382 700 2451 quibus
760 2382 891 2435 nihil
951 2383 1086 2437 satis
1140 2390 1246 2445 est,
1295 2381 1501 2437 dictum
1554 2390 1706 2450 puto,
1759 2388 1813 2435 et

233 2476 552 2545 specialiter
579 2486 769 2533 contra
827 2476 1042 2531 vineam
1097 2474 1338 2541 Domini,
1374 2490 1493 2544 qum
1538 2489 1638 2545 pro
1693 2473 1813 2528 uvis

233 2567 367 2621 fecit
402 2568 704 2631 laltrnscas,
728 2567 780 2621 id
812 2576 919 2630 cst,
948 2567 1048 2636 pro
1089 2564 1299 2633 judicio
1331 2563 1701 2636 iniquitatem,
1758 2572 1815 2617 et

234 2672 337 2728 pro
383 2658 599 2727 justitia
630 2662 947 2713 clamorem.
977 2657 1231 2733 740nm
1279 2666 1364 2711 est
1399 2658 1545 2713 enim
1612 2656 1811 2716 rabies,

234 2766 363 2806 cum
414 2760 554 2806 tecta
593 2760 647 2806 et
687 2752 801 2821 agri
859 2750 925 2806 ad
964 2750 1310 2820 depellendos
1373 2749 1601 2812 imbres,
1644 2757 1698 2801 et
1746 2748 1815 2801 ad

237 2841 503 2896 sereazlas
543 2843 553 2911 ί
599 2842 687 2895 ΑΙ.
739 2838 1052 2913 eerendas]
1089 2841 1271 2911 fruges
1330 2838 1514 2895 haberi
1540 2836 1814 2897 debeant,

238 2947 302 2991 ea
337 2934 543 2989 habere
568 2946 790 3005 cupere,
818 2934 869 2986 in
930 2934 1124 3004 quibus
1156 2931 1369 2987 cunctis
1414 2930 1664 2985 habitare
1693 2943 1796 2985 non

237 3031 444 3096 ρικειῑς,
500 3037 552 3079 et
609 3041 731 3096 qua:
789 3026 966 3081 colere
1010 3040 1116 3080 non
1156 3024 1417 3089 sullicias,
1482 3022 1818 3090 alteriusque

1954 437 2133 508 (Vt-rs.
2186 439 2242 495 9.
2277 442 2299 507 )
2337 456 2357 493 ι
2391 438 2446 494 ltt
2500 439 2727 494 auribus
2753 439 2917 493 meis
2940 449 3071 493 sunt
3100 439 3213 494 hau:
3244 439 3471 496 Domini

1890 530 2232 591 exercituum
2285 571 2299 585 .
2328 530 2441 587 Nisi
2495 532 2689 586 domus
2724 531 2913 593 multa
2945 532 3177 587 deserta:
3232 532 3491 599 fuerint;

1892 619 2127 692 grandes
2162 630 2218 677 et
2251 621 2491 687 pulchra:
2552 622 2761 690 absque
2822 622 3149 678 habitatore.
3194 641 3213 675 s
3246 622 3353 678 Pro
3398 640 3493 678 rom

1893 715 2035 784 quod
2094 730 2195 770 nos
2244 715 2395 786 juxta
2448 715 2773 770 Hebraicqu
2812 716 3096 792 vertimus,
3132 715 3196 770 In
3247 718 3479 771 curione

1897 806 2028 860 meis
2057 818 2178 861 sunt
2197 810 2306 861 haec
2337 806 2549 865 Domtai
2570 809 2918 876 exercituum,
2952 809 3002 863 id
3025 820 3131 875 est,
3168 811 3477 878 vcrhnqum

1894 898 2112 955 locutus
2154 912 2236 955 est
2279 899 2557 967 Dominus,
2610 901 2791 956 adhuc
2828 912 3091 957 resonant
3144 904 3211 957 iu’
3248 904 3475 958 auribus

1899 991 2035 1048 lueis
2062 1034 2078 1058 ,
2115 991 2257 1048 LXX
2293 995 2712 1061 transtulerunt,
2735 994 2934 1050 Audita
2955 1004 3080 1050 sunt
3131 997 3240 1050 hac
3282 996 3334 1049 in
3372 1013 3473 1048 au-

1899 1084 2044 1140 ribus
2077 1084 2288 1140 Dotnini
2327 1085 2588 1142 Sabaoth.
2640 1086 2754 1141 Non
2791 1088 2934 1156 quod
2984 1085 3257 1159 Propheta
3313 1089 3476 1142 verba
3524 1114 3537 1121 -

1900 1174 2114 1230 Domini
2144 1176 2398 1237 audierit.
2430 1178 2528 1233 sed
2581 1177 2634 1230 in
2667 1178 2895 1233 auribus
2922 1177 3131 1235 Domini
3162 1178 3341 1231 audita
3367 1179 3479 1234 siut

1901 1282 2021 1334 «pta:
2049 1266 2330 1337 Propheta
2362 1269 2607 1323 dicturus
2636 1278 2714 1323 est
2744 1310 2761 1334 ,
2807 1284 2929 1323 cum
2956 1271 3378 1338 consequentius
3408 1269 3482 1324 sit

1902 1359 2227 1427 intelligere,
2280 1361 2503 1423 audisse
2554 1359 2910 1430 Prophetatu,
2949 1376 3070 1430 quae
3103 1360 3368 1415 Dominus
3411 1362 3483 1415 sit

1904 1451 2142 1505 locutus.
2185 1450 2453 1507 Dominus
2491 1462 2673 1506 autem
2725 1452 2945 1508 locutus
3002 1463 3111 1520 est,
3153 1454 3297 1523 quod
3359 1461 3486 1524 post

1902 1543 2300 1613 captivitatem,
2355 1545 2551 1599 domus
2606 1558 2821 1611 magna:
2883 1553 3049 1615 atque
3096 1546 3486 1617 pulcherrima:

1903 1634 2133 1689 deserta:
2181 1634 2374 1689 futura:
2423 1634 2559 1701 sint,
2614 1650 2722 1690 non
2787 1635 3049 1693 habentes
3094 1636 3482 1693 habitatorem.

1977 1725 2084 1797 75
2113 1724 2296 1795 (Vers.
2331 1725 2443 1798 l0.)
2473 1746 2491 1781 ι
2522 1727 2718 1785 Decem
2748 1728 2895 1791 enim
2925 1728 3161 1799 ‘jugera
3195 1731 3482 1789 vinearum

1908 1819 2109 1877 facient
2167 1820 2511 1889 lagunculam
2560 1836 2761 1889 unam,
2818 1830 2873 1876 et
2920 1821 3139 1892 triginta
3188 1821 3356 1877 modii
3402 1837 3489 1878 sc-

1907 1912 2109 1967 mentis
2140 1910 2343 1969 facient
2369 1913 2579 1968 modios
2613 1922 2747 1971 tres.
2790 1931 2810 1965 ι
2849 1913 2955 1969 Pro
2983 1913 3292 1984 loquacula,
3324 1932 3489 1985 quant

1907 2007 2009 2062 soli
2041 2006 2183 2062 LXX
2217 2007 2641 2071 transtulerunt,
2663 2022 2860 2067 omnes
2882 2009 2973 2063 alii
3000 2007 3186 2065 butum
3206 2012 3490 2079 interpre-

1912 2101 2006 2157 tati
2037 2110 2191 2167 sunt,
2224 2103 2365 2171 quod
2401 2099 2667 2155 Hebraice
2698 2100 2902 2157 dicitur
2942 2117 3081 2157 ιιετιι
3115 2101 3258 2173 (nn).
3300 2099 3366 2157 Et
3393 2118 3492 2173 pro

1916 2194 2189 2263 tringinta
2223 2194 2444 2257 modiis,
2476 2206 2613 2261 quos
2637 2207 2738 2247 nos
2774 2207 2871 2257 pro
2897 2209 3020 2249 coro
3060 2197 3367 2266 posuimus,
3398 2196 3490 2264 qui

1913 2285 2176 2345 llehraice
2194 2285 2393 2341 dicitur
2412 2300 2555 2345 oues
2578 2284 2776 2355 (om),
2798 2283 2939 2341 LXX
2963 2296 3212 2342 veternnt
3230 2286 3447 2341 artabat
3473 2288 3493 2319 ⁸

1912 2396 2005 2437 sea:
2038 2395 2057 2435 :
2095 2393 2217 2450 qua
2249 2394 2507 2437 mensura
2541 2379 2864 2450 Egyptiaca
2897 2389 3004 2440 est.
3036 2379 3253 2434 etfacit
3285 2379 3496 2435 modios

1915 2473 2129 2545 viginti.
2154 2472 2210 2527 In
2240 2471 2535 2528 sterilitate
2552 2487 2684 2541 ergo
2707 2473 2878 2531 nimia
2908 2487 3030 2540 qua:
3054 2472 3303 2539 sequitur
3322 2471 3499 2540 capti-

1913 2564 2161 2628 vitalem,
2201 2563 2387 2621 decem
2434 2563 2626 2632 jugera
2690 2562 2973 2616 vinearum
3032 2559 3236 2617 facient
3283 2561 3492 2623 barum,

1915 2655 1971 2709 id
2019 2666 2125 2720 est,
2162 2664 2275 2710 tres
2308 2653 2637 2722 amphoras;
2685 2662 2741 2708 et
2805 2652 3026 2722 triginta
3068 2652 3230 2708 modii
3274 2653 3500 2708 seminis

1918 2747 1970 2801 id
2000 2754 2105 2813 est,
2137 2760 2321 2814 corus,
2365 2746 2526 2807 faciet
2544 2746 2697 2814 eplti,
2725 2745 2868 2815 quod
2900 2743 3044 2798 LXX
3072 2755 3175 2798 tres
3204 2760 3498 2809 nteit-suras,

1920 2840 2271 2910 interpretati
2302 2847 2451 2913 sunt.
2478 2839 2530 2894 id
2568 2848 2674 2904 est,
2721 2848 2828 2897 tres
2855 2838 3082 2897 modios.
3116 2837 3282 2893 Batus
3312 2847 3494 2900 autem

1860 2962 1866 2968 ο
1922 2935 1975 2988 in
2028 2933 2255 3002 liquidis
2299 2932 2588 3003 speciebus
2633 2931 2856 2996 dicitur,
2897 2941 2953 2986 et
2999 2930 3138 2997 cpiti,
3199 2930 3315 2987 sive
3370 2930 3504 2998 eplta

1921 3027 2166 3097 ejusdem
2199 3040 2468 3085 mensura:
2496 3024 2551 3078 in
2583 3023 2776 3088 aridis,
2804 3024 2946 3077 sicut
2984 3024 3040 3077 in
3068 3022 3318 3084 Ezechiel
3345 3021 3502 3090 iusta

239 3124 625 3179 necessitatem
688 3130 832 3175 luant
890 3118 1067 3173 facere
1104 3111 1661 3183 voluptatemiluxta
1694 3122 1807 3167 tro-
1840 3131 1883 3193 ο
1917 3118 2238 3176 Hebr-uicum
2270 3115 2497 3184 legimus
2537 3132 2552 3170 :
2590 3112 2724 3182 Ephi
2745 3116 2974 3184 jus:um,
3026 3123 3075 3169 et
3112 3115 3267 3170 batus
3319 3115 3505 3183 justus

240 3214 515 3285 pelea-iam
577 3221 769 3267 contra
825 3210 1110 3264 haereticos
1163 3208 1385 3277 quidam
1451 3206 1555 3261 hoc
1615 3206 1817 3267 dictum

238 3306 588 3360 arbitrantur
629 3321 644 3356 :
681 3302 772 3371 qui
826 3316 948 3355 ctua
1010 3309 1293 3357 moverent
1342 3299 1506 3370 pedes
1557 3313 1691 3361 suos
1754 3297 1821 3352 de

239 3391 493 3456 Oriente,
526 3392 750 3449 veniunt
785 3389 837 3443 itt
857 3405 1105 3458 campqu
1142 3387 1406 3454 Sennaar,
1435 3389 1524 3459 qui
1558 3389 1824 3457 interpre-

243 3485 652 3539 taturexcnssio
697 3482 954 3543 dentium,
995 3490 1046 3534 et
1066 3479 1343 3541 aediﬁcant
1375 3482 1653 3537 civitatem
1685 3497 1820 3537 cou-

245 3575 505 3638 fnsiouis,
535 3572 839 3639 turrimque
874 3572 1168 3642 superbiae,
1203 3583 1257 3627 et
1301 3571 1531 3632 audiunt
1566 3572 1669 3629 sub
1700 3587 1824 3628 ver-

243 3667 339 3721 bis
396 3666 516 3719 aliis
553 3680 567 3716 :
602 3664 794 3718 Audite
824 3663 954 3724 lucc,
992 3662 1149 3717 duces
1174 3664 1365 3719 domus
1390 3660 1577 3728 Iacob,
1612 3674 1660 3715 et
1694 3664 1827 3717 resi-

245 3760 352 3813 dui
408 3758 591 3810 domus
643 3754 837 3820 Israel,
891 3756 981 3825 qui
1029 3754 1413 3809 abominamini
1469 3756 1749 3820 iudicium,
1776 3765 1826 3808 et

246 3853 435 3904 ornaia
464 3860 602 3903 recta
626 3849 945 3915 perrerlitis,
964 3848 1055 3917 qui
1084 3847 1366 3915 wdiﬁcatis
1386 3846 1515 3901 Sion
1542 3849 1595 3901 in
1618 3849 1832 3917 sangui-

247 3944 431 4002 m’bus,
452 3950 500 3992 et
531 3935 832 3991 Jerusalem
852 3936 905 3988 in
934 3935 1217 4005 iniquitate
1257 3933 1446 4003 (lliclt.
1485 3951 1569 3999 ιιι,
1597 3934 1653 3998 9,
1717 3932 1828 3998 10).

244 4029 356 4084 Isti
406 4029 596 4082 domos
646 4023 923 4089 domibus,
971 4023 1023 4077 id
1054 4033 1158 4086 est,
1204 4022 1455 4091 dogmata
1500 4022 1834 4091 coniungunt

246 4119 637 4189 dogmatibus;
670 4119 869 4185 quibus
907 4116 1110 4169 dicitur
1153 4131 1249 4184 per
1308 4114 1611 4181 Michmam,
1653 4112 1839 4169 Nolite

248 4214 528 4282 ccli/icore
574 4212 628 4264 in
679 4211 836 4263 domo
893 4209 1123 4262 derisum
1158 4206 1372 4279 (lbid.),
1409 4222 1475 4262 ne
1509 4222 1670 4277 supra
1712 4207 1838 4261 fun-

251 4308 573 4362 damentum
622 4302 848 4367 Christi,
897 4300 1041 4370 quod
1090 4302 1364 4367 apostolus
1402 4300 1602 4354 Paulus
1662 4301 1840 4369 posuit

1922 3217 2022 3269 erit
2068 3211 2234 3273 vobis.
2279 3207 2418 3278 Epiri
2448 3210 2681 3270 etbatur
2704 3207 2938 3277 a'qualia
2972 3216 3021 3261 et
3077 3207 3234 3266 unius
3289 3223 3505 3263 mensu-

1925 3321 2001 3361 rae
2032 3313 2212 3367 erunt,
2255 3311 2309 3359 ut
2359 3301 2533 3368 capiat
2575 3299 2839 3362 decimam
2871 3310 3079 3369 portent
3114 3301 3223 3357 cori
3248 3299 3426 3362 batus.
3454 3307 3510 3355 et

1924 3395 2181 3448 decimam
2208 3401 2414 3463 partem
2440 3392 2549 3447 cori
2585 3389 2704 3458 cpiti
2721 3390 2913 3458 ;jna:ta
2942 3406 3244 3449 mensuer
3271 3392 3381 3449 cori
3410 3395 3511 3449 erit

1930 3502 2083 3554 aqua
2103 3486 2324 3540 libratio
2364 3499 2551 3538 eorum
2600 3480 2817 3554 (Ezeclt.
2852 3498 2977 3548 ην,
3024 3484 3111 3545 10,
3150 3483 3263 3554 ll).
3298 3482 3509 3549 Quatri—

1930 3592 2049 3630 mus
2072 3575 2225 3647 juxta
2253 3589 2556 3645 auagogeu,
2586 3573 2864 3643 quomodo
2892 3576 3275 3631 hazreticonun
3313 3576 3514 3633 domus

1929 3667 2167 3738 grandes
2208 3677 2263 3724 et
2292 3668 2537 3738 pulchra:
2571 3667 2704 3733 sint,
2736 3682 2861 3735 qua:
2908 3684 3031 3725 cum
3072 3667 3262 3736 judicii
3304 3678 3517 3736 tempus

1933 3758 2239 3826 advenerit,
2298 3759 2505 3813 nullutn
2568 3758 2936 3815 habitatorem
3007 3760 3270 3821 habeant.
3325 3760 3518 3815 Omnis

1938 3852 2083 3909 enim
2122 3865 2320 3921 pompa
2356 3859 2743 3920 structuraque
2765 3850 3078 3915 verborum.
3118 3860 3174 3906 et
3197 3860 3515 3921 argumenta

1936 3943 2217 3998 dialectica
2246 3942 2561 4012 redigentur
2590 3946 2656 3997 ad
2687 3941 2946 4003 nihilum.
2979 3941 3043 4001 Et
3062 3943 3187 4013 quia
3213 3943 3368 4013 juxta
3389 3958 3520 4012 apo-

1937 4036 2134 4091 stolum
2168 4032 2394 4091 Paulum
2422 4032 2514 4107 (ll
2548 4033 2672 4092 Cor.
2705 4033 2786 4105 ιιι)
2813 4049 2923 4091 non
2955 4033 3130 4091 solum
3160 4034 3251 4090 Dei
3286 4035 3524 4095 atdilica-

1941 4128 2016 4183 tio
2071 4143 2285 4194 sumus,
2330 4129 2424 4186 Sed
2484 4137 2535 4183 et
2588 4128 2947 4197 agricultura,
2975 4142 3141 4197 quam
3196 4127 3521 4183 imitantes'

1948 4219 2191 4275 haeretici
2254 4218 2623 4275 suﬂodiutttur
2661 4231 2720 4275 et
2775 4219 3123 4285 erudit-antur
3173 4219 3243 4274 ab
3284 4216 3524 4275 Jereniia

1944 4313 2084 4381 (cap.
2117 4312 2267 4382 xvtn)
2309 4312 2567 4365 :idcirco
2613 4312 2700 4367 ubi
2742 4311 2928 4365 decem
2977 4311 3168 4380 jugera
3217 4310 3521 4373 vinearum,

257 4400 315 4467 (Ῐ
351 4401 482 4452 CW-
512 4399 593 4468 ἸΙ)
637 4405 694 4450 ει
744 4396 797 4447 in
835 4408 945 4463 ⁴1¹³⁰
991 4391 1589 4448 debueram-“timeare
1622 4407 1847 4457 θυτιιυιν
1945 4405 2060 4459 sive
2094 4404 2183 4458 ubi
2233 4404 2420 4458 decem
2456 4403 2586 4472 juga
2622 4402 2784 4459 boum
2819 4412 3137 4474 operantur,
3182 4401 3382 4456 facient
3426 4402 3524 4455 ba-

247 4500 565 4564 argentum,
628 4487 832 4556 lapides
861 4486 1128 4554 pretiosos
1156 4524 1170 4546 ,
1203 4500 1233 4538 e
1258 4483 1533 4538 contrario
1567 4483 1811 4537 tediliccn

1948 4508 2061 4551 tuttt
2100 4505 2290 4561 unum,
2316 4507 2366 4551 ct
2405 4497 2625 4567 triginta
2650 4495 2817 4550 modii
2852 4495 3119 4553 sementis
3155 4493 3351 4549 facient
3374 4495 3525 4564 epbi,

248 4562 431 4651 ligna,
469 4580 681 4643 fenum,
725 4577 1007 4647 stipulam,
1071 4589 1308 4644 quorum
1348 4562 1472 4627 linis
1527 4573 1838 4627 incendium

247 4687 360 4729 est.
389 4673 469 4727 De
498 4670 874 4741 hujuscemodi
905 4668 1161 4723 domibus
1195 4666 1445 4719 Salvator
1478 4665 1531 4718 in
1588 4662 1839 4734 Evange-

250 4767 331 4819 lio
365 4764 604 4834 loquitur
646 4779 660 4816 :
695 4762 875 4817 Omnis
906 4761 997 4830 qui
1045 4758 1275 4811 audierit
1309 4758 1458 4811 verba
1480 4771 1616 4821 mea,
1656 4765 1706 4809 et
1737 4772 1841 4809 non

246 4858 448 4927 fecerit
479 4873 563 4919 ea,
611 4852 1008 4908 assimilabitur
1033 4852 1144 4905 uiro
1187 4849 1372 4910 stulto,
1438 4850 1527 4920 qni
1559 4849 1842 4917 ardi/icarit

244 4956 472 5006 domum
493 4966 645 5005 suam
676 4964 832 5017 super
861 4962 1103 4999 arenam.
1136 4945 1411 4998 Descendit
1448 4943 1646 5011 pluvia,
1694 4958 1875 5000 ωριτε-⁸

247 5054 385 5098 runt
430 5043 678 5111 ﬂumina,
711 5041 974 5109 ﬂaverant
1028 5038 1167 5091 venti
1202 5047 1251 5091 et
1282 5039 1604 5107 impegerunt
1636 5038 1690 5090 in
1747 5039 1845 5092 do-

246 5153 406 5189 mum
463 5136 635 5197 illam,
670 5144 719 5186 et
764 5132 951 5188 recidit
990 5146 1003 5158 ·
1030 5142 1079 5184 et
1123 5132 1223 5197 fuit
1256 5132 1413 5183 ruina
1444 5130 1630 5187 damus
1697 5131 1844 5186 illius

246 5246 459 5299 magna
493 5228 701 5298 (Matth.
749 5242 846 5290 vtt,
880 5225 997 5290 ἐῢ,
1028 5226 1143 5280 27).
1177 5223 1408 5280 Tamdiu
1463 5235 1643 5279 autem
1692 5240 1843 5297 qua-

248 5333 394 5378 runt
430 5321 672 5375 ha:retici
724 5335 859 5374 nova
902 5320 1175 5373 veteribus
1233 5319 1488 5388 jungere,
1558 5327 1611 5371 et
1655 5320 1844 5372 eadem

248 5414 673 5470 recentioribus
707 5415 1022 5477 immutare,
1059 5410 1235 5466 donec
1267 5418 1320 5466 et
1348 5426 1547 5469 sensus
1572 5412 1847 5467 humanus

242 5520 306 5562 et
350 5520 542 5560 sermo
572 5505 807 5559 deﬁciat.
1184 5496 1191 5503 ’

331 5645 349 5676 ⁸
393 5641 599 5705 Vatic.,
619 5642 754 5711 iuga
786 5643 1077 5698 vinearum.

327 5716 355 5746 ⁸
400 5712 597 5780 Epiph.
624 5710 890 5766 de’l’ond.
942 5720 998 5765 et
1039 5725 1329 5765 mensum:
1378 5710 1637 5780 Ἀρτάὄηῖ
1692 5712 1853 5766 τοῦτο

242 5784 317 5839 τὸ
376 5782 588 5853 μέτρον
639 5780 773 5853 παρ’
815 5781 1135 5851 Αἰγυπτίοις
1190 5780 1421 5852 ἐκλήθη.
1476 5781 1682 5837 Artaba
1742 5785 1851 5840 haec

1950 4600 2011 4645 ιιι
2055 4590 2120 4646 de
2175 4588 2402 4644 denario
2440 4602 2691 4654 numero,
2745 4587 2840 4656 qui
2883 4591 2937 4647 tu
2973 4582 3272 4657 Scriptnris
3320 4591 3528 4647 sanctis

1951 4682 2213 4754 mysticus
2253 4691 2416 4750 atque
2441 4678 2717 4748 perfectus
2747 4688 2833 4733 cst
2865 4693 2880 4743 ;
2911 4687 2967 4733 et
2990 4676 3061 4732 de
3087 4679 3412 4752 tricenario,
3471 4680 3528 4732 in

1950 4789 2058 4844 quo
2122 4769 2469 4842 pr’ophetavit
2525 4768 2780 4825 Ezechiel
2839 4769 2982 4842 (cap.
3035 4772 3099 4838 ι),
3159 4780 3214 4822 et
3269 4769 3531 4827 Dominus

1953 4864 2271 4935 baptizatus
2305 4875 2389 4916 εει
2439 4860 2590 4933 (Luc.
2625 4864 2734 4929 ιιι),
2768 4863 3081 4932 redigantur
3120 4862 3187 4915 ad
3224 4861 3374 4930 ('plti,
3436 4862 3529 4930 qui

1953 4959 2019 5013 ad
2044 4957 2509 5026 comparationem
2541 4956 2853 5024 multiplicis
2885 4955 3096 5009 numeri
3173 4955 3371 5010 unione
3401 4970 3534 5009 con—

1952 5050 2260 5118 stringitur.
2309 5048 2462 5112 Quod
2514 5056 2696 5103 autem
2737 5045 3026 5102 aediﬁcatio
3077 5055 3132 5099 et
3185 5046 3532 5115 agricultura

1956 5143 2228 5201 referatur
2269 5141 2335 5197 ad
2398 5141 2809 5211 intelligentiam
2860 5138 3184 5208 spiritalem,
3215 5139 3380 5193 etiam
3422 5140 3534 5192 alio

1956 5235 2076 5289 loco
2105 5232 2306 5293 Paulus
2353 5233 2636 5302 apostolus
2667 5234 2827 5288 docet
2861 5232 2879 5299 (
2912 5228 3114 5299 Epltes.
3141 5229 3240 5301 tv),
3274 5232 3533 5291 fundatus

1956 5341 2011 5381 et
2044 5326 2314 5381 radicatos
2349 5326 2401 5378 in
2431 5325 2697 5379 charitatc
2722 5322 3010 5377 credentes
3041 5338 3162 5377 esse
3190 5332 3528 5379 contestans.

1958 5419 2115 5477 Unde
2160 5430 2217 5475 et
2264 5417 2623 5477 Ecclesiastes
2675 5413 2875 5486 (Eccle.
2911 5416 2971 5483 tt)
3033 5431 3138 5469 non
3190 5415 3365 5471 solum
3422 5416 3532 5472 sibi

1957 5511 2247 5565 aediﬁcavit
2304 5512 2516 5574 domos,
2555 5507 2650 5561 sed
2709 5507 2971 5576 plantavit
3027 5502 3243 5573 vincas,
3293 5518 3346 5562 ct
3400 5510 3534 5564 fecit

1961 5659 2206 5697 mensura
2264 5642 2329 5693 ab
2381 5639 2652 5711 Egyptiis
2704 5641 3026 5711 appellatur.
3072 5641 3162 5697 Sic
3214 5644 3536 5702 scholiastcs

1961 5714 2341 5782 Aristophanis
2369 5713 2706 5782 adAcharn.
2749 5716 2870 5767 Act.
2898 5728 2933 5778 I,
2972 5729 3051 5769 sc.
3087 5714 3139 5776 2,
3173 5730 3225 5782 ιι.
3266 5715 3371 5770 575

2032 5784 2053 5814 ³
2096 5779 2161 5837 Ιιι
2187 5781 2383 5849 Varla,
2415 5779 2574 5847 quam
2599 5784 2895 5838 amittentes
2926 5779 3184 5851 Itu't'ctict,
3207 5796 3315 5840 etc.
