3980 6200
475 312 546 378 83
1646 322 1705 388 S.
1753 324 2070 388 EUSEBII
2114 328 2555 397 DIERONYMI
3668 294 3739 414 ἐξ

468 422 664 482 hortos
698 432 751 480 et
784 425 1048 496 pomaria,
1092 437 1147 483 et
1187 428 1424 484 instituit
1456 443 1648 485 omnes
1678 432 1907 487 arbores
1941 448 2039 503 pos
2067 435 2114 493 Α
2145 438 2407 505 citharas,
2453 454 2507 497 et
2535 443 2704 513 lyras,
2760 451 3202 518 tympanumqne,
3237 460 3290 507 et
3321 451 3478 511 tibias
3515 472 3601 513 rex
3632 459 3736 515 Bap

469 517 717 582 tuil'eras,
768 519 1149 588 esstruaitque
1211 521 1474 590 piscinas,
1531 531 1589 576 ut
1657 525 2047 596 irrigaret.76

469 609 692 665 saltum.
735 612 902 665 Porro
935 612 1176 667 haeretici
1208 613 1498 682 imaginem
1530 626 1739 671 tantum
1778 619 2043 672 habentes

469 701 828 771 umbramque
887 704 1169 765 virtutum,
1219 715 1274 760 et
1338 722 1442 762 non
1505 708 1675 778 ipsam
1730 712 2039 778 veritatem,

468 798 677 865 absque
712 797 891 852 fructu
922 813 1172 867 operum,
1214 800 1500 854 verborum
1529 801 1656 856 folia
1689 804 2037 871 pollicentur.

466 884 548 944 De
576 905 805 959 quorum
839 890 1129 944 arboribus
1162 892 1292 944 dicit
1327 892 1587 947 Dominus
1624 911 1638 945 :
1684 893 1865 949 Omnis
1888 896 2045 960 plan-

467 987 630 1048 talio,
652 1001 813 1053 quam
847 1002 952 1039 non
977 986 1243 1055 plantat-it
1283 987 1444 1043 Pater
1470 1006 1616 1043 meus
1656 989 1903 1058 catastis,
1927 1007 2046 1044 era-

468 1076 738 1130 dicabitur
764 1079 986 1142 (Matth.
1008 1095 1101 1144 xv,
1124 1080 1234 1151 l5).
1274 1100 1290 1132 t
1324 1080 1402 1135 De
1423 1085 1575 1136 vinea
1600 1083 1746 1136 enini
1781 1083 2044 1137 Sodomo-

469 1185 587 1222 rum
618 1171 771 1224 vinea
817 1186 1027 1235 eorum,
1054 1183 1103 1227 et
1137 1189 1371 1243 propago
1398 1190 1582 1229 eorum
1620 1175 1685 1228 de
1718 1174 2043 1229 Gomorrba.

472 1260 586 1316 Uva
618 1276 832 1327 eorum,
869 1279 972 1316 uva
1007 1264 1170 1326 fellis,
1194 1277 1244 1316 et
1280 1266 1471 1321 botrus
1499 1270 1883 1321 amaritudinis
1935 1269 2042 1328 eis,

478 1361 634 1408 turor
662 1355 964 1409 draconum
1014 1360 1196 1411 vinum
1247 1374 1461 1421 eorum,
1503 1370 1550 1412 et
1593 1362 1744 1414 furor
1796 1362 2045 1430 aspidnm

474 1448 793 1502 insanabilis
827 1468 846 1500 ι
886 1449 1067 1514 (Deut.
1092 1467 1261 1511 xxxii.
1296 1450 1597 1523 31mm).

547 1538 842 1610 (Vers.ll,
897 1542 1009 1604 εξ.)
1048 1560 1069 1593 t
1118 1542 1207 1596 Vae
1255 1545 1346 1612 qui
1403 1546 1731 1613 consurgitis
1779 1561 1933 1600 inane
1984 1549 2051 1600 ad

471 1636 786 1689 ebrietatem
820 1638 1137 1690 sectandam
1167 1648 1219 1689 et
1246 1639 1732 1706 potandnnrnsque
1757 1640 1822 1691 ad
1857 1655 2052 1710 vespe-

477 1742 615 1791 ram,
649 1737 703 1781 ut
740 1727 863 1780 vino
887 1729 1149 1783 :estuetis.
1180 1728 1425 1795 Cithara,
1461 1741 1514 1783 et
1543 1731 1679 1801 lyra,
1710 1742 2044 1801 tympanum,

2148 532 2401 603 bylouius
2434 534 2643 603 habuit,
2702 538 2904 607 quibus
2959 543 3411 610 consonantibus,
3458 549 3741 606 universa-

2151 641 2268 679 rum
2298 627 2540 695 gentium
2585 631 2769 698 populi
2807 634 3302 701 prosternebantur
3340 638 3393 692 in
3429 648 3652 709 terram,
3684 653 3740 697 et

2150 718 2450 772 adorabunt
2482 736 2701 775 auream
2737 731 2972 777 statuam
3016 725 3177 793 (Dan.
3230 727 3339 796 ιιι).
3377 728 3529 795 Quod
3557 746 3740 787 autem

2149 809 2381 879 primum
2421 820 2633 880 tempus
2662 814 2909 869 humana!
2949 816 3251 885 sapientiae,
3283 823 3497 888 quando
3526 826 3741 890 egredi-

2151 918 2273 955 mur
2305 904 2620 973 pueritiam,
2654 915 2709 959 et
2758 906 2824 961 ad
2864 908 3179 963 rationalem
3225 912 3473 968 venimus
3501 924 3740 982 aztatem,

2152 1001 2314 1051 mane
2342 998 2394 1051 in
2452 996 2749 1068 Scripturis
2794 1002 3157 1071 intelligatur,
3202 1004 3371 1059 multa
3425 1008 3740 1064 testimonia

2157 1089 2357 1144 docere
2390 1107 2489 1146 nos
2520 1101 2775 1161 poterunt
2804 1111 2818 1147 :
2846 1094 2914 1148 de
2958 1096 3155 1164 quibus
3183 1098 3413 1167 exempli
3447 1115 3608 1153 causa
3649 1117 3745 1170 po-

2153 1181 2327 1234 nenda
2361 1191 2484 1235 sunt
2514 1198 2681 1251 pauca
2718 1200 2731 1236 :
2768 1184 2923 1239 Mane
2950 1187 3220 1242 mittebam
3278 1191 3618 1260 prophetiae;
3647 1200 3740 1244 et:

2154 1271 2316 1326 Hane
2353 1277 2600 1328 exaudies
2633 1277 2919 1331 orationem
2947 1296 3132 1332 meam.
3166 1279 3323 1333 Mane
3346 1285 3595 1336 assistant
3625 1285 3743 1349 tibi,

2153 1375 2201 1419 et
2226 1367 2410 1420 videbo
2436 1369 2453 1438 ζ
2465 1365 2554 1422 Ps.
2577 1383 2626 1434 v,
2658 1369 2712 1432 4.
2744 1370 2836 1438 5);
2875 1379 2925 1423 et
2960 1388 2974 1424 :
3012 1370 3084 1425 De
3112 1383 3259 1426 nocte
3289 1387 3562 1446 consurget
3586 1377 3749 1444 spiri-

2153 1470 2239 1511 ltts
2264 1477 2408 1513 meas
2441 1459 2557 1530 (Ps.
2585 1463 2877 1531 cxvrtt,55)
2902 1479 2916 1528 ;
2948 1473 3002 1518 et
3035 1481 3049 1518 :
3081 1463 3245 1531 Deus,
3273 1440 3408 1521 Deus
3429 1440 3680 1527 meus.ad
3699 1480 3750 1524 te

2154 1550 2218 1603 de
2239 1550 2353 1603 Iure
2376 1552 2533 1619 t-igila
2556 1552 2673 1619 (Ps.
2694 1569 2829 1620 an,
2852 1554 2905 1616 ἰ)
2927 1572 2941 1622 ;
2962 1563 3016 1609 et
3041 1575 3054 1611 :
3083 1554 3148 1609 In
3167 1558 3440 1613 matutinis
3468 1559 3750 1627 interﬁcie-

2158 1642 2281 1694 bam
2301 1657 2475 1697 omnes
2493 1660 2787 1714 peremores
2806 1657 2980 1711 terrae,
3002 1658 3058 1701 ut
3078 1649 3426 1716 ditperrterent
3446 1651 3508 1704 de
3531 1652 3745 1705 civitate

2166 1731 2375 1786 Domini
2407 1752 2584 1789 omnes
2621 1738 2712 1806 qui
2738 1748 3022 1798 operantur
3051 1740 3384 1811 iniquitatem
3414 1728 3602 1809 (Psic,
3635 1744 3692 1813 8)
3720 1760 3736 1808 ;

473 1828 529 1870 et
560 1818 714 1882 tibia,
762 1819 942 1872 vinum
997 1821 1048 1873 in
1109 1821 1374 1875 conviviis
1421 1823 1614 1876 vestris
1645 1840 1660 1886 ;
1700 1833 1754 1876 et
1783 1822 1918 1903 apits
1950 1822 2055 1876 Do-
2090 1816 2131 1871 Β
2162 1829 2287 1882 etin
2312 1827 2417 1881 alio
2443 1830 2558 1881 tero
2589 1850 2597 1880 :
2627 1828 2706 1879 Ad
2736 1846 2997 1900 vesperam
3022 1832 3379 1886 demorabitur
3400 1835 3574 1903 ﬂetus,
3601 1844 3649 1888 et
3675 1837 3749 1890 ad

479 1912 611 1965 mini
656 1928 759 1964 non
795 1912 1085 1982 respicitis,
1122 1930 1223 1969 nec
1261 1928 1424 1981 epeia
1456 1931 1709 1970 manuum
1742 1917 1853 1987 ejus
1881 1919 2062 1972 consi-

475 2005 702 2058 demtis.
735 2023 754 2054 ι
785 2005 888 2059 Pro
910 2005 1192 2069 ebrietate,
1226 2022 1383 2072 quam
1411 2008 1600 2074 Aquila
1626 2019 1705 2061 est
1732 2009 2059 2081 interpreta-

479 2111 565 2152 tus
584 2108 634 2150 et
653 2095 1190 2167 Synnnachus,LXX
1213 2099 1388 2166 ipsum
1418 2098 1738 2155 llebraieum
1766 2112 2063 2170 posuerunt

478 2202 702 2242 scenam
736 2189 933 2258 (Ἕω),
989 2190 1131 2258 quod
1176 2206 1391 2244 omnem
1437 2192 1708 2262 signilit-at
1760 2195 2058 2261 potionem,

479 2293 600 2345 qua:
639 2277 907 2332 inebriare
962 2289 1154 2345 potest.
1193 2287 1248 2334 e-t
1297 2291 1494 2335 statum
1549 2284 1747 2338 mentis
1790 2293 2057 2342 evertere.

487 2373 683 2440 Argttit
714 2382 896 2425 autem
929 2373 1079 2441 juxta
1112 2376 1557 2439 consequentiam
1585 2388 1777 2445 empta:
1802 2376 2065 2446 explana-

486 2466 651 2520 tionis
676 2464 941 2534 agricolas
971 2468 1162 2532 viuete,
1188 2466 1283 2536 qtti
1318 2469 1635 2523 tmmirente
1667 2470 1976 2531 sterilitate,
2008 2479 2064 2522 et

485 2557 667 2611 vicino
707 2557 974 2623 incendio,
1000 2572 1106 2629 quo
1145 2539 1336 2629 vepres
1364 2570 1418 2612 t-t
1469 2561 1639 2630 spinae
1683 2572 1811 2616 sunt
1842 2562 2064 2618 combu-

484 2649 691 2710 rendae,
732 2649 957 2705 luxnria:
985 2665 1042 2704 se
1066 2661 1121 2704 et
1145 2652 1509 2721 voluptatibus
1544 2655 1883 2708 tradiderunt
1914 2673 1929 2710 :
1957 2669 2062 2709 non

485 2743 660 2797 solum
722 2736 778 2795 in.
827 2745 1093 2796 vescendo
1156 2754 1209 2798 et
1278 2744 1549 2808 bibendo,
1610 2745 1705 2800 sed
1751 2747 1804 2800 in
1850 2747 2064 2801 aurium

488 2846 703 2901 quoque
765 2833 1150 2898 oblectatione,
1206 2846 1260 2888 et
1311 2834 1364 2888 in
1422 2835 1907 2891 diversisntusicai
1929 2837 2066 2892 artis

489 2925 800 2995 generibus.
830 2924 936 2992 Qui
980 2941 1103 2981 cum
1136 2927 1237 2982 ista
1281 2925 1509 2994 iaciunt,
1548 2943 1687 3000 opus
1717 2928 1931 2985 Domini
1960 2946 2065 2986 non

491 3014 832 3082 respiciunt,
899 3029 997 3070 nec
1054 3017 1401 3073 considerant
1453 3035 1577 3088 quae
1650 3028 1879 3077 ventura
1936 3022 2066 3077 sint.

2164 1923 2484 1974 matutinum
2513 1921 2701 1974 latitia
2735 1920 2851 1995 (Ps.
2876 1939 3026 1986 XXIX,
3059 1925 3137 1993 6),
3177 1935 3229 1978 et
3262 1936 3455 1982 cmlera
3487 1928 3568 1982 his
3596 1927 3751 1983 sitni-

2163 2011 2257 2070 lia.
2287 2012 2676 2083 Consurgimus
2708 2027 2886 2071 autem
2928 2016 2995 2089 de
3038 2033 3220 2084 inane,
3254 2021 3473 2089 quando
3503 2021 3633 2075 vitia
3662 2038 3752 2078 re~

2162 2105 2464 2176 linquimus
2499 2105 2554 2160 ‘Lvt
2577 2105 2826 2175 pueritia,
2860 2119 2910 2162 et
2938 2108 3122 2163 dicere
3150 2127 3437 2178 possumus
3470 2131 3483 2166 :
3519 2111 3749 2167 Perrata

2155 2199 2453 2268 juventtttis
2501 2216 2633 2255 utra?
2681 2210 2729 2254 et
2768 2202 3088 2269 ignorantia:
3131 2220 3196 2257 ne
3244 2204 3544 2259 memineris
3573 2203 3748 2276 (Psat.

2166 2306 2316 2356 xxiv,
2352 2291 2430 2362 7)’.
2454 2292 2694 2363 Ortoque
2742 2295 2898 2349 nobis
2936 2295 3048 2349 sole
3090 2297 3339 2365 justitir,
3377 2297 3631 2361 fugantur
3662 2307 3751 2350 te-

2167 2384 2373 2447 nebrae,
2401 2393 2455 2437 et
2485 2385 2669 2438 statim
2721 2387 3078 2441 interlicimns
3130 2404 3320 2442 omnes
3364 2389 3749 2457 cogitationes,

2165 2490 2283 2541 qua?
2316 2478 2380 2527 ad
2421 2488 2641 2544 peceata
2675 2492 2772 2530 nos
2818 2488 3137 2546 provocant,
3167 2489 3221 2530 et
3249 2479 3313 2530 de
3345 2478 3564 2530 civitate
3594 2492 3750 2530 turn-

2168 2565 2235 2616 tis
2277 2573 2474 2617 nostra:
2511 2566 2630 2617 illus
2674 2567 3034 2633 disperdiuuts
3083 2578 3415 2633 peceatores,
3450 2571 3516 2623 de
3547 2571 3749 2639 quibus

2168 2654 2418 2710 Salvator
2464 2657 2703 2726 loquitur
2750 2676 2763 2712 :
2818 2658 2891 2711 De
2950 2660 3104 2712 corde
3164 2671 3351 2713 exeunt
3401 2664 3752 2731 cogitationes

2166 2747 2343 2812 male,
2412 2749 2716 2815 homicidia,
2777 2750 3066 2813 adulteria,
3120 2750 3521 2822 fornicationes,
3579 2752 3752 2821 furta,

2168 2838 2314 2910 {alsit
2365 2841 2693 2906 testimonia,
2755 2841 3095 2910 blasphemiae
3144 2841 3362 2914 (Matth.
3421 2860 3509 2910 xv,
3557 2844 3668 2911 19),
3696 2855 3756 2898 et

2170 2932 2398 3002 reliqua.
2426 2933 2787 2989 infelicissimi
2821 2943 3003 2989 autem
3029 2943 3155 2989 sunt
3185 2936 3276 3003 qui
3304 2936 3370 2991 de
3396 2949 3552 2991 mane
3576 2952 3753 3005 usque

2169 3024 2236 3078 ad
2266 3038 2548 3093 veSperatn
2580 3026 2867 3092 ebrietate,
2919 3026 3040 3097 gula
3091 3036 3146 3081 et
3195 3028 3425 3085 diversis
3458 3030 3753 3098 voluptati-

491 3107 803 3162 Abutamur
834 3108 938 3165 hoc
968 3110 1280 3165 testimonio
1328 3112 1619 3168 adversum
1660 3116 1934 3186 principes
1963 3115 2066 3170 Ee-
2095 3152 2139 3209 α
2173 3116 2276 3171 bus
2302 3118 2572 3188 occupati,
2606 3132 2714 3172 non
2759 3118 3072 3188 intelligunt
3123 3119 3176 3175 in
3211 3136 3271 3177 se
3299 3136 3465 3193 Opera
3503 3121 3749 3191 Domini,

491 3203 698 3271 clesite,
729 3203 821 3274 qui
855 3204 923 3259 de
955 3220 1111 3260 mane
1134 3217 1471 3279 consurgunt
1501 3210 1566 3263 ad
1588 3214 1900 3265 sectandam
1929 3213 2067 3267 sice-

492 3313 636 3365 ram,
671 3308 721 3353 et
758 3298 1052 3353 bibeudmn
1095 3315 1265 3368 usque
1316 3300 1382 3355 ad
1422 3318 1700 3373 vesperam
1730 3321 1745 3359 :
1779 3307 1848 3359 de
1874 3305 2073 3374 quibus

493 3391 549 3442 in
578 3391 686 3444 alio
717 3391 836 3445 loco
871 3391 1066 3447 dieitttr
1104 3410 1119 3447 :
1181 3392 1273 3447 γω
1306 3396 1420 3459 tibi,
1453 3397 1655 3461 civitas,
1687 3398 1838 3464 cuius
1867 3414 1959 3451 rex
1980 3398 2076 3467 ju-

493 3482 637 3536 rcuis
671 3489 771 3546 est,
796 3491 843 3535 et
868 3484 1128 3554 principes
1164 3487 1242 3537 tui
1272 3502 1425 3540 mane
1455 3489 1733 3543 comedunt
1776 3489 1974 3561 (Ereto.
2015 3509 2072 3555 χ.

495 3571 608 3642 16).
642 3571 743 3638 Qui
769 3574 981 3629 deliciis
1009 3576 1287 3644 occupati,
1320 3592 1384 3631 ex
1434 3580 1706 3634 creaturis
1739 3596 1843 3634 non
1873 3582 2075 3636 intelli-

495 3679 630 3739 gunt
663 3671 1004 3735 Creatorem,
1068 3688 1169 3727 nec
1220 3673 1589 3728 considerant
1617 3691 1780 3745 opera
1819 3693 2075 3732 manuum

496 3762 636 3830 ejus,
666 3764 733 3817 de
758 3763 959 3833 quibus
990 3763 1216 3833 legimus
1249 3781 1264 3818 :
1294 3756 1460 3820 Verbo
1492 3768 1702 3821 Domini
1731 3768 1842 3846 creti
1876 3769 2075 3838 [innati

498 3866 642 3922 sunt,
675 3867 722 3910 et
777 3860 962 3923 spiri'u
1007 3857 1116 3909 oris
1158 3858 1271 3925 ejus
1328 3860 1500 3914 omnis
1550 3860 1717 3914 virtus
1746 3878 1928 3914 eorum
1957 3861 2072 3926 (Ps.

496 3962 681 4010 xxxii,
737 3948 813 4018 ϐ).
869 3946 1054 4005 Potest
1103 3949 1258 4020 juxta
1322 3951 1571 4007 altiorem
1623 3953 2074 4024 intelligentiam,

498 4043 679 4098 omnis
720 4043 916 4097 aninue
980 4044 1319 4112 perturbatio
1375 4046 1612 4100 ebrietas
1650 4046 1927 4116 appelfari,
1957 4062 2078 4116 qua:

500 4136 810 4203 concipitur
842 4135 908 4189 de
940 4135 1066 4189 vino
1097 4134 1290 4189 furoris
1337 4135 1657 4201 draconum,
1692 4146 1747 4193 ct
1775 4140 1839 4193 de
1869 4153 2078 4193 veneno

501 4226 750 4291 aspidutn
801 4227 1108 4290 insanabili,
1145 4230 1291 4295 quod
1341 4227 1581 4281 nonnulli
1625 4228 1815 4283 bibttnt
1842 4231 1908 4284 ab
1944 4230 2077 4284 ado-

502 4317 760 4373 lescentia
812 4334 980 4387 usque
1033 4320 1098 4372 ad
1151 4328 1512 4387 senectutem,
1548 4322 1651 4376 hoc
1680 4332 1785 4384 est,
1826 4325 1892 4378 de
1923 4339 2081 4379 mane

501 4426 674 4481 usque
723 4411 790 4465 ad
847 4426 1129 4481 vesperam
1173 4412 1353 4481 (Deut.
1399 4413 1593 4478 χλιιι).
1644 4415 1750 4469 Alii
1793 4416 2078 4470 reroltora

504 4506 685 4568 tertia,
725 4515 898 4568 sexta,
930 4504 1015 4558 vel
1052 4520 1217 4566 noua,
1253 4516 1305 4558 et
1339 4507 1618 4561 undecima
1649 4492 1982 4573 suscitatuur
2013 4513 2079 4563 de

501 4597 774 4659 convivio,
808 4605 863 4649 et
890 4595 1093 4649 dicitur
1115 4597 1181 4649 ad
1212 4612 1308 4651 eos
1337 4613 1352 4651 :
1385 4598 1818 4668 Expergiscimini
1839 4602 1925 4667 qui
1949 4601 2080 4655 ebrii

503 4690 608 4760 77
627 4691 752 4745 estis
771 4707 798 4741 a
818 4688 934 4743 vino
959 4689 1116 4759 (luet,
1135 4706 1172 4754 t,
1201 4691 1280 4757 5).
1305 4691 1479 4759 Super
1502 4692 1606 4747 hoc
1625 4693 1830 4756 vinum,
1855 4703 1905 4745 et
1923 4694 2085 4758 super

504 4784 881 4850 hujuscemodi
913 4798 1042 4836 ora.
1089 4797 1152 4837 ac
1187 4786 1372 4837 vineas
1399 4786 1533 4853 plttit
1566 4784 1822 4841 Dominus
1860 4787 2083 4851 sulphur

502 4889 559 4932 ιιι
593 4882 769 4948 ignem
803 4891 830 4928 a
872 4877 1097 4930 Domino
1140 4896 1153 4931 :
1189 4887 1242 4931 et
1273 4882 1601 4947 quicumque
1632 4893 1693 4931 ex
1742 4896 1931 4933 earum
1960 4883 2084 4935 vino

503 4966 721 5028 biberit,
751 4975 943 5017 aestuat
966 4975 1129 5031 atque
1152 4962 1511 5019 comburitur.
1544 4962 1794 5035 Requird
1820 4966 2081 5020 citharam

505 5069 559 5112 et
615 5058 956 5127 psalterium,
1013 5057 1167 5124 cujus
1210 5067 1456 5123 repertor
1507 5069 1588 5113 est
1643 5058 1822 5124 .lubal,
1853 5062 1918 5114 de
1950 5061 2082 5114 Cain

507 5152 677 5220 stirpe
706 5159 995 5215 generatus
1028 5149 1181 5216 (Cen.
1210 5152 1308 5220 tv),
1342 5166 1439 5205 nec
1486 5153 1634 5205 ntulit
1688 5152 1971 5207 Dominum
2003 5154 2083 5207 di-

507 5255 719 5297 centem
747 5245 812 5297 ad
839 5247 1015 5297 Aaron
1052 5259 1066 5295 :
1111 5241 1296 5297 Vinum
1326 5258 1372 5297 et
1418 5245 1640 5297 siceram
1692 5261 1792 5297 non
1822 5246 2005 5300 bibatis
2028 5258 2083 5299 tu

505 5347 553 5390 et
602 5337 702 5405 ﬁlii
749 5336 867 5400 lui,
907 5336 1118 5405 quando
1182 5336 1517 5407 ingredimini
1586 5336 1638 5389 in
1690 5338 2082 5392 tabernaculum

507 5429 815 5493 testimonii,
847 5437 940 5482 aut
966 5429 1215 5482 occis/etis
1246 5430 1315 5482 ad
1354 5429 1530 5481 altore
1560 5425 1749 5494 (Lerit.
1785 5443 1837 5492 χ,
1865 5428 1945 5496 9).
1977 5426 2085 5481 llas

584 5594 601 5624 ³
641 5590 842 5645 Euseb.
879 5606 893 5642 :
935 5588 1145 5657 Ῥητῶς
1180 5588 1278 5655 μὲν
1306 5583 1399 5642 οὖν
1429 5586 1663 5657 ἐπῆλθεν
1698 5590 1883 5642 αζτοῖε
1912 5589 2086 5641 ταῦτα

507 5661 634 5717 30.0"
687 5661 930 5730 ἱστορὲαιν
997 5656 1087 5711 ἔπί
1153 5656 1572 5711 Οὐεσπασιανοῦ
1632 5659 1726 5730 ita).
1800 5657 2083 5726 Ἀδριανοῦ

523 5728 818 5798 Ῥωμαίων
869 5730 1285 5798 αὑτθκρατόρων
1325 5744 1337 5756 ⁸
1394 5732 1486 5779 καὶ
1548 5728 1691 5798 uati
1737 5730 1974 5782 διάνοιαν
2029 5730 2085 5783 δὲ

513 5790 872 5872 στερήθέντες
900 5798 994 5852 τσῦ
1041 5790 1271 5868 iovi-xei:
1329 5799 1498 5869 ἄρτςυ
1553 5797 1653 5865 τῆς
1686 5798 1852 5871 ζωῆς,
1882 5799 1961 5852 ἔτι
1992 5805 2085 5854 καί

2174 3225 2277 3264 nec
2307 3212 2653 3265 considerant
2685 3226 2783 3266 enr
2803 3213 2971 3266 creati
3008 3220 3154 3265 sunt.

2246 3302 2423 3374 (Vers.
2467 3302 2579 3375 l3.)
2609 3321 2629 3356 t
2667 3302 2958 3375 Propterea
3009 3305 3206 3359 ductus
3254 3314 3340 3360 est
3378 3306 3619 3376 captivus
3652 3320 3756 3376 po-

2175 3399 2333 3465 pulus
2367 3411 2537 3459 meus,
2567 3397 2692 3466 quia
2723 3412 2828 3450 non
2864 3396 3053 3451 habuit
3082 3397 3368 3451 scientiam
3410 3409 3503 3465 ;rt
3544 3398 3757 3453 nobiles

2173 3490 2294 3558 ejus
2321 3490 2641 3544 interierunt
2664 3489 2823 3553 fame,
2841 3499 2894 3542 et
2921 3489 3208 3544 multitudo
3228 3489 3343 3557 ejus
3364 3492 3450 3545 siti
3473 3507 3568 3544 eia
3580 3491 3709 3542 ruit.
3729 3510 3749 3541 ι

2179 3581 2303 3637 Iltec
2331 3582 2485 3652 juxta
2525 3582 2755 3635 litteram
2922 3582 3183 3637 accidisse
3218 3585 3412 3653 pepulo
3438 3582 3754 3637 Judzeorunt

2177 3674 2279 3730 Sub
2311 3673 2645 3743 Vespasiano
2685 3683 2737 3728 et
2763 3671 2889 3728 Tito
2932 3673 3193 3730 Romanis
3239 3677 3450 3746 princip
3476 3676 3596 3741 bus,
3643 3685 3757 3730 tam

2177 3764 2362 3819 Graeca
2389 3780 2551 3834 quam
2579 3763 2773 3818 Latina
2803 3775 2990 3820 narrat
3023 3766 3247 3822 historia
3277 3768 3317 3821 ⁸.
3345 3767 3503 3833 Quod
3533 3767 3757 3836 quidem

2178 3871 2233 3913 ct
2259 3858 2617 3926 spiritualiter
2650 3858 2811 3912 hodie
2834 3873 3048 3928 quoque
3080 3859 3381 3928 patiuntur,
3412 3861 3756 3916 sustinentes

2178 3960 2285 4003 n0n
2333 3947 2527 4002 fantem
2586 3948 2759 4018 panis,
2822 3964 2999 4018 neque
3030 3950 3176 4004 sitim
3225 3963 3402 4020 aqum.
3430 3952 3523 4005 sed
3552 3949 3755 4008 tument

2181 4041 2434 4099 audiendi
2468 4043 2735 4098 sermonis
2768 4041 2859 4097 Dei
2895 4042 3074 4110 (Amos
3127 4042 3242 4108 rm)
3277 4059 3292 4096 :
3338 4045 3463 4113 quia
3518 4061 3615 4099 nec
3669 4061 3764 4101 rc-

2178 4144 2626 4207 spcxeruntopns
2658 4136 2891 4201 Domini,
2931 4149 3030 4190 nec
3070 4136 3549 4191 consideravernot
3594 4154 3766 4208 opera

2181 4245 2441 4284 tnanuum
2473 4226 2610 4299 ejus.
2632 4242 2808 4296 neque
2836 4226 3146 4282 habuerunt
3180 4229 3298 4295 ejus
3335 4228 3636 4295 scientiam,
3665 4231 3764 4299 qui

2180 4341 2396 4395 seraper
2464 4325 2676 4378 loeutus
2738 4332 2823 4377 est
2879 4337 2974 4390 per
3027 4326 3340 4393 prophetas.
3397 4324 3551 4381 Unde
3602 4335 3654 4379 et
3710 4330 3765 4381 in

2182 4415 2414 4470 Psalmis
2445 4412 2645 4468 dicitur
2693 4414 2761 4467 de
2816 4414 2917 4479 eis,
2960 4412 3339 4468 Convertentur
3375 4414 3445 4467 ad
3468 4430 3770 4484 vesperam,

2114 4536 2155 4590 ι)
2184 4521 2232 4565 et
2265 4509 2457 4578 famem
2474 4508 2746 4575 patientur
2775 4518 2829 4558 ut
2875 4523 3050 4571 canes,
3093 4517 3141 4560 et
3173 4508 3465 4560 circuibunt
3500 4510 3767 4561 rivita:ent

2188 4600 2306 4673 (Ps.
2340 4615 2492 4663 Lvtn,
2528 4598 2637 4666 15).
2668 4596 2818 4664 Quod
2851 4611 3029 4653 autem
3064 4598 3241 4653 oumis
3272 4615 3451 4653 sermo
3503 4600 3775 4654 dortrinae

2187 4695 2341 4766 panis
2372 4693 2675 4761 appelletur
2711 4702 2762 4744 et
2792 4707 2953 4759 aqua,
2990 4691 3115 4743 illud
3172 4693 3329 4746 docet
3359 4691 3713 4762 Evangeliuut
3749 4712 3765 4747 :

2189 4785 2313 4840 Non
2346 4785 2398 4837 in
2422 4785 2535 4838 sola
2575 4798 2708 4851 pane
2739 4784 2859 4835 vicit
2885 4782 3061 4845 homo,
3086 4782 3243 4835 sedin
3271 4782 3411 4834 omni
3447 4784 3595 4837 verba
3624 4788 3774 4848 quod

2186 4880 2453 4947 egreditur
2503 4876 2567 4926 de
2605 4890 2695 4927 ore
2742 4871 2834 4925 Dei
2870 4870 3020 4941 (Luc.
3060 4890 3132 4938 tv,
3174 4876 3229 4941 4)
3264 4891 3280 4940 ;
3310 4884 3381 4939 et,
3441 4873 3776 4944 Quirumque

2189 4970 2374 5024 biberit
2411 4969 2474 5022 de
2501 4984 2664 5039 aqua,
2702 4982 2858 5036 quant
2892 4966 3083 5020 dedero
3124 4967 3192 5029 ei,
3232 4984 3334 5021 non
3364 4967 3506 5021 sitiet
3537 4969 3587 5021 in
3615 4978 3747 5021 o-ter
3768 5002 3786 5012 α

2188 5076 2313 5113 num
2372 5057 2555 5130 (Joan.
2603 5072 2677 5122 Iv,
2720 5054 2853 5125 1'5);
2898 5070 2949 5111 et
2989 5060 3041 5111 in
3084 5058 3291 5127 psalmo
3336 5054 3782 5126 dit~itttr:Super

2189 5168 2357 5219 aquas
2393 5149 2695 5218 refectionis
2728 5147 2970 5203 educavit
3004 5166 3082 5202 me
3111 5148 3222 5218 (Ps.
3253 5165 3391 5212 uti,
3425 5150 3504 5218 Ξ).
3541 5148 3693 5204 Unde
3717 5166 3779 5206 et

2190 5245 2455 5298 Dominus
2515 5257 2624 5296 non
2695 5240 2810 5295 vult
2844 5241 3155 5297 esurientes
3191 5242 3240 5293 in
3262 5257 3446 5295 eremo
3470 5243 3776 5310 dimittere,

2190 5354 2257 5393 ne
2295 5337 2568 5393 lassentur
2594 5376 2610 5401 ,
2660 5347 2715 5391 et
2763 5344 3046 5397 corruant,
3095 5344 3149 5387 et
3185 5334 3581 5389 iuterticiantur
3623 5333 3783 5391 farno

2192 5429 2407 5489 (Matth.
2445 5430 2557 5501 xv).
2591 5426 2657 5482 Et
2701 5430 2946 5493 dejnsto
2994 5429 3110 5482 viro
3141 5427 3343 5481 dicitur
3376 5447 3389 5484 :
3423 5426 3636 5482 Iuvenis
3663 5428 3781 5497 fui,

2192 5591 2285 5642 νῦν
2335 5589 2543 5657 τροπῆς
2584 5588 2910 5654 ἐπουρανίου
2946 5584 3045 5657 τὰς
3067 5584 3587 5657 ψυχὰςλιμὼττονᾳμ
3626 5590 3791 5642 κατὰ

2189 5661 2291 5730 τὴν
2322 5655 2638 5730 φάσκουσαν
2676 5659 2803 5730 πξρὶ
2828 5656 3007 5709 αὐτῶν
3034 5659 3272 5724 γραφήν
3305 5673 3423 5724 qua:
3446 5657 3513 5710 ab
3540 5655 3773 5713 Hieron.

2190 5726 2326 5802 pene
2355 5731 2420 5783 ad
2457 5728 2679 5783 verbum
2721 5726 2914 5780 Latine
2938 5741 3062 5781 sunt
3093 5729 3326 5781 reddita.
