3980 6200
421 269 490 331 87
1600 274 1660 335 S.
1677 268 2007 334 ‘EUSEBII
2026 275 2499 353 ,IIIERONYMI

3612 280 3690 347 88

419 396 473 444 cl
501 386 771 444 illuminat
819 400 993 443 caecos
1021 385 1200 460 (Psal.
1227 404 1390 457 θην,
1427 390 1527 460 8):
1562 404 1700 461 quos
1733 390 2000 446 .leremias
2028 404 2076 463 Α
2106 395 2347 463 perditas
2385 397 2580 473 dooms
2626 394 2819 456 Israel.
2864 406 2922 451 ut
2970 397 3205 453 salvaret
3254 398 3401 469 quod
3452 400 3693 468 perierat

420 479 634 535 vinctos
661 478 822 534 terrai
850 487 1126 549 nuncupat
1163 479 1376 553 (Thren.
1414 495 1492 549 ιιι,
1515 479 1630 550 54).
1657 479 1770 537 Nec
1800 482 2008 553 plangit

423 587 521 629 eos
551 572 643 642 qui
674 586 907 643 peccare
926 572 1341 644 cmperint,8[
1375 575 1671 645 statimque
1695 575 1961 631 desierint
1988 593 2002 631 :

428 679 538 719 non
566 670 651 719 est
675 664 818 719 enim
843 664 1022 731 justus
1051 680 1215 729 super
1238 677 1437 720 terram
1467 666 1563 732 qui
1583 665 1748 721 faciat
1780 669 2004 734 bonum,

424 765 481 809 et
507 754 796 823 aliquando
813 771 920 811 non
940 765 1124 826 peccet
1140 753 1311 827 (Eccl.
1332 772 1434 825 vu,
1456 757 1584 828 2t);
1608 758 1701 811 sed
1729 760 1820 827 qui
1844 758 2008 829 longo

425 847 483 902 in
509 848 668 904 :iculo
702 859 919 919 peccata
962 852 1352 917 protraxerint.
1385 850 1541 906 Unde
1572 860 1627 906 et
1661 852 1714 906 in
1756 851 2009 907 Numeris

427 944 663 1016 legimus
694 945 858 1016 (Cap.
886 947 1022 1013 XIX),
1060 963 1285 1002 vaccam
1321 948 1526 1014 rufam,
1561 950 1716 1019 cujus
1746 950 1888 1005 cinis
1913 966 2010 1005 cx-

427 1039 595 1108 piatio
626 1040 809 1109 populi
834 1050 935 1105 cst,
969 1056 1078 1095 non
1111 1042 1269 1096 aliter
1313 1041 1583 1097 immolari
1625 1054 1680 1098 et
1723 1042 1908 1099 olTerrl
1942 1045 2011 1099 ad

424 1130 599 1186 altare
631 1132 868 1201 Domini,
896 1134 998 1189 nisi
1042 1149 1163 1204 qua:
1213 1145 1427 1190 terrena
1455 1151 1619 1206 opera
1653 1152 1756 1190 nou
1798 1136 2005 1201 fecerit,

425 1221 734 1292 jugumque
768 1239 872 1277 non
900 1226 1153 1289 traxerit,
1177 1241 1279 1280 nec
1322 1226 1556 1281 vinculis
1587 1225 1694 1299 iugi
1727 1228 2016 1283 Nabucho-

429 1312 673 1369 donosor
708 1316 872 1370 fuerit
901 1317 1139 1386 alligata.
1184 1318 1249 1372 Et
1281 1318 1333 1372 in
1378 1319 1482 1374 hoc
1516 1323 1705 1374 eodem
1746 1321 2012 1391 propheta

430 1421 529 1474 pro
554 1409 775 1479 cingulo
802 1411 1046 1466 veritatis
1129 1411 1252 1465 filia:
1283 1411 1415 1467 Sion
1464 1414 1761 1483 cinguntur
1805 1415 2019 1468 ionico-

433 1502 507 1554 lo.
543 1501 866 1570 Acbitopbel
900 1518 1121 1575 quoque
1164 1515 1221 1561 et
1248 1503 1695 1576 Judasjquorum
1738 1506 1877 1560 alter
1917 1505 2020 1558 Da-

429 1589 543 1656 vid,
574 1591 713 1646 alter
756 1593 1044 1649 Dominum
1092 1596 1479 1668 prodiderunt}
1531 1597 1660 1650 l‘uue
1696 1597 2019 1664 longissimo

431 1687 717 1742 trabent‘cs
764 1698 991 1757 peccata
1039 1705 1160 1755 sua,
1193 1690 1405 1759 periere
1444 1688 1785 1758 suspendio;
1816 1700 2009 1760 putan-

2109 485 2321 556 (tllatth.
2363 484 2476 556 xv).
2519 486 2574 541 lu
2618 485 2919 543 Barabbam
2971 488 3338 559 intelligamus
3388 489 3695 559 diabolum,

2107 580 2200 646 qui
2228 593 2349 631 cum
2378 578 2451 634 sit
2483 594 2585 633 uox
2611 590 2663 632 et
2693 580 2954 644 tenebm,
2987 582 3407 650 transﬁguratur
3435 584 3491 638 in
3523 600 3699 648 ange—

2110 670 2220 724 lutn
2260 668 2495 740 incisa!
2524 669 2648 726 Cor.
2678 671 2777 742 ιι).
2813 670 2967 728 Umle
2994 683 3045 729 et
3071 675 3363 740 Apostolus
3401 675 3645 745 loquitur
3675 692 3693 731 :

2113 763 2246 827 (ista
2278 764 2616 835 participatio
2653 764 2886 833 justitiar
2915 782 3030 819 cum
3069 766 3350 836 iniquitate
3378 769 3404 823 .’
3428 784 3554 835 qua:
3606 784 3699 821 so-

2112 857 2278 909 cietas
2328 855 2435 909 luci
2495 860 2562 908 ad
2612 855 2899 914 tenebras?
2933 859 3023 929 qui
3066 874 3352 914 consensus
3400 860 3609 915 Christi
3648 869 3700 914 et

2114 948 2288 1004 Belial
2317 948 2406 1019 (11
2428 948 2550 1006 Cor.
2574 967 2651 1016 vr,
2692 951 2777 1015 l4,
2808 951 2898 1019 15)
2919 953 2943 1006 ?
2962 951 3149 1021 Neque
3177 953 3321 1008 enim
3350 952 3570 1008 lucerna
3600 953 3704 1005 tol-

2116 1043 2270 1099 lenda
2295 1053 2400 1108 est,
2432 1055 2486 1097 et
2521 1045 2767 1112 ponenda
2798 1045 2901 1099 sub
2938 1045 3140 1106 modio.
3176 1045 3257 1101 vel
3285 1048 3386 1101 sub
3417 1047 3698 1112 lecto,su-d

2117 1151 2279 1202 supra
2312 1135 2726 1200 candelabrum,
2756 1146 2814 1190 ιιι
2858 1138 3114 1193 omnibus
3146 1139 3338 1192 luceat.
3374 1139 3484 1193 Nec
3528 1142 3699 1192 arbor

2122 1229 2293 1281 malos
2323 1228 2557 1285 all'erens
2593 1228 2825 1295 fructus,
2859 1229 3014 1285 bona:
3036 1231 3250 1285 arboris
3272 1231 3703 1300 est’appellanda

2118 1322 2380 1375 vocabulo
2426 1320 2643 1391 (Matth.
2676 1325 2794 1392 vn).
2834 1321 2992 1378 Unde
3035 1333 3089 1376 et
3137 1323 3189 1376 in
3224 1321 3419 1378 Genesi
3470 1325 3702 1394 mystico

2120 1429 2373 1468 Sermone
2398 1425 2676 1483 narratur,
2707 1414 2849 1484 quod
2890 1416 3137 1468 diviserit
3173 1415 3309 1469 Deus
3344 1417 3482 1468 inter
3523 1418 3698 1468 lucem

2120 1526 2183 1563 ac
2212 1509 2485 1574 tenebras,
2515 1524 2633 1574 quae
2663 1511 2713 1561 itt
2744 1509 3014 1578 principio
3045 1524 3210 1578 super
3244 1511 3502 1579 abyssum
3554 1507 3701 1562 iero-

2125 1602 2504 1674 bantur(6en.
2543 1604 2602 1671 t).
2664 1600 2818 1669 Quod
2865 1614 3044 1657 autem
3101 1602 3274 1659 bomts
3327 1602 3578 1657 Salvator
3626 1604 3705 1656 sit

2122 1694 2437 1763 appellatus,
2489 1697 2607 1765 ipse
2651 1695 2706 1749 itt
2753 1694 3048 1765 Evangelio
3107 1694 3395 1766 loquitur:
3439 1697 3455 1728 ³
3506 1692 3706 1748 Pastor

432 1786 514 1830 tes
564 1778 764 1831 malum
821 1779 1171 1834 cooscientitc
1221 1781 1473 1847 praesenti
1526 1791 1700 1835 morte
1756 1781 1922 1847 liuiti,
1957 1791 2013 1834 et
2048 1756 2094 1816 Β
2130 1788 2299 1840 bonus
2355 1788 2499 1856 ponit
2533 1788 2765 1841 animam
2790 1802 2939 1840 suam
2977 1803 3071 1857 pro
3095 1788 3275 1842 oribus
3314 1788 3424 1842 suis
3457 1784 3703 1859 (leam,

433 1867 569 1922 nihil
593 1884 716 1924 esse
748 1879 869 1939 post
897 1881 1147 1927 mortem.
1182 1871 1336 1938 Quod
1379 1880 1560 1927 autem
1590 1873 1743 1942 juxta
1775 1869 2008 1927 Hebrai-

432 1974 557 2015 cum
609 1972 663 2017 et
690 1978 885 2017 omnes
927 1964 1065 2019 alios
1102 1966 1457 2035 interpretes,
1494 1966 1839 2035 appellantur
1868 1965 2018 2019 funi-

434 2054 547 2109 culi
610 2057 907 2119 vanitatis,
973 2057 1077 2110 hoc
1128 2056 1441 2125 signiﬁcat,
1492 2057 1636 2127 quod
1698 2057 2023 2113 facientibus

434 2156 716 2215 peccatum
753 2147 914 2202 fat-ile
962 2148 1186 2211 texitur,
1228 2158 1281 2203 et
1324 2159 1435 2205 tam
1467 2150 1626 2204 inane
1652 2159 1704 2205 et
1733 2150 1891 2205 facile
1916 2158 2020 2212 est,

441 2248 500 2293 ut
524 2253 847 2293 aranearum
894 2240 977 2293 fila
1012 2251 1271 2295 texuntur
1300 2261 1313 2296 :
1347 2243 1441 2296 sed
1480 2259 1605 2297 cum
1645 2242 1768 2296 inde
1795 2242 2024 2296 volueri-

452 2344 574 2385 mus
634 2332 803 2396 exire,
842 2332 1191 2390 solidissimis
1227 2334 1461 2390 vinculis
1510 2335 1799 2389 nectitnur.
1837 2335 2026 2389 Plaus-

440 2433 582 2480 tt-um
610 2433 789 2478 autem
816 2427 1032 2493 plenum
1077 2436 1478 2495 oneratutnque
1527 2427 1766 2496 peccatis
1812 2427 2024 2483 facilius

453 2519 786 2590 intelligunt,
817 2520 905 2586 qui
955 2520 1303 2575 meminerint
1347 2523 1611 2589 scriptum
1652 2522 1704 2573 ιιι
1736 2519 2025 2586 Ζςιςιιςιτὶιι,

441 2612 777 2680 impietatem
834 2614 1025 2666 sedere
1070 2629 1237 2683 super
1272 2614 1537 2667 talentum
1594 2614 1801 2682 plumbi
1837 2612 2023 2681 (Zaclt.

444 2719 477 2755 ν
506 2704 550 2776 ),
596 2713 648 2759 et
681 2703 966 2776 .lEyyptios
995 2705 1085 2774 qtti
1113 2706 1265 2776 gravi
1287 2717 1629 2776 peccatorum
1660 2709 1872 2759 sarcina
1904 2721 2028 2774 pre-

450 2798 759 2859 mebantur,
795 2799 949 2866 quasi
1000 2796 1283 2865 plumbum
1337 2799 1389 2852 in
1433 2814 1581 2852 mare
1625 2796 1866 2851 Rubrum
1905 2811 2025 2851 esse

447 2891 729 2944 demersos
755 2891 951 2961 (Exod.
989 2891 1102 2955 xv).
1149 2890 1213 2944 Et
1245 2890 1297 2945 itt
1352 2891 1461 2945 alio
1491 2891 1609 2945 loco
1649 2902 1906 2961 peccator
1953 2891 2030 2943 lo-

453 2986 688 3052 quitur:
732 2982 1053 3053 Iniquitates
1120 3000 1249 3038 metu
1289 3000 1640 3057 superg’ressa’
1690 2993 1810 3037 sunt
1868 2992 2026 3051 caput

2130 1878 2240 1949 Η).
2273 1877 2473 1933 Lucem
2524 1894 2740 1950 quoque
2783 1895 2908 1934 esse
2969 1895 3028 1935 se
3069 1880 3203 1935 dicit
3236 1897 3250 1935 :
3282 1878 3393 1950 Ego
3446 1896 3560 1934 sum
3611 1879 3708 1933 (tua

2129 1972 2313 2026 mundi
2344 1970 2527 2040 (Joau.
2555 1987 2675 2035 vitt,
2713 1968 2827 2041 12),
2857 1980 2910 2026 et
2934 1972 3182 2042 quotidie
3214 1972 3422 2028 cuelrsﬁ
3449 1988 3586 2039 pane
3613 1987 3708 2026 sa-

2131 2064 2296 2119 turati
2326 2062 2558 2119 dicimus
2590 2081 2605 2119 :
2634 2063 2857 2119 Gustata
2903 2075 2951 2119 et
2984 2065 3172 2129 videte,
3206 2080 3362 2134 quam
3410 2065 3589 2119 suavis
3627 2072 3707 2117 est

2131 2156 2383 2210 Domitius
2425 2156 2541 2220 (Ps.
2571 2172 2765 2222 χχχιιι,
2798 2159 2873 2228 9).
2905 2157 2947 2211 E
2992 2158 3272 2211 contrario
3317 2162 3532 2224 quando
3564 2157 3704 2208 dici-

2125 2268 2247 2306 mus
2275 2270 2287 2305 :
2321 2249 2509 2304 Libera
2552 2269 2644 2305 nos
2671 2269 2702 2305 a
2728 2253 2868 2305 malo
2901 2250 3118 2319 (Matth.
3149 2266 3223 2316 vt,
3267 2250 3378 2316 15);
3413 2258 3505 2303 et:
3544 2247 3708 2302 Mun-

2124 2346 2220 2398 dus
2262 2345 2313 2397 in
2350 2346 2580 2401 maligno
2623 2344 2825 2409 positus
2869 2351 2945 2396 est
2973 2342 3021 2411 (Ι
3047 2341 3211 2397 latnt.
3246 2359 3301 2405 v,
3339 2342 3449 2409 l9).
3501 2338 3706 2396 diaboli

2103 2439 2378 2507 rupimus
2418 2440 2632 2490 insidii.»
2666 2436 2911 2490 liberari.
2956 2437 3110 2501 Quod
3159 2449 3344 2490 autem
3396 2436 3512 2503 ipse
3549 2444 3707 2488 tene-

2128 2530 2348 2583 brarutn
2404 2541 2458 2583 et
2516 2528 2896 2581 amaritudinis
2949 2526 3291 2598 signiﬁcetur
3361 2526 3706 2590 nominibus,

2127 2622 2375 2676 crebrius
2398 2623 2644 2688 legimus.
2674 2621 2777 2676 Sed
2811 2631 2866 2675 et
2908 2622 3011 2675 IIOC
3043 2634 3331 2689 possumus
3352 2620 3550 2680 dicere,
3564 2616 3711 2687 quod

2140 2716 2323 2767 omnia
2379 2714 2651 2767 contraria
2707 2716 2954 2781 dogmata
3012 2712 3224 2766 veritati
3285 2726 3468 2765 amara
3492 2710 3619 2772 sint,
3654 2716 3713 2762 et

2131 2799 2245 2854 sola
2279 2798 2453 2853 dulcis
2488 2798 2711 2852 veritas.
2743 2787 2895 2853 Unde
2916 2798 3216 2852 cavendum
3261 2806 3364 2860 est,
3399 2812 3465 2851 ne
3493 2811 3592 2865 pro
3618 2810 3717 2849 ve-

2132 2893 2294 2945 ritate
2330 2897 2625 2958 sequantttr
2657 2890 3021 2952 mendacium,
3058 2904 3125 2944 ne
3171 2903 3269 2957 pro
3316 2888 3519 2942 lumine
3563 2897 3716 2943 tene-

2126 2980 2282 3036 bras.
2327 2980 2510 3035 Mtlllzc
2553 2985 2697 3036 enim
2733 2993 2856 3035 sunt
2891 2982 2990 3036 via:
3036 2999 3157 3051 quat
3193 2984 3445 3039 videntur
3472 2980 3714 3036 homini-

453 3090 628 3128 ttteum
655 3076 827 3129 :sicut
861 3092 992 3130 onus
1026 3093 1183 3147 grave
1204 3089 1440 3147 grat'am'
1463 3088 1581 3129 sunt
1616 3094 1771 3143 super
1802 3092 1880 3130 me
1909 3074 2025 3137 (Ps.
2057 3101 2100 3158 ο
2136 3077 2235 3131 bus
2274 3087 2459 3138 recite,
2493 3087 2546 3129 et
2578 3076 2870 3130 novissima
2906 3091 3093 3129 earum
3141 3076 3461 3144 perveniunt
3495 3073 3550 3127 in
3582 3087 3715 3140 pro-

445 3183 661 3232 xuvn,
695 3166 771 3236 5).
818 3168 1089 3223 Dicuntur
1133 3181 1315 3223 autem
1373 3170 1486 3223 bace
1520 3172 1585 3224 ad
1617 3172 1889 3240 principes
1931 3169 2029 3225 Jo-

450 3264 713 3324 daeoruut,
746 3261 838 3331 qui
889 3277 1052 3330 supra
1105 3263 1279 3332 arguti
1328 3273 1454 3316 sunt
1494 3262 1546 3315 itt
1584 3263 1808 3315 avaritia
1865 3274 2029 3330 atque

448 3350 675 3405 luxuria
716 3369 730 3406 :
765 3351 909 3418 quod
967 3350 1248 3420 provocati
1302 3366 1329 3401 a
1379 3350 1609 3403 Domino
1658 3350 1723 3402 ad
1759 3350 2028 3415 pmniten-

449 3443 604 3505 tiam.
665 3452 717 3496 et
759 3451 944 3509 postea
1004 3441 1073 3496 ab
1125 3441 1385 3509 apostolis
1438 3441 1576 3511 ejus,
1641 3456 1812 3509 usque
1870 3440 2032 3494 hodie

451 3544 805 3605 perseverent
837 3535 888 3588 in
917 3533 1300 3602 blaspbetuiis,
1328 3543 1381 3587 et
1417 3544 1497 3587 ter
1525 3548 1621 3601 per
1644 3532 1888 3601 singulos
1919 3533 2033 3585 dies

452 3631 505 3681 in
551 3628 809 3682 omnibus
860 3629 1155 3697 syuagogis
1187 3628 1288 3682 sub
1337 3627 1558 3681 nomine
1617 3627 2030 3680 Nazareuorum

452 3717 922 3773 anatltematizent
943 3720 1263 3771 vocabulmn
1282 3706 1692 3773 Christianum.
1728 3716 1825 3770 Est
1850 3724 2031 3769 autem

453 3824 649 3866 sensus
684 3827 699 3866 :
732 3809 826 3865 Va:
864 3809 1024 3866 vobis
1078 3811 1168 3880 qui
1222 3812 1429 3881 putatis
1491 3810 1635 3865 diem
1681 3808 1872 3876 judicii
1925 3821 2033 3861 non

454 3907 726 3966 futurum,
751 3903 832 3958 vel
863 3919 969 3959 non
995 3915 1283 3959 venturam
1312 3902 1683 3974 captivitatem
1719 3916 1880 3971 quam
1913 3913 2038 3969 pro-

454 3998 709 4065 pheticus
743 4011 924 4053 sermo
982 3998 1250 4068 praedicit,
1306 3998 1398 4069 qui
1455 3997 1637 4052 dicitis
1685 3997 1752 4050 ad
1802 3994 2039 4063 Pr0pbe-

459 4103 569 4144 tam
613 4108 628 4145 :
661 4089 965 4161 Usquequo
1008 4092 1164 4146 nobis
1196 4090 1288 4145 Dei
1328 4090 1554 4145 minaris
1578 4088 1761 4143 iram?
1789 4087 2039 4141 volumus

458 4197 579 4236 eam
608 4183 908 4253 scire,jam
952 4185 1156 4239 veniat.
1192 4182 1307 4236 lloc
1337 4189 1520 4235 autem
1553 4194 1650 4251 per
1687 4181 1917 4235 ironiam
1955 4179 2039 4233 lu-

464 4284 727 4342 quuntur,
769 4277 1026 4347 quoniam
1062 4292 1180 4331 eam
1210 4292 1318 4331 non
1360 4286 1553 4343 putant
1584 4292 1706 4332 esse
1728 4286 2038 4339 venturam,

465 4368 558 4420 sed
588 4368 835 4424 simulari
861 4385 889 4423 a
921 4369 1222 4437 Pr0pbeta.

2136 3168 2362 3221 fundum
2399 3168 2621 3220 inferni.
2664 3168 2756 3219 list
2803 3182 3020 3236 quoque
3044 3166 3224 3232 justus
3258 3166 3476 3233 periens
3502 3165 3555 3217 in
3585 3163 3713 3230 jus-

2136 3262 2250 3318 titia
2280 3276 2398 3326 sua,
2440 3261 2525 3313 cui
2561 3259 2799 3314 dicitur:
2834 3257 2917 3311 Ne
2947 3261 3020 3313 sis
3052 3245 3228 3326 iustus
3261 3257 3483 3311 multum
3513 3256 3716 3326 (Ecc'e.

2134 3370 2231 3419 vn,
2265 3353 2377 3424 Π).
2412 3354 2560 3419 Quas
2600 3353 2668 3407 ob
2714 3367 2907 3407 causis
2949 3351 3113 3405 lsrael
3139 3349 3468 3420 reprotnittit
3509 3364 3570 3404 se
3620 3349 3712 3403 via

2133 3447 2543 3500 atuliulatttt'tttn
2616 3446 2783 3512 regia,
2845 3461 2943 3497 nec
2999 3445 3065 3496 ad
3129 3444 3434 3507 sinistram,
3490 3457 3591 3497 nec
3642 3440 3716 3496 ad

2133 3540 2410 3593 dexteram
2436 3538 2834 3592 declinaturum
2866 3536 3047 3605 (Deut.
3074 3538 3148 3605 v).
3174 3536 3240 3590 Et
3261 3545 3318 3588 ιιι
3356 3537 3546 3605 loquar
3570 3534 3717 3602 quod

2135 3631 2335 3697 sentio,
2399 3630 2615 3683 ditlicile
2667 3632 2768 3683 boc
2802 3629 3093 3683 maledicto
3138 3631 3259 3697 quis
3292 3642 3482 3681 carere
3516 3636 3718 3693 potest,

2137 3735 2260 3774 cum
2293 3727 2348 3773 et
2396 3719 2552 3772 malis
2598 3718 2913 3788 frequenter
2949 3718 3234 3772 adolentur
3264 3727 3487 3787 propter
3518 3727 3723 3787 poten-

2142 3814 2297 3876 tiam,
2321 3821 2376 3865 et
2406 3812 2581 3866 bonos
2613 3810 2977 3880 despiciemus
3008 3820 3229 3880 propter
3275 3810 3533 3877 inopiam.
3562 3807 3723 3864 Unde

2137 3905 2538 3973 signiﬁcantius
2578 3904 2968 3973 interpretatus
2996 3886 3081 3958 est
3110 3901 3299 3972 Aquila
3329 3920 3342 3958 :
3368 3902 3476 3973 83
3518 3900 3607 3956 Vc
3630 3903 3726 3970 qui

2136 3996 2268 4049 dicit
2293 3995 2452 4055 malo.
2475 3992 2654 4047 Bonus
2683 4010 2758 4060 es,
2801 4003 2851 4047 et
2886 3994 3042 4055 bona,
3070 3992 3246 4048 Malus
3276 4009 3350 4048 es.
3386 3993 3452 4046 Et
3490 3993 3543 4046 in
3574 3993 3725 4047 hunc

2139 4084 2397 4163 congruit
2437 4101 2657 4142 sensum
2687 4087 2820 4141 illud
2860 4088 3003 4156 quod
3034 4084 3288 4140 Salomon
3320 4086 3375 4141 in
3415 4085 3726 4142 Proverbiis

2140 4178 2378 4246 loquitur
2443 4179 2770 4247 Qaijudt'cat
2807 4179 3017 4249 justum
3049 4179 3330 4248 injustam,
3369 4189 3417 4231 ct
3468 4179 3724 4247 injustam

2133 4270 2360 4340 justum,
2385 4268 2756 4322 abomittabt‘lis
2800 4277 2879 4321 est
2924 4275 3141 4337 uterque
3170 4267 3308 4331 apud
3340 4263 3503 4319 Deum
3534 4262 3726 4333 (Pror.

2145 4377 2277 4428 svu,
2314 4360 2425 4431 l5).
2477 4359 2682 4415 Scribas
2738 4373 2955 4430 quoque
2998 4370 3053 4411 et
3106 4356 3364 4412 Pbarismi
3407 4356 3567 4410 verba
3600 4354 3726 4408 Sal-

533 4460 712 4530 (Yers.
765 4456 883 4529 20).
942 4477 960 4509 ι
1000 4456 1087 4513 Vae
1136 4459 1230 4529 qui
1268 4458 1448 4513 dicitis
1493 4457 1692 4511 malum
1727 4455 1956 4518 bonum,
1988 4463 2040 4509 et
2070 4453 2122 4515 D
2149 4455 2360 4510 vatoris
2392 4468 2496 4508 non
2526 4452 2879 4523 recipientes,
2919 4454 3018 4507 sed
3061 4451 3384 4506 traditiones
3421 4447 3727 4511 ltominum,

465 4555 664 4609 bonum
691 4553 920 4619 malum,
955 4568 1219 4624 ponentes
1268 4552 1523 4608 tenebras
1556 4552 1750 4609 lucem.
1788 4559 1840 4604 et
1863 4549 2039 4603 lucent

466 4645 748 4712 tenebras,
799 4658 1067 4717 ponentes
1094 4662 1344 4700 amarum
1387 4646 1441 4699 in
1484 4646 1663 4708 dulce,
1704 4654 1759 4697 rt
1804 4642 2042 4697 dulcein

464 4755 736 4795 amarum.
765 4759 784 4793 ι
823 4738 1079 4809 Ejusdem
1110 4738 1499 4802 criminisest,
1525 4738 1748 4803 bonum,
1779 4737 2043 4796 lucem,et

452 4834 651 4901 dulce,
704 4831 1001 4887 contrariis
1051 4846 1254 4887 vocare
1310 4831 1645 4895 nominibus,
1706 4828 1885 4899 cujus,
1933 4826 2046 4897 82

467 4924 1000 4991 tnalutn,tenebras,
1035 4932 1090 4978 et
1149 4938 1395 4978 amarum
1448 4921 1729 4977 vocabulis
1775 4921 2049 4990 appellare

464 5021 752 5075 virtutum.
786 5018 899 5074 lloc
931 5028 1119 5074 contra
1152 5032 1247 5073 eos
1278 5018 1372 5088 qui
1397 5027 1678 5087 peccatum
1707 5029 1812 5068 non
1835 5021 2047 5082 putant,

465 5113 511 5168 si
554 5110 698 5167 bono
733 5112 1049 5178 detrahant,
1074 5119 1132 5167 ct
1160 5126 1271 5167 non
1308 5110 1585 5165 aestimant
1610 5124 1734 5164 esse
1767 5107 2046 5167 delictum,

466 5205 512 5259 si
539 5203 758 5260 laudent
790 5203 1019 5259 malum.
1047 5203 1266 5261 Ponuut
1293 5212 1471 5258 autem
1501 5199 1674 5256 Judaei
1711 5203 1907 5254 bonum
1937 5212 2051 5251 ma-

469 5296 604 5359 lum,
630 5305 686 5350 et
707 5295 880 5351 lucem
909 5296 1185 5361 tenebras,
1205 5307 1260 5351 et
1284 5296 1440 5351 dulce
1464 5309 1731 5357 amarum,
1753 5290 2052 5358 suscipien-

461 5400 554 5470 tes
590 5389 891 5444 Barabbam
940 5389 1211 5445 latrocinii
1241 5398 1296 5444 et
1340 5388 1626 5445 seditionis
1660 5396 1963 5444 auctorem,
1998 5391 2053 5437 et

470 5481 854 5553 eruciligeutes
883 5482 1093 5549 Iesum,
1130 5484 1224 5553 qui
1263 5498 1381 5538 uon-
1422 5492 1644 5536 venerat
1686 5478 1792 5534 nisi
1827 5479 1894 5532 ad
1926 5491 2053 5533 oves

544 5616 562 5646 ‘
598 5612 871 5684 Prmpooit
920 5613 1128 5684 Victor.
1190 5630 1327 5669 mss.
1371 5614 1771 5684 exemplarium
1830 5626 2051 5666 suorum

471 5699 600 5752 ope,
637 5683 745 5754 Ego
803 5700 919 5736 sum
970 5683 1373 5739 Pattor.bouus.
1418 5683 1595 5739 l‘cttto
1630 5688 1697 5737 ab
1746 5685 1845 5736 hoc
1896 5696 2052 5734 versu

476 5757 676 5812 iterum
702 5755 986 5828 praeponit,
1003 5768 1051 5814 et
1084 5755 1147 5812 de
1176 5756 1447 5811 dulcedine
1472 5756 1634 5825 ἕλἐἰιιδ
1657 5754 2054 5826 qttctidie,etc.,

2143 4559 2198 4604 et
2226 4547 2396 4601 aniles
2428 4547 2658 4612 fabulas,
2692 4546 2939 4601 fecerunt
2964 4549 3164 4600 bonum
3195 4545 3421 4610 malum,
3449 4551 3726 4596 ettnatutn

2145 4638 2374 4691 bonum.

2223 4730 2405 4797 (νει-ε.
2431 4726 2549 4795 2t.)
2583 4746 2601 4779 ι
2625 4728 2715 4782 Va-
2741 4730 2834 4797 qui
2860 4728 3147 4798 sapientes
3167 4728 3300 4783 estis
3338 4726 3393 4781 in
3431 4723 3608 4779 oculis
3636 4736 3730 4777 ve-

2147 4820 2374 4886 stris,ct
2395 4835 2577 4874 coram
2598 4820 3005 4890 vobismetipsis
3029 4818 3351 4891 prudentes.
3382 4837 3402 4871 ι
3428 4818 3528 4883 Qui
3550 4815 3729 4883 vobis,

2149 4916 2345 4984 inquit,
2380 4913 2479 4983 ipsi
2510 4908 2765 4967 videmini
2797 4913 3069 4982 sapientes
3098 4927 3243 4980 esse,
3265 4912 3359 4983 qui
3383 4911 3727 4982 prudentiam

2149 5006 2464 5078 sequimini,
2530 5022 2635 5061 non
2687 5005 2802 5069 Dei,
2832 5006 2926 5060 sed
2978 5005 3254 5061 hominum
3291 5020 3309 5072 ;
3354 5014 3411 5058 et
3450 5019 3574 5059 cum
3617 5017 3729 5056 non

2152 5099 2425 5168 recipiatis
2446 5097 2536 5152 Dei
2559 5098 2810 5153 virtutem
2832 5099 3032 5168 Deique
3049 5098 3392 5167 sapientiam,
3414 5098 3618 5165 putatis
3632 5109 3733 5150 vos

2151 5207 2275 5250 esse
2312 5192 2587 5261 sapientes
2622 5190 2671 5262 (I
2694 5189 2820 5246 Cor.
2854 5191 2918 5260 ι).
2950 5190 3097 5245 lnter
3137 5188 3459 5257 sapientiam
3508 5194 3564 5239 et
3593 5200 3729 5252 pru-
3812 5241 3831 5257 ,

2152 5285 2391 5341 dentiam
2436 5286 2537 5339 ltoc
2564 5284 2754 5338 dicunt
2800 5284 3067 5338 interesse
3110 5279 3306 5343 Stoici,
3340 5277 3482 5347 quod
3515 5275 3736 5346 sapien-

2155 5380 2227 5432 tia
2266 5393 2447 5430 rerum
2500 5377 2573 5430 sit
2628 5377 2933 5430 divinarum
2982 5375 3458 5441 humanarumque
3506 5369 3718 5431 notitia,

2156 5470 2444 5541 prudentia
2480 5477 2660 5523 autem
2712 5477 2919 5523 tantum
2966 5467 3299 5520 mortalium.
3325 5465 3733 5531 Consequentur

2156 5625 2220 5663 ex
2271 5623 2402 5661 mss.
2456 5606 2699 5672 iisdem;
2738 5602 3010 5677 simulque
3062 5617 3274 5657 sacram
3336 5596 3732 5677 Eucltaristiatn

2159 5678 2406 5749 quotidie
2438 5678 2653 5749 conliri.
2690 5690 2751 5727 ex
2794 5675 2897 5749 boc
2925 5674 3065 5749 loco.
3093 5682 3525 5749 areuttientatur,
3551 5673 3639 5749 cui
3679 5673 3733 5720 et

2160 5743 2323 5807 alium
2357 5763 2422 5804 ex
2461 5747 2831 5802 Cummeutar.
2871 5747 2925 5800 itt
2953 5743 3223 5799 Ezechiel.
3257 5756 3379 5796 ιιι-ι
3412 5743 3659 5809 apponit.
