3980 6200
307 266 382 333 89
1101 275 1595 341 COMMENTAR.
1632 277 1714 340 IN
1751 275 2017 340 ISAIAM
2060 278 2533 343 PROPIIETAM
2558 276 2707 345 LIB.
2737 280 2821 345 ῙῙ.

3500 281 3578 351 90

315 388 501 436 autem
533 381 650 438 hate
679 381 963 440 adversum
1017 384 1240 444 Scribas
1287 370 1642 445 dicunturiet
1694 388 1885 443 Phari-
1914 395 1960 451 Α
1992 389 2217 463 Propter
2258 394 2571 465 superiores
2612 410 2805 452 causas
2848 394 3134 465 superbiae,
3176 405 3230 453 et
3274 397 3577 466 ebrietatis,

312 488 474 538 8205,
510 474 603 543 qui
642 476 905 532 habentes
957 477 1166 533 clavem
1214 480 1481 546 scientiae,
1520 497 1619 535 nec
1671 480 1773 551 ipsi
1825 480 1889 534 ad

317 566 601 622 Christum
646 569 931 627 introeunt
965 586 1064 628 nec
1110 573 1251 629 alios
1294 574 1521 630 introire
1573 575 1894 643 permittunt

317 655 473 728 (Luc.
505 658 607 729 ιι).

393 752 577 822 (Vers.
602 752 720 822 22.)
758 753 897 812 «.Vae
919 755 1010 825 qui
1040 766 1293 827 potentes
1310 758 1440 814 estis
1481 759 1548 814 ad
1595 758 1892 814 bibendum

314 842 525 909 vinum,
554 854 609 899 et
637 846 730 898 viri
756 846 924 902 fortes
939 847 1006 905 ad
1034 849 1373 904 miscendam
1396 852 1653 917 siceram,
1701 871 1720 904 ι
1747 851 1797 906 id
1818 860 1900 905 est

319 937 645 994 ebrietatem.
685 937 895 1005 Quibus
927 956 1088 1012 supra
1120 942 1337 998 dixerat
1365 963 1379 999 :
1425 943 1512 998 γω
1536 945 1628 1014 qui
1676 961 1899 999 consur-

317 1031 443 1100 gitis
479 1047 635 1083 mane
685 1032 754 1084 ad
800 1032 1107 1087 ebrietatem
1150 1037 1483 1103 sectandam,
1514 1047 1564 1092 et
1612 1038 1902 1105 potandam

323 1138 488 1191 usque
524 1125 595 1177 ad
632 1140 921 1194 vesperam,
963 1136 1020 1180 ut
1058 1128 1174 1181 rino
1214 1133 1471 1196 a’stnetis,
1507 1132 1574 1187 de
1628 1132 1713 1187 his
1738 1134 1902 1189 etiam

318 1230 471 1270 nunc
515 1216 792 1283 loquitur,
829 1219 920 1289 qui
973 1230 1216 1288 petentes
1282 1231 1411 1277 sunt
1476 1224 1542 1279 ad
1607 1225 1902 1281 bibendum

318 1307 592 1371 vinum,et
616 1310 714 1362 viri
734 1310 900 1366 fortes
935 1313 1002 1367 ad
1035 1315 1367 1370 miscendum
1404 1316 1656 1371 siceram.
1682 1317 1784 1382 Qui
1813 1317 1905 1372 in-

324 1402 519 1456 ebriati
544 1386 672 1457 vino
702 1404 980 1471 draconis,
1014 1415 1068 1460 et
1095 1422 1302 1464 veneno
1336 1409 1587 1480 aspidum
1613 1410 1907 1467 insanabili

323 1492 505 1557 (Deut.
543 1496 740 1569 χχιιι),
777 1498 976 1553 virtute
1025 1500 1238 1557 Domini
1290 1502 1790 1563 calumniabantur.
1844 1506 1912 1560 Et

323 1585 429 1656 ipsi
458 1588 595 1641 ebrii
645 1589 989 1646 iucbriabaut
1027 1595 1283 1664 populos,
1317 1608 1371 1649 ut
1410 1598 1525 1668 pari
1564 1596 1750 1651 furore
1783 1597 1911 1654 bac-

326 1679 579 1745 chantes,
623 1681 888 1738 adversus
918 1684 1207 1740 Dominum
1273 1688 1700 1745 conclamarent.
1742 1688 1901 1743 Juxta

325 1772 687 1841 tropologiam
740 1786 868 1830 ante
919 1778 1030 1847 jam
1077 1778 1315 1834 diximus
1378 1781 1523 1852 quod
1589 1783 1904 1836 sacerdotes

326 1859 629 1927 irgreSsuii
660 1863 1092 1923 Tabernacnlum
1138 1869 1254 1935 Dei,
1280 1886 1388 1923 non
1446 1870 1682 1926 debeant
1721 1871 1905 1925 vinum

335 1953 519 2006 bibere
540 1964 596 2009 et
625 1955 858 2013 siceram
887 1959 1074 2028 (Leuit.
1098 1962 1177 2027 χ).
1214 1959 1423 2028 Quibus
1456 1978 1600 2018 nunc
1627 1963 1905 2029 addimus,

332 2046 474 2114 quod
501 2045 777 2104 Nazaraeis
793 2068 1010 2122 quoque
1037 2064 1367 2124 praeceptum
1407 2056 1497 2119 sit,
1532 2057 1621 2123 qui
1659 2070 1718 2110 se
1747 2071 1910 2110 sanc-

341 2139 553 2194 tiﬁcant
607 2142 853 2209 Domino,
899 2156 957 2200 ut
1018 2148 1203 2201 vinum
1250 2158 1300 2202 et
1358 2148 1615 2214 siceram,
1648 2159 1702 2203 et
1750 2164 1913 2204 ornne

331 2232 478 2300 quod
528 2233 597 2289 de
649 2234 767 2289 uvis
825 2244 932 2302 est,
963 2254 1068 2292 non
1108 2239 1319 2301 bibant,
1366 2256 1467 2295 nec
1507 2245 1817 2306 comedam,
1845 2257 1913 2297 ne

335 2339 495 2378 uvam
548 2327 766 2395 quidem
794 2345 1029 2399 passam,
1054 2340 1107 2386 et
1136 2340 1433 2388 acutumex
1465 2336 1587 2386 vino
1602 2333 1782 2400 (Nam.
1815 2337 1911 2395 vt).

338 2417 445 2471 Sed
488 2427 544 2472 et
575 2419 628 2473 in
664 2418 974 2477 Proverbiis
999 2424 1313 2493 praccipitur
1346 2440 1361 2480 :
1397 2423 1643 2478 Potentes
1678 2426 1769 2495 qui
1805 2427 1914 2479 ira-

335 2513 493 2564 eundi
516 2523 637 2565 sunt
661 2529 679 2576 ,'
707 2514 882 2568 vinum
908 2533 1012 2569 non
1035 2516 1236 2584 bibant,
1257 2535 1319 2572 ne
1345 2536 1470 2573 cum
1502 2518 1746 2583 biberint,
1784 2520 1918 2573 obli-

334 2603 608 2656 viscantur
637 2608 909 2673 sapientia:
950 2608 1130 2679 (Prov.
1168 2612 1394 2677 xxxt,6,
1435 2612 1514 2681 5).
1544 2609 1687 2665 Inter
1728 2613 1914 2665 vinum

331 2706 386 2750 et
413 2696 643 2751 siceram
687 2699 837 2767 juxta
895 2716 1167 2770 anagogen
1205 2703 1304 2756 hoc
1334 2717 1456 2757 esse
1484 2704 1740 2768 arbitror,
1770 2704 1914 2772 quod

336 2787 519 2841 viuum
567 2804 596 2840 e
633 2790 878 2857 pluribus
908 2810 1013 2846 una
1048 2795 1383 2860 perturbatio
1402 2804 1510 2855 est,
1540 2796 1691 2848 verbi
1718 2796 1915 2857 gratia,

334 2878 595 2943 libidinis,
645 2884 908 2946 avaritiae,
946 2886 1105 2953 gulze,
1134 2895 1188 2938 et
1217 2885 1451 2939 invidiae.
1480 2885 1662 2939 Sicera
1688 2885 1801 2956 84
1824 2902 1920 2938 att-

337 2981 468 3037 tem,
494 2972 545 3025 id
566 2980 672 3035 est,
698 2974 957 3038 ebrietas,
988 2990 1178 3031 omnes
1207 2977 1259 3031 in
1287 2991 1345 3030 se
1372 2975 1629 3031 vitiorum
1671 2979 1918 3032 continet

334 3064 645 3132 passiones,
670 3080 802 3131 quas
828 3067 1026 3119 rectius
1057 3065 1248 3120 Latino
1278 3082 1530 3122 sermone
1554 3069 1917 3136 perturbatio-
1944 3095 1989 3154 ο

337 3168 434 3206 nes
469 3156 979 3222 possumusdicere,
1007 3158 1150 3225 quod
1177 3168 1379 3213 statum
1416 3159 1614 3214 mentis
1648 3168 1915 3220 evertant.

335 3257 392 3301 ct
421 3249 607 3301 ebrios
641 3246 846 3303 faciant
898 3251 1109 3304 nescire
1171 3252 1297 3319 quid
1361 3261 1545 3322 agant.
1582 3250 1682 3316 Qui
1737 3266 1869 3321 ergo
1900 3250 1918 3283 ⁸

339 3350 592 3407 praesunt,
630 3342 922 3409 plurimum
969 3345 1160 3399 debent
1190 3361 1379 3401 carere
1413 3346 1578 3412 vitiis,
1602 3355 1658 3401 et
1686 3347 1922 3400 maxime

341 3432 443 3497 ira,
469 3449 591 3502 qua:
628 3436 798 3489 furori
839 3436 1077 3504 proxima
1129 3450 1236 3500 est,
1297 3452 1364 3492 ne
1410 3449 1618 3506 quanto
1647 3438 1765 3506 plus
1799 3452 1924 3505 pos-

341 3525 470 3590 sint,
509 3535 660 3580 tanto
694 3527 926 3595 amplius
958 3528 1221 3593 subjectis
1267 3538 1518 3583 noceant.
1553 3528 1740 3583 Miscet
1778 3531 1921 3581 sice-

343 3627 458 3671 ram
506 3619 600 3687 qui
640 3634 763 3672 cum
809 3618 1072 3672 ebrietate
1111 3619 1299 3687 plenus
1334 3623 1427 3682 sit,
1462 3621 1527 3674 ad
1573 3621 1924 3689 decipiendus

343 3708 616 3773 homines,
652 3709 871 3765 umbras
908 3709 1175 3780 quasdam
1218 3720 1274 3766 et
1311 3710 1574 3780 imagines
1608 3713 1831 3767 simulat
1865 3728 1924 3770 se

341 3800 546 3855 habere
572 3802 854 3854 virtutum.
878 3820 883 3823 ‘

419 3890 595 3961 (Vera.
626 3891 743 3955 23.)
780 3910 798 3942 ι
829 3891 930 3958 Qui
963 3893 1276 3960 justilicatis
1298 3894 1525 3964 impium
1553 3909 1655 3964 pro
1682 3910 1923 3951 mumm-

344 3984 472 4055 bus,
492 3995 545 4039 et
565 3984 835 4055 justitiam
875 3985 1007 4054 justi
1038 3984 1266 4040 aulertis
1297 3986 1364 4040 ab
1393 4000 1477 4040 eo.
1510 4005 1530 4038 ι
1566 3987 1629 4041 Ει
1657 3989 1770 4042 haec
1802 4004 1926 4056 pars

342 4077 600 4131 vitiorum
633 4086 718 4132 est
748 4078 942 4143 vineis,
978 4093 1100 4146 quae
1131 4092 1231 4148 pro
1263 4079 1381 4133 uvis
1404 4077 1535 4133 fecit
1562 4078 1927 4142 labruseas,et

354 4180 705 4239 exspectante
756 4171 1009 4235 Domino,
1041 4182 1102 4226 ut
1130 4170 1333 4226 faceret
1354 4170 1647 4240 judicium,
1672 4172 1797 4225 fecit
1820 4173 1927 4226 ini.

345 4265 635 4331 quitatem,
662 4263 973 4333 justiﬁcans
1004 4265 1227 4333 impimn
1256 4279 1355 4332 pro
1383 4264 1723 4329 muneribus,
1744 4274 1797 4317 et
1816 4279 1923 4318 non

345 4371 561 4420 causas,
588 4359 681 4409 sed
716 4357 857 4410 dona
888 4356 1267 4421 considerans,
1295 4372 1417 4425 qua:
1456 4358 1734 4411 excaecant
1755 4358 1922 4410 etiam

1996 496 2051 538 et
2094 486 2358 550 avaritite,
2389 487 2517 556 quia
2542 502 2641 557 pro
2676 487 2793 543 uvis
2826 488 3127 544 attulerunt
3164 489 3372 559 spinas,
3401 500 3456 545 et
3493 491 3574 546 few

1994 591 2148 638 ηιιιιι,
2190 578 2354 645 ligna,
2399 580 2676 648 stipulam,
2705 596 3035 651 arsurosque
3075 598 3300 652 vepres;
3326 583 3445 639 ideo
3494 599 3582 640 ra-

1998 668 2087 721 dix
2124 669 2341 722 malitia:
2375 684 2561 723 eormn
2605 670 2880 739 redigetur
2921 672 2972 727 in
3007 672 3269 739 favillam,
3302 682 3357 729 et
3399 674 3589 729 omnis

1998 759 2099 815 ﬂos
2148 766 2201 814 et
2247 758 2591 828 pulchritudo
2633 760 2941 815 divitiarum
2986 771 3039 817 et
3086 750 3335 831 corporis
3369 763 3579 832 pulveri

2000 851 2420 919 comparabitur.
2457 850 2574 906 Non
2620 853 2764 909 enim
2818 853 2991 908 solum
3042 851 3144 908 ista
3182 854 3448 922 iecerunt,
3485 856 3580 910 sed

2002 941 2092 998 bis
2136 944 2396 1015 gradibus
2437 956 2803 1015 pervenerunt
2836 945 2902 999 ad
2947 946 3360 1015 blasphemiam,
3403 956 3464 1002 ut
3500 947 3579 1006 le-

2004 1051 2120 1106 gem
2164 1037 2375 1091 Domini
2428 1053 2531 1091 non
2582 1037 2904 1106 reciperent,
2953 1048 3006 1093 et
3036 1054 3345 1095 sermonem
3394 1039 3585 1097 Sancti

2006 1127 2172 1182 Israel
2223 1127 2705 1197 blasphemareut;
2747 1128 2816 1183 de
2858 1130 3056 1198 quibus
3106 1145 3269 1199 supra
3312 1129 3583 1198 legimus:

2009 1220 2086 1273 De
2116 1220 2246 1273 Sion
2275 1221 2569 1291 egredietur
2612 1220 2716 1284 lex,
2750 1231 2797 1275 et
2835 1222 3049 1276 verbum
3091 1221 3303 1276 Domini
3334 1222 3398 1275 de
3423 1221 3588 1277 Jeru-

2008 1311 2179 1365 salem
2225 1310 2360 1380 (Isa.
2390 1326 2452 1375 tt,
2483 1312 2561 1378 5).
2595 1311 2784 1366 Potest
2831 1312 2985 1367 radix
3032 1316 3085 1368 in
3120 1314 3279 1367 malis
3310 1313 3590 1384 cogitatio-

2013 1405 2169 1458 nibus
2223 1403 2421 1473 aceipi,
2464 1404 2675 1460 fructus
2733 1416 2914 1460 autem
2968 1416 3023 1459 et
3071 1422 3291 1474 germen
3325 1406 3377 1461 in
3436 1406 3592 1461 malis

2011 1496 2271 1567 Operibus
2315 1507 2480 1564 atque
2531 1498 2898 1562 sermonibus,
2940 1500 3166 1569 utquod
3203 1498 3255 1555 in
3292 1499 3475 1555 radice
3513 1499 3592 1552 lae

2015 1598 2113 1652 tet,
2162 1597 2498 1644 monstretur
2531 1587 2585 1641 in
2612 1590 2855 1659 germine
2884 1607 2899 1643 :
2932 1605 3051 1659 quae
3106 1600 3338 1659 utraque
3380 1590 3590 1646 Domini

2018 1680 2266 1735 incendio
2294 1680 2650 1735 vorabuntur.
2672 1679 2826 1736 Unde
2856 1692 2910 1737 ct
2932 1681 3222 1752 Apostolus
3252 1682 3439 1752 (Ilebr.
3468 1682 3591 1753 xu),

2015 1775 2250 1829 radicem
2308 1774 2688 1829 amaritudinis
2736 1776 3038 1842 malorum,
3088 1790 3304 1833 sursum
3353 1776 3593 1846 loquitur

2014 1866 2435 1936 germinantem.

2081 1958 2191 2031 85
2218 1957 2400 2029 (νει-ε.
2432 1957 2550 2026 25.)
2578 1977 2597 2011 ι
2622 1958 2752 2014 ldeo
2786 1958 2958 2015 iratus
2986 1971 3070 2015 cst
3107 1961 3263 2017 furor
3290 1961 3501 2017 Domini
3537 1963 3591 2017 in

2013 2050 2268 2118 populum
2324 2064 2508 2116 suum,
2546 2059 2603 2104 et
2650 2051 2899 2105 extendit
2954 2067 3170 2109 manum
3222 2068 3374 2109 suam
3430 2066 3596 2122 super

2013 2154 2158 2203 eum,
2198 2151 2251 2193 et
2283 2142 2551 2207 percussit
2576 2156 2724 2209 eum,
2756 2153 2812 2196 et
2844 2144 3154 2197 conturbati
3184 2153 3310 2198 sunt
3357 2153 3589 2207 montes,

2014 2241 2069 2286 et
2126 2234 2267 2289 facta
2332 2245 2456 2291 sunt
2506 2234 2794 2291 morticina
2857 2252 3070 2301 eorum,
3097 2236 3256 2306 quasi
3298 2246 3510 2291 stercus
3539 2236 3591 2288 in

2019 2327 2199 2378 medio
2242 2327 2567 2395 platearum.
2599 2327 2658 2382 In
2694 2328 2955 2383 omnibus
2991 2330 3074 2384 his
3118 2344 3224 2383 non
3253 2338 3335 2383 est
3369 2342 3595 2381 aversus

2019 2414 2172 2470 furor
2200 2420 2338 2489 ejus,
2392 2419 2488 2472 sed
2516 2421 2697 2473 adhuc
2733 2434 2927 2473 tuanus
2958 2420 3077 2490 ejus
3122 2430 3361 2475 extenta.
3394 2439 3411 2470 ι
3447 2418 3595 2485 Quo-

2021 2510 2162 2562 niam
2194 2508 2516 2577 abjecerunt
2563 2510 2735 2581 legem
2786 2511 2993 2565 Domini
3042 2514 3404 2571 exercitnum,
3430 2527 3594 2580 quant

2019 2616 2078 2656 se
2112 2601 2362 2658 daturum
2398 2618 2492 2672 per
2523 2601 2817 2658 Jcremiam
2871 2604 3131 2659 Dominus
3176 2604 3480 2672 pollicetur,
3508 2606 3595 2658 ιιι-ν

2019 2710 2186 2748 cens:
2227 2692 2357 2748 Ecce
2383 2695 2493 2747 dies
2548 2695 2783 2756 veniunt,
2823 2696 2951 2749 dicil
2994 2697 3271 2759 Dominus,
3311 2706 3358 2751 et
3404 2694 3597 2764 [minus

2019 2785 2201 2840 domui
2232 2786 2428 2850 Israel,
2466 2798 2515 2841 et
2552 2789 2734 2841 domui
2772 2786 2918 2844 Julia
2947 2787 3116 2857 [mins
3147 2804 3355 2850 novum,
3393 2803 3495 2839 non
3516 2804 3598 2838 se,

2021 2884 2247 2935 cundum
2286 2894 2499 2949 pactum
2527 2882 2665 2946 quod
2690 2883 2861 2952 pepigi
2882 2898 2998 2935 cunt
3025 2882 3266 2949 patribus
3302 2879 3504 2942 uestris,
3542 2880 3596 2931 in

2019 2976 2109 3028 die
2136 2976 2346 3044 quando
2388 2976 2706 3043 apprehendi
2748 2991 2963 3031 manum
3011 2990 3213 3040 eorum,
3239 2984 3295 3026 ut
3326 2975 3599 3027 educerent

2020 3082 2109 3122 eos
2158 3066 2222 3121 de
2247 3077 2390 3121 terra
2421 3066 2638 3136 Egypti
2662 3066 2876 3137 (Jerem.
2915 3082 3067 3128 sui,
3101 3067 3192 3130 51,
3236 3065 3349 3135 52).
3385 3066 3447 3118 Et
3487 3080 3604 3119 ser-

2025 3174 2236 3215 monem
2294 3158 2478 3213 Sancti
2532 3159 2697 3213 Israel
2758 3159 3241 3228 blasphemarunt,
3299 3158 3542 3211 dicentes
3580 3167 3613 3211 :1

2024 3251 2358 3307 Dwmonium
2403 3250 2583 3314 habet,
2616 3248 3088 3305 et.Samaritanus
3143 3259 3219 3302 est
3247 3249 3435 3319 (Joan.
3479 3263 3600 3311 vut,

2024 3344 2138 3415 48);
2167 3355 2221 3401 et
2249 3363 2263 3400 :
2300 3340 2493 3397 Nonne
2524 3342 2606 3396 hic
2640 3352 2715 3397 est
2742 3342 2884 3412 ﬁlius
2909 3342 3045 3411 fabri
3079 3339 3298 3412 (Matth.
3341 3357 3459 3402 xm,
3482 3339 3609 3410 55)?

2024 3437 2239 3493 Idcirco
2269 3437 2447 3493 iratus
2472 3445 2556 3492 est
2595 3435 2745 3489 furor
2770 3433 2985 3489 Domini
3019 3434 3073 3488 in
3116 3434 3373 3503 populum
3416 3417 3605 3494 suain,

2026 3529 2120 3599 qui
2162 3530 2312 3597 prius
2356 3530 2529 3585 iratus
2562 3526 2743 3583 fuerat
2786 3536 2982 3582 contra
3015 3524 3293 3595 principes
3325 3532 3381 3580 et
3415 3536 3606 3593 poteno

2029 3631 2133 3682 tes.
2160 3622 2253 3689 qui
2282 3622 2554 3687 sapientes
2588 3626 2746 3677 erant
2768 3618 2826 3675 in
2860 3617 3032 3673 oculis
3075 3617 3214 3682 suis,
3249 3625 3303 3671 et
3328 3615 3604 3683 justiﬁes-

2027 3724 2224 3771 verunt
2255 3714 2483 3780 impium
2514 3726 2611 3781 pro
2642 3710 2984 3771 tnunerihus.
3010 3716 3066 3762 et
3107 3708 3463 3762 devoraverat
3491 3704 3602 3776 [ΑΙ.

2028 3801 2276 3874 devorat}
2310 3817 2405 3856 eos
2431 3803 2586 3870 quasi
2629 3802 2886 3870 stipulam
2929 3800 3113 3870 lingua
3161 3799 3325 3870 ignis,
3348 3808 3404 3853 et
3456 3799 3606 3851 calor

2026 3895 2257 3951 ﬂamma:
2305 3901 2610 3958 exusserat,
2652 3901 2710 3946 ut
2754 3900 3005 3961 potentes
3040 3901 3289 3961 potenter
3332 3900 3600 3944 tormenta

2027 3998 2356 4059 paterentur.
2414 3986 2481 4043 Et
2530 3986 2780 4041 extendit
2837 3999 3055 4065 manum
3114 3999 3267 4039 suam
3313 3983 3599 4037 adversum

2026 4096 2174 4143 eum,
2204 4096 2363 4148 quem
2405 4089 2561 4137 vocat
2591 4078 2848 4148 pepulmn
2885 4092 3047 4133 suum
3097 4092 3114 4133 :
3157 4092 3222 4131 eo
3252 4076 3395 4145 quod
3442 4075 3603 4130 inerit

2027 4188 2155 4239 pars
2192 4172 2525 4229 haereditatis
2552 4172 2695 4239 ejus.
2733 4180 2786 4227 et
2834 4170 3110 4226 funiculus
3148 4170 3511 4238 possessionis
3538 4170 3605 4223 il-

2026 4266 2131 4320 lius
2153 4266 2551 4337 (Deut.xsxn).
2584 4264 2841 4320 Extendit
2884 4272 3069 4318 autem
3120 4277 3363 4325 manum,
3396 4271 3455 4315 ut
3486 4277 3608 4329 prr-

2029 4358 2304 4419 cutiat,et
2329 4355 2480 4413 furor
2508 4356 2627 4423 ejus
2669 4356 2960 4419 irascatur,
2984 4354 3052 4408 de
3111 4368 3216 4419 quo
3274 4364 3330 4407 et
3384 4355 3438 4406 in
3497 4354 3608 4408 alio

344 4451 530 4502 oculos
569 4450 904 4518 sapientium
933 4448 1107 4517 (Deut.
1149 4450 1392 4515 sv1,19).
1428 4446 1583 4504 Unde
1619 4449 1921 4503 cavendum
1958 4426 2000 4482 θ
2030 4451 2148 4505 loco
2174 4449 2401 4518 legimus
2435 4447 2703 4519 :ﬂomine
2723 4491 2739 4514 ,
2777 4464 2841 4501 ne
2872 4448 2927 4501 in
2956 4448 3134 4517 furore
3160 4455 3249 4499 tuo
3280 4463 3473 4516 arguas
3502 4463 3607 4510 me,

346 4549 451 4605 est,
475 4556 541 4593 ne
566 4541 902 4595 inebrietnur
935 4542 1080 4606 vino,
1109 4542 1161 4594 in
1201 4556 1309 4610 quo
1347 4550 1431 4595 cst
1459 4540 1674 4595 luxuria
1701 4540 1923 4609 (Ephes.

346 4630 425 4698 ἴ),
459 4641 511 4683 et
560 4632 835 4686 nudentur
883 4630 1090 4686 leniora
1141 4630 1497 4700 turpitudinis
1536 4641 1735 4685 nostra:
1772 4629 1921 4699 (Gen.

348 4726 449 4789 is),
475 4734 528 4778 et
560 4710 844 4779 adulemur
863 4704 1048 4793 iinpiis
1076 4738 1174 4792 pro
1202 4723 1546 4783 muneribus.
1577 4734 1628 4777 et
1664 4722 1922 4788 insutiam

343 4815 475 4884 juSIi
507 4831 605 4883 pro
639 4818 820 4885 inopia
862 4817 1246 4886 destriciamus.
1292 4814 1446 4880 Quod
1490 4825 1543 4869 et
1573 4816 1626 4870 iu
1684 4815 1922 4882 Epistola

347 4904 529 4960 Jacobi
566 4907 920 4976 praecipitur:
957 4924 1021 4961 ne
1046 4910 1383 4960 honorantes
1412 4907 1607 4973 impios
1634 4908 1925 4970 divites,et

350 4998 713 5066 despicientes
764 5010 982 5053 sanctos
1023 5014 1309 5071 pauperes,
1348 5001 1541 5059 ﬁamus
1577 4998 1782 5067 jndices
1826 4999 1926 5052 ini-

350 5090 592 5158 quitatis.
1184 5156 1196 5171 κ

423 5181 605 5246 (Vers.
631 5181 749 5251 34.)
785 5203 803 5235 ι
826 5182 1060 5255 Propter
1102 5185 1204 5241 hoc
1237 5185 1381 5241 sicut
1413 5186 1637 5239 devorat
1670 5181 1926 5251 stipulpm

351 5273 535 5342 lingua
573 5274 741 5341 ignis,
768 5285 822 5331 et
847 5278 996 5331 calor
1030 5278 1257 5331 ﬁnitima:
1285 5278 1489 5344 esurit;
1543 5276 1622 5330 sic
1652 5275 1805 5328 radix
1831 5289 1927 5327 eo-

353 5380 476 5418 rum
507 5368 663 5434 quasi
694 5365 876 5420 favilla
910 5368 1039 5432 erit,
1076 5380 1130 5420 et
1175 5383 1394 5438 germen
1432 5382 1618 5421 eorum
1653 5377 1711 5418 ut
1757 5366 1932 5433 pulvis

351 5456 636 5509 ascendet.
681 5455 1017 5526 Abjeccrunt
1054 5459 1198 5511 enim
1246 5458 1420 5526 legem
1469 5456 1680 5510 Dutnini
1724 5457 1935 5509 exerci-

361 5557 534 5612 tuum,
560 5556 615 5600 et
646 5562 953 5603 sermonem
974 5550 1146 5603 sancti
1180 5550 1345 5604 Israel
1365 5527 1929 5617 blaspbetnaverituta

440 5705 457 5735 ⁸
486 5708 696 5779 Verius,
721 5721 780 5768 ut
808 5711 1037 5779 videtur,
1089 5710 1142 5765 in
1181 5708 1353 5767 Vatic.
1382 5726 1397 5765 :

2030 4556 2190 4610 neque
2220 4540 2275 4595 in
2309 4540 2395 4595 ira
2430 4548 2522 4594 tua
2564 4539 2821 4604 corripias
2858 4553 2938 4592 me
2971 4536 3084 4604 (Ps.
3122 4552 3196 4603 vr,
3231 4539 3306 4608 i).
3348 4536 3415 4592 Et
3456 4534 3602 4590 Jere-

2032 4630 2170 4687 tnias
2201 4648 2216 4683 :
2243 4630 2463 4698 Corripe
2492 4646 2608 4694 nos,
2636 4630 2830 4699 inquit,
2863 4628 3128 4695 Domine;
3160 4640 3514 4684 verumtamen
3550 4629 3607 4683 in

2017 4720 2249 4790 judicio,
2273 4732 2321 4773 et
2349 4721 2527 4777 nonin
2556 4721 2736 4789 furore
2767 4720 2988 4792 (Jerent.
3018 4737 3070 4784 x,
3104 4720 3219 4788 9-4),
3264 4719 3467 4775 Furere
3512 4734 3608 4769 an.

2031 4826 2139 4868 tcm
2180 4815 2437 4869 Dominus
2462 4814 2688 4875 dicitur,
2722 4829 2829 4869 non
2867 4814 3009 4881 quod
3043 4813 3292 4865 humanis
3322 4811 3605 4880 perturba.

2032 4907 2270 4960 tionibus
2299 4906 2578 4971 subjar-eat
2604 4922 2619 4971 ;
2651 4910 2742 4959 sed
2770 4909 2916 4973 quod
2958 4919 3055 4957 nos
3090 4904 3181 4970 qui
3213 4902 3604 4969 delinquimus,

2034 4999 2137 5053 nisi
2197 4999 2520 5052 irascentem
2557 4998 2922 5057 audierimus,
2964 4996 3248 5050 Dominum
3281 5010 3388 5048 non
3420 4994 3611 5048 timea-

2036 5107 2178 5145 mus.
2232 5091 2381 5147 Unde
2428 5100 2482 5147 et
2523 5091 2816 5159 Apostolus
2861 5089 3054 5149 scribit
3117 5087 3295 5158 (Boni.
3348 5088 3432 5159 tt),
3462 5086 3609 5157 quod

2034 5185 2253 5239 bonitas
2297 5182 2413 5246 Dei,
2447 5193 2501 5236 et
2523 5184 2783 5251 patientia
2812 5191 3065 5249 provocet
3098 5197 3194 5234 nos
3229 5181 3297 5235 ad
3338 5182 3609 5251 ptenlten-

2032 5277 2211 5329 tiam:
2251 5290 2351 5328 nos
2389 5284 2568 5328 autem
2626 5277 2921 5327 secundum
2966 5273 3220 5327 duritiam
3257 5283 3314 5327 et
3356 5272 3609 5341 imptBni-

2029 5379 2153 5424 tens
2182 5383 2277 5423 cor
2316 5382 2558 5420 nostrum
2626 5366 3059 5420 thesaurizemus
3090 5366 3249 5420 nobis
3273 5367 3406 5419 iram
3432 5366 3485 5418 in
3519 5363 3608 5418 die

2034 5459 2150 5517 itte,
2184 5465 2237 5510 et
2281 5454 2631 5511 revelationis
2675 5455 2808 5523 justi
2842 5454 3034 5525 judirii
3074 5456 3187 5509 Dei.
3220 5453 3350 5520 Qua:
3402 5454 3472 5508 sit
3511 5467 3609 5505 au-

2036 5560 2146 5605 tem
2172 5549 2369 5602 manus
2402 5563 2522 5618 qua:
2554 5547 2893 5613 extenditur,
2921 5547 3003 5602 vel
3040 5548 3282 5605 elevatur
3311 5560 3473 5615 super
3508 5558 3607 5615 po-

1435 5729 1451 5763 ι
1485 5707 1586 5775 Qui
1629 5725 1758 5781 ergo
1803 5719 2030 5782 possunt
2057 5708 2367 5780 plurimum,
2395 5708 2610 5777 debent,
2646 5724 2665 5758 ι
2709 5716 2812 5764 etc.
