  <div class='ocr_page' id='page_1' title='image "/cluster/home/n/w/nwhite01/storage/ocr_20150623/24/hvd.32044096580485/052.png"; bbox 0 0 3980 6200; ppageno 0'>
   <div class='ocr_carea' id='block_1_1' title="bbox 390 332 1953 405">
    <p class='ocr_par' dir='ltr' id='par_1_1' title="bbox 390 332 1953 397">
     <span class='ocr_line' id='line_1_1' title="bbox 390 332 1953 397; baseline -0.001 -2"><span class='ocrx_word' id='word_1_1' title='bbox 390 332 465 395; x_wconf 68' lang='grc' dir='ltr'><strong>ας</strong></span> <span class='ocrx_word' id='word_1_2' title='bbox 1122 335 1622 395; x_wconf 56' lang='grc' dir='ltr'><strong>(ἶῖηῐῗιῐΕΧΤᾹῖὶ.</strong></span> <span class='ocrx_word' id='word_1_3' title='bbox 1666 336 1741 395; x_wconf 62' lang='lat' dir='ltr'><strong>IN</strong></span> <span class='ocrx_word' id='word_1_4' title='bbox 1781 336 1953 397; x_wconf 63' lang='lat' dir='ltr'><strong>[SAL</strong></span> 
     </span>
    </p>
   </div>
   <div class='ocr_carea' id='block_1_2' title="bbox 2058 332 3653 405">
    <p class='ocr_par' dir='ltr' id='par_1_2' title="bbox 2096 335 3653 405">
     <span class='ocr_line' id='line_1_2' title="bbox 2096 335 3653 405; baseline 0.005 -8"><span class='ocrx_word' id='word_1_5' title='bbox 2096 335 2564 399; x_wconf 71' lang='grc' dir='ltr'><strong>ΡΠΟΡΠΕΤΛΜ</strong></span> <span class='ocrx_word' id='word_1_6' title='bbox 2606 339 2754 401; x_wconf 80' lang='lat' dir='ltr'><strong>LIB‘.</strong></span> <span class='ocrx_word' id='word_1_7' title='bbox 2800 338 2911 402; x_wconf 80' lang='lat' dir='ltr'><strong>Ill.</strong></span> <span class='ocrx_word' id='word_1_8' title='bbox 3571 337 3653 405; x_wconf 60' lang='lat'><strong>95</strong></span> 
     </span>
    </p>
   </div>
   <div class='ocr_carea' id='block_1_3' title="bbox 2018 494 2284 508">
    <p class='ocr_par' dir='ltr' id='par_1_3' title="bbox 2018 494 2284 508">
     <span class='ocr_line' id='line_1_3' title="bbox 2018 494 2284 508; baseline -0.008 0"><span class='ocrx_word' id='word_1_9' title='bbox 2018 494 2284 508; x_wconf 47' lang='grc' dir='ltr'><strong>..ω</strong></span> 
     </span>
    </p>
   </div>
   <div class='ocr_carea' id='block_1_4' title="bbox 2288 494 2724 507">
    <p class='ocr_par' dir='ltr' id='par_1_4' title="bbox 2288 494 2724 507">
     <span class='ocr_line' id='line_1_4' title="bbox 2288 494 2724 507; baseline 0 -1"><span class='ocrx_word' id='word_1_10' title='bbox 2288 494 2724 507; x_wconf 53' lang='grc' dir='ltr'>ἰι-ψ*</span> 
     </span>
    </p>
   </div>
   <div class='ocr_carea' id='block_1_5' title="bbox 1528 674 2533 766">
    <p class='ocr_par' dir='ltr' id='par_1_5' title="bbox 1528 674 2533 766">
     <span class='ocr_line' id='line_1_5' title="bbox 1528 674 2533 766; baseline 0.002 -3"><span class='ocrx_word' id='word_1_11' title='bbox 1528 676 1883 766; x_wconf 79' lang='lat' dir='ltr'><strong>LIBER</strong></span> <span class='ocrx_word' id='word_1_12' title='bbox 1972 674 2533 766; x_wconf 76' lang='lat' dir='ltr'><strong>TERTIUS.</strong></span> 
     </span>
    </p>
   </div>
   <div class='ocr_carea' id='block_1_6' title="bbox 464 1020 3641 1100">
    <p class='ocr_par' dir='ltr' id='par_1_6' title="bbox 464 1020 3641 1100">
     <span class='ocr_line' id='line_1_6' title="bbox 464 1020 3641 1100; baseline 0.001 -23"><span class='ocrx_word' id='word_1_13' title='bbox 464 1020 671 1077; x_wconf 72' lang='lat' dir='ltr'><strong>Sufficit</strong></span> <span class='ocrx_word' id='word_1_14' title='bbox 728 1023 741 1054; x_wconf 85' lang='grc'>¹</span> <span class='ocrx_word' id='word_1_15' title='bbox 786 1023 919 1077; x_wconf 88' lang='lat' dir='ltr'><strong>mihi</strong></span> <span class='ocrx_word' id='word_1_16' title='bbox 968 1024 1300 1079; x_wconf 90' lang='lat' dir='ltr'><strong>voluminum</strong></span> <span class='ocrx_word' id='word_1_17' title='bbox 1354 1024 1707 1099; x_wconf 80' lang='lat' dir='ltr'><strong>magnitudo,’</strong></span> <span class='ocrx_word' id='word_1_18' title='bbox 1743 1043 1863 1099; x_wconf 68' lang='lat' dir='ltr'><strong>quas</strong></span> <span class='ocrx_word' id='word_1_19' title='bbox 1916 1028 1968 1081; x_wconf 93' lang='lat' dir='ltr'><strong>in</strong></span> <span class='ocrx_word' id='word_1_20' title='bbox 1998 1028 2047 1089; x_wconf 78' lang='grc' dir='ltr'><strong>Α</strong></span> <span class='ocrx_word' id='word_1_21' title='bbox 2078 1026 2157 1081; x_wconf 74' lang='lat' dir='ltr'><strong>Ad</strong></span> <span class='ocrx_word' id='word_1_22' title='bbox 2188 1027 2338 1083; x_wconf 86' lang='lat' dir='ltr'><strong>illum</strong></span> <span class='ocrx_word' id='word_1_23' title='bbox 2374 1029 2554 1100; x_wconf 87' lang='lat' dir='ltr'><strong>itaque</strong></span> <span class='ocrx_word' id='word_1_24' title='bbox 2585 1027 2822 1084; x_wconf 87' lang='lat' dir='ltr'><strong>libellum</strong></span> <span class='ocrx_word' id='word_1_25' title='bbox 2846 1030 3307 1093; x_wconf 86' lang='lat' dir='ltr'><strong>mittolcctorem,</strong></span> <span class='ocrx_word' id='word_1_26' title='bbox 3334 1041 3540 1098; x_wconf 87' lang='lat' dir='ltr'><strong>oroque</strong></span> <span class='ocrx_word' id='word_1_27' title='bbox 3581 1033 3641 1080; x_wconf 91' lang='lat' dir='ltr'><strong>ut</strong></span> 
     </span>
    </p>
   </div>
   <div class='ocr_carea' id='block_1_7' title="bbox 390 1113 1966 1188">
    <p class='ocr_par' dir='ltr' id='par_1_7' title="bbox 390 1113 1966 1188">
     <span class='ocr_line' id='line_1_7' title="bbox 390 1113 1966 1188; baseline 0.002 -18"><span class='ocrx_word' id='word_1_28' title='bbox 390 1115 772 1183; x_wconf 73' lang='lat' dir='ltr'><strong>explanatione</strong></span> <span class='ocrx_word' id='word_1_29' title='bbox 812 1113 963 1171; x_wconf 72' lang='lat' dir='ltr'><strong>Isaiae</strong></span> <span class='ocrx_word' id='word_1_30' title='bbox 1008 1118 1283 1187; x_wconf 65' lang='lat' dir='ltr'><strong>propheta:</strong></span> <span class='ocrx_word' id='word_1_31' title='bbox 1342 1121 1565 1185; x_wconf 78' lang='lat' dir='ltr'><strong>texitur,</strong></span> <span class='ocrx_word' id='word_1_32' title='bbox 1618 1122 1706 1174; x_wconf 87' lang='lat' dir='ltr'><strong>ubi</strong></span> <span class='ocrx_word' id='word_1_33' title='bbox 1765 1121 1966 1188; x_wconf 82' lang='lat' dir='ltr'><strong>aliquid</strong></span> 
     </span>
    </p>
   </div>
   <div class='ocr_carea' id='block_1_8' title="bbox 391 1209 1965 1282">
    <p class='ocr_par' dir='ltr' id='par_1_8' title="bbox 391 1209 1965 1282">
     <span class='ocr_line' id='line_1_8' title="bbox 391 1209 1965 1282; baseline 0.004 -20"><span class='ocrx_word' id='word_1_34' title='bbox 391 1210 816 1278; x_wconf 68' lang='lat' dir='ltr'><strong>praetermittere,</strong></span> <span class='ocrx_word' id='word_1_35' title='bbox 851 1209 1108 1266; x_wconf 85' lang='lat' dir='ltr'><strong>damnum</strong></span> <span class='ocrx_word' id='word_1_36' title='bbox 1143 1221 1226 1267; x_wconf 89' lang='lat' dir='ltr'><strong>est</strong></span> <span class='ocrx_word' id='word_1_37' title='bbox 1272 1213 1660 1281; x_wconf 58' lang='lat' dir='ltr'><strong>intelligentia}.</strong></span> <span class='ocrx_word' id='word_1_38' title='bbox 1688 1213 1965 1282; x_wconf 87' lang='lat' dir='ltr'><strong>Quamob-</strong></span> 
     </span>
    </p>
   </div>
   <div class='ocr_carea' id='block_1_9' title="bbox 390 1302 1968 1375">
    <p class='ocr_par' dir='ltr' id='par_1_9' title="bbox 390 1302 1968 1375">
     <span class='ocr_line' id='line_1_9' title="bbox 390 1302 1968 1375; baseline 0.003 -21"><span class='ocrx_word' id='word_1_39' title='bbox 390 1317 503 1355; x_wconf 88' lang='lat' dir='ltr'><strong>rem</strong></span> <span class='ocrx_word' id='word_1_40' title='bbox 561 1302 614 1356; x_wconf 90' lang='lat' dir='ltr'><strong>in</strong></span> <span class='ocrx_word' id='word_1_41' title='bbox 654 1302 884 1372; x_wconf 75' lang='lat' dir='ltr'><strong>singulis</strong></span> <span class='ocrx_word' id='word_1_42' title='bbox 933 1306 1110 1366; x_wconf 83' lang='lat' dir='ltr'><strong>libris.</strong></span> <span class='ocrx_word' id='word_1_43' title='bbox 1141 1307 1232 1375; x_wconf 88' lang='lat' dir='ltr'><strong>qui</strong></span> <span class='ocrx_word' id='word_1_44' title='bbox 1265 1315 1474 1361; x_wconf 88' lang='lat' dir='ltr'><strong>tantum</strong></span> <span class='ocrx_word' id='word_1_45' title='bbox 1505 1323 1790 1361; x_wconf 82' lang='lat' dir='ltr'><strong>numerum</strong></span> <span class='ocrx_word' id='word_1_46' title='bbox 1818 1306 1968 1361; x_wconf 92' lang='lat' dir='ltr'><strong>ordi-</strong></span> 
     </span>
    </p>
   </div>
   <div class='ocr_carea' id='block_1_10' title="bbox 394 1394 1963 1476">
    <p class='ocr_par' dir='ltr' id='par_1_10' title="bbox 394 1394 1963 1476">
     <span class='ocr_line' id='line_1_10' title="bbox 394 1394 1963 1476; baseline 0.004 -32"><span class='ocrx_word' id='word_1_47' title='bbox 394 1407 628 1463; x_wconf 84' lang='lat' dir='ltr'><strong>nemque</strong></span> <span class='ocrx_word' id='word_1_48' title='bbox 677 1394 1008 1463; x_wconf 78' lang='lat' dir='ltr'><strong>significant,</strong></span> <span class='ocrx_word' id='word_1_49' title='bbox 1054 1396 1247 1451; x_wconf 81' lang='lat' dir='ltr'><strong>breves</strong></span> <span class='ocrx_word' id='word_1_50' title='bbox 1296 1396 1738 1476; x_wconf 64' lang='lat' dir='ltr'><strong>praefatiunculas</strong></span> <span class='ocrx_word' id='word_1_51' title='bbox 1785 1397 1963 1465; x_wconf 82' lang='lat' dir='ltr'><strong>posui.</strong></span> 
     </span>
    </p>
   </div>
   <div class='ocr_carea' id='block_1_11' title="bbox 391 1479 1966 1559">
    <p class='ocr_par' dir='ltr' id='par_1_11' title="bbox 391 1479 1966 1559">
     <span class='ocr_line' id='line_1_11' title="bbox 391 1479 1966 1559; baseline 0.006 -24"><span class='ocrx_word' id='word_1_52' title='bbox 391 1479 595 1551; x_wconf 83' lang='lat' dir='ltr'><strong>Teque,</strong></span> <span class='ocrx_word' id='word_1_53' title='bbox 626 1483 778 1553; x_wconf 78' lang='lat' dir='ltr'><strong>virgo</strong></span> <span class='ocrx_word' id='word_1_54' title='bbox 810 1485 1008 1541; x_wconf 88' lang='lat' dir='ltr'><strong>Christi</strong></span> <span class='ocrx_word' id='word_1_55' title='bbox 1034 1485 1412 1552; x_wconf 84' lang='lat' dir='ltr'><strong>Eustochium,</strong></span> <span class='ocrx_word' id='word_1_56' title='bbox 1445 1504 1663 1559; x_wconf 85' lang='lat' dir='ltr'><strong>precor,</strong></span> <span class='ocrx_word' id='word_1_57' title='bbox 1698 1499 1753 1541; x_wconf 93' lang='lat' dir='ltr'><strong>ut</strong></span> <span class='ocrx_word' id='word_1_58' title='bbox 1785 1489 1836 1543; x_wconf 93' lang='lat' dir='ltr'><strong>in</strong></span> <span class='ocrx_word' id='word_1_59' title='bbox 1868 1505 1966 1544; x_wconf 79' lang='lat' dir='ltr'><strong>ex-</strong></span> 
     </span>
    </p>
   </div>
   <div class='ocr_carea' id='block_1_12' title="bbox 390 1575 1960 1649">
    <p class='ocr_par' dir='ltr' id='par_1_12' title="bbox 390 1575 1960 1649">
     <span class='ocr_line' id='line_1_12' title="bbox 390 1575 1960 1649; baseline 0.008 -25"><span class='ocrx_word' id='word_1_60' title='bbox 390 1575 659 1640; x_wconf 90' lang='lat' dir='ltr'><strong>positione</strong></span> <span class='ocrx_word' id='word_1_61' title='bbox 685 1576 1013 1633; x_wconf 80' lang='lat' dir='ltr'><strong>diﬂicillima:</strong></span> <span class='ocrx_word' id='word_1_62' title='bbox 1039 1579 1267 1634; x_wconf 86' lang='lat' dir='ltr'><strong>visionis</strong></span> <span class='ocrx_word' id='word_1_63' title='bbox 1298 1580 1635 1636; x_wconf 75' lang='lat' dir='ltr'><strong>orationibus</strong></span> <span class='ocrx_word' id='word_1_64' title='bbox 1669 1596 1753 1634; x_wconf 91' lang='lat' dir='ltr'><strong>me</strong></span> <span class='ocrx_word' id='word_1_65' title='bbox 1775 1580 1960 1649; x_wconf 69' lang='lat' dir='ltr'><strong>juves:</strong></span> 
     </span>
    </p>
   </div>
   <div class='ocr_carea' id='block_1_13' title="bbox 391 1662 1961 1740">
    <p class='ocr_par' dir='ltr' id='par_1_13' title="bbox 391 1662 1961 1740">
     <span class='ocr_line' id='line_1_13' title="bbox 391 1662 1961 1740; baseline 0.003 -23"><span class='ocrx_word' id='word_1_66' title='bbox 391 1664 443 1717; x_wconf 87' lang='lat' dir='ltr'><strong>in</strong></span> <span class='ocrx_word' id='word_1_67' title='bbox 470 1676 575 1730; x_wconf 83' lang='lat' dir='ltr'><strong>qua</strong></span> <span class='ocrx_word' id='word_1_68' title='bbox 606 1662 749 1720; x_wconf 87' lang='lat' dir='ltr'><strong>Deus</strong></span> <span class='ocrx_word' id='word_1_69' title='bbox 783 1667 1131 1737; x_wconf 85' lang='lat' dir='ltr'><strong>oumipotens</strong></span> <span class='ocrx_word' id='word_1_70' title='bbox 1165 1670 1217 1723; x_wconf 90' lang='lat' dir='ltr'><strong>in</strong></span> <span class='ocrx_word' id='word_1_71' title='bbox 1252 1685 1350 1724; x_wconf 85' lang='lat' dir='ltr'><strong>sua</strong></span> <span class='ocrx_word' id='word_1_72' title='bbox 1380 1672 1627 1725; x_wconf 89' lang='lat' dir='ltr'><strong>cernitur</strong></span> <span class='ocrx_word' id='word_1_73' title='bbox 1663 1670 1961 1740; x_wconf 71' lang='lat' dir='ltr'><strong>majestate,</strong></span> 
     </span>
    </p>
   </div>
   <div class='ocr_carea' id='block_1_14' title="bbox 391 1753 1965 1831">
    <p class='ocr_par' dir='ltr' id='par_1_14' title="bbox 391 1753 1965 1831">
     <span class='ocr_line' id='line_1_14' title="bbox 391 1753 1965 1831; baseline 0.002 -24"><span class='ocrx_word' id='word_1_74' title='bbox 391 1763 444 1807; x_wconf 84' lang='lat' dir='ltr'><strong>et</strong></span> <span class='ocrx_word' id='word_1_75' title='bbox 473 1755 580 1809; x_wconf 86' lang='lat' dir='ltr'><strong>duo</strong></span> <span class='ocrx_word' id='word_1_76' title='bbox 606 1753 896 1823; x_wconf 88' lang='lat' dir='ltr'><strong>Seraphim</strong></span> <span class='ocrx_word' id='word_1_77' title='bbox 927 1762 1128 1813; x_wconf 80' lang='lat' dir='ltr'><strong>stantia</strong></span> <span class='ocrx_word' id='word_1_78' title='bbox 1180 1760 1231 1812; x_wconf 92' lang='lat' dir='ltr'><strong>in</strong></span> <span class='ocrx_word' id='word_1_79' title='bbox 1256 1761 1483 1815; x_wconf 84' lang='lat' dir='ltr'><strong>circuitu</strong></span> <span class='ocrx_word' id='word_1_80' title='bbox 1514 1763 1629 1831; x_wconf 85' lang='lat' dir='ltr'><strong>ejus</strong></span> <span class='ocrx_word' id='word_1_81' title='bbox 1664 1774 1827 1831; x_wconf 89' lang='lat' dir='ltr'><strong>atque</strong></span> <span class='ocrx_word' id='word_1_82' title='bbox 1853 1765 1965 1817; x_wconf 78' lang='lat' dir='ltr'><strong>cla-</strong></span> 
     </span>
    </p>
   </div>
   <div class='ocr_carea' id='block_1_15' title="bbox 393 1844 1963 1915">
    <p class='ocr_par' dir='ltr' id='par_1_15' title="bbox 393 1844 1963 1915">
     <span class='ocr_line' id='line_1_15' title="bbox 393 1844 1963 1915; baseline 0.008 -21"><span class='ocrx_word' id='word_1_83' title='bbox 393 1846 595 1898; x_wconf 85' lang='lat' dir='ltr'><strong>mantia</strong></span> <span class='ocrx_word' id='word_1_84' title='bbox 634 1862 648 1898; x_wconf 91' lang='lat'><strong>:</strong></span> <span class='ocrx_word' id='word_1_85' title='bbox 693 1844 943 1914; x_wconf 86' lang='lat' dir='ltr'><strong>Sanctus,</strong></span> <span class='ocrx_word' id='word_1_86' title='bbox 981 1846 1233 1915; x_wconf 83' lang='lat' dir='ltr'><strong>Sanctus,</strong></span> <span class='ocrx_word' id='word_1_87' title='bbox 1296 1849 1518 1906; x_wconf 84' lang='lat' dir='ltr'><strong>Sanctus</strong></span> <span class='ocrx_word' id='word_1_88' title='bbox 1570 1851 1823 1907; x_wconf 78' lang='lat' dir='ltr'><strong>Dominus</strong></span> <span class='ocrx_word' id='word_1_89' title='bbox 1863 1852 1963 1907; x_wconf 87' lang='lat' dir='ltr'><strong>Sa-</strong></span> 
     </span>
    </p>
   </div>
   <div class='ocr_carea' id='block_1_16' title="bbox 388 1937 1959 2015">
    <p class='ocr_par' dir='ltr' id='par_1_16' title="bbox 388 1937 1959 2015">
     <span class='ocr_line' id='line_1_16' title="bbox 388 1937 1959 2015; baseline 0.007 -24"><span class='ocrx_word' id='word_1_90' title='bbox 388 1937 562 2000; x_wconf 78' lang='lat' dir='ltr'><strong>bao:h,</strong></span> <span class='ocrx_word' id='word_1_91' title='bbox 591 1939 747 2007; x_wconf 86' lang='lat' dir='ltr'><strong>plena</strong></span> <span class='ocrx_word' id='word_1_92' title='bbox 778 1948 853 1993; x_wconf 84' lang='lat' dir='ltr'><strong>est</strong></span> <span class='ocrx_word' id='word_1_93' title='bbox 891 1942 1061 1994; x_wconf 86' lang='lat' dir='ltr'><strong>omnis</strong></span> <span class='ocrx_word' id='word_1_94' title='bbox 1097 1952 1237 1996; x_wconf 83' lang='lat' dir='ltr'><strong>terra</strong></span> <span class='ocrx_word' id='word_1_95' title='bbox 1260 1944 1434 2014; x_wconf 85' lang='lat' dir='ltr'><strong>gloria</strong></span> <span class='ocrx_word' id='word_1_96' title='bbox 1470 1944 1581 2013; x_wconf 88' lang='lat' dir='ltr'><strong>ejus</strong></span> <span class='ocrx_word' id='word_1_97' title='bbox 1611 1943 1747 2015; x_wconf 82' lang='lat' dir='ltr'><strong>(Isa.</strong></span> <span class='ocrx_word' id='word_1_98' title='bbox 1776 1962 1848 2012; x_wconf 74' lang='lat' dir='ltr'><strong>Vl,</strong></span> <span class='ocrx_word' id='word_1_99' title='bbox 1868 1946 1920 2014; x_wconf 73' lang='grc' dir='ltr'><strong>ὅ)</strong></span> <span class='ocrx_word' id='word_1_100' title='bbox 1943 1962 1959 2011; x_wconf 87' lang='grc'>;</span> 
     </span>
    </p>
   </div>
   <div class='ocr_carea' id='block_1_17' title="bbox 391 2032 1961 2106">
    <p class='ocr_par' dir='ltr' id='par_1_17' title="bbox 391 2032 1961 2106">
     <span class='ocr_line' id='line_1_17' title="bbox 391 2032 1961 2106; baseline 0.007 -23"><span class='ocrx_word' id='word_1_101' title='bbox 391 2037 447 2084; x_wconf 86' lang='lat' dir='ltr'><strong>et</strong></span> <span class='ocrx_word' id='word_1_102' title='bbox 476 2041 806 2085; x_wconf 90' lang='lat' dir='ltr'><strong>commotum</strong></span> <span class='ocrx_word' id='word_1_103' title='bbox 838 2032 1089 2090; x_wconf 87' lang='lat' dir='ltr'><strong>liminare</strong></span> <span class='ocrx_word' id='word_1_104' title='bbox 1118 2037 1300 2105; x_wconf 91' lang='lat' dir='ltr'><strong>templi</strong></span> <span class='ocrx_word' id='word_1_105' title='bbox 1336 2046 1497 2106; x_wconf 85' lang='lat' dir='ltr'><strong>atque</strong></span> <span class='ocrx_word' id='word_1_106' title='bbox 1530 2054 1875 2105; x_wconf 79' lang='lat' dir='ltr'><strong>concussum,</strong></span> <span class='ocrx_word' id='word_1_107' title='bbox 1909 2050 1961 2094; x_wconf 84' lang='lat' dir='ltr'><strong>et</strong></span> 
     </span>
    </p>
   </div>
   <div class='ocr_carea' id='block_1_18' title="bbox 390 2123 1961 2200">
    <p class='ocr_par' dir='ltr' id='par_1_18' title="bbox 390 2123 1961 2200">
     <span class='ocr_line' id='line_1_18' title="bbox 390 2123 1961 2200; baseline 0.006 -22"><span class='ocrx_word' id='word_1_108' title='bbox 390 2125 582 2178; x_wconf 91' lang='lat' dir='ltr'><strong>domus</strong></span> <span class='ocrx_word' id='word_1_109' title='bbox 606 2123 828 2179; x_wconf 70' lang='lat' dir='ltr'><strong>Iudaica</strong></span> <span class='ocrx_word' id='word_1_110' title='bbox 853 2128 1093 2183; x_wconf 88' lang='lat' dir='ltr'><strong>tenebris</strong></span> <span class='ocrx_word' id='word_1_111' title='bbox 1133 2133 1334 2183; x_wconf 87' lang='lat' dir='ltr'><strong>erroris</strong></span> <span class='ocrx_word' id='word_1_112' title='bbox 1366 2132 1609 2200; x_wconf 82' lang='lat' dir='ltr'><strong>impleta.</strong></span> <span class='ocrx_word' id='word_1_113' title='bbox 1644 2133 1707 2185; x_wconf 72' lang='lat' dir='ltr'><strong>lit</strong></span> <span class='ocrx_word' id='word_1_114' title='bbox 1743 2148 1961 2200; x_wconf 78' lang='lat' dir='ltr'><strong>compa-</strong></span> 
     </span>
    </p>
   </div>
   <div class='ocr_carea' id='block_1_19' title="bbox 390 2216 1961 2287">
    <p class='ocr_par' dir='ltr' id='par_1_19' title="bbox 390 2216 1961 2287">
     <span class='ocr_line' id='line_1_19' title="bbox 390 2216 1961 2287; baseline 0.006 -20"><span class='ocrx_word' id='word_1_115' title='bbox 390 2216 600 2269; x_wconf 67' lang='lat' dir='ltr'><strong>ratiOne</strong></span> <span class='ocrx_word' id='word_1_116' title='bbox 633 2217 827 2269; x_wconf 68' lang='lat' dir='ltr'><strong>divina:</strong></span> <span class='ocrx_word' id='word_1_117' title='bbox 862 2217 1045 2285; x_wconf 72' lang='lat' dir='ltr'><strong>gloria.-</strong></span> <span class='ocrx_word' id='word_1_118' title='bbox 1084 2216 1349 2285; x_wconf 81' lang='lat' dir='ltr'><strong>Propheta</strong></span> <span class='ocrx_word' id='word_1_119' title='bbox 1384 2220 1655 2287; x_wconf 78' lang='lat' dir='ltr'><strong>immunda</strong></span> <span class='ocrx_word' id='word_1_120' title='bbox 1691 2222 1825 2275; x_wconf 75' lang='lat' dir='ltr'><strong>labia</strong></span> <span class='ocrx_word' id='word_1_121' title='bbox 1865 2223 1961 2276; x_wconf 83' lang='lat' dir='ltr'><strong>ba-</strong></span> 
     </span>
    </p>
   </div>
   <div class='ocr_carea' id='block_1_20' title="bbox 390 2295 1958 2382">
    <p class='ocr_par' dir='ltr' id='par_1_20' title="bbox 390 2295 1958 2382">
     <span class='ocr_line' id='line_1_20' title="bbox 390 2295 1958 2382; baseline 0.006 -24"><span class='ocrx_word' id='word_1_122' title='bbox 390 2306 516 2359; x_wconf 85' lang='lat' dir='ltr'><strong>bere</strong></span> <span class='ocrx_word' id='word_1_123' title='bbox 546 2320 607 2358; x_wconf 73' lang='lat' dir='ltr'><strong>se</strong></span> <span class='ocrx_word' id='word_1_124' title='bbox 644 2308 848 2367; x_wconf 83' lang='lat' dir='ltr'><strong>dicens.</strong></span> <span class='ocrx_word' id='word_1_125' title='bbox 877 2319 930 2361; x_wconf 74' lang='lat' dir='ltr'><strong>et</strong></span> <span class='ocrx_word' id='word_1_126' title='bbox 960 2308 1205 2363; x_wconf 79' lang='lat' dir='ltr'><strong>habitare</strong></span> <span class='ocrx_word' id='word_1_127' title='bbox 1237 2310 1287 2363; x_wconf 85' lang='lat' dir='ltr'><strong>in</strong></span> <span class='ocrx_word' id='word_1_128' title='bbox 1314 2311 1489 2364; x_wconf 67' lang='lat' dir='ltr'><strong>mrtlio</strong></span> <span class='ocrx_word' id='word_1_129' title='bbox 1510 2312 1687 2381; x_wconf 73' lang='lat' dir='ltr'><strong>pepuli</strong></span> <span class='ocrx_word' id='word_1_130' title='bbox 1712 2295 1958 2382; x_wconf 84' lang='lat' dir='ltr'><strong>blasphe-</strong></span> 
     </span>
    </p>
   </div>
   <div class='ocr_carea' id='block_1_21' title="bbox 2072 1119 3675 1190">
    <p class='ocr_par' dir='ltr' id='par_1_21' title="bbox 2072 1119 3675 1190">
     <span class='ocr_line' id='line_1_21' title="bbox 2072 1119 3675 1190; baseline -0.002 -16"><span class='ocrx_word' id='word_1_131' title='bbox 2072 1121 2220 1175; x_wconf 82' lang='lat' dir='ltr'><strong>brevi</strong></span> <span class='ocrx_word' id='word_1_132' title='bbox 2283 1120 2442 1190; x_wconf 80' lang='lat' dir='ltr'><strong>bujus</strong></span> <span class='ocrx_word' id='word_1_133' title='bbox 2502 1122 2761 1190; x_wconf 83' lang='lat' dir='ltr'><strong>temporis</strong></span> <span class='ocrx_word' id='word_1_134' title='bbox 2816 1121 3156 1187; x_wconf 73' lang='lat' dir='ltr'><strong>expositione</strong></span> <span class='ocrx_word' id='word_1_135' title='bbox 3207 1128 3497 1173; x_wconf 74' lang='lat' dir='ltr'><strong>contentus</strong></span> <span class='ocrx_word' id='word_1_136' title='bbox 3545 1119 3675 1181; x_wconf 47' lang='lat' dir='ltr'><strong>sit..</strong></span> 
     </span>
    </p>
   </div>
   <div class='ocr_carea' id='block_1_22' title="bbox 2068 1210 3637 1279">
    <p class='ocr_par' dir='ltr' id='par_1_22' title="bbox 2068 1210 3637 1279">
     <span class='ocr_line' id='line_1_22' title="bbox 2068 1210 3637 1279; baseline -0.004 -12"><span class='ocrx_word' id='word_1_137' title='bbox 2068 1212 2280 1279; x_wconf 86' lang='lat' dir='ltr'><strong>Oziam,</strong></span> <span class='ocrx_word' id='word_1_138' title='bbox 2327 1213 2452 1279; x_wconf 85' lang='lat' dir='ltr'><strong>quia</strong></span> <span class='ocrx_word' id='word_1_139' title='bbox 2481 1212 2585 1266; x_wconf 88' lang='lat' dir='ltr'><strong>sibi</strong></span> <span class='ocrx_word' id='word_1_140' title='bbox 2627 1212 2875 1266; x_wconf 81' lang='lat' dir='ltr'><strong>illicitum</strong></span> <span class='ocrx_word' id='word_1_141' title='bbox 2903 1211 3267 1266; x_wconf 75' lang='lat' dir='ltr'><strong>sacerdotium</strong></span> <span class='ocrx_word' id='word_1_142' title='bbox 3307 1210 3637 1271; x_wconf 69' lang='lat' dir='ltr'><strong>vindicabat,</strong></span> 
     </span>
    </p>
   </div>
   <div class='ocr_carea' id='block_1_23' title="bbox 2069 1302 3637 1376">
    <p class='ocr_par' dir='ltr' id='par_1_23' title="bbox 2069 1302 3637 1376">
     <span class='ocr_line' id='line_1_23' title="bbox 2069 1302 3637 1376; baseline -0.007 -15"><span class='ocrx_word' id='word_1_143' title='bbox 2069 1306 2218 1376; x_wconf 82' lang='lat' dir='ltr'><strong>lepra</strong></span> <span class='ocrx_word' id='word_1_144' title='bbox 2250 1305 2415 1359; x_wconf 71' lang='lat' dir='ltr'><strong>luisse</strong></span> <span class='ocrx_word' id='word_1_145' title='bbox 2443 1320 2781 1375; x_wconf 73' lang='lat' dir='ltr'><strong>percussum,</strong></span> <span class='ocrx_word' id='word_1_146' title='bbox 2823 1319 2972 1357; x_wconf 71' lang='lat' dir='ltr'><strong>sacra</strong></span> <span class='ocrx_word' id='word_1_147' title='bbox 3018 1316 3201 1355; x_wconf 66' lang='lat' dir='ltr'><strong>llllll&#39;Jl</strong></span> <span class='ocrx_word' id='word_1_148' title='bbox 3236 1302 3493 1366; x_wconf 82' lang='lat' dir='ltr'><strong>historia;</strong></span> <span class='ocrx_word' id='word_1_149' title='bbox 3531 1315 3637 1369; x_wconf 92' lang='lat' dir='ltr'><strong>quo</strong></span> 
     </span>
    </p>
   </div>
   <div class='ocr_carea' id='block_1_24' title="bbox 2068 1387 3639 1463">
    <p class='ocr_par' dir='ltr' id='par_1_24' title="bbox 2068 1387 3639 1463">
     <span class='ocr_line' id='line_1_24' title="bbox 2068 1387 3639 1463; baseline -0.004 -13"><span class='ocrx_word' id='word_1_150' title='bbox 2068 1405 2305 1461; x_wconf 85' lang='lat' dir='ltr'><strong>mortuo,</strong></span> <span class='ocrx_word' id='word_1_151' title='bbox 2339 1395 2600 1448; x_wconf 86' lang='lat' dir='ltr'><strong>Dominus</strong></span> <span class='ocrx_word' id='word_1_152' title='bbox 2629 1387 2842 1448; x_wconf 65' lang='lat' dir='ltr'><strong>vide-tui-</strong></span> <span class='ocrx_word' id='word_1_153' title='bbox 2872 1394 2923 1447; x_wconf 93' lang='lat' dir='ltr'><strong>in</strong></span> <span class='ocrx_word' id='word_1_154' title='bbox 2955 1393 3196 1463; x_wconf 75' lang='lat' dir='ltr'><strong>Temple,</strong></span> <span class='ocrx_word' id='word_1_155' title='bbox 3233 1395 3371 1460; x_wconf 73' lang='lat' dir='ltr'><strong>quod</strong></span> <span class='ocrx_word' id='word_1_156' title='bbox 3411 1393 3497 1445; x_wconf 89' lang='lat' dir='ltr'><strong>ille</strong></span> <span class='ocrx_word' id='word_1_157' title='bbox 3522 1391 3639 1461; x_wconf 78' lang='lat' dir='ltr'><strong>pol-</strong></span> 
     </span>
    </p>
   </div>
   <div class='ocr_carea' id='block_1_25' title="bbox 2068 1486 3639 1554">
    <p class='ocr_par' dir='ltr' id='par_1_25' title="bbox 2068 1486 3639 1554">
     <span class='ocr_line' id='line_1_25' title="bbox 2068 1486 3639 1554; baseline -0.005 -11"><span class='ocrx_word' id='word_1_158' title='bbox 2068 1489 2242 1543; x_wconf 88' lang='lat' dir='ltr'><strong>luerat</strong></span> <span class='ocrx_word' id='word_1_159' title='bbox 2276 1486 2361 1553; x_wconf 85' lang='grc' dir='ltr'><strong>(ΙΙ</strong></span> <span class='ocrx_word' id='word_1_160' title='bbox 2402 1486 2593 1541; x_wconf 83' lang='lat' dir='ltr'><strong>Paral.</strong></span> <span class='ocrx_word' id='word_1_161' title='bbox 2638 1487 2809 1552; x_wconf 75' lang='lat' dir='ltr'><strong>XXVI).</strong></span> <span class='ocrx_word' id='word_1_162' title='bbox 2855 1486 2929 1539; x_wconf 67' lang='lat' dir='ltr'><strong>Ex</strong></span> <span class='ocrx_word' id='word_1_163' title='bbox 2988 1500 3095 1554; x_wconf 89' lang='lat' dir='ltr'><strong>quo</strong></span> <span class='ocrx_word' id='word_1_164' title='bbox 3130 1486 3639 1548; x_wconf 61' lang='lat' dir='ltr'><strong>animadvertimus,</strong></span> 
     </span>
    </p>
   </div>
   <div class='ocr_carea' id='block_1_26' title="bbox 2068 1573 3637 1653">
    <p class='ocr_par' dir='ltr' id='par_1_26' title="bbox 2068 1573 3637 1653">
     <span class='ocr_line' id='line_1_26' title="bbox 2068 1573 3637 1653; baseline -0.006 -18"><span class='ocrx_word' id='word_1_165' title='bbox 2068 1593 2327 1653; x_wconf 69' lang='lat' dir='ltr'><strong>regnante</strong></span> <span class='ocrx_word' id='word_1_166' title='bbox 2363 1583 2413 1634; x_wconf 91' lang='lat' dir='ltr'><strong>iu</strong></span> <span class='ocrx_word' id='word_1_167' title='bbox 2461 1580 2618 1634; x_wconf 89' lang='lat' dir='ltr'><strong>nobis</strong></span> <span class='ocrx_word' id='word_1_168' title='bbox 2674 1580 2790 1648; x_wconf 74' lang='lat' dir='ltr'><strong>lepr</strong></span> <span class='ocrx_word' id='word_1_169' title='bbox 2830 1593 2890 1630; x_wconf 82' lang='lat' dir='ltr'><strong>sn</strong></span> <span class='ocrx_word' id='word_1_170' title='bbox 2931 1593 3078 1646; x_wconf 76' lang='lat' dir='ltr'><strong>rege,</strong></span> <span class='ocrx_word' id='word_1_171' title='bbox 3134 1592 3228 1629; x_wconf 81' lang='lat' dir='ltr'><strong>nos</strong></span> <span class='ocrx_word' id='word_1_172' title='bbox 3259 1573 3544 1628; x_wconf 84' lang='lat' dir='ltr'><strong>Dominum</strong></span> <span class='ocrx_word' id='word_1_173' title='bbox 3584 1575 3637 1629; x_wconf 92' lang='lat' dir='ltr'><strong>in</strong></span> 
     </span>
    </p>
   </div>
   <div class='ocr_carea' id='block_1_27' title="bbox 2064 1664 3641 1740">
    <p class='ocr_par' dir='ltr' id='par_1_27' title="bbox 2064 1664 3641 1740">
     <span class='ocr_line' id='line_1_27' title="bbox 2064 1664 3641 1740; baseline -0.006 -14"><span class='ocrx_word' id='word_1_174' title='bbox 2064 1664 2160 1727; x_wconf 74' lang='lat' dir='ltr'><strong>Sua</strong></span> <span class='ocrx_word' id='word_1_175' title='bbox 2222 1672 2503 1740; x_wconf 73' lang='lat' dir='ltr'><strong>majestate</strong></span> <span class='ocrx_word' id='word_1_176' title='bbox 2563 1680 2877 1739; x_wconf 63' lang='lat' dir='ltr'><strong>regnantem</strong></span> <span class='ocrx_word' id='word_1_177' title='bbox 2932 1670 3118 1721; x_wconf 79' lang='lat' dir='ltr'><strong>ridere</strong></span> <span class='ocrx_word' id='word_1_178' title='bbox 3155 1684 3258 1720; x_wconf 86' lang='lat' dir='ltr'><strong>non</strong></span> <span class='ocrx_word' id='word_1_179' title='bbox 3307 1681 3486 1734; x_wconf 78' lang='lat' dir='ltr'><strong>posse,</strong></span> <span class='ocrx_word' id='word_1_180' title='bbox 3542 1679 3641 1717; x_wconf 84' lang='lat' dir='ltr'><strong>nec</strong></span> 
     </span>
    </p>
   </div>
   <div class='ocr_carea' id='block_1_28' title="bbox 2065 1756 3639 1840">
    <p class='ocr_par' dir='ltr' id='par_1_28' title="bbox 2065 1756 3639 1840">
     <span class='ocr_line' id='line_1_28' title="bbox 2065 1756 3639 1840; baseline -0.008 -20"><span class='ocrx_word' id='word_1_181' title='bbox 2065 1775 2267 1820; x_wconf 67' lang='lat' dir='ltr'><strong>sanetae</strong></span> <span class='ocrx_word' id='word_1_182' title='bbox 2296 1763 2583 1840; x_wconf 68' lang='lat' dir='ltr'><strong>Trinijatis</strong></span> <span class='ocrx_word' id='word_1_183' title='bbox 2615 1776 2774 1815; x_wconf 86' lang='lat' dir='ltr'><strong>nosse</strong></span> <span class='ocrx_word' id='word_1_184' title='bbox 2802 1761 3074 1829; x_wconf 56' lang='lat' dir='ltr'><strong>mysteria.</strong></span> <span class='ocrx_word' id='word_1_185' title='bbox 3111 1758 3263 1811; x_wconf 77' lang='lat' dir='ltr'><strong>Ilnde</strong></span> <span class='ocrx_word' id='word_1_186' title='bbox 3297 1757 3424 1811; x_wconf 85' lang='lat' dir='ltr'><strong>etin</strong></span> <span class='ocrx_word' id='word_1_187' title='bbox 3457 1756 3639 1809; x_wconf 73' lang='lat' dir='ltr'><strong>Exodo</strong></span> 
     </span>
    </p>
   </div>
   <div class='ocr_carea' id='block_1_29' title="bbox 2064 1850 3637 1930">
    <p class='ocr_par' dir='ltr' id='par_1_29' title="bbox 2064 1850 3637 1930">
     <span class='ocr_line' id='line_1_29' title="bbox 2064 1850 3637 1930; baseline -0.008 -17"><span class='ocrx_word' id='word_1_188' title='bbox 2064 1870 2347 1930; x_wconf 78' lang='lat' dir='ltr'><strong>postquam</strong></span> <span class='ocrx_word' id='word_1_189' title='bbox 2400 1869 2643 1909; x_wconf 83' lang='lat' dir='ltr'><strong>mortuus</strong></span> <span class='ocrx_word' id='word_1_190' title='bbox 2704 1865 2787 1908; x_wconf 85' lang='lat' dir='ltr'><strong>est</strong></span> <span class='ocrx_word' id='word_1_191' title='bbox 2854 1854 3084 1918; x_wconf 61' lang='lat' dir='ltr'><strong>Pharao,</strong></span> <span class='ocrx_word' id='word_1_192' title='bbox 3147 1854 3237 1920; x_wconf 91' lang='lat' dir='ltr'><strong>qui</strong></span> <span class='ocrx_word' id='word_1_193' title='bbox 3298 1850 3637 1919; x_wconf 72' lang='lat' dir='ltr'><strong>opprimebat</strong></span> 
     </span>
    </p>
   </div>
   <div class='ocr_carea' id='block_1_30' title="bbox 2063 1943 3636 2015">
    <p class='ocr_par' dir='ltr' id='par_1_30' title="bbox 2063 1943 3636 2015">
     <span class='ocr_line' id='line_1_30' title="bbox 2063 1943 3636 2015; baseline -0.007 -10"><span class='ocrx_word' id='word_1_194' title='bbox 2063 1950 2227 2005; x_wconf 85' lang='lat' dir='ltr'><strong>Israel</strong></span> <span class='ocrx_word' id='word_1_195' title='bbox 2264 1948 2375 2001; x_wconf 92' lang='lat' dir='ltr'><strong>luto</strong></span> <span class='ocrx_word' id='word_1_196' title='bbox 2403 1957 2448 1999; x_wconf 90' lang='lat' dir='ltr'><strong>et</strong></span> <span class='ocrx_word' id='word_1_197' title='bbox 2482 1946 2671 2015; x_wconf 80' lang='lat' dir='ltr'><strong>paleis,</strong></span> <span class='ocrx_word' id='word_1_198' title='bbox 2701 1957 2753 1999; x_wconf 92' lang='lat' dir='ltr'><strong>et</strong></span> <span class='ocrx_word' id='word_1_199' title='bbox 2787 1945 3068 2007; x_wconf 71' lang='lat' dir='ltr'><strong>lateribus,</strong></span> <span class='ocrx_word' id='word_1_200' title='bbox 3116 1944 3343 2012; x_wconf 82' lang='lat' dir='ltr'><strong>populus</strong></span> <span class='ocrx_word' id='word_1_201' title='bbox 3376 1943 3636 1995; x_wconf 72' lang='lat' dir='ltr'><strong>clamavit</strong></span> 
     </span>
    </p>
   </div>
   <div class='ocr_carea' id='block_1_31' title="bbox 2063 2037 3633 2105">
    <p class='ocr_par' dir='ltr' id='par_1_31' title="bbox 2063 2037 3633 2105">
     <span class='ocr_line' id='line_1_31' title="bbox 2063 2037 3633 2105; baseline -0.007 -9"><span class='ocrx_word' id='word_1_202' title='bbox 2063 2045 2128 2096; x_wconf 89' lang='lat' dir='ltr'><strong>ad</strong></span> <span class='ocrx_word' id='word_1_203' title='bbox 2161 2041 2473 2098; x_wconf 78' lang='lat' dir='ltr'><strong>Dominuut,</strong></span> <span class='ocrx_word' id='word_1_204' title='bbox 2508 2039 2620 2105; x_wconf 83' lang='lat' dir='ltr'><strong>qui,</strong></span> <span class='ocrx_word' id='word_1_205' title='bbox 2652 2037 2743 2090; x_wconf 86' lang='lat' dir='ltr'><strong>illo</strong></span> <span class='ocrx_word' id='word_1_206' title='bbox 2781 2039 3015 2098; x_wconf 83' lang='lat' dir='ltr'><strong>vi\ente,</strong></span> <span class='ocrx_word' id='word_1_207' title='bbox 3058 2038 3293 2089; x_wconf 84' lang='lat' dir='ltr'><strong>clamare</strong></span> <span class='ocrx_word' id='word_1_208' title='bbox 3326 2051 3433 2088; x_wconf 87' lang='lat' dir='ltr'><strong>non</strong></span> <span class='ocrx_word' id='word_1_209' title='bbox 3482 2045 3633 2103; x_wconf 76' lang='lat' dir='ltr'><strong>pote~</strong></span> 
     </span>
    </p>
   </div>
   <div class='ocr_carea' id='block_1_32' title="bbox 2066 2125 3634 2191">
    <p class='ocr_par' dir='ltr' id='par_1_32' title="bbox 2066 2125 3634 2191">
     <span class='ocr_line' id='line_1_32' title="bbox 2066 2125 3634 2191; baseline -0.006 -3"><span class='ocrx_word' id='word_1_210' title='bbox 2066 2144 2169 2188; x_wconf 84' lang='lat' dir='ltr'><strong>rat.</strong></span> <span class='ocrx_word' id='word_1_211' title='bbox 2234 2132 2300 2186; x_wconf 86' lang='lat' dir='ltr'><strong>Et</strong></span> <span class='ocrx_word' id='word_1_212' title='bbox 2360 2131 2633 2191; x_wconf 79' lang='lat' dir='ltr'><strong>Ezechiel,</strong></span> <span class='ocrx_word' id='word_1_213' title='bbox 2686 2138 2903 2182; x_wconf 84' lang='lat' dir='ltr'><strong>tuortuo</strong></span> <span class='ocrx_word' id='word_1_214' title='bbox 2957 2127 3166 2182; x_wconf 85' lang='lat' dir='ltr'><strong>Phaltia</strong></span> <span class='ocrx_word' id='word_1_215' title='bbox 3227 2126 3337 2180; x_wconf 86' lang='lat' dir='ltr'><strong>lilio</strong></span> <span class='ocrx_word' id='word_1_216' title='bbox 3385 2125 3634 2179; x_wconf 75' lang='lat' dir='ltr'><strong>Bananize</strong></span> 
     </span>
    </p>
   </div>
   <div class='ocr_carea' id='block_1_33' title="bbox 2063 2220 3634 2295">
    <p class='ocr_par' dir='ltr' id='par_1_33' title="bbox 2063 2220 3634 2295">
     <span class='ocr_line' id='line_1_33' title="bbox 2063 2220 3634 2295; baseline -0.005 -18"><span class='ocrx_word' id='word_1_217' title='bbox 2063 2226 2298 2295; x_wconf 50' lang='lat' dir='ltr'><strong>pessimo</strong></span> <span class='ocrx_word' id='word_1_218' title='bbox 2335 2224 2596 2293; x_wconf 86' lang='lat' dir='ltr'><strong>principe,</strong></span> <span class='ocrx_word' id='word_1_219' title='bbox 2651 2220 2801 2276; x_wconf 85' lang='lat' dir='ltr'><strong>cadit</strong></span> <span class='ocrx_word' id='word_1_220' title='bbox 2854 2221 2904 2273; x_wconf 91' lang='lat' dir='ltr'><strong>in</strong></span> <span class='ocrx_word' id='word_1_221' title='bbox 2944 2220 3136 2273; x_wconf 79' lang='lat' dir='ltr'><strong>faciem</strong></span> <span class='ocrx_word' id='word_1_222' title='bbox 3191 2233 3368 2281; x_wconf 85' lang='lat' dir='ltr'><strong>suam,</strong></span> <span class='ocrx_word' id='word_1_223' title='bbox 3401 2228 3453 2270; x_wconf 86' lang='lat' dir='ltr'><strong>et</strong></span> <span class='ocrx_word' id='word_1_224' title='bbox 3502 2233 3634 2269; x_wconf 76' lang='lat' dir='ltr'><strong>voce</strong></span> 
     </span>
    </p>
   </div>
   <div class='ocr_carea' id='block_1_34' title="bbox 2064 2309 3631 2379">
    <p class='ocr_par' dir='ltr' id='par_1_34' title="bbox 2064 2309 3631 2379">
     <span class='ocr_line' id='line_1_34' title="bbox 2064 2309 3631 2379; baseline -0.006 -6"><span class='ocrx_word' id='word_1_225' title='bbox 2064 2318 2279 2375; x_wconf 73' lang='lat' dir='ltr'><strong>excelsa</strong></span> <span class='ocrx_word' id='word_1_226' title='bbox 2342 2318 2544 2371; x_wconf 81' lang='lat' dir='ltr'><strong>clamat</strong></span> <span class='ocrx_word' id='word_1_227' title='bbox 2596 2317 2662 2370; x_wconf 88' lang='lat' dir='ltr'><strong>ad</strong></span> <span class='ocrx_word' id='word_1_228' title='bbox 2720 2314 3025 2369; x_wconf 86' lang='lat' dir='ltr'><strong>Dominum.</strong></span> <span class='ocrx_word' id='word_1_229' title='bbox 3087 2312 3426 2377; x_wconf 84' lang='lat' dir='ltr'><strong>Pulchreqne</strong></span> <span class='ocrx_word' id='word_1_230' title='bbox 3481 2309 3631 2379; x_wconf 82' lang='lat' dir='ltr'><strong>juxta</strong></span> 
     </span>
    </p>
   </div>
   <div class='ocr_carea' id='block_1_35' title="bbox 389 2380 3631 2477">
    <p class='ocr_par' dir='ltr' id='par_1_35' title="bbox 389 2380 3631 2477">
     <span class='ocr_line' id='line_1_35' title="bbox 389 2380 3631 2477; baseline 0.001 -28"><span class='ocrx_word' id='word_1_231' title='bbox 389 2398 607 2455; x_wconf 89' lang='lat' dir='ltr'><strong>mantis.</strong></span> <span class='ocrx_word' id='word_1_232' title='bbox 662 2399 755 2467; x_wconf 87' lang='lat' dir='ltr'><strong>qui</strong></span> <span class='ocrx_word' id='word_1_233' title='bbox 805 2414 1041 2453; x_wconf 75' lang='lat' dir='ltr'><strong>consona</strong></span> <span class='ocrx_word' id='word_1_234' title='bbox 1082 2401 1373 2470; x_wconf 82' lang='lat' dir='ltr'><strong>impietatis</strong></span> <span class='ocrx_word' id='word_1_235' title='bbox 1418 2418 1549 2457; x_wconf 78' lang='lat' dir='ltr'><strong>voce</strong></span> <span class='ocrx_word' id='word_1_236' title='bbox 1600 2404 1907 2459; x_wconf 68' lang='lat' dir='ltr'><strong>Clatllnlinltl</strong></span> <span class='ocrx_word' id='word_1_237' title='bbox 1940 2422 1953 2458; x_wconf 90' lang='lat'><strong>:</strong></span> <span class='ocrx_word' id='word_1_238' title='bbox 1991 2380 2034 2439; x_wconf 69' lang='grc' dir='ltr'><strong><em>Β</em></strong></span> <span class='ocrx_word' id='word_1_239' title='bbox 2064 2409 2414 2475; x_wconf 58' lang='grc' dir='ltr'>Πυιιιπιίςιιιιι,</span> <span class='ocrx_word' id='word_1_240' title='bbox 2452 2425 2557 2461; x_wconf 91' lang='lat' dir='ltr'><strong>non</strong></span> <span class='ocrx_word' id='word_1_241' title='bbox 2599 2410 2714 2477; x_wconf 88' lang='lat' dir='ltr'><strong>ipse</strong></span> <span class='ocrx_word' id='word_1_242' title='bbox 2750 2407 3011 2461; x_wconf 87' lang='lat' dir='ltr'><strong>Dominus</strong></span> <span class='ocrx_word' id='word_1_243' title='bbox 3035 2405 3289 2474; x_wconf 82' lang='lat' dir='ltr'><strong>implebat</strong></span> <span class='ocrx_word' id='word_1_244' title='bbox 3326 2403 3631 2470; x_wconf 84' lang='lat' dir='ltr'><strong>Templum,</strong></span> 
     </span>
    </p>
   </div>
   <div class='ocr_carea' id='block_1_36' title="bbox 390 2486 1957 2567">
    <p class='ocr_par' dir='ltr' id='par_1_36' title="bbox 390 2486 1957 2567">
     <span class='ocr_line' id='line_1_36' title="bbox 390 2486 1957 2567; baseline 0.003 -23"><span class='ocrx_word' id='word_1_245' title='bbox 390 2486 667 2559; x_wconf 76' lang='lat' dir='ltr'><strong>Cruciftge,</strong></span> <span class='ocrx_word' id='word_1_246' title='bbox 710 2492 959 2561; x_wconf 84' lang='lat' dir='ltr'><strong>cruci/ige</strong></span> <span class='ocrx_word' id='word_1_247' title='bbox 992 2494 1285 2557; x_wconf 84' lang='lat' dir='ltr'><strong>talem;et,</strong></span> <span class='ocrx_word' id='word_1_248' title='bbox 1312 2496 1430 2549; x_wconf 82' lang='lat' dir='ltr'><strong>Non</strong></span> <span class='ocrx_word' id='word_1_249' title='bbox 1474 2498 1726 2551; x_wconf 82' lang='lat' dir='ltr'><strong>habemus</strong></span> <span class='ocrx_word' id='word_1_250' title='bbox 1766 2513 1957 2567; x_wconf 82' lang='lat' dir='ltr'><strong>regem,</strong></span> 
     </span>
    </p>
   </div>
   <div class='ocr_carea' id='block_1_37' title="bbox 390 2581 1960 2656">
    <p class='ocr_par' dir='ltr' id='par_1_37' title="bbox 390 2581 1960 2656">
     <span class='ocr_line' id='line_1_37' title="bbox 390 2581 1960 2656; baseline 0.009 -25"><span class='ocrx_word' id='word_1_251' title='bbox 390 2582 493 2633; x_wconf 82' lang='lat' dir='ltr'><strong>nisi</strong></span> <span class='ocrx_word' id='word_1_252' title='bbox 529 2581 795 2636; x_wconf 80' lang='lat' dir='ltr'><strong>Ca’sarent</strong></span> <span class='ocrx_word' id='word_1_253' title='bbox 852 2586 1031 2651; x_wconf 79' lang='lat' dir='ltr'><strong>(Joan.</strong></span> <span class='ocrx_word' id='word_1_254' title='bbox 1080 2602 1194 2650; x_wconf 77' lang='lat' dir='ltr'><strong>six,</strong></span> <span class='ocrx_word' id='word_1_255' title='bbox 1249 2586 1281 2641; x_wconf 84' lang='lat'><strong>6</strong></span> <span class='ocrx_word' id='word_1_256' title='bbox 1311 2597 1359 2642; x_wconf 87' lang='lat' dir='ltr'><strong>et</strong></span> <span class='ocrx_word' id='word_1_257' title='bbox 1405 2588 1516 2644; x_wconf 69' lang='grc' dir='ltr'>ιει.</span> <span class='ocrx_word' id='word_1_258' title='bbox 1570 2587 1860 2656; x_wconf 86' lang='lat' dir='ltr'><strong>Unumque</strong></span> <span class='ocrx_word' id='word_1_259' title='bbox 1894 2592 1960 2645; x_wconf 88' lang='lat' dir='ltr'><strong>de</strong></span> 
     </span>
    </p>
   </div>
   <div class='ocr_carea' id='block_1_38' title="bbox 392 2671 1956 2752">
    <p class='ocr_par' dir='ltr' id='par_1_38' title="bbox 392 2671 1956 2752">
     <span class='ocr_line' id='line_1_38' title="bbox 392 2671 1956 2752; baseline 0.007 -25"><span class='ocrx_word' id='word_1_260' title='bbox 392 2671 675 2742; x_wconf 83' lang='lat' dir='ltr'><strong>Seraphitn</strong></span> <span class='ocrx_word' id='word_1_261' title='bbox 725 2677 947 2730; x_wconf 83' lang='lat' dir='ltr'><strong>missum</strong></span> <span class='ocrx_word' id='word_1_262' title='bbox 985 2680 1051 2731; x_wconf 89' lang='lat' dir='ltr'><strong>ad</strong></span> <span class='ocrx_word' id='word_1_263' title='bbox 1093 2679 1309 2744; x_wconf 87' lang='lat' dir='ltr'><strong>Isaiam,</strong></span> <span class='ocrx_word' id='word_1_264' title='bbox 1343 2681 1431 2748; x_wconf 86' lang='lat' dir='ltr'><strong>qui</strong></span> <span class='ocrx_word' id='word_1_265' title='bbox 1465 2682 1670 2752; x_wconf 84' lang='lat' dir='ltr'><strong>lorcipe</strong></span> <span class='ocrx_word' id='word_1_266' title='bbox 1704 2686 1767 2738; x_wconf 88' lang='lat' dir='ltr'><strong>de</strong></span> <span class='ocrx_word' id='word_1_267' title='bbox 1798 2683 1956 2738; x_wconf 81' lang='lat' dir='ltr'><strong>altari</strong></span> 
     </span>
    </p>
   </div>
   <div class='ocr_carea' id='block_1_39' title="bbox 389 2768 1960 2842">
    <p class='ocr_par' dir='ltr' id='par_1_39' title="bbox 389 2768 1960 2842">
     <span class='ocr_line' id='line_1_39' title="bbox 389 2768 1960 2842; baseline 0.006 -22"><span class='ocrx_word' id='word_1_268' title='bbox 389 2768 623 2821; x_wconf 81' lang='lat' dir='ltr'><strong>carbone</strong></span> <span class='ocrx_word' id='word_1_269' title='bbox 657 2771 1074 2836; x_wconf 78' lang='lat' dir='ltr'><strong>comprehenso,</strong></span> <span class='ocrx_word' id='word_1_270' title='bbox 1112 2773 1389 2842; x_wconf 63' lang='lat' dir='ltr'><strong>propheta:</strong></span> <span class='ocrx_word' id='word_1_271' title='bbox 1426 2786 1679 2842; x_wconf 73' lang='lat' dir='ltr'><strong>purgaret</strong></span> <span class='ocrx_word' id='word_1_272' title='bbox 1713 2776 1875 2841; x_wconf 81' lang='lat' dir='ltr'><strong>labia,</strong></span> <span class='ocrx_word' id='word_1_273' title='bbox 1906 2787 1960 2829; x_wconf 88' lang='lat' dir='ltr'><strong>et</strong></span> 
     </span>
    </p>
   </div>
   <div class='ocr_carea' id='block_1_40' title="bbox 388 2859 1958 2937">
    <p class='ocr_par' dir='ltr' id='par_1_40' title="bbox 388 2859 1958 2937">
     <span class='ocr_line' id='line_1_40' title="bbox 388 2859 1958 2937; baseline 0.008 -26"><span class='ocrx_word' id='word_1_274' title='bbox 388 2859 620 2926; x_wconf 86' lang='lat' dir='ltr'><strong>populus</strong></span> <span class='ocrx_word' id='word_1_275' title='bbox 685 2873 989 2915; x_wconf 68' lang='lat' dir='ltr'><strong>renumeret</strong></span> <span class='ocrx_word' id='word_1_276' title='bbox 1052 2862 1383 2919; x_wconf 87' lang='lat' dir='ltr'><strong>immundus.</strong></span> <span class='ocrx_word' id='word_1_277' title='bbox 1460 2863 1677 2921; x_wconf 85' lang='lat' dir='ltr'><strong>Tertius</strong></span> <span class='ocrx_word' id='word_1_278' title='bbox 1723 2882 1854 2937; x_wconf 81' lang='lat' dir='ltr'><strong>ergo</strong></span> <span class='ocrx_word' id='word_1_279' title='bbox 1902 2867 1958 2922; x_wconf 77' lang='lat' dir='ltr'><strong>in</strong></span> 
     </span>
    </p>
   </div>
   <div class='ocr_carea' id='block_1_41' title="bbox 385 2947 1399 3015">
    <p class='ocr_par' dir='ltr' id='par_1_41' title="bbox 385 2947 1399 3015">
     <span class='ocr_line' id='line_1_41' title="bbox 385 2947 1399 3015; baseline 0.008 -13"><span class='ocrx_word' id='word_1_280' title='bbox 385 2947 579 3003; x_wconf 85' lang='lat' dir='ltr'><strong>Isaiam</strong></span> <span class='ocrx_word' id='word_1_281' title='bbox 606 2949 620 3002; x_wconf 92' lang='lat' dir='ltr'><strong>l</strong></span> <span class='ocrx_word' id='word_1_282' title='bbox 648 2950 743 3004; x_wconf 87' lang='lat' dir='ltr'><strong>ber</strong></span> <span class='ocrx_word' id='word_1_283' title='bbox 773 2952 873 3005; x_wconf 86' lang='lat' dir='ltr'><strong>hoc</strong></span> <span class='ocrx_word' id='word_1_284' title='bbox 902 2952 1064 3008; x_wconf 86' lang='lat' dir='ltr'><strong>habet</strong></span> <span class='ocrx_word' id='word_1_285' title='bbox 1091 2956 1399 3015; x_wconf 72' lang='lat' dir='ltr'><strong>exordium.</strong></span> 
     </span>
    </p>
   </div>
   <div class='ocr_carea' id='block_1_42' title="bbox 458 3042 1957 3120">
    <p class='ocr_par' dir='ltr' id='par_1_42' title="bbox 458 3042 1957 3120">
     <span class='ocr_line' id='line_1_42' title="bbox 458 3042 1957 3120; baseline 0.009 -26"><span class='ocrx_word' id='word_1_286' title='bbox 458 3043 615 3111; x_wconf 83' lang='lat' dir='ltr'><strong>(Cap.</strong></span> <span class='ocrx_word' id='word_1_287' title='bbox 648 3042 733 3097; x_wconf 78' lang='lat' dir='ltr'><strong>Vl.</strong></span> <span class='ocrx_word' id='word_1_288' title='bbox 778 3074 843 3084; x_wconf 90' lang='lat'><strong>—-</strong></span> <span class='ocrx_word' id='word_1_289' title='bbox 879 3046 1030 3100; x_wconf 85' lang='lat' dir='ltr'><strong>Vers.</strong></span> <span class='ocrx_word' id='word_1_290' title='bbox 1076 3047 1153 3117; x_wconf 70' lang='grc'><strong>1.)</strong></span> <span class='ocrx_word' id='word_1_291' title='bbox 1197 3067 1217 3101; x_wconf 79' lang='grc' dir='ltr'><strong>ι</strong></span> <span class='ocrx_word' id='word_1_292' title='bbox 1259 3050 1415 3105; x_wconf 85' lang='lat' dir='ltr'><strong>Anno</strong></span> <span class='ocrx_word' id='word_1_293' title='bbox 1443 3066 1552 3120; x_wconf 89' lang='lat' dir='ltr'><strong>quo</strong></span> <span class='ocrx_word' id='word_1_294' title='bbox 1596 3061 1843 3107; x_wconf 87' lang='lat' dir='ltr'><strong>mortuus</strong></span> <span class='ocrx_word' id='word_1_295' title='bbox 1873 3063 1957 3107; x_wconf 87' lang='lat' dir='ltr'><strong>cst</strong></span> 
     </span>
    </p>
   </div>
   <div class='ocr_carea' id='block_1_43' title="bbox 392 3126 1955 3210">
    <p class='ocr_par' dir='ltr' id='par_1_43' title="bbox 392 3126 1955 3210">
     <span class='ocr_line' id='line_1_43' title="bbox 392 3126 1955 3210; baseline 0.01 -30"><span class='ocrx_word' id='word_1_296' title='bbox 392 3143 479 3181; x_wconf 72' lang='lat' dir='ltr'><strong>tes</strong></span> <span class='ocrx_word' id='word_1_297' title='bbox 505 3126 691 3195; x_wconf 80' lang='lat' dir='ltr'><strong>Ozias,</strong></span> <span class='ocrx_word' id='word_1_298' title='bbox 742 3132 848 3185; x_wconf 76' lang='lat' dir='ltr'><strong>vidi</strong></span> <span class='ocrx_word' id='word_1_299' title='bbox 891 3130 1177 3189; x_wconf 87' lang='lat' dir='ltr'><strong>Dominum</strong></span> <span class='ocrx_word' id='word_1_300' title='bbox 1225 3140 1506 3193; x_wconf 84' lang='lat' dir='ltr'><strong>sedentem</strong></span> <span class='ocrx_word' id='word_1_301' title='bbox 1558 3156 1721 3210; x_wconf 86' lang='lat' dir='ltr'><strong>super</strong></span> <span class='ocrx_word' id='word_1_302' title='bbox 1760 3143 1955 3196; x_wconf 77' lang='lat' dir='ltr'><strong>solium</strong></span> 
     </span>
    </p>
   </div>
   <div class='ocr_carea' id='block_1_44' title="bbox 387 3221 1961 3301">
    <p class='ocr_par' dir='ltr' id='par_1_44' title="bbox 387 3221 1961 3301">
     <span class='ocr_line' id='line_1_44' title="bbox 387 3221 1961 3301; baseline 0.009 -29"><span class='ocrx_word' id='word_1_303' title='bbox 387 3221 659 3274; x_wconf 78' lang='lat' dir='ltr'><strong>excelsum</strong></span> <span class='ocrx_word' id='word_1_304' title='bbox 701 3233 754 3275; x_wconf 91' lang='lat' dir='ltr'><strong>et</strong></span> <span class='ocrx_word' id='word_1_305' title='bbox 781 3223 1074 3279; x_wconf 85' lang='lat' dir='ltr'><strong>elevatum.</strong></span> <span class='ocrx_word' id='word_1_306' title='bbox 1115 3244 1137 3279; x_wconf 75' lang='grc' dir='ltr'><strong>ιι</strong></span> <span class='ocrx_word' id='word_1_307' title='bbox 1171 3225 1283 3282; x_wconf 89' lang='lat' dir='ltr'><strong>Sub</strong></span> <span class='ocrx_word' id='word_1_308' title='bbox 1308 3240 1543 3298; x_wconf 86' lang='lat' dir='ltr'><strong>quatuor</strong></span> <span class='ocrx_word' id='word_1_309' title='bbox 1584 3231 1799 3301; x_wconf 81' lang='lat' dir='ltr'><strong>regibus</strong></span> <span class='ocrx_word' id='word_1_310' title='bbox 1832 3249 1961 3300; x_wconf 83' lang='lat' dir='ltr'><strong>pro-</strong></span> 
     </span>
    </p>
   </div>
   <div class='ocr_carea' id='block_1_45' title="bbox 387 3310 1954 3391">
    <p class='ocr_par' dir='ltr' id='par_1_45' title="bbox 387 3310 1954 3391">
     <span class='ocr_line' id='line_1_45' title="bbox 387 3310 1954 3391; baseline 0.009 -26"><span class='ocrx_word' id='word_1_311' title='bbox 387 3310 637 3378; x_wconf 84' lang='lat' dir='ltr'><strong>phetasse</strong></span> <span class='ocrx_word' id='word_1_312' title='bbox 682 3311 898 3380; x_wconf 80' lang='lat' dir='ltr'><strong>Isaiam,</strong></span> <span class='ocrx_word' id='word_1_313' title='bbox 935 3332 1103 3386; x_wconf 86' lang='lat' dir='ltr'><strong>super</strong></span> <span class='ocrx_word' id='word_1_314' title='bbox 1150 3317 1342 3373; x_wconf 73' lang='lat' dir='ltr'><strong>Iudam</strong></span> <span class='ocrx_word' id='word_1_315' title='bbox 1371 3320 1485 3391; x_wconf 75' lang='lat'><strong>89</strong></span> <span class='ocrx_word' id='word_1_316' title='bbox 1531 3331 1585 3375; x_wconf 79' lang='lat' dir='ltr'><strong>t-t</strong></span> <span class='ocrx_word' id='word_1_317' title='bbox 1630 3320 1954 3389; x_wconf 66' lang='lat' dir='ltr'><strong>Jerusalem,</strong></span> 
     </span>
    </p>
   </div>
   <div class='ocr_carea' id='block_1_46' title="bbox 388 3402 1959 3476">
    <p class='ocr_par' dir='ltr' id='par_1_46' title="bbox 388 3402 1959 3476">
     <span class='ocr_line' id='line_1_46' title="bbox 388 3402 1959 3476; baseline 0.012 -23"><span class='ocrx_word' id='word_1_318' title='bbox 388 3402 577 3470; x_wconf 67' lang='lat' dir='ltr'><strong>prima:</strong></span> <span class='ocrx_word' id='word_1_319' title='bbox 604 3405 828 3460; x_wconf 79' lang='lat' dir='ltr'><strong>visionis</strong></span> <span class='ocrx_word' id='word_1_320' title='bbox 859 3407 1014 3462; x_wconf 90' lang='lat' dir='ltr'><strong>titulo</strong></span> <span class='ocrx_word' id='word_1_321' title='bbox 1052 3412 1479 3465; x_wconf 84' lang='lat' dir='ltr'><strong>demonstratum</strong></span> <span class='ocrx_word' id='word_1_322' title='bbox 1511 3423 1593 3467; x_wconf 88' lang='lat' dir='ltr'><strong>est</strong></span> <span class='ocrx_word' id='word_1_323' title='bbox 1615 3453 1629 3476; x_wconf 93' lang='lat'><strong>,</strong></span> <span class='ocrx_word' id='word_1_324' title='bbox 1665 3414 1716 3467; x_wconf 90' lang='lat' dir='ltr'><strong>id</strong></span> <span class='ocrx_word' id='word_1_325' title='bbox 1746 3426 1827 3469; x_wconf 84' lang='lat' dir='ltr'><strong>cst</strong></span> <span class='ocrx_word' id='word_1_326' title='bbox 1856 3418 1959 3472; x_wconf 87' lang='lat' dir='ltr'><strong>sub</strong></span> 
     </span>
    </p>
   </div>
   <div class='ocr_carea' id='block_1_47' title="bbox 386 3493 1957 3578">
    <p class='ocr_par' dir='ltr' id='par_1_47' title="bbox 386 3493 1957 3578">
     <span class='ocr_line' id='line_1_47' title="bbox 386 3493 1957 3578; baseline 0.009 -29"><span class='ocrx_word' id='word_1_327' title='bbox 386 3493 537 3560; x_wconf 82' lang='lat' dir='ltr'><strong>Ozia,</strong></span> <span class='ocrx_word' id='word_1_328' title='bbox 592 3493 877 3563; x_wconf 65' lang='lat' dir='ltr'><strong>Joatham,</strong></span> <span class='ocrx_word' id='word_1_329' title='bbox 934 3501 1113 3555; x_wconf 85' lang='lat' dir='ltr'><strong>Achaz</strong></span> <span class='ocrx_word' id='word_1_330' title='bbox 1166 3511 1221 3557; x_wconf 92' lang='lat' dir='ltr'><strong>et</strong></span> <span class='ocrx_word' id='word_1_331' title='bbox 1266 3502 1519 3559; x_wconf 76' lang='lat' dir='ltr'><strong>Ezechia.</strong></span> <span class='ocrx_word' id='word_1_332' title='bbox 1578 3504 1790 3559; x_wconf 85' lang='lat' dir='ltr'><strong>Mortuo</strong></span> <span class='ocrx_word' id='word_1_333' title='bbox 1825 3523 1957 3578; x_wconf 73' lang='lat' dir='ltr'><strong>ergo</strong></span> 
     </span>
    </p>
   </div>
   <div class='ocr_carea' id='block_1_48' title="bbox 387 3585 1956 3666">
    <p class='ocr_par' dir='ltr' id='par_1_48' title="bbox 387 3585 1956 3666">
     <span class='ocr_line' id='line_1_48' title="bbox 387 3585 1956 3666; baseline 0.006 -25"><span class='ocrx_word' id='word_1_334' title='bbox 387 3585 534 3649; x_wconf 79' lang='lat' dir='ltr'><strong>Ozia,</strong></span> <span class='ocrx_word' id='word_1_335' title='bbox 561 3591 661 3642; x_wconf 88' lang='lat' dir='ltr'><strong>sub</strong></span> <span class='ocrx_word' id='word_1_336' title='bbox 692 3606 802 3658; x_wconf 88' lang='lat' dir='ltr'><strong>quo</strong></span> <span class='ocrx_word' id='word_1_337' title='bbox 832 3591 972 3646; x_wconf 87' lang='lat' dir='ltr'><strong>dicta</strong></span> <span class='ocrx_word' id='word_1_338' title='bbox 1004 3604 1131 3648; x_wconf 87' lang='lat' dir='ltr'><strong>sunt</strong></span> <span class='ocrx_word' id='word_1_339' title='bbox 1152 3597 1427 3655; x_wconf 81' lang='lat' dir='ltr'><strong>universa.</strong></span> <span class='ocrx_word' id='word_1_340' title='bbox 1458 3613 1577 3666; x_wconf 67' lang='lat' dir='ltr'><strong>quae</strong></span> <span class='ocrx_word' id='word_1_341' title='bbox 1602 3613 1765 3666; x_wconf 84' lang='lat' dir='ltr'><strong>supra</strong></span> <span class='ocrx_word' id='word_1_342' title='bbox 1790 3615 1956 3666; x_wconf 78' lang='lat' dir='ltr'><strong>expo-</strong></span> 
     </span>
    </p>
   </div>
   <div class='ocr_carea' id='block_1_49' title="bbox 2062 2497 3631 2574">
    <p class='ocr_par' dir='ltr' id='par_1_49' title="bbox 2062 2497 3631 2574">
     <span class='ocr_line' id='line_1_49' title="bbox 2062 2497 3631 2574; baseline -0.009 -16"><span class='ocrx_word' id='word_1_343' title='bbox 2062 2504 2215 2574; x_wconf 84' lang='lat' dir='ltr'><strong>cujus</strong></span> <span class='ocrx_word' id='word_1_344' title='bbox 2238 2504 2435 2556; x_wconf 77' lang='lat' dir='ltr'><strong>creium</strong></span> <span class='ocrx_word' id='word_1_345' title='bbox 2465 2501 2693 2554; x_wconf 87' lang='lat' dir='ltr'><strong>thronus</strong></span> <span class='ocrx_word' id='word_1_346' title='bbox 2710 2507 2814 2562; x_wconf 89' lang='lat' dir='ltr'><strong>est,</strong></span> <span class='ocrx_word' id='word_1_347' title='bbox 2846 2508 2899 2552; x_wconf 92' lang='lat' dir='ltr'><strong>et</strong></span> <span class='ocrx_word' id='word_1_348' title='bbox 2927 2510 3071 2550; x_wconf 82' lang='lat' dir='ltr'><strong>terra</strong></span> <span class='ocrx_word' id='word_1_349' title='bbox 3110 2498 3408 2551; x_wconf 85' lang='lat' dir='ltr'><strong>scabellum</strong></span> <span class='ocrx_word' id='word_1_350' title='bbox 3435 2497 3631 2563; x_wconf 87' lang='lat' dir='ltr'><strong>pedmu</strong></span> 
     </span>
    </p>
   </div>
   <div class='ocr_carea' id='block_1_50' title="bbox 2061 2586 3633 2661">
    <p class='ocr_par' dir='ltr' id='par_1_50' title="bbox 2061 2586 3633 2661">
     <span class='ocr_line' id='line_1_50' title="bbox 2061 2586 3633 2661; baseline -0.007 -13"><span class='ocrx_word' id='word_1_351' title='bbox 2061 2598 2209 2661; x_wconf 75' lang='lat' dir='ltr'><strong>eius;</strong></span> <span class='ocrx_word' id='word_1_352' title='bbox 2238 2593 2387 2646; x_wconf 88' lang='lat' dir='ltr'><strong>etde</strong></span> <span class='ocrx_word' id='word_1_353' title='bbox 2422 2608 2529 2660; x_wconf 89' lang='lat' dir='ltr'><strong>quo</strong></span> <span class='ocrx_word' id='word_1_354' title='bbox 2587 2590 2640 2643; x_wconf 92' lang='lat' dir='ltr'><strong>in</strong></span> <span class='ocrx_word' id='word_1_355' title='bbox 2688 2590 2794 2643; x_wconf 90' lang='lat' dir='ltr'><strong>alio</strong></span> <span class='ocrx_word' id='word_1_356' title='bbox 2837 2589 2957 2642; x_wconf 84' lang='lat' dir='ltr'><strong>loco</strong></span> <span class='ocrx_word' id='word_1_357' title='bbox 2988 2589 3220 2657; x_wconf 75' lang='lat' dir='ltr'><strong>legimus</strong></span> <span class='ocrx_word' id='word_1_358' title='bbox 3249 2606 3261 2641; x_wconf 94' lang='lat'><strong>:</strong></span> <span class='ocrx_word' id='word_1_359' title='bbox 3301 2586 3554 2638; x_wconf 78' lang='lat' dir='ltr'><strong>Dominus</strong></span> <span class='ocrx_word' id='word_1_360' title='bbox 3580 2588 3633 2637; x_wconf 81' lang='lat' dir='ltr'><strong>in</strong></span> 
     </span>
    </p>
   </div>
   <div class='ocr_carea' id='block_1_51' title="bbox 2064 2676 3633 2753">
    <p class='ocr_par' dir='ltr' id='par_1_51' title="bbox 2064 2676 3633 2753">
     <span class='ocr_line' id='line_1_51' title="bbox 2064 2676 3633 2753; baseline -0.008 -14"><span class='ocrx_word' id='word_1_361' title='bbox 2064 2684 2273 2753; x_wconf 70' lang='lat' dir='ltr'><strong>Templa</strong></span> <span class='ocrx_word' id='word_1_362' title='bbox 2332 2692 2513 2738; x_wconf 76' lang='lat' dir='ltr'><strong>sancto</strong></span> <span class='ocrx_word' id='word_1_363' title='bbox 2564 2698 2683 2746; x_wconf 86' lang='lat' dir='ltr'><strong>suo,</strong></span> <span class='ocrx_word' id='word_1_364' title='bbox 2726 2681 2978 2735; x_wconf 88' lang='lat' dir='ltr'><strong>Dominus</strong></span> <span class='ocrx_word' id='word_1_365' title='bbox 3031 2681 3088 2734; x_wconf 86' lang='lat' dir='ltr'><strong>in</strong></span> <span class='ocrx_word' id='word_1_366' title='bbox 3140 2679 3266 2732; x_wconf 60' lang='lat' dir='ltr'><strong>emta</strong></span> <span class='ocrx_word' id='word_1_367' title='bbox 3321 2677 3465 2731; x_wconf 84' lang='lat' dir='ltr'><strong>sedes</strong></span> <span class='ocrx_word' id='word_1_368' title='bbox 3520 2676 3633 2744; x_wconf 78' lang='lat' dir='ltr'><strong>ejus</strong></span> 
     </span>
    </p>
   </div>
   <div class='ocr_carea' id='block_1_52' title="bbox 2063 2772 3630 2850">
    <p class='ocr_par' dir='ltr' id='par_1_52' title="bbox 2063 2772 3630 2850">
     <span class='ocr_line' id='line_1_52' title="bbox 2063 2772 3630 2850; baseline -0.008 -19"><span class='ocrx_word' id='word_1_369' title='bbox 2063 2778 2171 2850; x_wconf 82' lang='lat' dir='ltr'><strong>(Ps.</strong></span> <span class='ocrx_word' id='word_1_370' title='bbox 2203 2794 2256 2837; x_wconf 72' lang='grc' dir='ltr'>ι.</span> <span class='ocrx_word' id='word_1_371' title='bbox 2288 2778 2377 2843; x_wconf 80' lang='grc'><strong>5›;</strong></span> <span class='ocrx_word' id='word_1_372' title='bbox 2433 2778 2524 2831; x_wconf 82' lang='lat' dir='ltr'><strong>sed</strong></span> <span class='ocrx_word' id='word_1_373' title='bbox 2576 2790 2638 2830; x_wconf 87' lang='lat' dir='ltr'><strong>ea</strong></span> <span class='ocrx_word' id='word_1_374' title='bbox 2686 2791 2808 2844; x_wconf 73' lang='lat' dir='ltr'><strong>qua:</strong></span> <span class='ocrx_word' id='word_1_375' title='bbox 2853 2776 2955 2830; x_wconf 88' lang='lat' dir='ltr'><strong>sub</strong></span> <span class='ocrx_word' id='word_1_376' title='bbox 3010 2772 3237 2839; x_wconf 84' lang='lat' dir='ltr'><strong>pedibus</strong></span> <span class='ocrx_word' id='word_1_377' title='bbox 3283 2772 3400 2838; x_wconf 81' lang='lat' dir='ltr'><strong>ejus</strong></span> <span class='ocrx_word' id='word_1_378' title='bbox 3450 2778 3630 2827; x_wconf 67' lang='lat' dir='ltr'><strong>erant,</strong></span> 
     </span>
    </p>
   </div>
   <div class='ocr_carea' id='block_1_53' title="bbox 2057 2861 3634 2940">
    <p class='ocr_par' dir='ltr' id='par_1_53' title="bbox 2057 2861 3634 2940">
     <span class='ocr_line' id='line_1_53' title="bbox 2057 2861 3634 2940; baseline -0.006 -17"><span class='ocrx_word' id='word_1_379' title='bbox 2057 2871 2168 2940; x_wconf 81' lang='lat'><strong>90</strong></span> <span class='ocrx_word' id='word_1_380' title='bbox 2230 2868 2523 2935; x_wconf 59' lang='lat' dir='ltr'><strong>implebant</strong></span> <span class='ocrx_word' id='word_1_381' title='bbox 2584 2865 2891 2934; x_wconf 82' lang='lat' dir='ltr'><strong>Templum.</strong></span> <span class='ocrx_word' id='word_1_382' title='bbox 2968 2864 3097 2930; x_wconf 74' lang='lat' dir='ltr'><strong>Quis</strong></span> <span class='ocrx_word' id='word_1_383' title='bbox 3161 2864 3228 2915; x_wconf 74' lang='lat' dir='ltr'><strong>sit</strong></span> <span class='ocrx_word' id='word_1_384' title='bbox 3288 2872 3466 2915; x_wconf 88' lang='lat' dir='ltr'><strong>autem</strong></span> <span class='ocrx_word' id='word_1_385' title='bbox 3534 2861 3634 2913; x_wconf 87' lang='lat' dir='ltr'><strong>iste</strong></span> 
     </span>
    </p>
   </div>
   <div class='ocr_carea' id='block_1_54' title="bbox 2061 2950 3630 3026">
    <p class='ocr_par' dir='ltr' id='par_1_54' title="bbox 2061 2950 3630 3026">
     <span class='ocr_line' id='line_1_54' title="bbox 2061 2950 3630 3026; baseline -0.006 -14"><span class='ocrx_word' id='word_1_386' title='bbox 2061 2958 2321 3013; x_wconf 85' lang='lat' dir='ltr'><strong>Dominus</strong></span> <span class='ocrx_word' id='word_1_387' title='bbox 2370 2955 2460 3026; x_wconf 87' lang='lat' dir='ltr'><strong>qui</strong></span> <span class='ocrx_word' id='word_1_388' title='bbox 2508 2955 2749 3015; x_wconf 89' lang='lat' dir='ltr'><strong>videtur,</strong></span> <span class='ocrx_word' id='word_1_389' title='bbox 2785 2955 2836 3006; x_wconf 91' lang='lat' dir='ltr'><strong>in</strong></span> <span class='ocrx_word' id='word_1_390' title='bbox 2869 2954 3195 3022; x_wconf 73' lang='lat' dir='ltr'><strong>erangelista</strong></span> <span class='ocrx_word' id='word_1_391' title='bbox 3227 2950 3453 3014; x_wconf 74' lang='lat' dir='ltr'><strong>Joanne,</strong></span> <span class='ocrx_word' id='word_1_392' title='bbox 3483 2960 3535 3002; x_wconf 72' lang='grc' dir='ltr'><strong>ιιι</strong></span> <span class='ocrx_word' id='word_1_393' title='bbox 3579 2950 3630 3002; x_wconf 91' lang='lat' dir='ltr'><strong>in</strong></span> 
     </span>
    </p>
   </div>
   <div class='ocr_carea' id='block_1_55' title="bbox 2058 3039 3633 3119">
    <p class='ocr_par' dir='ltr' id='par_1_55' title="bbox 2058 3039 3633 3119">
     <span class='ocr_line' id='line_1_55' title="bbox 2058 3039 3633 3119; baseline -0.01 -16"><span class='ocrx_word' id='word_1_394' title='bbox 2058 3049 2435 3119; x_wconf 77' lang='lat' dir='ltr'><strong>Apustolorum</strong></span> <span class='ocrx_word' id='word_1_395' title='bbox 2468 3045 2619 3100; x_wconf 75' lang='lat' dir='ltr'><strong>Actis</strong></span> <span class='ocrx_word' id='word_1_396' title='bbox 2645 3045 2857 3114; x_wconf 86' lang='lat' dir='ltr'><strong>plenius</strong></span> <span class='ocrx_word' id='word_1_397' title='bbox 2894 3042 3172 3097; x_wconf 79' lang='lat' dir='ltr'><strong>discimus.</strong></span> <span class='ocrx_word' id='word_1_398' title='bbox 3203 3040 3439 3107; x_wconf 85' lang='lat' dir='ltr'><strong>Quorum</strong></span> <span class='ocrx_word' id='word_1_399' title='bbox 3473 3039 3633 3091; x_wconf 67' lang='lat' dir='ltr'><strong>Joan-</strong></span> 
     </span>
    </p>
   </div>
   <div class='ocr_carea' id='block_1_56' title="bbox 2061 3131 3630 3203">
    <p class='ocr_par' dir='ltr' id='par_1_56' title="bbox 2061 3131 3630 3203">
     <span class='ocr_line' id='line_1_56' title="bbox 2061 3131 3630 3203; baseline -0.01 -6"><span class='ocrx_word' id='word_1_400' title='bbox 2061 3158 2159 3197; x_wconf 85' lang='lat' dir='ltr'><strong>nes</strong></span> <span class='ocrx_word' id='word_1_401' title='bbox 2204 3142 2280 3196; x_wconf 85' lang='lat' dir='ltr'><strong>ait</strong></span> <span class='ocrx_word' id='word_1_402' title='bbox 2328 3158 2342 3193; x_wconf 90' lang='lat'><strong>:</strong></span> <span class='ocrx_word' id='word_1_403' title='bbox 2392 3138 2517 3193; x_wconf 75' lang='lat' dir='ltr'><strong>Ha&#39;c</strong></span> <span class='ocrx_word' id='word_1_404' title='bbox 2560 3138 2693 3191; x_wconf 74' lang='lat' dir='ltr'><strong>dixit</strong></span> <span class='ocrx_word' id='word_1_405' title='bbox 2744 3135 2944 3200; x_wconf 82' lang='lat' dir='ltr'><strong>Isaias,</strong></span> <span class='ocrx_word' id='word_1_406' title='bbox 2990 3135 3198 3203; x_wconf 81' lang='lat' dir='ltr'><strong>quando</strong></span> <span class='ocrx_word' id='word_1_407' title='bbox 3238 3132 3360 3185; x_wconf 82' lang='lat' dir='ltr'><strong>ridit</strong></span> <span class='ocrx_word' id='word_1_408' title='bbox 3407 3131 3630 3200; x_wconf 70' lang='lat' dir='ltr'><strong>gloriam</strong></span> 
     </span>
    </p>
   </div>
   <div class='ocr_carea' id='block_1_57' title="bbox 2055 3220 3629 3303">
    <p class='ocr_par' dir='ltr' id='par_1_57' title="bbox 2055 3220 3629 3303">
     <span class='ocr_line' id='line_1_57' title="bbox 2055 3220 3629 3303; baseline -0.01 -15"><span class='ocrx_word' id='word_1_409' title='bbox 2055 3233 2192 3303; x_wconf 85' lang='lat' dir='ltr'><strong>ejus,</strong></span> <span class='ocrx_word' id='word_1_410' title='bbox 2248 3242 2295 3287; x_wconf 86' lang='lat' dir='ltr'><strong>et</strong></span> <span class='ocrx_word' id='word_1_411' title='bbox 2349 3230 2554 3284; x_wconf 83' lang='lat' dir='ltr'><strong>locutus</strong></span> <span class='ocrx_word' id='word_1_412' title='bbox 2589 3238 2667 3282; x_wconf 84' lang='lat' dir='ltr'><strong>est</strong></span> <span class='ocrx_word' id='word_1_413' title='bbox 2716 3228 2781 3280; x_wconf 85' lang='lat' dir='ltr'><strong>de</strong></span> <span class='ocrx_word' id='word_1_414' title='bbox 2834 3243 2893 3281; x_wconf 86' lang='lat' dir='ltr'><strong>eo</strong></span> <span class='ocrx_word' id='word_1_415' title='bbox 2948 3226 3128 3298; x_wconf 82' lang='lat' dir='ltr'><strong>(Joan.</strong></span> <span class='ocrx_word' id='word_1_416' title='bbox 3188 3240 3282 3285; x_wconf 82' lang='lat' dir='ltr'><strong>xu,</strong></span> <span class='ocrx_word' id='word_1_417' title='bbox 3331 3224 3443 3287; x_wconf 73' lang='grc'><strong>41),</strong></span> <span class='ocrx_word' id='word_1_418' title='bbox 3490 3220 3629 3274; x_wconf 83' lang='lat' dir='ltr'><strong>haud</strong></span> 
     </span>
    </p>
   </div>
   <div class='ocr_carea' id='block_1_58' title="bbox 2058 3313 3631 3395">
    <p class='ocr_par' dir='ltr' id='par_1_58' title="bbox 2058 3313 3631 3395">
     <span class='ocr_line' id='line_1_58' title="bbox 2058 3313 3631 3395; baseline -0.01 -11"><span class='ocrx_word' id='word_1_419' title='bbox 2058 3327 2279 3384; x_wconf 89' lang='lat' dir='ltr'><strong>dubium</strong></span> <span class='ocrx_word' id='word_1_420' title='bbox 2310 3324 2441 3395; x_wconf 90' lang='lat' dir='ltr'><strong>quin</strong></span> <span class='ocrx_word' id='word_1_421' title='bbox 2487 3322 2762 3378; x_wconf 81' lang='lat' dir='ltr'><strong>Christum</strong></span> <span class='ocrx_word' id='word_1_422' title='bbox 2818 3320 3107 3387; x_wconf 72' lang='lat' dir='ltr'><strong>signiticet.</strong></span> <span class='ocrx_word' id='word_1_423' title='bbox 3166 3315 3400 3369; x_wconf 81' lang='lat' dir='ltr'><strong>Rursum</strong></span> <span class='ocrx_word' id='word_1_424' title='bbox 3431 3313 3631 3368; x_wconf 80' lang='lat' dir='ltr'><strong>Paulus</strong></span> 
     </span>
    </p>
   </div>
   <div class='ocr_carea' id='block_1_59' title="bbox 2058 3406 3628 3487">
    <p class='ocr_par' dir='ltr' id='par_1_59' title="bbox 2058 3406 3628 3487">
     <span class='ocr_line' id='line_1_59' title="bbox 2058 3406 3628 3487; baseline -0.01 -12"><span class='ocrx_word' id='word_1_425' title='bbox 2058 3420 2111 3475; x_wconf 86' lang='lat' dir='ltr'><strong>in</strong></span> <span class='ocrx_word' id='word_1_426' title='bbox 2133 3419 2282 3474; x_wconf 82' lang='lat' dir='ltr'><strong>Actis</strong></span> <span class='ocrx_word' id='word_1_427' title='bbox 2302 3415 2706 3487; x_wconf 82' lang='lat' dir='ltr'><strong>Apostolorum,</strong></span> <span class='ocrx_word' id='word_1_428' title='bbox 2724 3413 2812 3467; x_wconf 91' lang='lat' dir='ltr'><strong>ubi</strong></span> <span class='ocrx_word' id='word_1_429' title='bbox 2835 3412 3017 3465; x_wconf 73' lang='lat' dir='ltr'><strong>Retine</strong></span> <span class='ocrx_word' id='word_1_430' title='bbox 3041 3410 3276 3478; x_wconf 87' lang='lat' dir='ltr'><strong>loquitur</strong></span> <span class='ocrx_word' id='word_1_431' title='bbox 3295 3407 3360 3461; x_wconf 80' lang='lat' dir='ltr'><strong>ad</strong></span> <span class='ocrx_word' id='word_1_432' title='bbox 3378 3406 3592 3461; x_wconf 82' lang='lat' dir='ltr'><strong>Jnda-os</strong></span> <span class='ocrx_word' id='word_1_433' title='bbox 3613 3423 3628 3459; x_wconf 88' lang='lat'><strong>:</strong></span> 
     </span>
    </p>
   </div>
   <div class='ocr_carea' id='block_1_60' title="bbox 2057 3497 3630 3578">
    <p class='ocr_par' dir='ltr' id='par_1_60' title="bbox 2057 3497 3630 3578">
     <span class='ocr_line' id='line_1_60' title="bbox 2057 3497 3630 3578; baseline -0.01 -14"><span class='ocrx_word' id='word_1_434' title='bbox 2057 3509 2218 3575; x_wconf 80' lang='lat' dir='ltr'><strong>Bene,</strong></span> <span class='ocrx_word' id='word_1_435' title='bbox 2251 3510 2443 3578; x_wconf 88' lang='lat' dir='ltr'><strong>inquit,</strong></span> <span class='ocrx_word' id='word_1_436' title='bbox 2484 3507 2716 3578; x_wconf 77' lang='lat' dir='ltr'><strong>Spiritus</strong></span> <span class='ocrx_word' id='word_1_437' title='bbox 2739 3519 2951 3560; x_wconf 81' lang='lat' dir='ltr'><strong>sanctus</strong></span> <span class='ocrx_word' id='word_1_438' title='bbox 2973 3504 3175 3556; x_wconf 81' lang='lat' dir='ltr'><strong>locutus</strong></span> <span class='ocrx_word' id='word_1_439' title='bbox 3203 3509 3279 3554; x_wconf 82' lang='lat' dir='ltr'><strong>est</strong></span> <span class='ocrx_word' id='word_1_440' title='bbox 3316 3514 3407 3565; x_wconf 83' lang='lat' dir='ltr'><strong>per</strong></span> <span class='ocrx_word' id='word_1_441' title='bbox 3432 3497 3630 3552; x_wconf 83' lang='lat' dir='ltr'><strong>Isaiam</strong></span> 
     </span>
    </p>
   </div>
   <div class='ocr_carea' id='block_1_61' title="bbox 2056 3590 3632 3673">
    <p class='ocr_par' dir='ltr' id='par_1_61' title="bbox 2056 3590 3632 3673">
     <span class='ocr_line' id='line_1_61' title="bbox 2056 3590 3632 3673; baseline -0.011 -17"><span class='ocrx_word' id='word_1_442' title='bbox 2056 3603 2363 3673; x_wconf 85' lang='lat' dir='ltr'><strong>prophetam</strong></span> <span class='ocrx_word' id='word_1_443' title='bbox 2397 3601 2464 3654; x_wconf 79' lang='lat' dir='ltr'><strong>ad</strong></span> <span class='ocrx_word' id='word_1_444' title='bbox 2488 3609 2662 3669; x_wconf 81' lang='lat' dir='ltr'><strong>patres</strong></span> <span class='ocrx_word' id='word_1_445' title='bbox 2693 3608 2922 3653; x_wconf 83' lang='lat' dir='ltr'><strong>nostros.</strong></span> <span class='ocrx_word' id='word_1_446' title='bbox 2947 3594 3124 3647; x_wconf 80' lang='lat' dir='ltr'><strong>dicens</strong></span> <span class='ocrx_word' id='word_1_447' title='bbox 3143 3608 3162 3647; x_wconf 89' lang='lat'><strong><em>:</em></strong></span> <span class='ocrx_word' id='word_1_448' title='bbox 3203 3590 3348 3645; x_wconf 82' lang='lat' dir='ltr'><strong>Vade</strong></span> <span class='ocrx_word' id='word_1_449' title='bbox 3381 3592 3448 3644; x_wconf 85' lang='lat' dir='ltr'><strong>ad</strong></span> <span class='ocrx_word' id='word_1_450' title='bbox 3465 3605 3632 3658; x_wconf 82' lang='lat' dir='ltr'><strong>popu-</strong></span> 
     </span>
    </p>
   </div>
   <div class='ocr_carea' id='block_1_62' title="bbox 386 3679 3627 3775">
    <p class='ocr_par' dir='ltr' id='par_1_62' title="bbox 386 3679 3627 3775">
     <span class='ocr_line' id='line_1_62' title="bbox 386 3679 3627 3775; baseline 0 -43"><span class='ocrx_word' id='word_1_451' title='bbox 386 3679 616 3743; x_wconf 84' lang='lat' dir='ltr'><strong>suimus,</strong></span> <span class='ocrx_word' id='word_1_452' title='bbox 640 3687 901 3735; x_wconf 84' lang='lat' dir='ltr'><strong>successit</strong></span> <span class='ocrx_word' id='word_1_453' title='bbox 929 3683 1071 3737; x_wconf 75' lang='lat' dir='ltr'><strong>[ilius</strong></span> <span class='ocrx_word' id='word_1_454' title='bbox 1105 3688 1225 3770; x_wconf 70' lang='lat' dir='ltr'><strong>ejus</strong></span> <span class='ocrx_word' id='word_1_455' title='bbox 1257 3687 1533 3751; x_wconf 80' lang='lat' dir='ltr'><strong>Joatham,</strong></span> <span class='ocrx_word' id='word_1_456' title='bbox 1574 3691 1665 3758; x_wconf 86' lang='lat' dir='ltr'><strong>qui</strong></span> <span class='ocrx_word' id='word_1_457' title='bbox 1706 3692 1952 3759; x_wconf 74' lang='lat' dir='ltr'><strong>regnavit</strong></span> <span class='ocrx_word' id='word_1_458' title='bbox 1984 3719 2023 3775; x_wconf 68' lang='grc' dir='ltr'><em>ε</em></span> <span class='ocrx_word' id='word_1_459' title='bbox 2058 3696 2166 3748; x_wconf 85' lang='lat' dir='ltr'><strong>lum</strong></span> <span class='ocrx_word' id='word_1_460' title='bbox 2200 3695 2449 3755; x_wconf 83' lang='lat' dir='ltr'><strong>istum,el</strong></span> <span class='ocrx_word' id='word_1_461' title='bbox 2484 3693 2607 3743; x_wconf 76' lang='lat' dir='ltr'><strong>die:</strong></span> <span class='ocrx_word' id='word_1_462' title='bbox 2643 3690 2784 3741; x_wconf 84' lang='lat' dir='ltr'><strong>Aure</strong></span> <span class='ocrx_word' id='word_1_463' title='bbox 2801 3688 3047 3750; x_wconf 75' lang='lat' dir='ltr'><strong>audietis,</strong></span> <span class='ocrx_word' id='word_1_464' title='bbox 3083 3695 3257 3737; x_wconf 84' lang='lat' dir='ltr'><strong>etnon</strong></span> <span class='ocrx_word' id='word_1_465' title='bbox 3296 3682 3627 3750; x_wconf 78' lang='lat' dir='ltr'><strong>intelligetis,</strong></span> 
     </span>
    </p>
   </div>
   <div class='ocr_carea' id='block_1_63' title="bbox 385 3771 1950 3848">
    <p class='ocr_par' dir='ltr' id='par_1_63' title="bbox 385 3771 1950 3848">
     <span class='ocr_line' id='line_1_63' title="bbox 385 3771 1950 3848; baseline 0.008 -26"><span class='ocrx_word' id='word_1_466' title='bbox 385 3771 539 3824; x_wconf 87' lang='lat' dir='ltr'><strong>annis</strong></span> <span class='ocrx_word' id='word_1_467' title='bbox 570 3771 825 3835; x_wconf 87' lang='lat' dir='ltr'><strong>sedecim,</strong></span> <span class='ocrx_word' id='word_1_468' title='bbox 857 3785 909 3827; x_wconf 89' lang='lat' dir='ltr'><strong>et</strong></span> <span class='ocrx_word' id='word_1_469' title='bbox 931 3775 1055 3829; x_wconf 78' lang='lat' dir='ltr'><strong>&#39;ecit</strong></span> <span class='ocrx_word' id='word_1_470' title='bbox 1080 3787 1279 3830; x_wconf 88' lang='lat' dir='ltr'><strong>rectum</strong></span> <span class='ocrx_word' id='word_1_471' title='bbox 1309 3779 1362 3832; x_wconf 92' lang='lat' dir='ltr'><strong>in</strong></span> <span class='ocrx_word' id='word_1_472' title='bbox 1396 3792 1687 3848; x_wconf 74' lang='lat' dir='ltr'><strong>conspectu</strong></span> <span class='ocrx_word' id='word_1_473' title='bbox 1717 3780 1950 3844; x_wconf 87' lang='lat' dir='ltr'><strong>Domini,</strong></span> 
     </span>
    </p>
   </div>
   <div class='ocr_carea' id='block_1_64' title="bbox 385 3865 1953 3941">
    <p class='ocr_par' dir='ltr' id='par_1_64' title="bbox 385 3865 1953 3941">
     <span class='ocr_line' id='line_1_64' title="bbox 385 3865 1953 3941; baseline 0.009 -29"><span class='ocrx_word' id='word_1_474' title='bbox 385 3871 439 3916; x_wconf 85' lang='lat' dir='ltr'><strong>et</strong></span> <span class='ocrx_word' id='word_1_475' title='bbox 476 3873 686 3929; x_wconf 81' lang='lat' dir='ltr'><strong>portam</strong></span> <span class='ocrx_word' id='word_1_476' title='bbox 721 3865 903 3933; x_wconf 87' lang='lat' dir='ltr'><strong>templi</strong></span> <span class='ocrx_word' id='word_1_477' title='bbox 938 3866 1235 3921; x_wconf 75' lang='lat' dir='ltr'><strong>aedificavit</strong></span> <span class='ocrx_word' id='word_1_478' title='bbox 1279 3870 1573 3924; x_wconf 77' lang='lat' dir='ltr'><strong>excelsam.</strong></span> <span class='ocrx_word' id='word_1_479' title='bbox 1627 3870 1745 3937; x_wconf 86' lang='lat' dir='ltr'><strong>Quo</strong></span> <span class='ocrx_word' id='word_1_480' title='bbox 1780 3873 1953 3941; x_wconf 87' lang='lat' dir='ltr'><strong>impe-</strong></span> 
     </span>
    </p>
   </div>
   <div class='ocr_carea' id='block_1_65' title="bbox 384 3952 1951 4028">
    <p class='ocr_par' dir='ltr' id='par_1_65' title="bbox 384 3952 1951 4028">
     <span class='ocr_line' id='line_1_65' title="bbox 384 3952 1951 4028; baseline 0.009 -26"><span class='ocrx_word' id='word_1_481' title='bbox 384 3958 559 4011; x_wconf 85' lang='lat' dir='ltr'><strong>rante,</strong></span> <span class='ocrx_word' id='word_1_482' title='bbox 594 3952 910 4007; x_wconf 83' lang='lat' dir='ltr'><strong>viditlsaias</strong></span> <span class='ocrx_word' id='word_1_483' title='bbox 931 3957 1210 4010; x_wconf 85' lang='lat' dir='ltr'><strong>sedentem</strong></span> <span class='ocrx_word' id='word_1_484' title='bbox 1246 3957 1529 4013; x_wconf 84' lang='lat' dir='ltr'><strong>Dominum</strong></span> <span class='ocrx_word' id='word_1_485' title='bbox 1562 3976 1726 4028; x_wconf 88' lang='lat' dir='ltr'><strong>super</strong></span> <span class='ocrx_word' id='word_1_486' title='bbox 1754 3962 1951 4016; x_wconf 90' lang='lat' dir='ltr'><strong>solium</strong></span> 
     </span>
    </p>
   </div>
   <div class='ocr_carea' id='block_1_66' title="bbox 382 4043 1951 4120">
    <p class='ocr_par' dir='ltr' id='par_1_66' title="bbox 382 4043 1951 4120">
     <span class='ocr_line' id='line_1_66' title="bbox 382 4043 1951 4120; baseline 0.009 -27"><span class='ocrx_word' id='word_1_487' title='bbox 382 4043 653 4097; x_wconf 65' lang='lat' dir='ltr'><strong>exr-elsum</strong></span> <span class='ocrx_word' id='word_1_488' title='bbox 686 4056 740 4098; x_wconf 89' lang='lat' dir='ltr'><strong>et</strong></span> <span class='ocrx_word' id='word_1_489' title='bbox 771 4045 1059 4110; x_wconf 81' lang='lat' dir='ltr'><strong>elevatum,</strong></span> <span class='ocrx_word' id='word_1_490' title='bbox 1095 4057 1154 4104; x_wconf 88' lang='lat' dir='ltr'><strong>ut</strong></span> <span class='ocrx_word' id='word_1_491' title='bbox 1185 4050 1424 4104; x_wconf 88' lang='lat' dir='ltr'><strong>habitum</strong></span> <span class='ocrx_word' id='word_1_492' title='bbox 1466 4054 1738 4120; x_wconf 80' lang='lat' dir='ltr'><strong>regnantis</strong></span> <span class='ocrx_word' id='word_1_493' title='bbox 1766 4064 1951 4108; x_wconf 86' lang='lat' dir='ltr'><strong>osten-</strong></span> 
     </span>
    </p>
   </div>
   <div class='ocr_carea' id='block_1_67' title="bbox 384 4133 556 4189">
    <p class='ocr_par' dir='ltr' id='par_1_67' title="bbox 384 4133 556 4189">
     <span class='ocr_line' id='line_1_67' title="bbox 384 4133 556 4189; baseline 0.006 -3"><span class='ocrx_word' id='word_1_494' title='bbox 384 4133 556 4189; x_wconf 87' lang='lat' dir='ltr'><strong>deret.</strong></span> 
     </span>
    </p>
   </div>
   <div class='ocr_carea' id='block_1_68' title="bbox 457 4227 1946 4307">
    <p class='ocr_par' dir='ltr' id='par_1_68' title="bbox 457 4227 1946 4307">
     <span class='ocr_line' id='line_1_68' title="bbox 457 4227 1946 4307; baseline 0.006 -27"><span class='ocrx_word' id='word_1_495' title='bbox 457 4246 476 4280; x_wconf 82' lang='lat' dir='ltr'><strong>s</strong></span> <span class='ocrx_word' id='word_1_496' title='bbox 507 4227 572 4282; x_wconf 85' lang='lat' dir='ltr'><strong>Et</strong></span> <span class='ocrx_word' id='word_1_497' title='bbox 592 4245 653 4282; x_wconf 82' lang='lat' dir='ltr'><strong>ea</strong></span> <span class='ocrx_word' id='word_1_498' title='bbox 678 4244 799 4299; x_wconf 80' lang='lat' dir='ltr'><strong>qua:</strong></span> <span class='ocrx_word' id='word_1_499' title='bbox 818 4232 919 4287; x_wconf 86' lang='lat' dir='ltr'><strong>sub</strong></span> <span class='ocrx_word' id='word_1_500' title='bbox 936 4234 1055 4303; x_wconf 90' lang='lat' dir='ltr'><strong>ipso</strong></span> <span class='ocrx_word' id='word_1_501' title='bbox 1075 4244 1248 4300; x_wconf 72' lang='lat' dir='ltr'><strong>erant,</strong></span> <span class='ocrx_word' id='word_1_502' title='bbox 1270 4236 1566 4305; x_wconf 83' lang='lat' dir='ltr'><strong>implebant</strong></span> <span class='ocrx_word' id='word_1_503' title='bbox 1588 4237 1892 4307; x_wconf 82' lang='lat' dir='ltr'><strong>Templum,</strong></span> <span class='ocrx_word' id='word_1_504' title='bbox 1928 4258 1946 4289; x_wconf 84' lang='lat' dir='ltr'><strong>s</strong></span> 
     </span>
    </p>
   </div>
   <div class='ocr_carea' id='block_1_69' title="bbox 380 4320 1948 4395">
    <p class='ocr_par' dir='ltr' id='par_1_69' title="bbox 380 4320 1948 4395">
     <span class='ocr_line' id='line_1_69' title="bbox 380 4320 1948 4395; baseline 0.008 -22"><span class='ocrx_word' id='word_1_505' title='bbox 380 4322 490 4373; x_wconf 83' lang='lat' dir='ltr'><strong>sive</strong></span> <span class='ocrx_word' id='word_1_506' title='bbox 515 4330 571 4374; x_wconf 90' lang='lat' dir='ltr'><strong>ut</strong></span> <span class='ocrx_word' id='word_1_507' title='bbox 601 4320 906 4377; x_wconf 79' lang='lat' dir='ltr'><strong>Theodotio</strong></span> <span class='ocrx_word' id='word_1_508' title='bbox 933 4335 986 4379; x_wconf 85' lang='lat' dir='ltr'><strong>et</strong></span> <span class='ocrx_word' id='word_1_509' title='bbox 1019 4326 1382 4395; x_wconf 79' lang='lat' dir='ltr'><strong>Symmachus</strong></span> <span class='ocrx_word' id='word_1_510' title='bbox 1405 4331 1798 4384; x_wconf 84' lang='lat' dir='ltr'><strong>transtulerunt</strong></span> <span class='ocrx_word' id='word_1_511' title='bbox 1829 4348 1844 4384; x_wconf 89' lang='lat'><strong>:</strong></span> <span class='ocrx_word' id='word_1_512' title='bbox 1882 4331 1948 4385; x_wconf 78' lang='lat' dir='ltr'><strong>Et</strong></span> 
     </span>
    </p>
   </div>
   <div class='ocr_carea' id='block_1_70' title="bbox 378 4413 1945 4488">
    <p class='ocr_par' dir='ltr' id='par_1_70' title="bbox 378 4413 1945 4488">
     <span class='ocr_line' id='line_1_70' title="bbox 378 4413 1945 4488; baseline 0.01 -26"><span class='ocrx_word' id='word_1_513' title='bbox 378 4426 440 4463; x_wconf 83' lang='lat' dir='ltr'><strong>ea</strong></span> <span class='ocrx_word' id='word_1_514' title='bbox 468 4426 585 4479; x_wconf 68' lang='lat' dir='ltr'><strong>qum</strong></span> <span class='ocrx_word' id='word_1_515' title='bbox 610 4415 707 4465; x_wconf 84' lang='lat' dir='ltr'><strong>sub</strong></span> <span class='ocrx_word' id='word_1_516' title='bbox 732 4413 948 4477; x_wconf 79' lang='lat' dir='ltr'><strong>pedibus</strong></span> <span class='ocrx_word' id='word_1_517' title='bbox 979 4415 1091 4484; x_wconf 82' lang='lat' dir='ltr'><strong>ejus</strong></span> <span class='ocrx_word' id='word_1_518' title='bbox 1121 4430 1295 4480; x_wconf 80' lang='lat' dir='ltr'><strong>erant,</strong></span> <span class='ocrx_word' id='word_1_519' title='bbox 1330 4421 1616 4488; x_wconf 81' lang='lat' dir='ltr'><strong>implebant</strong></span> <span class='ocrx_word' id='word_1_520' title='bbox 1653 4421 1945 4486; x_wconf 76' lang='lat' dir='ltr'><strong>Templum.</strong></span> 
     </span>
    </p>
   </div>
   <div class='ocr_carea' id='block_1_71' title="bbox 378 4501 1950 4584">
    <p class='ocr_par' dir='ltr' id='par_1_71' title="bbox 378 4501 1950 4584">
     <span class='ocr_line' id='line_1_71' title="bbox 378 4501 1950 4584; baseline 0.011 -30"><span class='ocrx_word' id='word_1_521' title='bbox 378 4501 482 4554; x_wconf 82' lang='lat' dir='ltr'><strong>Pro</strong></span> <span class='ocrx_word' id='word_1_522' title='bbox 511 4520 617 4572; x_wconf 84' lang='lat' dir='ltr'><strong>quo</strong></span> <span class='ocrx_word' id='word_1_523' title='bbox 672 4503 807 4558; x_wconf 75' lang='lat' dir='ltr'><strong>LXX</strong></span> <span class='ocrx_word' id='word_1_524' title='bbox 860 4510 1199 4579; x_wconf 81' lang='lat' dir='ltr'><strong>interpretati</strong></span> <span class='ocrx_word' id='word_1_525' title='bbox 1249 4526 1397 4567; x_wconf 88' lang='lat' dir='ltr'><strong>sunt.</strong></span> <span class='ocrx_word' id='word_1_526' title='bbox 1432 4513 1499 4568; x_wconf 78' lang='lat' dir='ltr'><strong>Et</strong></span> <span class='ocrx_word' id='word_1_527' title='bbox 1555 4515 1708 4584; x_wconf 84' lang='lat' dir='ltr'><strong>plena</strong></span> <span class='ocrx_word' id='word_1_528' title='bbox 1765 4518 1950 4571; x_wconf 79' lang='lat' dir='ltr'><strong>domus</strong></span> 
     </span>
    </p>
   </div>
   <div class='ocr_carea' id='block_1_72' title="bbox 376 4591 1951 4663">
    <p class='ocr_par' dir='ltr' id='par_1_72' title="bbox 376 4591 1951 4663">
     <span class='ocr_line' id='line_1_72' title="bbox 376 4591 1951 4663; baseline 0.011 -19"><span class='ocrx_word' id='word_1_529' title='bbox 376 4591 545 4661; x_wconf 84' lang='lat' dir='ltr'><strong>gloria</strong></span> <span class='ocrx_word' id='word_1_530' title='bbox 606 4594 740 4663; x_wconf 81' lang='lat' dir='ltr'><strong>ejus.</strong></span> <span class='ocrx_word' id='word_1_531' title='bbox 801 4597 873 4650; x_wconf 87' lang='lat' dir='ltr'><strong>De</strong></span> <span class='ocrx_word' id='word_1_532' title='bbox 915 4599 1017 4655; x_wconf 78' lang='lat' dir='ltr'><strong>hac</strong></span> <span class='ocrx_word' id='word_1_533' title='bbox 1081 4603 1285 4657; x_wconf 66' lang='lat' dir='ltr'><strong>visione</strong></span> <span class='ocrx_word' id='word_1_534' title='bbox 1338 4616 1464 4658; x_wconf 82' lang='lat' dir='ltr'><strong>ante</strong></span> <span class='ocrx_word' id='word_1_535' title='bbox 1516 4620 1690 4660; x_wconf 87' lang='lat' dir='ltr'><strong>annos</strong></span> <span class='ocrx_word' id='word_1_536' title='bbox 1728 4609 1951 4662; x_wconf 68' lang='lat' dir='ltr'><strong>circiter</strong></span> 
     </span>
    </p>
   </div>
   <div class='ocr_carea' id='block_1_73' title="bbox 378 4686 1947 4770">
    <p class='ocr_par' dir='ltr' id='par_1_73' title="bbox 378 4686 1947 4770">
     <span class='ocr_line' id='line_1_73' title="bbox 378 4686 1947 4770; baseline 0.012 -34"><span class='ocrx_word' id='word_1_537' title='bbox 378 4686 620 4753; x_wconf 86' lang='lat' dir='ltr'><strong>triginta,</strong></span> <span class='ocrx_word' id='word_1_538' title='bbox 650 4705 770 4742; x_wconf 88' lang='lat' dir='ltr'><strong>cum</strong></span> <span class='ocrx_word' id='word_1_539' title='bbox 805 4707 977 4745; x_wconf 85' lang='lat' dir='ltr'><strong>essem</strong></span> <span class='ocrx_word' id='word_1_540' title='bbox 1019 4697 1038 4726; x_wconf 80' lang='grc'><strong><em>²</em></strong></span> <span class='ocrx_word' id='word_1_541' title='bbox 1068 4694 1559 4767; x_wconf 78' lang='lat' dir='ltr'><strong>Constantinopoli,</strong></span> <span class='ocrx_word' id='word_1_542' title='bbox 1593 4708 1647 4753; x_wconf 91' lang='lat' dir='ltr'><strong>et</strong></span> <span class='ocrx_word' id='word_1_543' title='bbox 1681 4704 1820 4770; x_wconf 84' lang='lat' dir='ltr'><strong>apud</strong></span> <span class='ocrx_word' id='word_1_544' title='bbox 1869 4703 1947 4754; x_wconf 79' lang='lat' dir='ltr'><strong>\i-</strong></span> 
     </span>
    </p>
   </div>
   <div class='ocr_carea' id='block_1_74' title="bbox 380 4778 1945 4857">
    <p class='ocr_par' dir='ltr' id='par_1_74' title="bbox 380 4778 1945 4857">
     <span class='ocr_line' id='line_1_74' title="bbox 380 4778 1945 4857; baseline 0.01 -28"><span class='ocrx_word' id='word_1_545' title='bbox 380 4790 496 4829; x_wconf 89' lang='lat' dir='ltr'><strong>rum</strong></span> <span class='ocrx_word' id='word_1_546' title='bbox 554 4778 1061 4849; x_wconf 84' lang='lat' dir='ltr'><strong>eloquentissimum</strong></span> <span class='ocrx_word' id='word_1_547' title='bbox 1133 4786 1451 4854; x_wconf 72' lang='lat' dir='ltr'><strong>Gregorium</strong></span> <span class='ocrx_word' id='word_1_548' title='bbox 1518 4790 1945 4857; x_wconf 75' lang='lat' dir='ltr'><strong>Nazianzepum,</strong></span> 
     </span>
    </p>
   </div>
   <div class='ocr_carea' id='block_1_75' title="bbox 378 4872 1947 4947">
    <p class='ocr_par' dir='ltr' id='par_1_75' title="bbox 378 4872 1947 4947">
     <span class='ocr_line' id='line_1_75' title="bbox 378 4872 1947 4947; baseline 0.012 -28"><span class='ocrx_word' id='word_1_549' title='bbox 378 4876 507 4924; x_wconf 89' lang='lat' dir='ltr'><strong>tunc</strong></span> <span class='ocrx_word' id='word_1_550' title='bbox 544 4872 791 4937; x_wconf 87' lang='lat' dir='ltr'><strong>ejusdem</strong></span> <span class='ocrx_word' id='word_1_551' title='bbox 829 4877 979 4931; x_wconf 86' lang='lat' dir='ltr'><strong>urbis</strong></span> <span class='ocrx_word' id='word_1_552' title='bbox 1030 4880 1371 4947; x_wconf 65' lang='lat' dir='ltr'><strong>epist-ultum,</strong></span> <span class='ocrx_word' id='word_1_553' title='bbox 1427 4895 1741 4938; x_wconf 82' lang='lat' dir='ltr'><strong>sanctarum</strong></span> <span class='ocrx_word' id='word_1_554' title='bbox 1794 4886 1947 4940; x_wconf 68' lang='grc' dir='ltr'><strong>εει-ί.</strong></span> 
     </span>
    </p>
   </div>
   <div class='ocr_carea' id='block_1_76' title="bbox 374 4968 1946 5035">
    <p class='ocr_par' dir='ltr' id='par_1_76' title="bbox 374 4968 1946 5035">
     <span class='ocr_line' id='line_1_76' title="bbox 374 4968 1946 5035; baseline 0.014 -24"><span class='ocrx_word' id='word_1_555' title='bbox 374 4971 650 5030; x_wconf 85' lang='lat' dir='ltr'><strong>plurarum</strong></span> <span class='ocrx_word' id='word_1_556' title='bbox 679 4968 875 5021; x_wconf 86' lang='lat' dir='ltr'><strong>studiis</strong></span> <span class='ocrx_word' id='word_1_557' title='bbox 902 4972 1171 5035; x_wconf 78' lang='lat' dir='ltr'><strong>erudirer,</strong></span> <span class='ocrx_word' id='word_1_558' title='bbox 1198 4975 1310 5028; x_wconf 86' lang='lat' dir='ltr'><strong>scio</strong></span> <span class='ocrx_word' id='word_1_559' title='bbox 1343 4992 1426 5030; x_wconf 85' lang='lat' dir='ltr'><strong>me</strong></span> <span class='ocrx_word' id='word_1_560' title='bbox 1467 4977 1680 5031; x_wconf 77' lang='lat' dir='ltr'><strong>brevem</strong></span> <span class='ocrx_word' id='word_1_561' title='bbox 1709 4978 1946 5033; x_wconf 84' lang='lat' dir='ltr'><strong>dictasse</strong></span> 
     </span>
    </p>
   </div>
   <div class='ocr_carea' id='block_1_77' title="bbox 2057 3774 3629 3844">
    <p class='ocr_par' dir='ltr' id='par_1_77' title="bbox 2057 3774 3629 3844">
     <span class='ocr_line' id='line_1_77' title="bbox 2057 3774 3629 3844; baseline -0.011 -5"><span class='ocrx_word' id='word_1_562' title='bbox 2057 3795 2104 3839; x_wconf 85' lang='lat' dir='ltr'><strong>et</strong></span> <span class='ocrx_word' id='word_1_563' title='bbox 2149 3785 2378 3837; x_wconf 79' lang='lat' dir='ltr'><strong>uidentes</strong></span> <span class='ocrx_word' id='word_1_564' title='bbox 2428 3781 2691 3844; x_wconf 83' lang='lat' dir='ltr'><strong>ridebitis,</strong></span> <span class='ocrx_word' id='word_1_565' title='bbox 2741 3790 2788 3831; x_wconf 86' lang='lat' dir='ltr'><strong>et</strong></span> <span class='ocrx_word' id='word_1_566' title='bbox 2853 3793 2953 3830; x_wconf 85' lang='lat' dir='ltr'><strong>non</strong></span> <span class='ocrx_word' id='word_1_567' title='bbox 3008 3774 3370 3843; x_wconf 80' lang='lat' dir='ltr'><strong>perspicielis;</strong></span> <span class='ocrx_word' id='word_1_568' title='bbox 3420 3774 3629 3825; x_wconf 80' lang='lat' dir='ltr'><strong>inerns-</strong></span> 
     </span>
    </p>
   </div>
   <div class='ocr_carea' id='block_1_78' title="bbox 2053 3864 3632 3939">
    <p class='ocr_par' dir='ltr' id='par_1_78' title="bbox 2053 3864 3632 3939">
     <span class='ocr_line' id='line_1_78' title="bbox 2053 3864 3632 3939; baseline -0.011 -7"><span class='ocrx_word' id='word_1_569' title='bbox 2053 3888 2225 3932; x_wconf 87' lang='lat' dir='ltr'><strong>satum</strong></span> <span class='ocrx_word' id='word_1_570' title='bbox 2257 3885 2331 3929; x_wconf 83' lang='lat' dir='ltr'><strong>est</strong></span> <span class='ocrx_word' id='word_1_571' title='bbox 2359 3875 2496 3927; x_wconf 87' lang='lat' dir='ltr'><strong>enim</strong></span> <span class='ocrx_word' id='word_1_572' title='bbox 2521 3889 2609 3926; x_wconf 79' lang='lat' dir='ltr'><strong>cor</strong></span> <span class='ocrx_word' id='word_1_573' title='bbox 2641 3868 2819 3939; x_wconf 83' lang='lat' dir='ltr'><strong>populi</strong></span> <span class='ocrx_word' id='word_1_574' title='bbox 2842 3871 3025 3937; x_wconf 83' lang='lat' dir='ltr'><strong>hujus,</strong></span> <span class='ocrx_word' id='word_1_575' title='bbox 3058 3878 3103 3919; x_wconf 88' lang='lat' dir='ltr'><strong>et</strong></span> <span class='ocrx_word' id='word_1_576' title='bbox 3137 3867 3355 3918; x_wconf 77' lang='lat' dir='ltr'><strong>auribus</strong></span> <span class='ocrx_word' id='word_1_577' title='bbox 3400 3864 3632 3933; x_wconf 57' lang='lat' dir='ltr'><strong>gravitrr</strong></span> 
     </span>
    </p>
   </div>
   <div class='ocr_carea' id='block_1_79' title="bbox 2054 3956 3627 4033">
    <p class='ocr_par' dir='ltr' id='par_1_79' title="bbox 2054 3956 3627 4033">
     <span class='ocr_line' id='line_1_79' title="bbox 2054 3956 3627 4033; baseline -0.01 -11"><span class='ocrx_word' id='word_1_578' title='bbox 2054 3972 2356 4033; x_wconf 82' lang='lat' dir='ltr'><strong>audierunt,</strong></span> <span class='ocrx_word' id='word_1_579' title='bbox 2381 3977 2427 4020; x_wconf 88' lang='lat' dir='ltr'><strong>et</strong></span> <span class='ocrx_word' id='word_1_580' title='bbox 2461 3964 2639 4020; x_wconf 84' lang='lat' dir='ltr'><strong>oculos</strong></span> <span class='ocrx_word' id='word_1_581' title='bbox 2670 3978 2792 4016; x_wconf 87' lang='lat' dir='ltr'><strong>suos</strong></span> <span class='ocrx_word' id='word_1_582' title='bbox 2821 3968 3257 4030; x_wconf 80' lang='lat' dir='ltr'><strong>compresserunt,</strong></span> <span class='ocrx_word' id='word_1_583' title='bbox 3284 3974 3347 4010; x_wconf 86' lang='lat' dir='ltr'><strong>ne</strong></span> <span class='ocrx_word' id='word_1_584' title='bbox 3373 3958 3507 4025; x_wconf 71' lang='lat' dir='ltr'><strong>forte</strong></span> <span class='ocrx_word' id='word_1_585' title='bbox 3555 3956 3627 4007; x_wconf 75' lang='lat' dir='ltr'><strong>ri-</strong></span> 
     </span>
    </p>
   </div>
   <div class='ocr_carea' id='block_1_80' title="bbox 2054 4048 3623 4121">
    <p class='ocr_par' dir='ltr' id='par_1_80' title="bbox 2054 4048 3623 4121">
     <span class='ocr_line' id='line_1_80' title="bbox 2054 4048 3623 4121; baseline -0.013 -6"><span class='ocrx_word' id='word_1_586' title='bbox 2054 4068 2211 4115; x_wconf 81' lang='lat' dir='ltr'><strong>deant</strong></span> <span class='ocrx_word' id='word_1_587' title='bbox 2237 4059 2426 4121; x_wconf 86' lang='lat' dir='ltr'><strong>oculis,</strong></span> <span class='ocrx_word' id='word_1_588' title='bbox 2453 4066 2498 4111; x_wconf 82' lang='lat' dir='ltr'><strong>et</strong></span> <span class='ocrx_word' id='word_1_589' title='bbox 2527 4055 2743 4110; x_wconf 80' lang='lat' dir='ltr'><strong>auribus</strong></span> <span class='ocrx_word' id='word_1_590' title='bbox 2768 4053 3015 4113; x_wconf 85' lang='lat' dir='ltr'><strong>audiant,</strong></span> <span class='ocrx_word' id='word_1_591' title='bbox 3043 4061 3091 4104; x_wconf 86' lang='lat' dir='ltr'><strong>et</strong></span> <span class='ocrx_word' id='word_1_592' title='bbox 3125 4051 3278 4103; x_wconf 80' lang='lat' dir='ltr'><strong>rorrle</strong></span> <span class='ocrx_word' id='word_1_593' title='bbox 3309 4048 3623 4115; x_wconf 69' lang='lat' dir='ltr'><strong>intelligunt,</strong></span> 
     </span>
    </p>
   </div>
   <div class='ocr_carea' id='block_1_81' title="bbox 2053 4137 3621 4213">
    <p class='ocr_par' dir='ltr' id='par_1_81' title="bbox 2053 4137 3621 4213">
     <span class='ocr_line' id='line_1_81' title="bbox 2053 4137 3621 4213; baseline -0.009 -8"><span class='ocrx_word' id='word_1_594' title='bbox 2053 4162 2101 4205; x_wconf 87' lang='lat' dir='ltr'><strong>et</strong></span> <span class='ocrx_word' id='word_1_595' title='bbox 2127 4158 2429 4206; x_wconf 81' lang='lat' dir='ltr'><strong>conrertant</strong></span> <span class='ocrx_word' id='word_1_596' title='bbox 2460 4164 2533 4213; x_wconf 83' lang='lat' dir='ltr'><strong>se,</strong></span> <span class='ocrx_word' id='word_1_597' title='bbox 2568 4158 2616 4201; x_wconf 87' lang='lat' dir='ltr'><strong>et</strong></span> <span class='ocrx_word' id='word_1_598' title='bbox 2659 4163 2839 4201; x_wconf 86' lang='lat' dir='ltr'><strong>sanem</strong></span> <span class='ocrx_word' id='word_1_599' title='bbox 2875 4161 2960 4197; x_wconf 77' lang='lat' dir='ltr'><strong>eos</strong></span> <span class='ocrx_word' id='word_1_600' title='bbox 2994 4143 3132 4213; x_wconf 72' lang='lat' dir='ltr'><strong>(Act.</strong></span> <span class='ocrx_word' id='word_1_601' title='bbox 3168 4157 3355 4200; x_wconf 64' lang='lat' dir='ltr'><strong>sunt.</strong></span> <span class='ocrx_word' id='word_1_602' title='bbox 3385 4139 3474 4198; x_wconf 75' lang='lat'><strong>‘25.</strong></span> <span class='ocrx_word' id='word_1_603' title='bbox 3508 4137 3621 4204; x_wconf 67' lang='lat'><strong>9.7).</strong></span> 
     </span>
    </p>
   </div>
   <div class='ocr_carea' id='block_1_82' title="bbox 2057 4232 3627 4306">
    <p class='ocr_par' dir='ltr' id='par_1_82' title="bbox 2057 4232 3627 4306">
     <span class='ocr_line' id='line_1_82' title="bbox 2057 4232 3627 4306; baseline -0.01 -8"><span class='ocrx_word' id='word_1_604' title='bbox 2057 4245 2218 4298; x_wconf 72' lang='lat' dir='ltr'><strong>Visus</strong></span> <span class='ocrx_word' id='word_1_605' title='bbox 2249 4252 2331 4295; x_wconf 86' lang='lat' dir='ltr'><strong>est</strong></span> <span class='ocrx_word' id='word_1_606' title='bbox 2374 4253 2558 4295; x_wconf 84' lang='lat' dir='ltr'><strong>autem</strong></span> <span class='ocrx_word' id='word_1_607' title='bbox 2592 4239 2763 4293; x_wconf 85' lang='lat' dir='ltr'><strong>Filius</strong></span> <span class='ocrx_word' id='word_1_608' title='bbox 2797 4240 2849 4291; x_wconf 90' lang='lat' dir='ltr'><strong>in</strong></span> <span class='ocrx_word' id='word_1_609' title='bbox 2886 4239 3168 4306; x_wconf 82' lang='lat' dir='ltr'><strong>regnantis</strong></span> <span class='ocrx_word' id='word_1_610' title='bbox 3215 4235 3423 4295; x_wconf 88' lang='lat' dir='ltr'><strong>habitu,</strong></span> <span class='ocrx_word' id='word_1_611' title='bbox 3450 4244 3505 4287; x_wconf 91' lang='lat' dir='ltr'><strong>et</strong></span> <span class='ocrx_word' id='word_1_612' title='bbox 3547 4232 3627 4284; x_wconf 84' lang='lat' dir='ltr'><strong>lo-</strong></span> 
     </span>
    </p>
   </div>
   <div class='ocr_carea' id='block_1_83' title="bbox 2052 4326 3627 4403">
    <p class='ocr_par' dir='ltr' id='par_1_83' title="bbox 2052 4326 3627 4403">
     <span class='ocr_line' id='line_1_83' title="bbox 2052 4326 3627 4403; baseline -0.005 -19"><span class='ocrx_word' id='word_1_613' title='bbox 2052 4349 2211 4392; x_wconf 73' lang='lat' dir='ltr'><strong>cuius</strong></span> <span class='ocrx_word' id='word_1_614' title='bbox 2237 4348 2315 4388; x_wconf 83' lang='lat' dir='ltr'><strong>est</strong></span> <span class='ocrx_word' id='word_1_615' title='bbox 2355 4334 2594 4403; x_wconf 84' lang='lat' dir='ltr'><strong>Spiritus</strong></span> <span class='ocrx_word' id='word_1_616' title='bbox 2625 4342 2846 4385; x_wconf 82' lang='lat' dir='ltr'><strong>sanctus</strong></span> <span class='ocrx_word' id='word_1_617' title='bbox 2894 4341 3115 4398; x_wconf 69' lang='lat' dir='ltr'><strong>propter</strong></span> <span class='ocrx_word' id='word_1_618' title='bbox 3146 4326 3478 4382; x_wconf 84' lang='lat' dir='ltr'><strong>consortium</strong></span> <span class='ocrx_word' id='word_1_619' title='bbox 3510 4339 3627 4377; x_wconf 85' lang='lat' dir='ltr'><strong>ma-</strong></span> 
     </span>
    </p>
   </div>
   <div class='ocr_carea' id='block_1_84' title="bbox 2047 4417 3620 4498">
    <p class='ocr_par' dir='ltr' id='par_1_84' title="bbox 2047 4417 3620 4498">
     <span class='ocr_line' id='line_1_84' title="bbox 2047 4417 3620 4498; baseline -0.01 -14"><span class='ocrx_word' id='word_1_620' title='bbox 2047 4430 2284 4498; x_wconf 76' lang='lat' dir='ltr'><strong>jt‘slnlis,</strong></span> <span class='ocrx_word' id='word_1_621' title='bbox 2315 4431 2690 4494; x_wconf 78' lang='lat' dir='ltr'><strong>ttoitatetuque</strong></span> <span class='ocrx_word' id='word_1_622' title='bbox 2742 4423 3085 4479; x_wconf 69' lang='lat' dir='ltr'><strong>substantia}.</strong></span> <span class='ocrx_word' id='word_1_623' title='bbox 3136 4420 3356 4486; x_wconf 67' lang='lat' dir='ltr'><strong>Quaerat</strong></span> <span class='ocrx_word' id='word_1_624' title='bbox 3403 4417 3620 4485; x_wconf 87' lang='lat' dir='ltr'><strong>aliquis,</strong></span> 
     </span>
    </p>
   </div>
   <div class='ocr_carea' id='block_1_85' title="bbox 2051 4512 3618 4589">
    <p class='ocr_par' dir='ltr' id='par_1_85' title="bbox 2051 4512 3618 4589">
     <span class='ocr_line' id='line_1_85' title="bbox 2051 4512 3618 4589; baseline -0.011 -14"><span class='ocrx_word' id='word_1_625' title='bbox 2051 4524 2320 4589; x_wconf 84' lang='lat' dir='ltr'><strong>quomodo</strong></span> <span class='ocrx_word' id='word_1_626' title='bbox 2355 4535 2501 4571; x_wconf 82' lang='lat' dir='ltr'><strong>nth</strong></span> <span class='ocrx_word' id='word_1_627' title='bbox 2531 4518 2793 4584; x_wconf 76' lang='lat' dir='ltr'><strong>Propheta</strong></span> <span class='ocrx_word' id='word_1_628' title='bbox 2830 4515 3116 4567; x_wconf 82' lang='lat' dir='ltr'><strong>Dominum</strong></span> <span class='ocrx_word' id='word_1_629' title='bbox 3147 4512 3347 4566; x_wconf 79' lang='lat' dir='ltr'><strong>vidisse</strong></span> <span class='ocrx_word' id='word_1_630' title='bbox 3370 4525 3428 4564; x_wconf 85' lang='lat' dir='ltr'><strong>se</strong></span> <span class='ocrx_word' id='word_1_631' title='bbox 3454 4512 3618 4573; x_wconf 83' lang='lat' dir='ltr'><strong>dicat,</strong></span> 
     </span>
    </p>
   </div>
   <div class='ocr_carea' id='block_1_86' title="bbox 2051 4600 3621 4669">
    <p class='ocr_par' dir='ltr' id='par_1_86' title="bbox 2051 4600 3621 4669">
     <span class='ocr_line' id='line_1_86' title="bbox 2051 4600 3621 4669; baseline -0.009 -2"><span class='ocrx_word' id='word_1_632' title='bbox 2051 4624 2106 4668; x_wconf 84' lang='lat' dir='ltr'><strong>ct</strong></span> <span class='ocrx_word' id='word_1_633' title='bbox 2140 4628 2243 4665; x_wconf 91' lang='lat' dir='ltr'><strong>non</strong></span> <span class='ocrx_word' id='word_1_634' title='bbox 2277 4612 2521 4663; x_wconf 81' lang='lat' dir='ltr'><strong>absolute</strong></span> <span class='ocrx_word' id='word_1_635' title='bbox 2563 4609 2874 4669; x_wconf 81' lang='lat' dir='ltr'><strong>Dmninum,</strong></span> <span class='ocrx_word' id='word_1_636' title='bbox 2910 4608 3004 4662; x_wconf 85' lang='lat' dir='ltr'><strong>sed</strong></span> <span class='ocrx_word' id='word_1_637' title='bbox 3049 4606 3333 4659; x_wconf 89' lang='lat' dir='ltr'><strong>Dominum</strong></span> <span class='ocrx_word' id='word_1_638' title='bbox 3358 4600 3621 4663; x_wconf 82' lang='lat' dir='ltr'><strong>Sabaoth,</strong></span> 
     </span>
    </p>
   </div>
   <div class='ocr_carea' id='block_1_87' title="bbox 2053 4693 3621 4767">
    <p class='ocr_par' dir='ltr' id='par_1_87' title="bbox 2053 4693 3621 4767">
     <span class='ocr_line' id='line_1_87' title="bbox 2053 4693 3621 4767; baseline -0.007 -11"><span class='ocrx_word' id='word_1_639' title='bbox 2053 4716 2105 4756; x_wconf 93' lang='lat' dir='ltr'><strong>ut</strong></span> <span class='ocrx_word' id='word_1_640' title='bbox 2142 4707 2191 4756; x_wconf 93' lang='lat' dir='ltr'><strong>in</strong></span> <span class='ocrx_word' id='word_1_641' title='bbox 2221 4701 2685 4767; x_wconf 79' lang='lat' dir='ltr'><strong>consequentibus</strong></span> <span class='ocrx_word' id='word_1_642' title='bbox 2706 4700 2821 4767; x_wconf 84' lang='lat' dir='ltr'><strong>ipse</strong></span> <span class='ocrx_word' id='word_1_643' title='bbox 2846 4708 3112 4763; x_wconf 83' lang='lat' dir='ltr'><strong>testatur;</strong></span> <span class='ocrx_word' id='word_1_644' title='bbox 3144 4714 3262 4752; x_wconf 91' lang='lat' dir='ltr'><strong>cum</strong></span> <span class='ocrx_word' id='word_1_645' title='bbox 3288 4693 3621 4762; x_wconf 71' lang='lat' dir='ltr'><strong>evangelista</strong></span> 
     </span>
    </p>
   </div>
   <div class='ocr_carea' id='block_1_88' title="bbox 2050 4784 3619 4857">
    <p class='ocr_par' dir='ltr' id='par_1_88' title="bbox 2050 4784 3619 4857">
     <span class='ocr_line' id='line_1_88' title="bbox 2050 4784 3619 4857; baseline -0.008 -8"><span class='ocrx_word' id='word_1_646' title='bbox 2050 4797 2290 4849; x_wconf 83' lang='lat' dir='ltr'><strong>Joannes</strong></span> <span class='ocrx_word' id='word_1_647' title='bbox 2345 4794 2546 4847; x_wconf 78' lang='lat' dir='ltr'><strong>dixerit</strong></span> <span class='ocrx_word' id='word_1_648' title='bbox 2575 4810 2588 4847; x_wconf 92' lang='lat'>:</span> <span class='ocrx_word' id='word_1_649' title='bbox 2627 4792 2791 4845; x_wconf 77' lang='lat' dir='ltr'><strong>Deum</strong></span> <span class='ocrx_word' id='word_1_650' title='bbox 2826 4809 2973 4845; x_wconf 85' lang='lat' dir='ltr'><strong>nemo</strong></span> <span class='ocrx_word' id='word_1_651' title='bbox 3003 4792 3129 4845; x_wconf 83' lang='lat' dir='ltr'><strong>ridit</strong></span> <span class='ocrx_word' id='word_1_652' title='bbox 3177 4803 3401 4856; x_wconf 80' lang='lat' dir='ltr'><strong>unquam</strong></span> <span class='ocrx_word' id='word_1_653' title='bbox 3435 4784 3619 4857; x_wconf 84' lang='lat' dir='ltr'><strong>(Joan.</strong></span> 
     </span>
    </p>
   </div>
   <div class='ocr_carea' id='block_1_89' title="bbox 2053 4877 3623 4953">
    <p class='ocr_par' dir='ltr' id='par_1_89' title="bbox 2053 4877 3623 4953">
     <span class='ocr_line' id='line_1_89' title="bbox 2053 4877 3623 4953; baseline -0.009 -10"><span class='ocrx_word' id='word_1_654' title='bbox 2053 4907 2088 4947; x_wconf 81' lang='grc' dir='ltr'>ι,</span> <span class='ocrx_word' id='word_1_655' title='bbox 2128 4888 2239 4953; x_wconf 82' lang='grc'><strong>18).</strong></span> <span class='ocrx_word' id='word_1_656' title='bbox 2275 4887 2339 4939; x_wconf 79' lang='lat' dir='ltr'><strong>Et</strong></span> <span class='ocrx_word' id='word_1_657' title='bbox 2384 4889 2451 4939; x_wconf 86' lang='lat' dir='ltr'><strong>ad</strong></span> <span class='ocrx_word' id='word_1_658' title='bbox 2492 4885 2677 4938; x_wconf 79' lang='lat' dir='ltr'><strong>Mosen</strong></span> <span class='ocrx_word' id='word_1_659' title='bbox 2727 4886 2978 4951; x_wconf 89' lang='lat' dir='ltr'><strong>loquatur</strong></span> <span class='ocrx_word' id='word_1_660' title='bbox 3023 4883 3163 4936; x_wconf 90' lang='lat' dir='ltr'><strong>Deus</strong></span> <span class='ocrx_word' id='word_1_661' title='bbox 3205 4900 3218 4935; x_wconf 89' lang='lat'><strong>:</strong></span> <span class='ocrx_word' id='word_1_662' title='bbox 3269 4877 3392 4932; x_wconf 85' lang='lat' dir='ltr'><strong>Non</strong></span> <span class='ocrx_word' id='word_1_663' title='bbox 3433 4879 3623 4946; x_wconf 75' lang='lat' dir='ltr'><strong>potetis</strong></span> 
     </span>
    </p>
   </div>
   <div class='ocr_carea' id='block_1_90' title="bbox 2050 4971 3622 5049">
    <p class='ocr_par' dir='ltr' id='par_1_90' title="bbox 2050 4971 3622 5049">
     <span class='ocr_line' id='line_1_90' title="bbox 2050 4971 3622 5049; baseline -0.008 -16"><span class='ocrx_word' id='word_1_664' title='bbox 2050 4980 2237 5049; x_wconf 77' lang='lat' dir='ltr'><strong>[aciem</strong></span> <span class='ocrx_word' id='word_1_665' title='bbox 2270 4995 2439 5031; x_wconf 87' lang='lat' dir='ltr'><strong>meam</strong></span> <span class='ocrx_word' id='word_1_666' title='bbox 2477 4979 2649 5031; x_wconf 85' lang='lat' dir='ltr'><strong>videre</strong></span> <span class='ocrx_word' id='word_1_667' title='bbox 2695 4994 2713 5032; x_wconf 89' lang='lat'><strong><em>:</em></strong></span> <span class='ocrx_word' id='word_1_668' title='bbox 2742 4993 2907 5047; x_wconf 84' lang='lat' dir='ltr'><strong>neque</strong></span> <span class='ocrx_word' id='word_1_669' title='bbox 2937 4978 3073 5029; x_wconf 84' lang='lat' dir='ltr'><strong>enim</strong></span> <span class='ocrx_word' id='word_1_670' title='bbox 3133 4973 3321 5027; x_wconf 77' lang='lat' dir='ltr'><strong>videbit</strong></span> <span class='ocrx_word' id='word_1_671' title='bbox 3355 4974 3509 5025; x_wconf 83' lang='lat' dir='ltr'><strong>homo</strong></span> <span class='ocrx_word' id='word_1_672' title='bbox 3540 4971 3622 5038; x_wconf 79' lang='lat' dir='ltr'><strong>fa-</strong></span> 
     </span>
    </p>
   </div>
   <div class='ocr_carea' id='block_1_91' title="bbox 374 5053 3622 5138">
    <p class='ocr_par' dir='ltr' id='par_1_91' title="bbox 374 5053 3622 5138">
     <span class='ocr_line' id='line_1_91' title="bbox 374 5053 3622 5138; baseline 0.008 -33"><span class='ocrx_word' id='word_1_673' title='bbox 374 5054 722 5124; x_wconf 88' lang='lat' dir='ltr'><strong>subitumqne</strong></span> <span class='ocrx_word' id='word_1_674' title='bbox 763 5068 1077 5128; x_wconf 81' lang='lat' dir='ltr'><strong>tractatum,</strong></span> <span class='ocrx_word' id='word_1_675' title='bbox 1113 5076 1171 5118; x_wconf 90' lang='lat' dir='ltr'><strong>ut</strong></span> <span class='ocrx_word' id='word_1_676' title='bbox 1223 5077 1274 5120; x_wconf 87' lang='lat' dir='ltr'><strong>et</strong></span> <span class='ocrx_word' id='word_1_677' title='bbox 1318 5069 1746 5136; x_wconf 75' lang='lat' dir='ltr'><strong>experimentum</strong></span> <span class='ocrx_word' id='word_1_678' title='bbox 1785 5088 1941 5136; x_wconf 78' lang='lat' dir='ltr'><strong>capr-</strong></span> <span class='ocrx_word' id='word_1_679' title='bbox 1980 5053 2024 5110; x_wconf 78' lang='grc' dir='ltr'><strong>θ</strong></span> <span class='ocrx_word' id='word_1_680' title='bbox 2052 5074 2181 5127; x_wconf 82' lang='lat' dir='ltr'><strong>ciem</strong></span> <span class='ocrx_word' id='word_1_681' title='bbox 2216 5088 2408 5137; x_wconf 84' lang='lat' dir='ltr'><strong>meam,</strong></span> <span class='ocrx_word' id='word_1_682' title='bbox 2456 5083 2501 5125; x_wconf 89' lang='lat' dir='ltr'><strong>et</strong></span> <span class='ocrx_word' id='word_1_683' title='bbox 2537 5072 2665 5125; x_wconf 84' lang='lat' dir='ltr'><strong>vivet</strong></span> <span class='ocrx_word' id='word_1_684' title='bbox 2717 5068 2915 5138; x_wconf 74' lang='lat' dir='ltr'><strong>(Exod.</strong></span> <span class='ocrx_word' id='word_1_685' title='bbox 2955 5081 3152 5129; x_wconf 66' lang='lat' dir='ltr'><strong>sxsttt,</strong></span> <span class='ocrx_word' id='word_1_686' title='bbox 3195 5065 3313 5133; x_wconf 64' lang='grc'><strong>’20)-</strong></span> <span class='ocrx_word' id='word_1_687' title='bbox 3361 5065 3439 5116; x_wconf 57' lang='lat' dir='ltr'><strong>At!</strong></span> <span class='ocrx_word' id='word_1_688' title='bbox 3482 5062 3622 5129; x_wconf 71' lang='grc' dir='ltr'><strong>(μιοά</strong></span> 
     </span>
    </p>
   </div>
   <div class='ocr_carea' id='block_1_92' title="bbox 374 5147 1939 5222">
    <p class='ocr_par' dir='ltr' id='par_1_92' title="bbox 374 5147 1939 5222">
     <span class='ocr_line' id='line_1_92' title="bbox 374 5147 1939 5222; baseline 0.011 -24"><span class='ocrx_word' id='word_1_689' title='bbox 374 5158 484 5199; x_wconf 87' lang='lat' dir='ltr'><strong>rem</strong></span> <span class='ocrx_word' id='word_1_690' title='bbox 507 5147 768 5217; x_wconf 72' lang='lat' dir='ltr'><strong>ingenioli</strong></span> <span class='ocrx_word' id='word_1_691' title='bbox 799 5154 930 5217; x_wconf 84' lang='lat' dir='ltr'><strong>mei,</strong></span> <span class='ocrx_word' id='word_1_692' title='bbox 963 5167 1015 5208; x_wconf 86' lang='lat' dir='ltr'><strong>et</strong></span> <span class='ocrx_word' id='word_1_693' title='bbox 1065 5156 1255 5211; x_wconf 76' lang='lat' dir='ltr'><strong>amicis</strong></span> <span class='ocrx_word' id='word_1_694' title='bbox 1281 5157 1598 5222; x_wconf 80' lang='lat' dir='ltr'><strong>jnbentibus</strong></span> <span class='ocrx_word' id='word_1_695' title='bbox 1636 5163 1939 5217; x_wconf 84' lang='lat' dir='ltr'><strong>obedircm.</strong></span> 
     </span>
    </p>
   </div>
   <div class='ocr_carea' id='block_1_93' title="bbox 448 5302 1933 5379">
    <p class='ocr_par' dir='ltr' id='par_1_93' title="bbox 448 5302 1933 5379">
     <span class='ocr_line' id='line_1_93' title="bbox 448 5302 1933 5379; baseline 0.007 -22"><span class='ocrx_word' id='word_1_696' title='bbox 448 5302 574 5379; x_wconf 64' lang='grc' dir='ltr'><strong>³ὃὶΔ</strong></span> <span class='ocrx_word' id='word_1_697' title='bbox 614 5318 746 5379; x_wconf 84' lang='lat' dir='ltr'><strong>mss.</strong></span> <span class='ocrx_word' id='word_1_698' title='bbox 800 5305 919 5359; x_wconf 90' lang='lat' dir='ltr'><strong>libri</strong></span> <span class='ocrx_word' id='word_1_699' title='bbox 980 5307 1430 5379; x_wconf 73' lang='lat' dir='ltr'><strong>sullragart-ntnr,</strong></span> <span class='ocrx_word' id='word_1_700' title='bbox 1481 5312 1765 5368; x_wconf 87' lang='lat' dir='ltr'><strong>mallemus</strong></span> <span class='ocrx_word' id='word_1_701' title='bbox 1813 5331 1933 5370; x_wconf 88' lang='lat' dir='ltr'><strong>cum</strong></span> 
     </span>
    </p>
   </div>
   <div class='ocr_carea' id='block_1_94' title="bbox 374 5370 1935 5452">
    <p class='ocr_par' dir='ltr' id='par_1_94' title="bbox 374 5370 1935 5452">
     <span class='ocr_line' id='line_1_94' title="bbox 374 5370 1935 5452; baseline 0.013 -33"><span class='ocrx_word' id='word_1_702' title='bbox 374 5370 615 5452; x_wconf 60' lang='grc' dir='ltr'>νιςιυιὶο</span> <span class='ocrx_word' id='word_1_703' title='bbox 662 5370 1179 5452; x_wconf 38' lang='grc' dir='ltr'>Ιειςιςιιθηιιτειιριιδιιεῖ</span> <span class='ocrx_word' id='word_1_704' title='bbox 1229 5370 1458 5451; x_wconf 70' lang='lat' dir='ltr'><strong>negandi</strong></span> <span class='ocrx_word' id='word_1_705' title='bbox 1497 5387 1781 5452; x_wconf 74' lang='lat' dir='ltr'><strong>particula,</strong></span> <span class='ocrx_word' id='word_1_706' title='bbox 1817 5385 1935 5440; x_wconf 70' lang='lat' dir='ltr'><strong>Non</strong></span> 
     </span>
    </p>
   </div>
   <div class='ocr_carea' id='block_1_95' title="bbox 372 5444 1191 5512">
    <p class='ocr_par' dir='ltr' id='par_1_95' title="bbox 372 5444 1191 5512">
     <span class='ocr_line' id='line_1_95' title="bbox 372 5444 1191 5512; baseline 0.004 -17"><span class='ocrx_word' id='word_1_707' title='bbox 372 5444 585 5512; x_wconf 65' lang='lat' dir='ltr'><strong>sufficit,</strong></span> <span class='ocrx_word' id='word_1_708' title='bbox 620 5447 971 5500; x_wconf 80' lang='lat' dir='ltr'><strong>concitmiore</strong></span> <span class='ocrx_word' id='word_1_709' title='bbox 1010 5444 1191 5503; x_wconf 63' lang='lat' dir='ltr'><strong>suum.</strong></span> 
     </span>
    </p>
   </div>
   <div class='ocr_carea' id='block_1_96' title="bbox 445 5512 1939 5586">
    <p class='ocr_par' dir='ltr' id='par_1_96' title="bbox 445 5512 1939 5586">
     <span class='ocr_line' id='line_1_96' title="bbox 445 5512 1939 5586; baseline 0.011 -22"><span class='ocrx_word' id='word_1_710' title='bbox 445 5512 825 5586; x_wconf 38' lang='lat' dir='ltr'><strong>{Camurium</strong></span> <span class='ocrx_word' id='word_1_711' title='bbox 868 5517 1347 5586; x_wconf 65' lang='lat' dir='ltr'><strong>Constantinopoli,</strong></span> <span class='ocrx_word' id='word_1_712' title='bbox 1385 5533 1489 5575; x_wconf 85' lang='lat' dir='ltr'><strong>etc.</strong></span> <span class='ocrx_word' id='word_1_713' title='bbox 1544 5525 1700 5577; x_wconf 81' lang='lat' dir='ltr'><strong>Anno</strong></span> <span class='ocrx_word' id='word_1_714' title='bbox 1737 5525 1939 5580; x_wconf 82' lang='lat' dir='ltr'><strong>Christi</strong></span> 
     </span>
    </p>
   </div>
   <div class='ocr_carea' id='block_1_97' title="bbox 374 5579 1937 5656">
    <p class='ocr_par' dir='ltr' id='par_1_97' title="bbox 374 5579 1937 5656">
     <span class='ocr_line' id='line_1_97' title="bbox 374 5579 1937 5656; baseline 0.011 -24"><span class='ocrx_word' id='word_1_715' title='bbox 374 5579 497 5639; x_wconf 77' lang='lat'><strong>580,</strong></span> <span class='ocrx_word' id='word_1_716' title='bbox 527 5584 609 5656; x_wconf 63' lang='lat' dir='ltr'><strong>vel</strong></span> <span class='ocrx_word' id='word_1_717' title='bbox 631 5583 755 5647; x_wconf 75' lang='lat'><strong>58],</strong></span> <span class='ocrx_word' id='word_1_718' title='bbox 787 5583 1145 5656; x_wconf 74' lang='lat' dir='ltr'><strong>Hieronymus</strong></span> <span class='ocrx_word' id='word_1_719' title='bbox 1176 5579 1415 5646; x_wconf 76' lang='lat' dir='ltr'><strong>subitum</strong></span> <span class='ocrx_word' id='word_1_720' title='bbox 1449 5602 1733 5646; x_wconf 73' lang='lat' dir='ltr'><strong>tractaturo</strong></span> <span class='ocrx_word' id='word_1_721' title='bbox 1755 5579 1937 5649; x_wconf 33' lang='lat' dir='ltr'><strong>dicta;</strong></span> 
     </span>
    </p>
   </div>
   <div class='ocr_carea' id='block_1_98' title="bbox 375 5652 1936 5731">
    <p class='ocr_par' dir='ltr' id='par_1_98' title="bbox 375 5652 1936 5731">
     <span class='ocr_line' id='line_1_98' title="bbox 375 5652 1936 5731; baseline 0.01 -27"><span class='ocrx_word' id='word_1_722' title='bbox 375 5664 445 5704; x_wconf 63' lang='grc' dir='ltr'><strong>ιιι</strong></span> <span class='ocrx_word' id='word_1_723' title='bbox 477 5652 814 5731; x_wconf 40' lang='grc' dir='ltr'>ει-υιιιιςιευ</span> <span class='ocrx_word' id='word_1_724' title='bbox 846 5652 1010 5731; x_wconf 64' lang='lat' dir='ltr'><strong>papa}</strong></span> <span class='ocrx_word' id='word_1_725' title='bbox 1061 5663 1281 5731; x_wconf 71' lang='lat' dir='ltr'><strong>jubeuti</strong></span> <span class='ocrx_word' id='word_1_726' title='bbox 1320 5660 1584 5714; x_wconf 72' lang='lat' dir='ltr'><strong>dedteavit</strong></span> <span class='ocrx_word' id='word_1_727' title='bbox 1638 5670 1750 5731; x_wconf 80' lang='lat' dir='ltr'><strong>(qui</strong></span> <span class='ocrx_word' id='word_1_728' title='bbox 1795 5669 1936 5720; x_wconf 79' lang='lat' dir='ltr'><strong>imor</strong></span> 
     </span>
    </p>
   </div>
   <div class='ocr_carea' id='block_1_99' title="bbox 375 5726 1933 5799">
    <p class='ocr_par' dir='ltr' id='par_1_99' title="bbox 375 5726 1933 5799">
     <span class='ocr_line' id='line_1_99' title="bbox 375 5726 1933 5799; baseline 0.011 -28"><span class='ocrx_word' id='word_1_729' title='bbox 375 5726 633 5789; x_wconf 73' lang='lat' dir='ltr'><strong>epistolas</strong></span> <span class='ocrx_word' id='word_1_730' title='bbox 674 5728 815 5778; x_wconf 84' lang='lat' dir='ltr'><strong>hunc</strong></span> <span class='ocrx_word' id='word_1_731' title='bbox 843 5728 1016 5779; x_wconf 81' lang='lat' dir='ltr'><strong>locum</strong></span> <span class='ocrx_word' id='word_1_732' title='bbox 1052 5739 1190 5783; x_wconf 77' lang='lat' dir='ltr'><strong>tenet</strong></span> <span class='ocrx_word' id='word_1_733' title='bbox 1232 5730 1339 5799; x_wconf 76' lang='lat'><strong>18).</strong></span> <span class='ocrx_word' id='word_1_734' title='bbox 1372 5726 1651 5786; x_wconf 35' lang='lat' dir='ltr'><strong>lllsnrtasa</strong></span> <span class='ocrx_word' id='word_1_735' title='bbox 1676 5726 1743 5775; x_wconf 67' lang='grc' dir='ltr'><strong>ί·-</strong></span> <span class='ocrx_word' id='word_1_736' title='bbox 1780 5738 1933 5789; x_wconf 71' lang='lat' dir='ltr'><strong>Circa</strong></span> 
     </span>
    </p>
   </div>
   <div class='ocr_carea' id='block_1_100' title="bbox 2053 5153 3619 5235">
    <p class='ocr_par' dir='ltr' id='par_1_100' title="bbox 2053 5153 3619 5235">
     <span class='ocr_line' id='line_1_100' title="bbox 2053 5153 3619 5235; baseline -0.008 -16"><span class='ocrx_word' id='word_1_737' title='bbox 2053 5165 2527 5235; x_wconf 86' lang='lat' dir='ltr'><strong>respondebimus,</strong></span> <span class='ocrx_word' id='word_1_738' title='bbox 2576 5178 2683 5218; x_wconf 91' lang='lat' dir='ltr'><strong>non</strong></span> <span class='ocrx_word' id='word_1_739' title='bbox 2739 5161 2914 5215; x_wconf 88' lang='lat' dir='ltr'><strong>solum</strong></span> <span class='ocrx_word' id='word_1_740' title='bbox 2970 5160 3144 5215; x_wconf 83' lang='lat' dir='ltr'><strong>Patris</strong></span> <span class='ocrx_word' id='word_1_741' title='bbox 3190 5159 3524 5215; x_wconf 80' lang='lat' dir='ltr'><strong>divinitatem</strong></span> <span class='ocrx_word' id='word_1_742' title='bbox 3576 5153 3619 5215; x_wconf 83' lang='grc'><strong>⁸,</strong></span> 
     </span>
    </p>
   </div>
   <div class='ocr_carea' id='block_1_101' title="bbox 2049 5313 3619 5383">
    <p class='ocr_par' dir='ltr' id='par_1_101' title="bbox 2049 5313 3619 5383">
     <span class='ocr_line' id='line_1_101' title="bbox 2049 5313 3619 5383; baseline -0.001 -14"><span class='ocrx_word' id='word_1_743' title='bbox 2049 5319 2284 5371; x_wconf 76' lang='lat' dir='ltr'><strong>medium</strong></span> <span class='ocrx_word' id='word_1_744' title='bbox 2328 5319 2453 5371; x_wconf 89' lang='lat' dir='ltr'><strong>anni</strong></span> <span class='ocrx_word' id='word_1_745' title='bbox 2491 5317 2619 5379; x_wconf 80' lang='grc'><strong>581,</strong></span> <span class='ocrx_word' id='word_1_746' title='bbox 2669 5317 2811 5383; x_wconf 91' lang='lat' dir='ltr'><strong>quod</strong></span> <span class='ocrx_word' id='word_1_747' title='bbox 2860 5317 3018 5370; x_wconf 76' lang='lat' dir='ltr'><strong>nobis</strong></span> <span class='ocrx_word' id='word_1_748' title='bbox 3051 5315 3336 5382; x_wconf 83' lang='lat' dir='ltr'><strong>probatum</strong></span> <span class='ocrx_word' id='word_1_749' title='bbox 3393 5326 3497 5376; x_wconf 86' lang='lat' dir='ltr'><strong>est,</strong></span> <span class='ocrx_word' id='word_1_750' title='bbox 3532 5313 3619 5367; x_wconf 62' lang='lat' dir='ltr'><strong>ubi</strong></span> 
     </span>
    </p>
   </div>
   <div class='ocr_carea' id='block_1_102' title="bbox 2044 5384 3607 5451">
    <p class='ocr_par' dir='ltr' id='par_1_102' title="bbox 2044 5384 3607 5451">
     <span class='ocr_line' id='line_1_102' title="bbox 2044 5384 3607 5451; baseline -0.003 -11"><span class='ocrx_word' id='word_1_751' title='bbox 2044 5403 2167 5440; x_wconf 88' lang='lat' dir='ltr'><strong>eum</strong></span> <span class='ocrx_word' id='word_1_752' title='bbox 2196 5390 2511 5443; x_wconf 74' lang='lat' dir='ltr'><strong>Tractatum</strong></span> <span class='ocrx_word' id='word_1_753' title='bbox 2562 5393 2882 5441; x_wconf 64' lang='lat' dir='ltr'><strong>excudtmtts</strong></span> <span class='ocrx_word' id='word_1_754' title='bbox 2913 5397 3044 5441; x_wconf 84' lang='lat' dir='ltr'><strong>tOnI.</strong></span> <span class='ocrx_word' id='word_1_755' title='bbox 3091 5388 3104 5438; x_wconf 89' lang='grc' dir='ltr'><strong>Ι</strong></span> <span class='ocrx_word' id='word_1_756' title='bbox 3159 5389 3299 5438; x_wconf 86' lang='lat' dir='ltr'><strong>inter</strong></span> <span class='ocrx_word' id='word_1_757' title='bbox 3351 5384 3607 5451; x_wconf 66' lang='lat' dir='ltr'><strong>Cptalﬂlas</strong></span> 
     </span>
    </p>
   </div>
   <div class='ocr_carea' id='block_1_103' title="bbox 2049 5473 2205 5512">
    <p class='ocr_par' dir='ltr' id='par_1_103' title="bbox 2049 5473 2205 5512">
     <span class='ocr_line' id='line_1_103' title="bbox 2049 5473 2205 5512; baseline 0.013 -2"><span class='ocrx_word' id='word_1_758' title='bbox 2049 5473 2205 5512; x_wconf 70' lang='lat' dir='ltr'><strong>XVIII.</strong></span> 
     </span>
    </p>
   </div>
   <div class='ocr_carea' id='block_1_104' title="bbox 2120 5522 3614 5597">
    <p class='ocr_par' dir='ltr' id='par_1_104' title="bbox 2120 5522 3614 5597">
     <span class='ocr_line' id='line_1_104' title="bbox 2120 5522 3614 5597; baseline -0.003 -17"><span class='ocrx_word' id='word_1_759' title='bbox 2120 5527 2140 5558; x_wconf 86' lang='grc'>³</span> <span class='ocrx_word' id='word_1_760' title='bbox 2175 5529 2326 5581; x_wconf 91' lang='lat' dir='ltr'><strong>llunc</strong></span> <span class='ocrx_word' id='word_1_761' title='bbox 2365 5544 2581 5597; x_wconf 81' lang='lat' dir='ltr'><strong>quoque</strong></span> <span class='ocrx_word' id='word_1_762' title='bbox 2626 5528 2806 5580; x_wconf 76' lang='lat' dir='ltr'><strong>locum</strong></span> <span class='ocrx_word' id='word_1_763' title='bbox 2859 5528 3049 5581; x_wconf 65' lang='lat' dir='ltr'><strong>recitat</strong></span> <span class='ocrx_word' id='word_1_764' title='bbox 3079 5543 3141 5579; x_wconf 80' lang='lat' dir='ltr'><strong>ex</strong></span> <span class='ocrx_word' id='word_1_765' title='bbox 3190 5525 3525 5597; x_wconf 69' lang='lat' dir='ltr'><strong>Ilieronyu.o_</strong></span> <span class='ocrx_word' id='word_1_766' title='bbox 3557 5522 3614 5576; x_wconf 87' lang='lat' dir='ltr'><strong>S.</strong></span> 
     </span>
    </p>
   </div>
   <div class='ocr_carea' id='block_1_105' title="bbox 2000 5593 3618 5665">
    <p class='ocr_par' dir='ltr' id='par_1_105' title="bbox 2000 5593 3618 5665">
     <span class='ocr_line' id='line_1_105' title="bbox 2000 5593 3618 5665; baseline -0.004 -16"><span class='ocrx_word' id='word_1_767' title='bbox 2000 5658 2009 5665; x_wconf 34' lang='grc' dir='ltr'><strong><em>ι</em></strong></span> <span class='ocrx_word' id='word_1_768' title='bbox 2045 5593 2396 5665; x_wconf 74' lang='lat' dir='ltr'><strong>Augustinus</strong></span> <span class='ocrx_word' id='word_1_769' title='bbox 2413 5593 2587 5652; x_wconf 75' lang='lat' dir='ltr'><strong>Coinn</strong></span> <span class='ocrx_word' id='word_1_770' title='bbox 2611 5602 2865 5657; x_wconf 75' lang='lat' dir='ltr'><strong>motorio,</strong></span> <span class='ocrx_word' id='word_1_771' title='bbox 2904 5615 3016 5650; x_wconf 80' lang='lat' dir='ltr'><strong>sm:</strong></span> <span class='ocrx_word' id='word_1_772' title='bbox 3044 5614 3108 5661; x_wconf 72' lang='lat' dir='ltr'><strong>rp</strong></span> <span class='ocrx_word' id='word_1_773' title='bbox 3132 5607 3202 5648; x_wconf 88' lang='lat' dir='ltr'><strong>st.</strong></span> <span class='ocrx_word' id='word_1_774' title='bbox 3238 5595 3354 5651; x_wconf 58' lang='lat' dir='ltr'><strong>iis,</strong></span> <span class='ocrx_word' id='word_1_775' title='bbox 3388 5593 3451 5644; x_wconf 71' lang='lat' dir='ltr'><strong>ad</strong></span> <span class='ocrx_word' id='word_1_776' title='bbox 3487 5593 3618 5646; x_wconf 74' lang='lat' dir='ltr'><strong>For—</strong></span> 
     </span>
    </p>
   </div>
   <div class='ocr_carea' id='block_1_106' title="bbox 2047 5666 3612 5737">
    <p class='ocr_par' dir='ltr' id='par_1_106' title="bbox 2047 5666 3612 5737">
     <span class='ocr_line' id='line_1_106' title="bbox 2047 5666 3612 5737; baseline -0.004 -16"><span class='ocrx_word' id='word_1_777' title='bbox 2047 5672 2429 5733; x_wconf 67' lang='lat' dir='ltr'><strong>tunatianutu,</strong></span> <span class='ocrx_word' id='word_1_778' title='bbox 2481 5680 2810 5737; x_wconf 61' lang='lat' dir='ltr'><strong>exponitque</strong></span> <span class='ocrx_word' id='word_1_779' title='bbox 2868 5683 2968 5721; x_wconf 82' lang='lat' dir='ltr'><strong>suo</strong></span> <span class='ocrx_word' id='word_1_780' title='bbox 3029 5683 3187 5719; x_wconf 72' lang='lat' dir='ltr'><strong>sensu</strong></span> <span class='ocrx_word' id='word_1_781' title='bbox 3244 5667 3327 5737; x_wconf 87' lang='lat' dir='ltr'><strong>hts</strong></span> <span class='ocrx_word' id='word_1_782' title='bbox 3384 5666 3612 5718; x_wconf 65' lang='lat' dir='ltr'><strong>verbis:</strong></span> 
     </span>
    </p>
   </div>
   <div class='ocr_carea' id='block_1_107' title="bbox 2047 5736 3613 5803">
    <p class='ocr_par' dir='ltr' id='par_1_107' title="bbox 2047 5736 3613 5803">
     <span class='ocr_line' id='line_1_107' title="bbox 2047 5736 3613 5803; baseline 0 -15"><span class='ocrx_word' id='word_1_783' title='bbox 2047 5761 2059 5786; x_wconf 80' lang='grc' dir='ltr'><strong>ι</strong></span> <span class='ocrx_word' id='word_1_784' title='bbox 2102 5738 2236 5803; x_wconf 69' lang='lat' dir='ltr'><strong>Quid</strong></span> <span class='ocrx_word' id='word_1_785' title='bbox 2290 5740 2389 5790; x_wconf 76' lang='lat' dir='ltr'><strong>huc</strong></span> <span class='ocrx_word' id='word_1_786' title='bbox 2440 5740 2871 5792; x_wconf 67' lang='lat' dir='ltr'><strong>tnantlcstnttone</strong></span> <span class='ocrx_word' id='word_1_787' title='bbox 2922 5738 3185 5790; x_wconf 64' lang='lat' dir='ltr'><strong>l‘lt‘itlltlb?</strong></span> <span class='ocrx_word' id='word_1_788' title='bbox 3222 5736 3277 5786; x_wconf 69' lang='lat' dir='ltr'><strong>Si</strong></span> <span class='ocrx_word' id='word_1_789' title='bbox 3317 5738 3455 5787; x_wconf 67' lang='lat' dir='ltr'><strong>enim</strong></span> <span class='ocrx_word' id='word_1_790' title='bbox 3496 5747 3613 5788; x_wconf 55' lang='lat' dir='ltr'><strong>tan-</strong></span> 
     </span>
    </p>
   </div>
  </div>
