3980 6200
321 298 395 368 95
1502 313 1564 376 S.
1610 312 1922 383 EUSEBII

2035 314 2264 383 lERON
2280 315 2431 379 rnt‘
2789 281 2792 284 ’
3516 315 3618 379 96'

319 414 416 467 sed
452 427 519 468 ne
543 411 666 469 Filii
695 414 914 485 quidem
952 425 1005 473 et
1036 416 1274 488 Spiritus
1306 423 1507 488 sancti,
1533 424 1658 494 quia
1706 411 1809 480 una
1850 427 1903 483 in
1932 435 1981 494 Α
2008 446 2222 499 αηυειοι
2258 449 2381 486 suos
2414 432 2655 500 spiritus,
2690 445 2736 487 et
2782 430 3048 486 ministros
3080 447 3201 485 suos
3234 424 3402 500 ignem
3434 439 3593 481 uren-

319 503 587 561 Trinitate
613 518 806 563 natura
832 519 937 575 est,
981 526 1142 581 posse
1166 512 1352 567 oculos
1386 519 1571 569 carnis
1614 517 1898 586 aspicere;

320 598 418 652 Sed
453 601 643 655 oculos
691 605 913 666 mentis,
967 604 1034 659 de
1066 607 1262 672 quibus
1303 608 1415 676 ipse
1467 607 1722 667 Salvator
1773 612 1900 667 ait:

319 690 475 746 Beati
523 695 717 749 mundo
756 697 932 762 corde,
974 698 1224 767 quoniam
1270 701 1372 767 ipsi
1432 700 1603 757 Deum
1656 684 1905 757 videbunt

322 783 545 847 (Matth.
579 803 632 851 v,
684 786 764 853 8).
823 787 1077 856 ισιςίιιιιιε
1140 791 1283 858 quod
1337 793 1611 848 Abrabam
1656 795 1806 849 visus
1836 795 1906 848 sit

324 876 586 933 Dominus
623 878 672 933 in
708 878 947 934 hominis
996 880 1166 950 ﬁgura
1212 899 1228 938 :
1267 891 1321 937 et
1367 898 1491 938 cum
1538 882 1704 940 Jacob
1751 882 1908 955 quasi

326 967 490 1023 homo
521 968 750 1025 Iuctatus
772 968 864 1031 sit,
887 970 981 1039 qui
1014 970 1152 1026 Deus
1179 983 1318 1026 erat.
1350 970 1503 1028 Unde
1528 981 1582 1029 et
1604 975 1906 1043 appellatus

325 1073 402 1115 est
451 1062 601 1117 lucus
649 1063 762 1131 ipse
802 1062 1067 1129 Phanuel,
1105 1064 1206 1118 hoc
1240 1075 1344 1129 est,
1388 1065 1550 1134 facies
1588 1064 1688 1123 Dei
1727 1082 1748 1122 :
1784 1066 1908 1121 Vidi

327 1157 488 1221 enim,
524 1156 621 1221 ait,
655 1156 940 1211 Dominum
972 1157 1109 1226 [acie
1143 1157 1211 1211 ad
1249 1157 1462 1226 faciem,
1496 1167 1546 1213 et
1578 1157 1725 1213 salva
1761 1157 1907 1229 facta

327 1259 401 1303 est
431 1249 613 1302 anima
650 1266 761 1303 mea
785 1248 940 1319 (Gen.
976 1265 1149 1314 xutt,
1184 1250 1295 1321 30).
1332 1250 1579 1305 Ezechiel
1602 1266 1818 1322 quoque
1838 1252 1910 1305 vi-

326 1342 404 1394 dit
429 1342 715 1396 Dominum
742 1342 797 1396 in
826 1342 998 1397 forma
1027 1343 1264 1397 ltomin'is
1288 1344 1562 1399 sedentem
1587 1358 1750 1413 super
1770 1343 1909 1398 Clie—

329 1431 531 1499 rnbim,
562 1448 591 1487 a
625 1434 822 1489 lumbis
850 1435 966 1503 ejus
994 1442 1047 1489 et
1085 1435 1341 1495 deorsum
1388 1445 1507 1490 erat
1536 1435 1698 1506 quasi
1744 1435 1905 1505 ignis,

331 1535 385 1579 et
433 1527 713 1596 superiora
753 1527 1028 1582 habebant
1066 1527 1302 1596 speciem
1352 1527 1544 1582 electri
1579 1526 1793 1596 (EzecIt.
1846 1538 1905 1597 ι).

322 1617 474 1688 Ergo
517 1621 605 1675 Dei
641 1632 834 1676 natura
862 1634 967 1675 non
996 1619 1261 1684 cernitur,
1290 1614 1391 1675 sed
1416 1618 1629 1673 videtur
1671 1618 1911 1674 homini-

324 1711 448 1770 bus,
480 1720 540 1766 ut
560 1712 805 1767 voluerit.

2007 530 2108 574 tem
2143 522 2312 591 (Psal.
2346 538 2461 588 cru,
2506 524 2584 595 ὃ).
2641 525 2800 579 Unde
2850 533 2903 578 ct
2958 523 3158 577 Paulus
3209 521 3488 590 apostolus
3538 523 3594 575 in

2006 609 2275 679 Epistolas
2331 615 2396 667 ad
2454 614 2743 679 Hebraeos,
2794 632 2954 684 quam
3010 615 3201 671 Latina
3251 614 3593 669 consuetudo

2005 718 2114 758 non
2165 706 2404 774 recipit:
2448 706 2638 761 Nonne
2688 725 2890 772 omnes,
2941 708 3138 777 inquit,
3183 707 3416 760 ministri
3468 708 3631 760 sunt’

2007 799 2226 867 spiritus
2260 800 2314 853 in
2344 801 2697 855 ministerium
2728 802 2877 855 missi
2900 811 3109 871 propter
3136 816 3224 855 eos
3256 800 3345 867 qui
3373 799 3596 853 Incredi-

2010 901 2172 946 tatem
2219 894 2487 959 acoepturi
2534 905 2656 947 sunt
2703 893 2895 949 salutis
2935 893 3124 963 (Ilebr.
3161 910 3199 957 t,
3236 892 3371 961 ii)?
3404 891 3594 945 Daniel

2008 1000 2228 1055 quoque
2257 1002 2381 1042 cum
2429 986 2482 1042 in
2524 987 2716 1043 babitu
2758 988 3035 1059 regnantis
3067 986 3352 1041 Dominum
3384 985 3592 1039 descri-

2010 1076 2230 1144 psisset,
2266 1077 2464 1147 adjecit
2501 1095 2517 1137 ;
2550 1077 2726 1132 lllillia
2769 1078 2997 1132 millium
3038 1077 3414 1132 ministrabant
3445 1075 3516 1137 ei,
3547 1083 3598 1129 et

2010 1167 2182 1221 decies
2210 1167 2404 1222 millies
2437 1180 2655 1223 centena
2684 1166 2856 1221 millia
2888 1166 3203 1221 assistebant
3228 1167 3275 1219 ei
3303 1164 3467 1232 (Dan.
3496 1177 3598 1227 vtt,

2013 1256 2123 1326 10).
2151 1257 2206 1311 In
2230 1257 2525 1313 Cberubim
2550 1273 2679 1328 ergo
2703 1259 3010 1319 ostenditur
3038 1258 3329 1312 Dominus:
3357 1255 3410 1308 in
3438 1253 3601 1308 Sera-

2012 1348 2162 1416 pbim
2193 1364 2259 1405 ex
2287 1359 2442 1418 parte
2471 1350 2802 1410 ostenditur,
2832 1363 2899 1407 ex
2931 1359 3083 1415 parte
3114 1349 3344 1403 celatur.
3377 1344 3595 1400 Faciem

2012 1438 2154 1495 enim
2182 1449 2237 1493 et
2265 1439 2429 1506 pedes
2455 1440 2573 1509 ejus
2604 1440 2881 1506 operiunt,
2913 1440 3041 1508 quia
3072 1448 3127 1492 et
3161 1437 3432 1506 praeterita
3470 1444 3594 1489 ante

2012 1527 2299 1592 mundum,
2333 1539 2389 1584 et
2422 1530 2600 1583 futura
2634 1543 2756 1600 post
2788 1531 3047 1585 mundum
3083 1532 3225 1583 scire
3261 1544 3367 1581 non
3402 1541 3597 1596 possuo

2014 1636 2179 1688 mus;
2221 1621 2314 1676 sed
2362 1621 2538 1675 media
2588 1630 2795 1678 tantmn
2838 1636 2960 1691 qure
3004 1621 3058 1679 iu
3102 1636 3196 1676 sex
3237 1619 3427 1675 diebus
3456 1616 3600 1672 facta

2014 1720 2163 1775 sunt.
2197 1713 2654 1783 contemplamur.
2690 1713 2803 1771 Nec
2842 1713 3039 1770 mirum
3079 1714 3181 1768 boc
3211 1711 3278 1767 de
3310 1711 3601 1778 Serapbim

401 1802 583 1879 (Vers.
622 1804 701 1875 Ξ).
747 1823 766 1857 ί
806 1804 1097 1875 Serapbim
1153 1805 1373 1858 stabant
1424 1802 1588 1872 super
1628 1801 1778 1868 illml,
1816 1816 1910 1856 sex
1944 1774 1988 1830 Β
2013 1803 2122 1876 92
2148 1804 2392 1871 credere,
2419 1774 2547 1860 cum
2581 1813 2637 1859 et
2683 1805 2917 1875 apostoli
2964 1805 3301 1861 Salvatorem
3333 1774 3606 1857 credenti-

330 1896 429 1951 ala:
480 1896 594 1958 uni,
626 1905 680 1951 et
731 1912 825 1952 sex
872 1898 969 1951 alte
1018 1897 1174 1951 alteri
1215 1896 1476 1964 ;duabus
1510 1894 1762 1949 vetabant
1803 1893 1909 1967 91

331 1986 525 2042 faciem
558 1989 696 2058 ejus.
727 1999 779 2043 et
812 1988 1023 2047 duabus
1050 1989 1304 2044 volabant
1334 1990 1497 2059 pedes
1528 1987 1667 2057 ejus,
1697 1996 1753 2042 et
1783 1989 1916 2042 dua-

330 2078 435 2132 lns
482 2078 755 2141 volabant.
793 2079 882 2135 Et-
917 2079 1226 2136 clamabant
1275 2083 1415 2134 alter
1461 2079 1527 2134 ad
1573 2080 1828 2144 alterum,
1862 2086 1916 2133 et

329 2170 582 2227 dicebant
606 2187 621 2226 :
647 2172 904 2238 Sanctus,
934 2171 1190 2239 Sanctus,
1216 2172 1450 2230 Sanctus
1477 2173 1737 2228 Dominus
1758 2187 1917 2227 exer-

328 2265 576 2331 cituum;
614 2266 771 2335 plena
818 2276 899 2321 est
944 2267 1126 2321 omnis
1173 2276 1315 2322 terra
1352 2268 1523 2341 gloria
1560 2264 1695 2333 ejus.
1737 2284 1757 2317 ι
1805 2263 1919 2320 lIoc

329 2357 474 2421 quod
508 2372 629 2423 nos,
662 2357 1459 2430 sequeutcsfalioslnterpretes
1484 2371 1541 2414 et
1591 2359 1915 2415 llebraicam

331 2450 644 2515 veritatem,
680 2451 730 2503 in
766 2466 873 2521 qua
908 2452 1172 2521 scriptum
1209 2461 1294 2506 est
1330 2467 1621 2507 usuustto
1653 2435 1915 2518 1553mm.

330 2543 383 2597 id
431 2552 539 2607 est,
582 2543 770 2599 ἐπάνω
825 2544 1018 2611 αὐτοῦ,
1062 2545 1208 2613 quod
1259 2543 1452 2603 Latine
1501 2546 1724 2611 dicitur,
1766 2563 1920 2613 super

332 2634 505 2700 illud,
559 2635 823 2693 vertimus
867 2653 883 2693 :
928 2636 1068 2693 LXX
1125 2638 1524 2694 transtulerunt
1580 2638 1634 2691 in
1692 2638 1919 2693 circuitu

334 2729 473 2797 ejus.
512 2739 574 2783 ut
614 2745 719 2783 non
761 2746 926 2797 super
959 2729 1242 2800 Templum
1290 2741 1435 2791 stare
1469 2729 1781 2800 Scrapbim,
1823 2733 1918 2786 se.l

251 2833 258 2841 '
333 2821 389 2874 in
428 2820 657 2875 circuitu
704 2821 912 2876 Domini
957 2821 1357 2881 describantur,
1405 2821 1639 2875 Rursum
1690 2824 1779 2874 ubi
1822 2837 1921 2877 nos

330 2914 591 2988 diximus,
623 2912 765 2981 quod
801 2926 940 2967 unus
974 2911 1040 2966 de
1077 2910 1363 2979 Serapliim
1397 2913 1598 2965 velaret
1639 2911 1829 2966 faciem
1864 2923 1922 2967 et

333 3005 501 3073 pedes
533 3006 669 3074 ejus,
714 3020 813 3073 per
854 3004 995 3073 quod
1046 3002 1384 3071 intelligitur,
1424 3002 1541 3069 Dei,
1577 3003 1631 3059 in
1697 3004 1922 3059 llebrmo

2016 1894 2118 1950 bus
2147 1895 2414 1965 aperiant,
2443 1894 2757 1949 inﬁdelibus
2784 1895 3122 1953 abscondant
3146 1907 3161 1946 :
3190 1901 3246 1948 et
3271 1892 3447 1946 velum
3476 1900 3605 1947 ante

2017 2002 2197 2042 arcam
2241 1986 2406 2041 fuerit
2444 1987 2783 2047 Testamenti
2834 1985 3034 2056 (Exod.
3071 1983 3182 2055 XL).
3221 1986 3351 2041 Alas
3387 1998 3606 2053 quoque

2020 2079 2225 2134 habere
2257 2078 2533 2146 dicuntur,
2568 2087 2790 2149 propter
2822 2078 3190 2141 velocitatem,
3226 2086 3282 2131 et
3316 2077 3366 2130 in
3407 2083 3605 2130 cuncta

2020 2171 2356 2238 discursum,
2405 2172 2521 2227 sive
2553 2172 2680 2241 quia
2718 2186 2935 2241 semper
2965 2171 3018 2225 in
3051 2170 3342 2225 altioribus
3367 2182 3607 2224 commo-

2023 2276 2235 2319 rantur.
2270 2264 2458 2333 Neque
2487 2264 2632 2321 enim
2682 2264 2813 2319 illud
2855 2265 3000 2334 quod
3040 2264 3106 2318 de
3145 2263 3322 2316 ventis
3359 2260 3557 2314 dicitur
3588 2271 3606 2312 :

2022 2355 2127 2422 Qui
2162 2355 2395 2410 ambulat
2432 2372 2589 2426 super
2630 2372 2832 2424 pennas
2874 2369 3145 2411 ventorum
3179 2354 3348 2419 (Psal.
3383 2369 3498 2416 Clll,
3524 2352 3606 2420 ὅ),

2025 2467 2148 2509 vero
2196 2464 2410 2519 ventos,
2441 2452 2594 2521 juxta
2645 2453 2857 2510 fabulas
2911 2462 3191 2522 poetarum
3241 2461 3296 2506 et
3340 2451 3608 2521 pictorum

2023 2545 2318 2612 licentiam,
2352 2560 2557 2615 pennas
2595 2546 2800 2600 habere
2833 2553 3096 2611 testatur;
3142 2545 3236 2599 sed
3282 2543 3515 2599 celerem
3552 2543 3608 2599 in

2023 2649 2222 2697 cuncta
2259 2640 2590 2697 discursum.
2627 2639 2695 2696 Et
2735 2640 2932 2712 singuli
2981 2653 3142 2694 senas
3184 2637 3331 2702 alas;
3368 2637 3494 2706 quia
3538 2636 3623 2691 de'

2027 2733 2383 2789 fabricatione
2405 2743 2616 2791 tantum
2645 2734 2828 2789 mundi
2856 2740 2912 2791 et
2937 2733 3225 2802 praesentis
3252 2731 3432 2787 szcculi
3458 2729 3612 2783 novi-

2026 2842 2169 2883 mus.
2204 2824 2358 2892 Quod
2406 2837 2588 2881 autem
2624 2826 2886 2892 clamant,
2918 2827 3056 2880 alter
3097 2825 3166 2877 ad
3216 2823 3465 2881 alterum.
3503 2821 3607 2885 vel,

2021 2919 2181 2989 juxta
2211 2918 2489 2980 Hebraeos,
2520 2919 2615 2973 iste
2645 2919 2716 2972 ad
2739 2920 2921 2982 istum,
2951 2917 3005 2972 id
3034 2928 3135 2982 est,
3158 2933 3292 2971 unus
3323 2916 3391 2971 ad
3421 2929 3623 2980 unumr

2028 3013 2262 3067 invicem
2288 3026 2347 3065 se
2371 3010 2436 3063 ad
2462 3010 2646 3065 laudes
2668 3009 2877 3067 Domini
2904 3007 3283 3070 cohortantur,
3303 3014 3358 3058 et
3378 3006 3603 3060 dicunt:

332 3098 598 3165 scriptum
654 3096 883 3152 habetur
936 3111 1142 3150 pnsum
1185 3104 1297 3156 ’ΜΞ
1343 3104 1399 3150 et
1449 3111 1655 3153 uacuo
1693 3074 1918 3167 (V5.11).

2030 3103 2280 3168 Sanctus,
2307 3101 2561 3169 Sanctus,
2601 3100 2857 3168 Sanctus,
2899 3100 3152 3155 Dominus
3179 3098 3522 3157 exercituum.
3553 3102 3621 3151 ut:

328 3189 481 3259 quod
517 3197 698 3260 potest
729 3189 1078 3259 interpretari
1109 3198 1161 3245 et
1193 3190 1333 3259 ejus,
1361 3198 1408 3241 et
1442 3206 1597 3244 suam
1627 3205 1645 3243 :
1673 3199 1727 3245 ut
1760 3187 1922 3247 Sera-

333 3284 485 3350 pbim
521 3284 675 3351 juxta
710 3280 921 3339 Hebraei
957 3281 1232 3337 sermonis
1274 3280 1709 3349 ambiguitatem,
1740 3292 1793 3336 et
1841 3280 1922 3339 fa-

328 3375 477 3429 ('icm
542 3376 817 3445 pedesque
851 3373 964 3439 Dei,
996 3383 1050 3429 et
1081 3389 1235 3429 suam
1273 3374 1466 3429 laciem
1498 3388 1564 3429 ac
1599 3373 1760 3441 pedes
1791 3388 1922 3437 opo-

333 3470 449 3522 s'ire
480 3468 733 3527 dicantur
763 3485 781 3521 ι
815 3468 867 3522 in
897 3468 1299 3536 septuagesimo
1332 3481 1476 3522 nouo
1509 3466 1716 3535 psalmo
1736 3466 1751 3497 ¹
1789 3465 1922 3536 legi-

340 3577 459 3615 mus
490 3574 503 3611 :
537 3559 643 3624 Qui
682 3563 829 3614 sedes
870 3574 1025 3627 super
1060 3559 1346 3622 Cherubin,
1375 3559 1717 3628 manifestare
1750 3557 1921 3628 (Psul.

330 3669 527 3714 unus,
555 3653 649 3718 2);
683 3652 775 3721 qui
806 3653 856 3707 in
884 3662 1063 3709 nostra
1096 3652 1280 3720 lingua
1307 3652 1738 3720 interpretantur
1762 3651 1928 3705 scien—

342 3754 429 3796 tia:
461 3742 763 3797 multitudo.
804 3740 956 3799 Unde
988 3750 1043 3799 et
1081 3740 1346 3796 Dominus
1380 3740 1433 3795 in
1472 3743 1674 3811 auriga:
1708 3740 1924 3795 modum

334 3850 508 3904 super
552 3833 849 3890 Cberubim
900 3846 1091 3905 aperte
1138 3834 1332 3891 sedere
1379 3832 1709 3887 ostenditur.
1760 3830 1925 3889 Sera-

334 3927 489 3995 pbim
532 3927 554 3957 ²
604 3936 787 3983 autem
843 3937 1041 3995 praeter
1095 3926 1242 3981 hunc
1292 3924 1491 3989 locum,
1529 3923 1581 3978 in
1630 3922 1930 3992 Scripturis

334 4016 636 4072 (lanotticis
662 4017 792 4072 alibi
824 4017 1023 4087 legisse
1051 4031 1137 4071 me
1161 4015 1351 4072 nescio
1377 4017 1419 4079 ³,
1447 4015 1538 4085 qui
1565 4022 1711 4068 stare
1740 4015 1932 4071 dicun-

339 4121 435 4165 tur
473 4125 641 4179 super
674 4109 982 4180 Templum,
1021 4110 1103 4165 vel
1148 4109 1202 4165 in
1244 4108 1477 4164 circuitu
1515 4106 1747 4162 Domini.
1788 4106 1932 4177 Ergo

342 4211 535 4258 errant
586 4201 679 4272 qui
732 4202 912 4258 solent
962 4201 1015 4257 in
1060 4201 1311 4270 precibus
1363 4199 1593 4255 dicere:
1635 4197 1739 4262 Qui
1785 4200 1931 4253 sedes

340 4310 503 4364 super
547 4294 832 4350 Cherubin:
875 4303 925 4350 et
976 4294 1281 4363 Serapltim,
1312 4293 1459 4362 quod
1499 4290 1779 4361 Scriptura
1823 4307 1930 4345 non

337 4388 556 4444 docuit.
581 4387 868 4456 Serapbim
893 4396 1073 4443 autem
1097 4387 1530 4456 interpretantur
1550 4387 1870 4455 ὲμπρησταὶ
1889 4385 1928 4448 ⁸,

2024 3193 2390 3253 ministerium
2443 3191 2731 3249 Trinitatis
2778 3192 2832 3247 in
2886 3205 2995 3245 una
3045 3188 3337 3243 Divinitate
3381 3189 3611 3241 deman-

2024 3295 2199 3343 strent
2226 3298 2243 3339 :
2275 3294 2331 3339 et
2373 3300 2714 3356 nequaquam
2757 3283 3041 3351 Templum
3089 3282 3429 3345 Judtcorum,
3470 3279 3621 3333 sicut-

2024 3379 2203 3450 prius.
2231 3378 2327 3433 sed
2359 3392 2578 3432 omnem
2610 3386 2809 3435 terram
2845 3374 2992 3431 illius
3018 3375 3192 3443 gloria
3235 3371 3446 3441 plenam
3487 3382 3614 3425 esse.

2030 3479 2317 3535 testentur,
2346 3470 2437 3540 qui
2475 3483 2573 3538 pro
2608 3478 2794 3525 nostra
2826 3467 3001 3520 salute
3028 3465 3282 3536 dignatus
3311 3472 3396 3516 est
3425 3468 3615 3517 tnnuu-

2029 3578 2157 3617 num
2210 3576 2412 3631 corpus
2460 3575 2766 3625 assumere,
2804 3559 2872 3614 ad
2921 3567 3210 3626 terrasque
3253 3555 3609 3611 descendere.

2031 3654 2294 3724 Denique,
2320 3662 2376 3708 et
2403 3652 2562 3720 Mosi,
2591 3667 2716 3708 cum
2747 3666 2845 3721 pro
2874 3650 3099 3707 adorato
3126 3650 3296 3704 vitulo
3325 3647 3620 3702 Dominum
3703 3645 3719 3656 '

2029 3756 2366 3817 precaretur,
2396 3757 2454 3801 ut
2481 3756 2731 3814 parceret
2764 3749 2963 3814 popqu
3005 3740 3298 3811 peccatori,
3331 3725 3616 3809 respondit

2032 3837 2294 3893 Dominus
2324 3850 2343 3890 :
2377 3835 2652 3906 PrOpitius
2681 3852 2772 3890 ero
2798 3835 2932 3894 illis.
2964 3833 3333 3888 Verumtamen
3362 3832 3470 3886 rica
3499 3826 3641 3900 ego,‘

2031 3937 2080 3982 et
2124 3928 2245 3982 vivit
2282 3943 2468 3983 nomen
2509 3943 2717 3992 meum,
2769 3930 2892 3997 quia
2936 3927 3241 3995 implebitur
3284 3924 3453 3995 gloria
3500 3939 3618 3976 mea

2034 4020 2203 4074 omnis
2247 4028 2386 4073 terra
2429 4019 2616 4089 (Nunt.
2650 4034 2764 4086 xtv,
2799 4019 2890 4084 20,
2924 4019 3041 4088 2i).
3078 4018 3145 4074 Et
3186 4016 3617 4087 septuagesimus

2036 4112 2241 4180 primus
2269 4111 2510 4181 psalmus
2537 4113 2682 4166 canit
2708 4126 2723 4165 :
2761 4110 3076 4179 Implebitur
3106 4110 3273 4179 gloria
3300 4109 3415 4178 ejus
3443 4108 3616 4163 omnis

2034 4217 2185 4262 terra
2223 4195 2399 4273 (Ps-al.
2464 4222 2614 4271 LXXI,
2649 4206 2759 4276 19).
2811 4204 2961 4261 Unde
2995 4216 3049 4259 et
3086 4204 3262 4274 angeli
3306 4202 3620 4257 clamabant

2038 4296 2355 4365 pastoribus
2382 4306 2403 4352 ι
2434 4294 2622 4351 Gloria
2664 4297 2722 4365 in
2766 4295 2983 4351 excelsis
3018 4294 3145 4358 Deo,
3177 4298 3226 4348 et
3268 4308 3426 4362 super
3456 4302 3617 4354 terra,

2037 4364 2143 4453 pax
2181 4388 2481 4443 hominibus
2516 4364 2667 4441 bona;
2705 4386 2993 4442 voluntatis
3024 4385 3177 4452 (Luc.
3209 4402 3271 4452 tt,
3309 4384 3418 4451 l4).
3458 4384 3622 4451 lmpie

338 4480 491 4549 quod
522 4495 620 4536 nos
649 4480 837 4536 dicere
865 4494 1152 4550 possumus
1183 4478 1545 4543 incendentes,
1573 4478 1685 4532 sive
1715 4476 1928 4530 canibus
1965 4466 2009 4520 Ι)
2039 4495 2170 4549 ergo
2195 4482 2217 4512 ⁸
2246 4478 2468 4548 quidam
2513 4478 2623 4532 duo
2671 4477 2980 4548 Serapliim,
3019 4477 3238 4540 Filium,
3268 4485 3324 4531 et
3355 4474 3618 4546 Spiritum

344 4572 728 4642 rentes,justa
776 4571 910 4629 illud
960 4570 1102 4641 quod
1151 4570 1281 4631 alibi
1326 4570 1604 4642 legimus:
1645 4570 1750 4637 Qui
1797 4570 1928 4641 facit

346 4736 636 4796 tummodo
683 4735 938 4808 dixisset,
984 4731 1095 4788 Nec
1140 4731 1339 4796 Patris,
1368 4743 1469 4808 nec
1500 4726 1642 4796 Filii,
1679 4742 1780 4808 nec
1809 4726 1933 4808 Spi-

349 4815 493 4862 ritus
528 4809 702 4861 sauc1i
746 4806 1083 4861 divinitatem
1132 4818 1296 4869 posse
1345 4800 1533 4855 oculos
1576 4800 1757 4851 carnis
1786 4800 1932 4869 aspi-

349 4894 497 4943 cere,
536 4891 636 4932 nec
681 4878 941 4943 deinceps
989 4867 1310 4937 addidisset,
1350 4872 1438 4925 sed
1487 4867 1930 4943 oculosdmentis,

351 4939 495 5004 forte
518 4948 814 5011 dit-eretur,
846 4939 1067 5001 carnem
1098 4944 1210 5011 iam
1245 4959 1352 4997 non
1382 4957 1504 4997 esse.
1530 4939 1929 5009 appellandam,

350 5035 474 5072 cum
518 5033 716 5087 corpus
765 5018 932 5089 fuerit
970 5010 1238 5089 spiritale.
1289 5012 1550 5089 Addendo
1586 5025 1714 5080 ergo
1754 5015 1810 5062 et
1856 5010 1936 5089 di-

353 5089 548 5152 cendo,
583 5082 671 5144 sed
707 5087 886 5142 oculos
921 5085 1131 5147 mentis,
1170 5088 1237 5139 ab
1275 5082 1421 5137 omni
1461 5095 1660 5148 genere
1695 5082 1937 5146 corporis

353 5160 615 5213 alienavit
643 5156 955 5227 bujusmodi
981 5156 1266 5227 visionem.
1301 5152 1378 5207 Ne
1411 5151 1533 5227 quis
1563 5160 1741 5203 autem
1776 5157 1936 5227 puta—

358 5239 437 5281 ret
464 5244 587 5283 eum
621 5218 830 5283 tanium
863 5229 928 5281 de
955 5225 1212 5294 praesenti
1242 5218 1490 5294 tempore
1514 5221 1776 5278 locutum,
1804 5218 1932 5294 sub—

359 5298 485 5359 iecit
517 5300 680 5354 etiam
722 5296 933 5353 Domini
958 5289 1373 5354 testimonium,
1409 5289 1595 5345 volens
1624 5290 1933 5351 ostendere,

357 5384 497 5437 quos
543 5371 757 5425 dixerat
807 5368 995 5421 oculos
1042 5365 1239 5437 mentis
1278 5380 1292 5417 :
1326 5361 1792 5437 quo_te_stimOt_tio
1833 5375 1937 5412 non

359 5431 665 5508 prmsentis,
693 5440 789 5494 sed
818 5438 1011 5492 lututm
1039 5436 1261 5508 visionis
1285 5431 1580 5508 promissio
1611 5431 1936 5508 declaratur.

364 5498 507 5563 licali
544 5498 745 5565 mundo
775 5508 964 5572 corde,
996 5505 1251 5572 quoniam
1284 5498 1383 5568 ipsi
1414 5498 1883 5572 Dcttttt‘vitlcltttltt.
1919 5519 1936 5549 ι

434 5581 448 5611 ³
486 5580 643 5636 Falso
674 5568 958 5649 legebatur
984 5568 1445 5649 iuscptuagesimo
1470 5568 1684 5624 Psalmo
1711 5577 1941 5649 tanturn.

436 5653 456 5683 ’
485 5639 788 5713 Seraphim.
828 5646 1115 5714 Seraphim
1147 5639 1461 5714 angelorum
1495 5655 1690 5714 tumueu
1726 5639 1943 5714 non_le-

365 5721 510 5785 gitur
536 5708 676 5785 {alibi
710 5721 765 5773 in
798 5708 1098 5783 Seript'uris
1126 5708 1445 5785 canonigis;
1477 5709 1571 5785 sed
1606 5722 1808 5785 nomen
1841 5708 1945 5761 lle-

366 5778 572 5849 brwum
598 5798 731 5863 ιτπω
757 5778 985 5855 δανμιῖιι,
1011 5796 1057 5833 εἰ
1086 5792 1284 5847 ut:wa
1310 5781 1603 5852 Seruphim,
1635 5778 1946 5849 signiﬁcans

2036 4578 2283 4624 sanctum
2318 4566 2575 4639 intelligit
2606 4578 2624 4620 :
2656 4582 2779 4621 cum
2817 4567 2973 4637 juxta
3015 4565 3405 4634 evangelistam
3447 4562 3617 4623 Joan-

2046 4727 2253 4794 igneum
2272 4737 2325 4797 et
2340 4726 2538 4797 igneos,
2554 4726 2669 4797 sive
2686 4724 3067 4792 comburentes,
3088 4725 3315 4794 legimus
3332 4723 3487 4777 Num.
3509 4739 3619 4786 nt,
3692 4738 3715 4789 ἐ

2043 4798 2077 4851 6
2103 4810 2152 4850 et
2184 4807 2236 4851 δ.
2273 4796 2383 4851 Fac
2415 4800 2510 4852 tibi
2543 4796 2777 4865 Sarnph,
2808 4797 2863 4865 id,
2899 4804 3003 4857 est,
3033 4807 3337 4862 presterem,
3368 4807 3463 4847 seu
3509 4810 3621 4846 δυν-
3656 4836 3663 4843 .

2041 4876 2269 4934 pentem.
2306 4867 2369 4920 Et
2403 4869 2628 4922 immisit
2665 4864 2806 4921 Deus
2837 4864 3139 4934 Seruphim,
3175 4875 3458 4932 serpentes
3484 4865 3623 4934 igpi-

2042 4917 2413 5005 iniungas.
2423 4917 2600 5005 ’ρὀὲό
2614 4917 2898 5005 summa
2922 4917 3078 4990 vocat
3099 4917 3307 4990 Κίωόιῖί
3331 4917 3626 5005 summa

2043 5006 2096 5060 Μ
2106 5002 2290 5061 ulaclte
2305 5002 2444 5071 escit,
2458 5008 2669 5078 angelos
2686 5002 3002 5088 ignis,quasi
3015 5006 3403 5088 dicasangelos
3416 5002 3626 5073 fulgen-

2045 5089 2123 5132 tes
2146 5088 2200 5131 et
2224 5072 2600 5144 coruscautés,
2622 5072 2722 5148 qui
2748 5072 3059 5144 sint—igneae
3091 5072 3318 5128 naturae.
3353 5072 3623 5128 Maurum.

2115 5171 2136 5203 ³
2163 5169 2275 5224 Sub
2301 5172 2405 5224 bac
2428 5170 2635 5225 scilicet
2664 5168 2981 5237 angelorum
3006 5166 3425 5238 signiﬁcatione.
3450 5165 3622 5238 (gete-

2046 5257 2163 5295 rum
2207 5242 2296 5295 ubi
2331 5242 2522 5310 ignitos
2558 5234 2897 5302 sonat,valibi
2934 5234 3182 5310 legimus,
3215 5237 3358 5305 quod
3399 5246 3453 5290 et
3482 5234 3623 5289 Mar-

2047 5318 2244 5395 tianzeo
2276 5306 2519 5365 notatum
2550 5322 2654 5376 est,
2688 5310 2909 5364 Numer.
2943 5306 3005 5371 tt,
3037 5307 3089 5374 6,
3122 5306 3178 5371 8,
3205 5318 3313 5361 etc.

2113 5404 2136 5436 ’⁵
2169 5405 2419 5460 Martiun.
2456 5404 2775 5476 ὲμπρηστὰ.
2826 5402 2947 5458 Vid.
2986 5416 3107 5471 qua:
3148 5400 3215 5456 ad
3261 5400 3358 5456 lib.
3404 5400 3629 5456 Nomio.

2044 5491 2393 5532 Dllllﬂlalllus.

2117 5570 2137 5602 ⁵
2173 5566 2310 5638 Ergo
2332 5569 2574 5639 quidam,
2599 5576 2705 5621 etc.
2736 5566 3023 5639 Origeuem
3056 5572 3202 5639 notat
3232 5565 3315 5619 bis
3342 5563 3545 5639 verbis,
3570 5569 3632 5616 ut

2048 5634 2395 5705 manifestum
2431 5648 2606 5693 exstat
2646 5653 2708 5690 es
2757 5637 3001 5705 epistola
3029 5636 3097 5691 ad
3134 5634 3539 5689 Parumne/tium
3574 5643 3630 5685 et

2044 5710 2319 5762 Oceanum
2360 5727 2375 5763 :
2418 5728 2436 5761 ι
2483 5708 2538 5765 In
2584 5709 2684 5761 bac
2719 5707 2952 5760 lectione
2989 5703 3160 5766 Isaiae,
3194 5706 3389 5771 inquit,
3423 5706 3475 5757 in
3519 5717 3625 5769 qua

2045 5781 2156 5835 duo
2178 5777 2460 5850 Setapbim
2489 5777 2779 5834 clamantia
2804 5775 3207 5841 describuntur,
3235 5775 3326 5829 illo
3349 5773 3625 5845 (Origene)
