3962 6192
367 327 438 388 g7
1142 317 1641 383 ’COMMEN‘TAR.
1687 319 1770 382 IN
1813 318 1956 382 ISAI

2064 324 2079 383 [
2122 325 2584 391 ΡΗΟΡΠΕΤΑΜ
2629 332 2779 394 LIB.
2812 331 2920 395 ΙῐΙ.
3569 341 3642 403 98

367 456 517 497 nem.
550 445 599 490 et
654 433 880 490 Paulum
932 430 1260 504 apostolum,
1295 432 1490 486 Filium
1530 433 1622 486 Dei
1670 434 1849 487 visum
1893 434 1944 485 in
1978 442 2020 498 Α
2053 439 2250 507 populo
2300 441 2636 497 versabatur.
2687 439 2784 498 Vel
2837 452 2987 497 certe
3041 443 3111 498 ita
3170 443 3575 517 intelligendum
3614 450 3635 504 ξ

370 529 665 600 tnajesta'e
699 526 992 596 regnantis,
1021 534 1079 579 et
1122 524 1382 593 Spiritum
1425 534 1672 579 sanctum
1711 525 1957 578 locutum

370 634 492 676 esse
517 621 830 674 doceatnus.
863 616 1092 683 Quidam
1125 617 1443 670 Latinorum
1489 617 1599 668 duo
1641 614 1953 684 Serapbtm,

370 722 532 766 vetus
587 721 643 765 et
700 724 898 764 novum
962 709 1387 763 lnstramentatu
1440 707 1786 776 intelligunt,
1835 722 1955 775 quae

371 812 586 857 tantum
623 806 689 858 de
722 802 971 874 praesenti
1012 800 1212 856 saeculo
1243 800 1556 869 loquuntur.
1589 800 1742 857 Unde
1772 814 1822 857 ct
1859 817 1952 856 sex

371 896 489 951 alas
522 898 723 950 habere
753 896 1034 958 dicuntur,
1068 904 1121 949 et
1155 893 1348 948 faciem
1381 892 1473 947 Dei
1503 896 1772 965 pedesque
1806 897 1953 949 vela-

371 1004 455 1051 re,
485 999 539 1043 et
581 989 827 1043 t'ertatittt
881 986 1129 1056 proferre
1182 987 1552 1041 testimonium
1603 988 1870 1051 veritatis.
1902 996 1955 1041 ct

373 1094 537 1135 omne
581 1080 726 1150 quod
771 1079 1011 1134 clamant
1064 1077 1352 1133 Trinitatis
1406 1090 1747 1134 sacramenta
1801 1096 1953 1133 mon-

373 1180 552 1223 strare
574 1178 669 1233 ;et
695 1170 878 1222 mirari
900 1170 964 1222 ad
992 1170 1221 1223 invicem
1247 1170 1390 1238 quod
1418 1167 1685 1224 Dominus
1712 1170 1952 1226 Sabaoth

373 1260 429 1315 in
465 1260 634 1316 forma
665 1261 757 1315 Dei
789 1261 965 1315 Patris
990 1261 1199 1329 positus
1227 1262 1456 1315 formam
1487 1264 1628 1317 servi
1658 1268 1950 1333 accept-rit,

371 1365 423 1408 et
457 1353 817 1407 lunniliaverit
843 1367 901 1407 se
927 1368 1100 1421 usque
1128 1353 1194 1405 ad
1226 1362 1480 1419 mortem,
1515 1364 1741 1409 mortem
1773 1366 1951 1409 autent

372 1442 480 1514 93
502 1444 684 1497 crucis
712 1441 970 1514 (Philipp.
1004 1443 1087 1513 tt),
1119 1452 1172 1498 et
1201 1458 1541 1513 nequaquam
1571 1455 1627 1498 ut
1656 1446 1807 1515 prius
1842 1463 1953 1502 coe-

374 1537 530 1591 lestia
561 1552 682 1590 eum
719 1546 951 1602 tantum,
984 1537 1076 1592 sed
1107 1548 1160 1592 et
1189 1549 1405 1593 terrena
1432 1553 1794 1609 cognoscant.

447 1627 631 1694 (Vers.
672 1629 749 1697 4).
810 1648 828 1680 ι
878 1627 943 1682 Et
996 1641 1271 1684 commota
1333 1642 1460 1685 sunt
1514 1634 1950 1700 superliminaria

371 1725 656 1778 cardinum
700 1738 729 1777 a
773 1738 903 1777 voce
953 1726 1261 1789 clamantis,
1290 1732 1347 1778 et
1380 1725 1572 1779 domus
1606 1726 1823 1794 impleta
1867 1740 1954 1783 est

2064 530 2203 596 Quia
2281 535 2466 597 tacui,
2526 546 2583 589 et
2664 551 2770 590 non
2834 536 3096 593 audacter
3159 537 3344 592 Oziam
3420 542 3643 611 impimu

2065 636 2242 692 regem
2304 627 2574 691 corripui;
2636 627 2758 682 ideo
2819 628 2956 681 labia
3018 644 3136 683 mea
3190 627 3302 704 94
3364 632 3640 690 immunda

2061 724 2227 779 sunt,
2295 724 2349 768 et
2426 717 2608 772 Iaudes
2683 718 2894 772 Domini
2949 733 3071 773 cum
3141 723 3346 788 angelis
3420 735 3646 781 cantata

2062 821 2170 860 non
2228 809 2417 872 audeo,
2457 824 2522 863 ne
2580 811 2712 865 mibi
2771 814 3036 868 dicatur:
3080 814 3258 878 Quare
3309 823 3365 868 tu
3418 830 3645 869 enarra:

2052 898 2295 967 justitias
2327 916 2492 965 meos,
2521 913 2569 955 et
2603 905 2830 957 assumis
2863 913 3235 959 testamentum
3267 922 3437 960 meum
3465 921 3555 973 per
3581 920 3641 961 os

2063 1001 2210 1044 mum
2242 990 2419 1063 (Psal.
2454 1011 2602 1060 xux,
2638 996 2768 1065 l6)?
2800 997 2913 1052 Non
2961 1009 3042 1052 est
3077 1000 3219 1053 enim
3264 1000 3487 1066 pulchra
3526 1000 3644 1054 lati-

2062 1083 2210 1137 datio
2260 1085 2311 1138 in
2353 1100 2450 1140 ore
2480 1091 2783 1154 peceatoris
2824 1089 3019 1159 (Eccti.
3054 1106 3144 1155 xv,
3178 1090 3253 1160 9).
3306 1090 3418 1144 llec
3456 1101 3642 1146 autem

2062 1175 2316 1241 dicimus,
2351 1192 2457 1233 non
2492 1182 2641 1250 quod
2682 1183 2879 1235 Isaiam
2923 1183 3083 1236 talem
3116 1183 3285 1239 fuisse
3316 1185 3639 1249 doceamus;

2060 1268 2154 1321 sed
2186 1272 2329 1337 quod
2365 1270 2483 1341 ipse
2512 1288 2610 1341 pro
2642 1275 2970 1342 humilitate,
3004 1285 3060 1330 et
3104 1278 3396 1332 immundis
3433 1287 3643 1331 tantum

2061 1361 2240 1427 labiis,
2273 1364 2556 1434 indignum
2587 1381 2646 1422 se
2673 1366 2768 1420 Dei
2806 1367 2964 1421 laude
2996 1368 3251 1422 fateatur.

2135 1454 2289 1510 Vers.
2322 1456 2398 1524 6).
2447 1475 2477 1509 r
2501 1459 2566 1513 Et
2598 1459 2796 1513 volavit
2834 1460 2898 1514 ad
2937 1472 3023 1514 me
3066 1474 3206 1515 unus
3233 1463 3299 1515 de
3329 1461 3635 1531 Serapliim,

2061 1550 2194 1603 etin
2236 1566 2399 1603 manu
2445 1550 2561 1617 ejus
2599 1553 2862 1617 calculus,
2897 1568 3055 1620 quem
3101 1552 3309 1622 forcipe
3350 1554 3546 1609 tulerat
3574 1558 3642 1610 de

2062 1641 2246 1705 altari,
2280 1651 2335 1697 et
2378 1644 2557 1711 tetigit
2600 1659 2662 1697 os
2712 1659 2915 1709 meum,
2948 1654 3005 1698 et
3044 1645 3224 1701 dixit:
3260 1646 3397 1700 Ecce
3444 1649 3590 1713 tetigi
3620 1651 3644 1681 ⁸

2063 1732 2167 1786 hoc
2198 1733 2341 1787 labia
2381 1743 2492 1797 tua,
2524 1745 2579 1787 et
2615 1733 2893 1788 auferetur
2928 1735 3187 1803 iniquitas
3220 1746 3327 1801 tua,
3360 1748 3412 1789 et
3445 1750 3647 1804 pecca-

374 1816 548 1872 lumo.
588 1832 608 1868 ι
659 1816 1030 1872 Clamantibus
1082 1817 1391 1886 Serapliim,
1433 1826 1486 1872 et
1533 1821 1592 1873 .in
1647 1810 1755 1873 tota
1810 1833 1955 1876 torta
1993 1804 2177 1879 ﬁ.tum
2224 1833 2378 1876 tuum
2431 1823 2805 1878 mandabitur.
2847 1843 2865 1875 ι
2911 1823 3143 1890 Volavit,
3183 1824 3262 1879 vel
3302 1826 3513 1879 missus
3558 1835 3646 1879 est

374 1909 657 1964 Trinitatis
711 1910 1026 1981 mysterium
1088 1902 1529 1979 prtedicantilms,
1568 1912 1784 1981 quando
1814 1916 1957 1983 'pas-

370 2004 581 2057 sionem
624 2002 831 2056 Domini
870 2001 1169 2057 Saltatoris
1203 2012 1344 2056 terra
1383 2005 1635 2059 universa
1679 2009 1954 2077 cnguoiit,

369 2097 555 2149 statim
622 2105 955 2150 commotum
1014 2104 1135 2160 est,
1189 2096 1307 2151 sive
1363 2098 1638 2151 Sublatum
1707 2099 1957 2154 limiueru

372 2186 609 2256 Templi,
642 2198 693 2242 et
723 2203 916 2243 omnes
960 2188 1108 2242 illius
1153 2191 1405 2243 cardines
1447 2191 1823 2256 conciderunt,
1857 2195 1957 2247 itu-

373 2282 515 2351 pleta
534 2280 835 2334 Salvaturis
855 2283 1300 2356 comminatione,
1319 2283 1554 2337 dicentis
1580 2298 1593 2336 :
1617 2283 1956 2356 Relinquetur

368 2350 521 2429 uobis
568 2376 756 2428 domus
803 2350 974 2428 resfra
1029 2375 1233 2427 deserta
1286 2374 1508 2444 (Matth.
1544 2392 1701 2443 xxttt,
1736 2350 1844 2445 Eii).
1894 2380 1955 2431 Et

376 2483 540 2537 quam
583 2469 806 2534 pulcher
836 2470 972 2521 ordo
1004 2468 1329 2522 verberum!
1356 2467 1645 2536 Postquam
1684 2479 1825 2523 terra
1867 2488 1954 2524 rc-

372 2560 516 2630 pleta
560 2569 642 2612 est
690 2559 858 2627 gloria
904 2557 1112 2611 Domitii
1155 2558 1414 2621 Sabaoth,
1446 2559 1755 2614 Jttdtnorttut
1798 2560 1955 2616 Tem-

376 2652 527 2721 plutn
560 2652 840 2720 impletum
874 2660 956 2704 est
989 2649 1307 2722 ignorantiae
1341 2652 1598 2714 tenebris,
1623 2665 1673 2704 et
1701 2654 1953 2723 ealigine,

362 2755 430 2798 et
464 2745 632 2810 initio,
662 2746 752 2813 qui
783 2745 974 2797 noxius
1002 2753 1087 2797 est
1110 2743 1299 2797 oculis.
1338 2744 1426 2799 Vel
1455 2755 1603 2799 certe
1630 2762 1722 2814 per
1748 2746 1954 2801 lunmm

371 2833 584 2905 Templi
621 2848 954 2889 inonstratur
986 2837 1317 2890 incendium.
1349 2833 1507 2891 Prius
1537 2838 1678 2891 enim
1709 2838 1956 2908 Evange-

370 2928 506 2981 lium
553 2927 851 2982 Salv-atatis
902 2928 953 2980 in
1012 2938 1122 2983 toto
1173 2931 1304 2983 orbe
1358 2930 1709 2998 praedicattnn
1759 2942 1862 2994 est,
1903 2940 1957 2985 ct

369 3032 494 3091 post
536 3021 893 3092 quadraginta
940 3026 1074 3076 duos
1121 3036 1290 3076 annos
1328 3020 1630 3091 Dominica:
1663 2998 1954 3092 passionis,

2059 1928 2203 1968 unus
2236 1915 2302 1967 de
2335 1913 2645 1983 Serapltitn,
2679 1915 2770 1983 qui
2818 1917 3210 1985 interpretatur
3241 1917 3542 1981 incendens,
3581 1925 3642 1968 ut

2057 2006 2346 2079 Propheta:
2397 2008 2536 2063 labia
2588 2018 2843 2078 purgaret
2896 2008 3194 2075 immunda,
3235 2019 3284 2064 et
3329 2025 3496 2077 pruna
3548 2009 3633 2062 vel

2058 2102 2289 2168 calculo,
2323 2118 2484 2172 quem
2525 2100 2593 2156 de
2631 2101 2788 2155 altari
2828 2100 3051 2166 tulerat,
3086 2109 3435 2170 excoqueret.
3486 2099 3641 2153 Multi

2059 2203 2240 2247 autem
2279 2203 2494 2263 putant,
2526 2193 2662 2247 duos
2698 2208 2817 2247 esse
2848 2191 3156 2261 Serapltim,
3192 2193 3317 2262 quia
3366 2191 3642 2246 clamabat

2058 2287 2199 2341 alter
2233 2287 2297 2339 ad
2339 2286 2590 2350 alterum,
2621 2300 2746 2340 cutn
2792 2293 2843 2338 et
2887 2285 2953 2338 de
2992 2284 3239 2351 pluribus
3280 2286 3486 2350 possint
3530 2284 3646 2337 sin-

2058 2380 2167 2451 guli
2224 2379 2461 2433 clamare
2516 2378 2583 2432 ad
2634 2376 2911 2445 singulos;
2964 2384 3020 2432 et
3069 2374 3207 2430 LXX
3252 2377 3418 2430 editio
3470 2381 3644 2445 magis

2057 2473 2327 2540 signiticet
2356 2471 2645 2540 plurimos,
2677 2471 2767 2538 qui
2808 2469 3146 2535 interpretati
3178 2477 3327 2534 sunt,
3361 2468 3640 2537 Seraphin!

2057 2568 2270 2618 stabant
2307 2568 2359 2618 in
2397 2566 2619 2618 circuitu
2659 2563 2793 2633 ejus.
2829 2561 2980 2628 Quod
3016 2561 3060 2616 si
3095 2564 3160 2616 de
3190 2562 3404 2616 duobus
3433 2564 3645 2616 dit-cre-

2060 2669 2165 2723 tur,
2207 2675 2313 2713 non
2361 2660 2415 2712 in
2460 2658 2712 2721 circuitu,
2752 2659 2846 2712 sed
2894 2670 2959 2713 es
3006 2666 3234 2723 utraque
3284 2668 3435 2723 parte
3472 2654 3642 2707 dixis-

2057 2761 2196 2805 sent.
2236 2752 2297 2805 Et
2333 2754 2435 2806 hoc
2469 2753 2723 2806 convenit
2771 2750 3090 2821 angelorum
3116 2745 3484 2808 multitudini,
3518 2760 3640 2813 quae

2061 2846 2114 2897 in
2152 2845 2242 2898 Dei
2276 2845 2638 2899 ministerium
2673 2853 2974 2913 praeparata
3008 2851 3110 2896 est.
3143 2839 3418 2908 Seraphim
3458 2850 3638 2891 autem

2060 2939 2251 3007 plurali
2302 2950 2527 2992 numero
2575 2936 2956 3006 appellantur,
2988 2943 3042 2990 et
3084 2934 3346 3004 singulari
3414 2930 3638 2999 Seraph,

2058 3033 2197 3088 sicut
2236 3031 2541 3097 Cherubim,
2571 3040 2623 3084 et
2654 3030 2879 3085 Cherub.
2925 3028 3079 3095 Quod
3115 3038 3298 3082 autem
3334 3027 3506 3079 altare
3537 3027 3642 3079 sub

358 3124 531 3184 capta
574 3114 898 3180 Jerusalem,
937 3110 1328 3183 Templnmque
1364 3128 1686 3170 Succensum
1724 3125 1824 3169 est.
1859 3115 1951 3169 Ju-

2064 3141 2167 3194 qtto
2203 3127 2398 3179 anima:
2447 3136 2744 3194 martyrum
2791 3134 2937 3187 sunt,
2975 3123 3260 3177 videantur
3302 3120 3355 3175 in
3400 3121 3559 3183 cmlo,
3591 3125 3646 3171 et

370 3207 474 3262 dmi
523 3218 710 3275 putant
757 3206 1041 3274 Templum
1099 3206 1376 3277 impletum
1427 3211 1612 3275 l'ntuo,
1663 3209 1960 3278 thymiama

370 3300 707 3369 signiﬁcare,
741 3299 794 3352 id
850 3309 935 3353 est
966 3290 1274 3365 inccnSmu,
1308 3308 1363 3353 et
1392 3316 1486 3368 per
1524 3302 1626 3355 boc
1666 3305 1956 3367 adventum

368 3392 574 3447 divina:
606 3393 935 3463 majestatis.

450 3484 625 3555 (Vers.
660 3487 737 3554 5).
777 3503 794 3536 ι
837 3486 898 3538 Ει
944 3484 1094 3538 dixi:
1130 3482 1222 3540 Va:
1268 3484 1402 3539 milii
1450 3485 1579 3554 quia
1631 3486 1798 3551 tacui,
1833 3486 1960 3555 quia

376 3578 464 3632 vir
494 3579 734 3649 pollutus
765 3578 922 3631 labiis
954 3591 1051 3646 ego
1082 3592 1227 3639 sum,
1252 3586 1305 3631 et
1336 3578 1388 3629 in
1419 3576 1598 3630 tnedzo
1626 3580 1805 3647 pupult
1839 3577 1960 3645 pol-

379 3675 494 3727 luta
527 3675 666 3726 labia
703 3671 949 3725 habentis
978 3687 1078 3739 ego
1112 3669 1367 3724 habitabo
1394 3670 1432 3735 ',
1462 3682 1516 3723 et
1560 3685 1738 3741 regem
1776 3670 1959 3725 Dami-

381 3780 516 3819 num
564 3767 897 3819 exerrituum
946 3762 1054 3816 vidi
1099 3764 1269 3816 oculis
1308 3762 1465 3817 meis.
1507 3782 1526 3814 ι
1576 3762 1639 3816 Et
1683 3764 1959 3818 Abraham

388 3871 675 3931 postquam
722 3857 854 3911 vidit
900 3856 1208 3919 Dominum,
1236 3866 1289 3910 et
1335 3859 1540 3909 audivit
1585 3872 1770 3910 vocem
1819 3862 1955 3925 ejus,

385 3964 590 4006 terrain
633 3961 688 4003 et
730 3953 967 4003 cinerem
1012 3962 1136 4002 esse
1181 3962 1239 4000 se
1284 3947 1416 4000 dicit
1463 3946 1671 4022 (Cenes.
1698 3955 1872 4016 svnt),
1906 3958 1961 4002 et

382 4043 556 4098 Isaias
583 4046 736 4108 juxta
775 4039 912 4095 LXX
947 4042 1277 4107 Interprctcs
1319 4048 1706 4105 compunctum
1745 4054 1803 4091 se
1836 4054 1960 4093 esse

385 4146 638 4201 testatur,
672 4152 776 4189 non
819 4134 889 4188 ob
927 4133 1032 4185 alia
1078 4132 1328 4195 crimina,
1361 4130 1454 4184 Sed
1503 4132 1629 4199 quia
1678 4131 1817 4183 labia
1864 4131 1961 4184 lia-

382 4229 537 4283 berct
564 4226 862 4281 iumnmda.
909 4222 1056 4278 Felix
1090 4224 1447 4283 conscientia,
1481 4237 1600 4290 qua:
1643 4230 1852 4275 tantum
1900 4223 1956 4276 in

380 4334 632 4374 sermone
665 4335 745 4388 per
764 4318 930 4380 cavit,
963 4332 1067 4369 non
1102 4331 1199 4370 suo
1235 4316 1390 4375 vitio.
1430 4315 1523 4368 scd
1563 4314 1825 4369 societate
1864 4330 1959 4383 po-

380 4411 496 4482 puli
545 4412 799 4465 babentis
845 4409 1045 4475 polluta
1096 4409 1258 4470 labia,
1291 4422 1413 4460 cum
1453 4422 1563 4475 quo
1599 4407 1741 4475 loqui
1774 4409 1959 4475 saepis-

378 4508 522 4562 sime
570 4508 882 4575 cogebatur.
918 4501 991 4555 Ex
1035 4516 1141 4565 quo
1191 4500 1494 4555 ostenditur
1540 4502 1761 4554 noxium
1811 4516 1955 4566 esse,
1992 4478 2036 4533 θ

380 4602 570 4654 vivere
617 4613 738 4653 cum
784 4594 1164 4665 peccatoribus
1196 4606 1213 4646 :
1251 4593 1355 4658 Qui
1383 4596 1522 4647 enim
1559 4596 1727 4663 tangit
1768 4596 1958 4661 picem,

379 4692 751 4761 inquinabitur
781 4689 844 4741 ab
875 4704 937 4741 ea
967 4686 1156 4756 (Eccli.
1190 4701 1313 4753 xm,
1354 4688 1426 4756 l).
1473 4687 1578 4740 Sed
1615 4688 1741 4757 quia
1779 4689 1829 4739 itt
1855 4686 1961 4741 He-

380 4785 526 4839 braeo
557 4782 783 4853 legimus
808 4791 823 4834 :
863 4776 951 4833 Va:
980 4778 1132 4839 mihi.
1164 4778 1287 4848 quia
1323 4783 1490 4842 tacui,
1517 4780 1719 4851 plangit
1745 4795 1803 4835 se
1833 4779 1962 4833 l’ro-

385 4878 576 4946 pbcta,
612 4874 737 4943 quia
792 4887 899 4925 non
940 4868 1106 4925 fuerit
1152 4871 1349 4938 dignus
1408 4873 1629 4925 laudare
1675 4872 1959 4925 Deminum

386 4965 660 5029 Sabaoth,
705 4977 827 5016 cum
881 4959 1198 5028 Seraphim,
1242 4975 1401 5030 ιιιιιιεΔ
1425 4960 1700 5030 angelicas
1746 4959 1964 5014 fortitu-

385 5060 545 5114 dines
589 5057 958 5127 intelligimus.
996 5053 1110 5110 Non
1168 5054 1268 5107 luit
1310 5024 1704 5108 aui‘tim'ausus
1743 5055 1965 5109 laudare

388 5150 699 5205 Dominum.
740 5151 864 5219 quia
889 5148 1024 5202 labia
1052 5146 1287 5202 habebat
1310 5145 1612 5199 immunda.
1637 5146 1703 5199 Et
1721 5155 1966 5215 propter-

384 5257 452 5296 ea
496 5243 637 5297 labia
688 5245 919 5296 habebat
969 5239 1281 5302 immunda,
1329 5239 1455 5308 quia
1502 5253 1626 5292 cutn
1676 5251 1963 5308 peccatore

384 5424 783 5492 interpretante
815 5419 1007 5474 Filium
1042 5431 1095 5474 et
1133 5419 1391 5492 Spiritum
1427 5430 1678 5492 sanctum
1718 5435 1733 5477 :
1771 5435 1953 5475 nonne

379 5508 487 5561 ego
528 5489 899 5545 detestandam
941 5490 1431 5561 expositionemuin
1469 5496 1573 5544 duo
1604 5489 1949 5545 Testamenta

387 5558 630 5616 uintavt‘l
682 5579 701 5612 ι
767 5577 871 5615 etc.
932 5565 1203 5614 luamus.
1246 5588 1312 5598 —
1346 5558 1606 5613 Nimirum
1661 5560 1945 5630 Origenes.

391 5650 412 5684 ι
466 5631 638 5700 Cujus
692 5647 792 5699 ego
848 5633 1225 5684 detestandam
1292 5632 1682 5700 expositionem
1736 5634 1788 5685 in
1843 5634 1951 5683 duo

385 5698 747 5772 Testamenta
796 5700 1017 5772 mutavi,
1059 5717 1080 5751 ι
1116 5702 1288 5772 inquit
1318 5698 1537 5756 ll.ct‘0tt.
1566 5704 1729 5772 epist.
1760 5701 1849 5766 Si,
1880 5700 1949 5753 ad

384 5771 697 5824 Pummuch.
725 5779 774 5823 ct
808 5770 1028 5837 Geram,
1057 5785 1203 5824 nutu.
1235 5771 1289 5824 5.

2064 3213 2305 3271 Joannes
2345 3215 2397 3268 in
2427 3213 2749 3283 Apocalypsi
2792 3212 3034 3280 loquitur
3064 3210 3247 3282 (Apoc.
3286 3212 3362 3277 vt)
3387 3247 3403 3273 ,
3443 3218 3497 3262 et
3535 3208 3645 3261 cal-

2063 3308 2217 3362 culus
2252 3308 2353 3363 iste
2377 3310 2466 3376 qui
2499 3323 2527 3360 a
2557 3307 2686 3360 solis
2711 3302 2850 3357 LXX
2874 3304 3106 3373 ἄνθραξ,
3137 3303 3189 3356 id
3219 3311 3320 3368 est,
3347 3302 3647 3354 carbuncu-

2065 3397 2148 3451 lus
2173 3406 2255 3451 est
2298 3398 2690 3465 interpretatus
2731 3393 2840 3467 [ΑΙ.
2875 3392 3288 3464 interpretatur)
3327 3399 3501 3461 potest
3534 3405 3643 3443 non

2063 3491 2357 3542 Carbonem
2379 3486 2710 3554 signiﬁcare,
2739 3484 2820 3538 vel
2847 3498 3097 3553 prunam,
3124 3494 3182 3539 ut
3205 3485 3306 3553 plet
3322 3484 3445 3553 ique
3467 3482 3648 3537 existi-

2065 3588 2236 3644 mant,
2271 3578 2365 3631 sed
2407 3576 2676 3644 ἄνθρακα,
2713 3577 2763 3628 id
2809 3583 2913 3640 est,
2947 3577 3338 3629 carbunculum
3388 3576 3642 3643 lapidem,

2062 3671 2155 3738 qui
2180 3669 2249 3722 ob
2273 3667 2469 3721 coloris
2492 3666 2727 3720 ﬂammei
2754 3665 3167 3719 similitudinem
3195 3667 3382 3735 igneus
3404 3667 3643 3734 appella-

2064 3773 2173 3816 tur.
2223 3761 2305 3815 Ex
2351 3760 2862 3830 quo_intel|igimus
2910 3759 3083 3812 altare
3126 3759 3217 3812 Dei
3263 3758 3479 3827 plenum
3523 3773 3646 3812 esse

2062 3852 2430 3917 carbunculis,
2462 3835 2567 3906 boc
2599 3862 2704 3914 est,
2738 3850 2920 3918 ignitis
2948 3850 3175 3905 calculis
3200 3858 3254 3902 et
3280 3852 3489 3919 prunis,
3514 3867 3643 3919 pec-

2062 3957 2183 4002 cata
2221 3945 2606 4016 purgantibus.
2645 3940 3090 4010 Unde-scriptum
3123 3946 3188 3997 de
3222 3942 3329 3997 Deo
3368 3943 3594 4010 legimus
3623 3962 3638 3999 :

2062 4041 2322 4094 Carbone:
2356 4038 2593 4092 succensi
2637 4047 2758 4091 sunt
2794 4036 2858 4091 ab
2907 4050 2966 4088 eo
2993 4034 3168 4105 (Psal.
3198 4051 3328 4101 xvu,
3370 4036 3447 4103 9).
3486 4036 3550 4089 Et
3577 4037 3646 4090 de

2060 4136 2182 4204 ipso
2214 4132 2439 4188 Domino
2466 4130 2691 4195 dicitur,
2721 4130 2865 4200 quod
2909 4130 3046 4197 ignis
3081 4143 3408 4183 consumens
3443 4130 3535 4181 sit.
3576 4129 3639 4182 Et

2062 4225 2316 4282 Salvator
2383 4225 2436 4278 in
2482 4221 2820 4291 Evangelia:
2854 4218 3039 4289 Ignem
3083 4220 3196 4274 veni
3240 4219 3446 4273 mittere
3486 4234 3643 4286 super

2063 4330 2259 4373 terram
2279 4316 2429 4391 (Luc.
2456 4316 2554 4380 xtt,
2576 4315 2666 4388 49)
2683 4329 2699 4368 :
2719 4324 2777 4368 ιιι
2800 4314 3099 4385 baptizaret
3122 4314 3174 4367 ιιι
3200 4314 3401 4381 Spiritu
3427 4323 3641 4375 sancto,

2063 4417 2117 4465 et
2156 4412 2290 4481 igni.
2336 4407 2776 4478 Uniuscujusque
2822 4409 2964 4461 enim
3004 4421 3143 4475 opus
3181 4406 3342 4473 quale
3381 4405 3472 4467 sit,
3505 4403 3645 4474 ignis

2066 4503 2313 4575 probabit
2347 4501 2394 4573 (Ι
2428 4499 2550 4555 Cor.
2591 4500 2697 4568 tn).
2739 4500 2803 4552 Et
2833 4497 2924 4565 qui
2954 4499 3247 4552 salvaudus
3279 4506 3387 4559 est,
3420 4497 3497 4550 sic
3531 4498 3643 4549 sal-

2068 4598 2302 4661 vabitur,
2333 4595 2492 4665 quasi
2524 4606 2620 4663 per
2657 4592 2835 4662 ignem
2877 4591 3176 4645 transierit.
3211 4591 3277 4644 Et
3309 4589 3410 4644 hoc
3447 4602 3643 4642 notan-

2067 4692 2216 4755 dum,
2259 4687 2518 4766 quod.“
2565 4685 2881 4748 Jeremiam,
2916 4687 3004 4739 cui
3055 4685 3255 4739 dictum
3303 4693 3385 4738 est
3423 4695 3440 4736 :
3486 4681 3644 4735 Prius

2065 4795 2223 4850 quant
2260 4788 2310 4832 te
2339 4779 2625 4847 formarem
2654 4778 2709 4831 in
2742 4788 2891 4829 utero
2918 4775 3037 4829 novi
3065 4786 3135 4837 te.
3164 4784 3212 4829 et
3243 4776 3296 4828 in
3340 4776 3487 4827 vulva
3530 4792 3644 4827 ma-

2066 4877 2161 4928 tris
2197 4883 2304 4927 tua:
2332 4873 2661 4939 sanctiﬁcaoi
2699 4881 2771 4935 te,
2799 4872 2925 4940 quia
2958 4870 3097 4923 labia
3131 4884 3236 4925 non
3268 4866 3380 4938 95
3409 4870 3642 4922 Itala-bat

2067 4968 2366 5033 immunda,
2386 4966 2489 5020 sed
2507 4975 2709 5019 tantum
2740 4975 2948 5020 uixerat
2973 4977 2990 5021 :
3016 4963 3201 5018 Nescio
3224 4960 3386 5031 loqui,
3415 4963 3539 5031 quia
3554 4960 3647 5031 jn-

2064 5061 2206 5114 venis
2236 5072 2376 5120 sum,
2403 5058 2646 5112 extendit
2676 5057 2789 5126 ipse
2818 5056 3080 5110 Dominus
3114 5066 3336 5107 manum
3392 5062 3645 5118 suam,ct

2068 5149 2243 5220 tetigit
2282 5164 2342 5203 os
2368 5148 2512 5219 ejus,
2544 5157 2596 5201 et
2622 5148 2757 5201 dixit
2786 5158 2803 5199 :
2834 5140 2969 5198 Ecce
2989 5144 3111 5197 dedi
3132 5158 3394 5199 sermones
3421 5159 3559 5197 meos
3588 5145 3643 5197 in

2068 5258 2124 5295 os
2149 5250 2293 5295 tuum
2316 5240 2530 5312 (Jerem.
2555 5255 2592 5308 t,
2619 5237 2673 5303 5,
2696 5237 2751 5303 6,
2771 5236 2853 5308 9).
2882 5236 3050 5291 Porro
3070 5238 3135 5289 ad
3161 5235 3356 5291 Isaiam
3381 5240 3470 5306 qui
3495 5237 3645 5289 dixe-

2133 5421 2150 5451 ‘
2187 5418 2358 5476 Vatic.
2386 5436 2510 5476 cum
2539 5418 2722 5487 ang.,
2750 5432 2845 5489 ego
2872 5416 3079 5471 habito.
3107 5415 3234 5484 Qua:
3260 5428 3423 5489 porro
3453 5416 3643 5470 subse-

2060 5502 2304 5560 quuutur
2334 5492 2772 5559 Hieronymiana:
2786 5488 3151 5559 expositionis
3173 5503 3238 5542 ex
3262 5488 3499 5541 Eusebia
3526 5504 3647 5540 mu-

2124 5582 2147 5611 ιι
2200 5574 2233 5612 ιι
2262 5578 2307 5613 Γ.

2061 5576 2260 5684 ΗιήΕὲ
2290 5628 2580 5695 llebraico,
2609 5628 2823 5694 Graeco,
2864 5628 3089 5698 ipsoque
3118 5626 3311 5680 Latino
3343 5626 3640 5693 interprete

2051 5699 2204 5781 juxta
2259 5701 2543 5772 plerosque
2588 5715 2715 5757 mss.
2771 5696 3315 5757 codices—Victorius
3366 5699 3649 5766 rescripsit

2059 5781 2246 5839 tetigit.
