3980 6200
346 290 420 351 ει
1454 272 1461 279 “
1515 287 1587 346 's.
1618 283 1937 346 EUSE‘BII
1980 285 2433 347 msuonvnt

3010 202 3014 205 Α
3036 202 3219 217 vimvim.»
3244 206 3261 212 υ

3504 293 3602 356 106

345 419 431 462 rat
459 420 473 458 :
510 405 599 458 Vir
630 406 864 476 pollutus
898 405 1055 460 la‘biis
1087 422 1178 474 ego
1212 421 1349 463 sum,
1382 405 1510 456 etin
1540 401 1708 455 medio
1740 402 1918 471 populi
1952 410 1990 462 Α
2023 400 2156 471 (Jer.
2193 417 2313 463 xxv,
2352 403 2457 471 l5),
2492 402 2722 458 libenter
2753 404 3026 472 arripiens
3057 407 3442 476 Suppliciornm
3470 416 3604 464 eali-

343 502 543 567 polluta
591 499 732 553 labia
774 497 1009 550 habentis
1057 512 1148 565 ego
1197 495 1396 553 habito,
1442 510 1546 545 IIOII
1595 492 1687 546 Dei
1733 508 1925 545 uanus

345 592 666 659 porrigitur,
697 591 789 644 sed
824 588 1113 657 Seraphim
1157 588 1386 639 mittitur
1418 599 1446 637 a
1476 584 1613 648 Deo,
1645 584 1728 637 vel
1777 584 1925 636 volat

346 685 566 755 propria
598 684 893 747 voluntate,
916 682 1041 752 quia
1073 680 1199 734 huic
1225 677 1400 733 cilicio
1432 677 1769 744 mancipatus
1800 686 1919 738 est;

347 786 402 830 et
449 779 499 829 in
544 791 703 830 manu
754 791 852 830 sua
905 783 1052 828 tenet
1086 772 1380 836 ealculnm,
1407 786 1571 839 quem
1598 769 1748 839 juxta
1782 763 1923 819 LXX

348 879 405 923 et
435 868 877 929 'l'lteotlotionem,
910 865 1109 935 forcipe
1138 879 1156 915 :
1184 865 1337 934 juxta
1370 862 1642 932 Aquilam,
1674 870 1727 913 et
1764 858 1923 930 Sym-

353 960 633 1022 machum,
663 958 751 1024 qui
780 957 1102 1011 Hebraicnm
1131 967 1257 1009 sunt
1282 953 1794 1023 seeuti,.forcipibus
1816 967 1921 1020 ap-

349 1052 653 1121 prehendit,
688 1050 738 1101 id
767 1057 868 1114 est,
896 1064 1125 1103 IALCMI
1152 1031 1450 1129 (Dtnpsia),
1485 1058 1544 1099 nt
1576 1053 1823 1115 tangeret
1859 1058 1923 1097 os

345 1146 485 1215 ejus,
514 1153 567 1197 et
595 1142 818 1211 pristina
852 1142 1042 1195 delicta
1087 1152 1362 1209 purgaret.
1403 1140 1598 1193 Manus
1633 1145 1840 1197 autem,
1868 1144 1921 1187 et

344 1253 373 1292 a
401 1238 510 1292 Deo
531 1247 587 1290 et
607 1235 894 1305 Serapbim
918 1233 1171 1297 mittitur,
1197 1243 1254 1286 ut
1273 1231 1540 1299 Propheta
1565 1230 1650 1283 sui
1668 1228 1920 1298 corporis

346 1330 647 1381 membrum
681 1327 890 1389 videns,
917 1335 1063 1378 tactu
1092 1341 1197 1380 non
1225 1320 1494 1378 terreatur
1516 1333 1760 1377 esterno.
1790 1317 1921 1384 Qui-

341 1421 465 1473 dam
497 1430 807 1474 nostrorum
837 1417 1118 1486 forcipem,
1145 1430 1252 1486 quo
1280 1414 1523 1471 calculus
1553 1412 1918 1483 comprehen-

342 1509 507 1570 ditur,
537 1509 642 1560 duo
668 1506 1020 1562 Testamenta
1046 1515 1255 1575 putant,
1279 1520 1398 1574 quae
1429 1506 1570 1559 inter
1595 1520 1654 1557 se
1677 1502 1918 1573 Spiritus

340 1600 514 1653 Sancti
549 1601 745 1655 ttniOne
777 1600 1076 1653 sociantur.
1106 1598 1240 1663 Quia
1272 1613 1403 1651 vero
1430 1597 1626 1652 sedens
1644 1583 1918 1648 'Dotuinus

340 1691 721 1755 introducitur,
757 1700 811 1744 et
833 1692 1029 1745 sedens
1057 1691 1109 1744 in
1140 1690 1362 1759 Templo
1388 1701 1468 1744 est
1496 1698 1550 1744 et
1577 1690 1776 1743 domus
1813 1690 1914 1742 im-

2033 509 2172 557 cem,
2209 504 2265 546 ιιι
2299 494 2628 549 advol‘Sariis
2672 497 2923 565 gentibus
2954 499 3285 567 propinaret,
3331 501 3604 555 biberent-

2033 599 2159 646 qne,
2193 594 2243 634 et
2278 587 2580 647 Volucrem,
2615 598 2670 640 et
2710 587 2989 652 caderent,
3040 600 3322 659 postquam
3373 595 3604 654 audivit,

2042 672 2205 738 Vade,
2247 684 2298 729 et
2330 677 2565 743 primum
2602 680 2908 747 propinabis
2934 680 3250 747 Jerusalem,
3281 690 3553 754 respondit
3588 705 3603 740 :

2031 764 2295 834 Πιερρῑδιὶ
2325 782 2423 831 me,
2459 766 2697 832 Domine,
2725 778 2775 821 et
2804 768 3051 839 deceptus
3082 789 3199 826 sum
3227 773 3366 844 (Jer.
3401 792 3487 836 xx.
3528 779 3617 839 7).-

2031 852 2154 907 Haec
2190 854 2535 913 llebrteorum
2567 859 2875 916 observiitio
2898 873 3006 917 est.
3044 865 3310 920 Cirtorom
3352 883 3447 922 nos
3473 870 3605 921 dit-i-
3658 889 3672 904 -

2031 961 2151 997 mus
2194 962 2302 1000 non
2352 950 2672 1005 temeritatis
2703 966 2843 1018 esse,
2875 957 2967 1008 sed
2990 956 3341 1018 obedientiee,
3374 961 3603 1015 Domitio

2028 1050 2089 1089 se
2116 1037 2377 1092 obtulisse
2405 1038 2746 1095 mittendum.

2092 1124 2283 1196 (Veis.
2309 1127 2364 1182 9.
2403 1132 2582 1199 seqq.)
2610 1149 2628 1181 ι
2661 1129 2723 1183 Ει
2751 1133 2885 1187 dixit
2910 1152 2922 1186 :
2949 1132 3115 1200 Vade,
3142 1145 3195 1189 et
3232 1137 3382 1193 dices
3406 1142 3604 1210 populo

2026 1217 2154 1270 lmic
2191 1236 2204 1270 :
2240 1220 2438 1273 Audita
2469 1222 2672 1285 audite,
2708 1233 2759 1277 et
2795 1225 2958 1280 nolite
2990 1227 3308 1292 intelligere,
3339 1245 3389 1283 et
3426 1234 3604 1288 vidtte

2027 1307 2144 1360 visu
2172 1318 2229 1361 et
2265 1309 2429 1364 nolite
2450 1327 2799 1379 cognoscere.
2835 1315 3056 1370 Exi-arca
3090 1333 3184 1372 cor
3212 1321 3390 1388 νομιιί
3417 1322 3597 1392 hujus,

2026 1407 2078 1450 et
2110 1414 2270 1452 aures
2313 1400 2430 1469 ejus
2475 1418 2729 1472 aggrava,
2774 1415 2829 1460 et
2878 1409 3064 1460 oculos
3110 1408 3225 1476 ejus
3272 1411 3482 1477 claude,
3529 1429 3601 1467 ne

2026 1486 2163 1565 forte
2194 1489 2371 1544 videat
2395 1493 2565 1547 oculis
2592 1494 2722 1557 suis,
2754 1505 2808 1550 et
2852 1499 3074 1554 auribus
3104 1502 3305 1565 audiat,
3338 1513 3391 1556 et
3434 1507 3600 1557 corde

2026 1564 2310 1650 inirlligat,
2356 1588 2410 1636 et
2443 1594 2814 1653 convertatur,
2848 1598 2901 1642 et
2936 1600 3178 1646 sanetur.
3216 1611 3235 1644 ι
3275 1592 3413 1647 LXX
3453 1599 3598 1651 hunc

2028 1668 2201 1722 Ιοιτιιιιι
2238 1670 2308 1724 ita
2339 1671 2673 1742 interpretati
2704 1688 2851 1742 sunt,
2881 1690 2938 1735 ut
2964 1684 3293 1754 evangelista
3337 1684 3510 1741 Lucas
3544 1690 3594 1741 in

338 1784 478 1850 pleta
545 1781 710 1845 iunio,
743 1790 797 1834 ut
829 1779 1001 1833 Judaei
1049 1790 1261 1849 putant,
1310 1780 1735 1849 thymiamatis,
1787 1794 1905 1832 cont

2030 1758 2408 1825 Apostolorum
2458 1763 2684 1817 Artibus
2727 1768 2904 1835 posuit
2936 1787 2950 1824 :
2981 1768 3215 1843 Cumque
3245 1775 3461 1832 invicem
3493 1795 3597 1832 non

334 1881 627 1938 scqttentet'
652 1882 921 1939 ponuntur
939 1881 991 1924 et
1010 1869 1262 1938 forcipes,
1283 1887 1420 1939 quos
1444 1872 1566 1923 etin
1590 1868 1912 1924 sacerdotali

337 1965 637 2031 ministerio
678 1963 904 2031 legionis
938 1961 1133 2032 (Exod.
1166 1964 1397 2031 nuit).

408 2054 586 2123 (Vers.
622 2052 698 2124 8.)
760 2072 777 2105 t
816 2054 880 2108 Et
931 2055 1107 2107 audivi
1144 2070 1327 2108 vocem
1381 2053 1589 2107 Domini
1636 2054 1910 2110 dicentis:

335 2144 504 2210 Quem
559 2145 788 2210 mittam,
832 2154 886 2198 et
931 2146 1053 2213 quis
1100 2144 1195 2198 ibit
1230 2145 1426 2199 nobis?
1458 2146 1526 2199 Et
1570 2146 1680 2200 dixi
1719 2161 1734 2198 :
1776 2147 1912 2201 Ecce

334 2250 458 2306 ego,
492 2236 646 2289 mitte
678 2249 782 2289 me.
823 2254 839 2285 ι
878 2233 980 2289 Pro
1012 2251 1077 2291 eo
1111 2238 1253 2305 quod
1283 2246 1337 2292 et
1385 2251 1484 2292 nos
1511 2247 1564 2291 et
1593 2238 1687 2291 alii
1719 2252 1910 2293 omnes

334 2331 657 2399 interpretes
683 2329 1093 2395 transtulerunt,
1115 2331 1284 2396 uobis,
1311 2332 1453 2400 quod
1486 2330 1751 2386 llebraice
1774 2332 1911 2386 dici—

335 2431 421 2473 tur
466 2436 597 2475 LANU
629 2403 786 2490 (τιὸ).
834 2421 1014 2475 nescio
1056 2422 1183 2490 quid
1228 2424 1471 2477 volentes
1521 2421 1661 2477 LXX
1712 2437 1909 2490 posue-

337 2521 460 2564 runt
496 2513 564 2564 ad
612 2512 862 2581 pollutum
903 2514 1085 2577 istum,
1139 2515 1284 2582 quod
1333 2515 1545 2583 penitus
1580 2518 1631 2569 in
1682 2513 1910 2570 Hebraeo

334 2618 437 2658 non
478 2604 729 2658 habetur.
778 2604 1002 2669 Quando
1038 2618 1218 2660 antem
1254 2622 1319 2661 ex
1369 2606 1464 2660 Dei
1510 2622 1741 2676 persona
1776 2607 1911 2661 diei—

337 2706 445 2759 tur,
498 2697 667 2761 nobis,
708 2697 799 2751 illo
848 2712 1011 2750 sensu
1059 2698 1432 2762 accipiendum
1465 2708 1566 2763 est,
1602 2714 1710 2768 quo
1768 2699 1907 2753 etin

332 2786 525 2841 Genesi
559 2788 751 2856 legitur
781 2803 797 2841 :
831 2787 1115 2842 Faciamus
1144 2790 1403 2842 hominem
1433 2790 1502 2842 ad
1532 2791 1829 2860 imaginem,
1859 2799 1906 2845 et

330 2878 728 2932 similitudinem
761 2892 997 2933 nostram
1026 2879 1179 2940 (Ceu.
1213 2898 1251 2944 ι,
1282 2880 1397 2951 26),
1425 2891 1481 2934 ιιι
1506 2891 1907 2936 sacramentum

334 2973 534 3024 indicet
565 2970 864 3026 Trinitatis.
890 2972 1174 3038 Quomodo
1200 2973 1344 3028 ettim
1377 2976 1428 3026 in
1455 2973 1749 3042 Evangelia
1778 2976 1908 3045 legi-

332 3078 472 3124 mus,
506 3063 717 3115 dicente
757 3064 981 3117 Domino
1010 3064 1025 3093 ¹
1059 3082 1071 3117 ;
1110 3062 1222 3133 Ego
1247 3075 1295 3118 et
1327 3064 1487 3119 Pater
1534 3083 1691 3119 unum
1724 3084 1904 3120 sumus

2017 1858 2183 1901 essent
2211 1852 2613 1916 consentientes,
2642 1855 2783 1911 hand
2810 1859 3026 1913 dubimn
3054 1866 3184 1931 quin
3210 1864 3377 1920 Jndzei
3427 1869 3598 1921 disce-

2015 1940 2242 2005 debant,
2295 1945 2498 1999 dicente
2544 1949 2717 2001 Paulo
2770 1966 2931 2004 unum
2999 1954 3234 2010 verbum:
3284 1956 3423 2023 Quia
3469 1959 3596 2014 bene

2015 2031 2247 2100 Spiritus
2279 2047 2489 2090 sanctus
2523 2038 2727 2093 locutus
2781 2052 2859 2095 est
2901 2058 2993 2104 per
3046 2043 3249 2101 Isaiam
3283 2054 3591 2119 prophetam

2014 2124 2083 2175 ad
2110 2133 2288 2191 patres
2318 2136 2542 2189 nostros,
2588 2129 2766 2183 dicens
2797 2146 2815 2185 :
2858 2128 3000 2187 Vade
3034 2135 3104 2188 ad
3130 2138 3381 2206 populum
3412 2141 3591 2206 istum,

2013 2224 2063 2270 et
2098 2218 2184 2268 dic
2212 2232 2230 2269 :
2259 2220 2397 2272 dare
2424 2220 2674 2285 audietis,
2706 2234 2752 2276 et
2783 2240 2884 2277 non
2912 2228 3236 2298 intelligetis,
3267 2242 3315 2286 et
3359 2235 3592 2290 videntes

2013 2308 2268 2371 videbitis,
2306 2322 2353 2363 et
2398 2328 2499 2364 non
2545 2315 2902 2383 perspicietis;
2935 2318 3288 2376 incrassatum
3329 2337 3405 2379 est
3451 2331 3589 2382 enim

2013 2415 2104 2452 cor
2134 2400 2315 2470 pepuli
2359 2402 2540 2471 hujus,
2588 2415 2636 2459 et
2679 2409 2895 2461 auribus
2927 2413 3159 2478 graviter
3207 2416 3511 2477 audierunt.
3542 2431 3592 2472 et

2011 2488 2193 2543 oculos
2224 2508 2346 2545 suos
2379 2508 2818 2565 compresserunt,
2860 2515 2925 2553 ne
2972 2501 3107 2570 forte
3155 2506 3363 2558 videant
3397 2510 3589 2575 oculis,

2010 2587 2057 2631 et
2089 2581 2307 2633 auribus
2355 2584 2597 2649 audiant,
2636 2596 2684 2640 et
2732 2590 2888 2644 corde
2940 2593 3258 2665 intelligant,
3293 2607 3344 2650 et
3377 2615 3591 2654 convcr-

2012 2681 2127 2723 tant
2158 2688 2233 2736 se,
2262 2682 2309 2726 et
2342 2691 2526 2728 sanetn
2572 2676 2692 2733 illos
2752 2681 2889 2750 (Act.
2922 2698 3115 2747 xxvm,
3147 2687 3217 2741 15
3246 2691 3436 2760 seqq.).
3470 2691 3591 2758 Quo

2011 2769 2188 2813 autem
2224 2763 2336 2815 haec
2362 2766 2643 2832 prophetia
2674 2769 2892 2839 impleta
2918 2774 2985 2826 sit
3013 2781 3277 2845 tempore,
3303 2782 3413 2848 ipse
3460 2798 3592 2851 apo-

2010 2851 2177 2905 sndus
2226 2853 2418 2907 Paulus
2466 2858 2515 2908 itt
2551 2862 3009 2927 consequentibus
3053 2865 3293 2934 loquitur
3335 2887 3351 2924 :
3391 2871 3589 2927 Notum

2006 2957 2127 3010 ergo
2158 2944 2228 2996 sit
2272 2946 2433 3007 vobis,
2466 2949 2713 3015 quoniam
2747 2952 2988 3020 gentibus
3019 2956 3235 3010 missum
3268 2967 3340 3012 est
3372 2962 3469 3014 hoc
3494 2980 3589 3014 sa-

2009 3033 2179 3086 lut:re
2222 3033 2339 3096 Dei,
2379 3050 2425 3089 et
2470 3039 2570 3106 ipsi
2605 3043 2818 3096 audient
2858 3046 2996 3114 (Act.
3041 3062 3228 3113 xxvnt,
3272 3052 3383 3123 28).
3433 3051 3586 3109 Unde

334 3155 495 3222 (Joan
552 3172 579 3206 χ
639 3155 726 3223 50)
796 3166 843 3207 ct
880 3171 1041 3208 unum
1087 3126 1441 3211 ad'naturam
1477 3157 1761 3213 referimus
1814 3128 1974 3212 su-C
2008 3134 2057 3175 ﬂ
2117 3126 2166 3176 in
2224 3127 2422 3180 “idem
2478 3132 2846 3198 “poswlomm
2905 3138 3055 3193 Attis
3119 3141 3381 3212 legimus’
3442 3148 3583 3212 qm"

502 3197 513 3207 ⁸
589 3194 603 3218 ν
752 3196 767 3220 9
1768 3202 1779 3219 ο
2014 3213 2047 3223 ,κ
2125 3215 2136 3223 .
2339 3218 2369 3223 λ
2650 3222 2659 3223 ,

329 3262 443 3299 nius
505 3251 570 3301 ad
624 3261 975 3316 personatum
1047 3250 1466 3306 diversitatem:
1511 3252 1623 3312 sic,
1674 3250 1905 3305 Domino

322 3342 574 3409 jnbente,
625 3340 861 3395 Trinitas
911 3346 1161 3410 imperat.
1217 3342 1509 3412 Pr0ptet'ea
1565 3355 1743 3399 autem
1798 3362 1901 3398 ι.οιι

330 3431 461 3484 dicit
507 3429 766 3487 Dominus
812 3448 970 3500 quem
1028 3435 1103 3488 ire
1154 3436 1461 3503 pra-cipiat,
1508 3437 1599 3489 sed
1652 3438 1902 3506 pro;:o.:it

328 3524 667 3578 audientibus
712 3524 1023 3593 optionem,
1059 3537 1115 3579 ut
1158 3530 1406 3583 voluntas
1454 3531 1732 3596 praaudmn
1771 3547 1901 3584 con-

330 3625 604 3681 sequatur.
638 3615 703 3670 Et
729 3615 996 3686 Propheta
1035 3634 1140 3672 non
1177 3624 1477 3674 temeritate
1508 3633 1562 3674 et
1593 3623 1899 3691 arrogantia

331 3707 558 3774 propria:
587 3710 929 3763 conscientia:
970 3726 1029 3764 se
1063 3713 1140 3765 ire
1182 3712 1469 3780 promittit,
1514 3713 1609 3767 sed
1657 3712 1899 3770 ﬁducia:

328 3801 583 3861 quoniam
622 3813 847 3874 purgata
882 3814 1009 3859 sunt
1044 3807 1184 3862 labia
1221 3809 1360 3877 ejus,
1391 3818 1445 3861 et
1481 3809 1660 3863 ablata
1697 3811 1900 3878 iniqui-

331 3904 434 3955 tas,
473 3895 896 3964 mandatumque
931 3909 1234 3966 peccatum.
1285 3902 1424 3972 Ergo
1475 3912 1530 3955 et
1579 3902 1772 3965 Moses,
1811 3904 1895 3956 cui

327 3988 538 4038 dixerat
577 3986 881 4046 Dominus:
919 3988 1061 4058 Veni,
1106 3994 1316 4047 mittam
1353 4006 1401 4047 te
1444 3997 1512 4047 ad
1560 3994 1892 4048 Pharaonem

326 4093 492 4144 regem
520 4075 739 4148 ngypti
771 4080 963 4147 (Exod.
1010 4099 1090 4146 ιιι,
1135 4085 1245 4150 10),
1281 4096 1333 4138 et
1380 4086 1467 4139 ille
1498 4087 1573 4140 ait
1604 4101 1617 4138 :
1649 4086 1895 4150 Obsecro,

328 4168 572 4233 Domine,
622 4187 722 4223 non
756 4189 868 4224 sum
908 4176 1116 4244 dignus,
1151 4175 1262 4245 96
1289 4176 1499 4243 provide
1546 4177 1709 4231 alium
1741 4196 1891 4247 quem

327 4271 528 4322 mittas,
564 4264 676 4315 sive
708 4274 765 4316 ιιι
800 4264 851 4316 in
876 4263 1107 4319 Hebraeo
1139 4268 1352 4334 legitur,
1393 4267 1543 4322 Mitte
1575 4285 1725 4337 quem
1760 4272 1894 4325 mis-

325 4366 479 4402 sttrtts
513 4366 563 4402 es
603 4351 799 4419 (Exod.
848 4369 920 4418 iv,
955 4356 1065 4423 l3),
1095 4372 1198 4409 non
1232 4360 1297 4410 de
1330 4368 1662 4428 contemptu,
1698 4360 1789 4414 sed
1825 4359 1894 4414 de

326 4443 630 4497 humilitate
675 4447 972 4511 reSpotidit,
1014 4446 1140 4516 quia
1190 4448 1323 4501 nihil
1361 4450 1424 4502 de
1464 4451 1705 4521 purgatis
1739 4451 1892 4506 labiis
1926 4457 1971 4511 ι)

325 4534 438 4587 suis
470 4535 734 4601 audierat,
772 4536 862 4605 qui
896 4540 1057 4592 omni.
1081 4540 1340 4609 sapientia
1365 4539 1739 4613 {Egyptiorum
1777 4542 1895 4597 fue-

324 4636 409 4680 rat
436 4628 702 4682 cruditas.
732 4627 800 4681 Et
830 4629 993 4684 Isaias
1020 4648 1125 4687 non
1153 4648 1254 4687 suo
1281 4633 1388 4707 [ΑΙ.
1413 4634 1520 4709 sui]
1552 4639 1767 4701 merito,
1799 4639 1893 4692 sed

327 4716 533 4771 Domini
566 4719 759 4786 gratia,
788 4737 891 4787 qua
927 4733 1185 4792 purgatus
1217 4737 1318 4789 est,
1346 4726 1502 4782 θησέιί
1543 4743 1603 4782 se
1634 4729 1699 4783 ad
1737 4730 1894 4783 inini-

322 4812 567 4864 strrimu.
618 4813 720 4865 Alii
774 4822 949 4868 autem
1001 4828 1224 4883 putant,
1282 4820 1483 4875 idcirco
1527 4837 1586 4875 se
1632 4821 1895 4878 obtulisse

323 4898 539 4961 Isaiam,
562 4905 687 4969 quia
715 4904 1018 4960 a'stimabat
1047 4910 1242 4977 populo
1266 4926 1522 4981 prospera
1554 4916 1847 4969 nuntianda
1873 4930 1888 4970 :

319 4990 411 5041 sed
450 4991 575 5058 quia
617 4994 820 5048 audivit
851 5010 867 5051 :
914 4994 1074 5061 Vade,
1110 5000 1195 5050 dic
1229 5001 1422 5069 papula
1453 5002 1575 5055 huic
1602 5019 1621 5057 :
1651 5003 1879 5058 Auribus

319 5082 564 5149 audii-tis,
600 5094 647 5136 et
679 5102 779 5138 non
806 5087 1130 5158 intelligetis,
1168 5101 1216 5144 et
1266 5092 1490 5147 videntes
1537 5097 1797 5159 videbitis,
1832 5106 1883 5150 et

318 5188 419 5223 non
471 5178 786 5241 coynoscetis
832 5178 968 5250 (lstt.
1022 5197 1093 5247 vt,
1131 5182 1208 5253 9),
1258 5199 1546 5254 propterea
1585 5187 1639 5241 in
1696 5204 1891 5244 conse-

315 5269 625 5333 queniitns,
659 5270 870 5324 dict-nte
922 5278 988 5326 ad
1021 5293 1141 5328 eum
1194 5294 1323 5332 voce
1382 5279 1589 5334 Domini
1629 5301 1640 5335 :
1675 5282 1884 5348 Clama,

316 5377 419 5412 non
459 5365 639 5413 statim
691 5367 907 5430 clamat,
946 5371 1038 5423 sed
1071 5370 1386 5443 interrogat,
1420 5376 1560 5440 Quid
1607 5378 1889 5433 clamabo?

317 5450 379 5503 lit
411 5449 692 5517 Jvromias,
727 5461 811 5510 cui
844 5461 1042 5515 dictum
1082 5465 1254 5519 luerat
1285 5487 1298 5521 :
1334 5471 1525 5537 Accipe
1555 5470 1790 5540 calicem,
1836 5485 1885 5529 et

311 5543 610 5609 potiohabis
662 5564 837 5601 omnes
886 5562 1098 5621 gentes,
1149 5559 1218 5610 ad
1267 5576 1397 5627 quas
1441 5580 1534 5634 ego
1586 5568 1787 5620 mittam
1837 5576 1887 5621 te

388 5699 406 5731 ⁸
442 5698 607 5758 Vatic.
651 5707 866 5778 legimus
899 5714 1146 5772 dicentem
1182 5717 1480 5778 Dominum.

2008 3213 2050 3265 Ρ
2069 3215 2228 3281 σιιΙυε,
2256 3227 2307 3270 et
2338 3218 2609 3274 Barnabas
2638 3222 3173 3286 .lodzeis.nolcntibus
3204 3237 3446 3300 credere,
3473 3236 3584 3306 97

2006 3304 2235 3358 (itthl'Jll
2278 3325 2291 3360 :
2328 3306 2479 3363 Vobis
2509 3315 2777 3378 Oportebat
2804 3318 3029 3382 primum
3060 3320 3204 3392 loqui
3234 3325 3440 3379 verbum
3464 3304 3582 3391 Dei,

2003 3397 2092 3447 sed
2126 3398 2369 3463 quoniam
2410 3403 2675 3468 repulistis
2707 3408 2727 3437 ¹
2760 3408 2920 3473 illud,
2952 3421 3001 3465 et
3035 3414 3280 3483 indignos
3314 3435 3401 3473 vos
3428 3422 3583 3489 judi-

2004 3489 2137 3540 catis
2199 3500 2408 3545 a'terua:
2474 3496 2628 3559 vilic,
2690 3513 2807 3552 ecce
2862 3508 3211 3560 convertimur
3263 3511 3332 3563 ad
3381 3523 3579 3582 gentes.

2004 3578 2092 3634 Sic
2140 3583 2276 3634 enim
2347 3588 2591 3652 pra’cepit
2647 3590 2793 3644 nobis
2852 3591 3105 3651 Dominus
3140 3612 3161 3653 :
3195 3596 3359 3656 Pasui
3420 3615 3468 3657 te
3526 3607 3582 3659 in

2003 3668 2169 3722 lucem
2211 3672 2473 3737 gentibus,
2501 3686 2559 3728 ut
2599 3678 2673 3730 sis
2713 3680 2767 3732 in
2811 3684 3033 3738 salutem
3078 3704 3242 3757 usque
3288 3692 3357 3745 ad
3403 3704 3583 3751 extre-

2006 3774 2147 3810 mum
2201 3770 2354 3815 terra:
2419 3766 2560 3834 (Act.
2619 3784 2736 3836 ιιιιι,
2789 3771 2881 3837 46,
2937 3775 3048 3846 47).
3097 3779 3237 3851 Ergo
3285 3791 3580 3843 secundum

2002 3849 2143 3905 LXX
2187 3852 2364 3909 facilis
2428 3857 2799 3928 interpretatio
2859 3876 2977 3933 est,
3033 3849 3193 3940 quod
3226 3873 3395 3932 Isaias
3453 3895 3580 3948 pro-

2001 3942 2160 4010 pheta
2214 3943 2439 4000 Domino
2492 3950 2792 4018 imperante
2848 3959 3123 4026 praedicat,
3173 3966 3300 4033 quid
3350 3942 3579 4039 populus

2000 4033 2069 4083 sit
2116 4035 2376 4088 tacturus.
2415 4035 2468 4088 In
2515 4039 2779 4095 llebraico
2845 4045 3129 4104 dilIieultas
3168 4062 3273 4115 cst,
3308 4033 3580 4124 quomodo

2003 4120 2115 4187 ipse
2146 4122 2289 4177 Dens
2335 4132 2613 4196 prmcipiat
2665 4133 2879 4200 populo,
2916 4146 2973 4189 nt
3033 4141 3215 4194 auditu
3271 4120 3479 4212 audiat,
3526 4160 3580 4204 et

1998 4226 2107 4265 non
2141 4215 2427 4286 intelligat,
2452 4229 2505 4272 et
2546 4222 2733 4278 videns
2767 4228 2966 4292 videat,
2997 4240 3050 4283 et
3078 4246 3182 4285 non
3213 4250 3497 4307 agnoscat,
3526 4252 3579 4297 et

1997 4316 2186 4372 postea
2246 4310 2504 4376 propheta
2555 4313 2847 4371 inducatur
2891 4320 3137 4389 loquens,
3188 4339 3243 4382 et
3294 4330 3576 4390 Dominum

2000 4412 2252 4465 precetur
2305 4414 2360 4455 et
2405 4405 2549 4458 dicat
2596 4423 2610 4460 :
2664 4407 2889 4463 Exca'ca
2943 4431 3032 4467 cor
3075 4423 3256 4486 populi
3298 4424 3478 4493 hujus,
3528 4439 3578 4484 et

2001 4505 2156 4544 aures
2189 4492 2302 4561 ejus
2351 4511 2605 4565 aggrnva,
2636 4507 2686 4551 et
2728 4502 2909 4555 oculos
2938 4506 3050 4572 ejus
3081 4509 3290 4577 claude,
3340 4492 3403 4568 ne
3442 4518 3580 4585 forte

1996 4584 2172 4637 videat
2198 4585 2365 4640 oculis
2397 4591 2527 4653 suis,
2561 4601 2609 4644 et
2648 4595 2866 4652 auribus
2896 4602 3107 4678 ωηιξη,
3137 4615 3184 4657 et
3221 4612 3376 4662 corde
3416 4584 3577 4665 intel-

1994 4675 2145 4745 ligat,
2175 4687 2223 4730 et
2256 4692 2610 4748 convertatur,
2657 4695 2705 4738 et
2749 4701 2987 4747 sanetur.
3028 4675 3114 4750 λε
3179 4700 3412 4767 primum
3462 4706 3577 4758 sol-

1994 4769 2166 4822 venda
2201 4780 2285 4823 est
2333 4771 2421 4825 illa
2472 4777 2718 4844 quaestio,
2775 4797 2895 4850 qua:
2941 4786 3096 4840 nob‘s
3143 4791 3306 4860 objici
3351 4807 3572 4862 potest:

1993 4873 2163 4927 quare
2207 4864 2481 4930 apostolus
2526 4865 2727 4923 l’anlus
2782 4886 2902 4926 cum
2957 4875 3199 4937 Hebraeis
3248 4888 3570 4957 disputans,

1994 4963 2099 5002 non
2130 4950 2284 5020 juxta
2336 4951 2698 5025 Hebraicum,
2741 4965 2883 5031 quod
2936 4981 3143 5024 rectum
3195 4950 3573 5048 esse‘cogno-

1991 5052 2182 5136 verat,
2231 5044 2323 5097 sed
2369 5044 2525 5113 juua
2576 5048 2714 5103 LXX
2761 5055 2831 5108 sit
2880 5058 3111 5114 locutus.
3172 5044 3569 5136 Evangelistam

1992 5126 2191 5183 Lucam
2226 5136 2448 5190 tradunt
2483 5149 2693 5196 veteres
2741 5144 2997 5205 Ecclesia:
3033 5126 3355 5213 traCtatores
3403 5164 3573 5218 medi-

1993 5224 2128 5276 cinte
2163 5226 2298 5280 artis
2334 5228 2502 5284 luisse
2548 5234 2992 5306 scientissimum,
3032 5257 3087 5298 et
3133 5250 3302 5317 magis
3351 5252 3568 5311 Cra-eas

1990 5314 2201 5371 litteras
2233 5321 2403 5374 scisse
2432 5339 2593 5391 quam
2625 5326 2898 5387 Hebraelis.
2942 5333 3095 5412 Unde
3128 5352 3181 5392 et
3208 5314 3407 5398 .sermo
3451 5348 3569 5414 ejus

1992 5413 2098 5458 tam
2153 5407 2201 5459 in
2240 5408 2548 5481 Evangelia,
2581 5432 2742 5484 quam
2791 5422 2840 5474 in
2894 5407 3116 5482 Actibus
3162 5407 3565 5504 Apustolorttm,

1990 5494 2041 5549 id
2065 5509 2169 5565 Cal,
2200 5500 2252 5553 in
2279 5514 2507 5573 utroque
2534 5511 2809 5566 volumine
2833 5521 3099 5584 comptior
3127 5534 3228 5587 est,
3262 5535 3309 5579 et
3344 5533 3566 5581 sa-cnla-

1988 5600 2104 5639 rem
2164 5593 2369 5646 redolet
2426 5598 2827 5677 eloquentiam,
2899 5609 3183 5678 magisque
3238 5617 3565 5673 testimoniis

2060 5744 2079 5775 ⁸
2115 5742 2376 5804 Victorius
2410 5751 2630 5821 praefert
2664 5757 2929 5826 repellitis.
2948 5772 3002 5819 et
3036 5767 3320 5835 judicatis.
