3980 6200
349 273 446 338 τοι

1038 269 1668 334 ἘΟΜΜΕΝΤΑῐῖ.’ἶΝ
1714 267 1981 331 ΙΞΜΑΜ
2027 269 2490 333 ΡΗΠΡΗΕΤἉΜ
2532 271 2685 332 LlB.
2731 269 2846 332 ΓΠ.

3494 266 3593 329 lii!

329 390 540 446 Graecis
586 389 755 444 utitur
801 405 962 459 quam
1014 389 1278 444 liebrtt'is.
1314 385 1595 441 lllatthncus
1646 392 1824 437 autem
1858 392 1911 437 et
1942 387 1984 442 Α
2016 384 2164 438 limit)
2199 387 2401 448 mundi,
2437 403 2552 456 qua:
2599 386 2889 452 assumptio
2921 382 3147 437 eorum?
3193 398 3362 436 nonne
3391 384 3494 437 vita
3527 399 3593 436 ex

331 482 591 545 Joannes,
626 498 857 549 quorum
906 483 1042 536 alter
1093 482 1339 543 lleln'aui,
1373 482 1508 532 alter
1555 477 1741 531 Cra-reo
1789 493 1906 530 ser-

331 590 495 628 mone
531 573 825 642 Evangelia
860 582 1166 635 texuerunt,
1207 572 1513 624 testimonia
1547 572 1610 621 de
1645 567 1799 619 lluhr,
1826 566 1908 619 ico

330 666 636 735 proferunt,
685 676 743 717 ut
790 676 874 717 est
919 664 1050 717 illud
1083 682 1095 717 :
1133 663 1216 716 15x
1267 663 1470 731 lfgypto
1520 661 1691 713 rocavi
1733 660 1907 727 [ilium

330 773 495 809 meum
517 756 665 827 (Ose.
692 771 771 819 ιι,
797 756 962 826 1).·Ει
991 756 1291 821 :Quoniam
1316 753 1541 807 Nuzura
1554 769 1612 805 us
1638 751 1909 803 vocabiiur

327 849 552 917 (llattli.
589 866 645 908 ιι.
676 849 792 915 25).
826 849 889 902 Et
920 863 934 900 :
968 847 1217 902 Flumina
1250 848 1315 900 de
1364 856 1537 898 ventre
1580 843 1694 912 ejus
1739 842 1908 910 ﬂuent

327 958 481 1008 αιιηω
526 943 655 995 vita
699 938 883 1009 (Joan.
931 956 1028 1000 VII,
1061 939 1172 1004 38).
1214 937 1276 991 Et
1306 955 1324 992 ε
1371 935 1627 991 Videbunt
1650 934 1713 987 in
1756 947 1904 999 quem

328 1042 744 1093 compnna‘erant
790 1031 976 1101 (Zuclt.
1026 1047 1120 1094 sit,
1172 1030 1268 1094 10;
1320 1028 1483 1082 Joau.
1539 1044 1650 1092 six,
1707 1026 1821 1093 57),
1855 1035 1904 1078 et

331 1135 525 1176 ca-Iera
576 1124 657 1176 Itis
703 1124 923 1177 similia.
970 1121 1120 1175 Pauli
1157 1136 1369 1189 quoque
1423 1118 1631 1172 idcirco
1685 1116 1751 1169 ad
1803 1115 1909 1169 lle-

335 1218 510 1269 bra-os
560 1215 814 1285 Epistula:
863 1214 1278 1279 contradicitur,
1310 1213 1468 1281 quod
1526 1212 1594 1265 ad
1648 1210 1907 1264 llebra-os

330 1321 377 1359 ει
398 1308 577 1360 riheus
604 1315 787 1361 utatur
817 1305 1143 1360 testimoniis
1171 1321 1290 1374 qua:
1321 1307 1375 1358 iu
1404 1302 1644 1357 llebra-is
1678 1301 1909 1355 volumi-

330 1417 362 1452 n
389 1400 489 1452 bus
538 1416 643 1453 non
696 1400 980 1452 habentur.
1012 1399 1166 1464 Quod
1216 1399 1259 1451 si
1308 1397 1504 1466 aliquis
1545 1396 1768 1459 dixerit,
1802 1392 1909 1446 lle-

329 1493 503 1546 braeos
550 1491 719 1546 libros
750 1499 937 1559 postea
972 1506 1002 1543 a
1036 1488 1237 1545 Juda'is
1271 1505 1391 1545 esse
1437 1489 1681 1551 falsatos,
1717 1485 1905 1538 audiat

327 1584 616 1652 Origeuem
652 1585 783 1653 quid
820 1584 874 1637 in
909 1592 1100 1636 octavo
1142 1582 1410 1635 volumine
1453 1577 1901 1649 Explanationutu

328 1678 479 1730 Isaiae
529 1676 652 1729 huic
702 1673 1020 1742 respondeat
1060 1672 1499 1743 Qiiaestiunculaz,
1548 1669 1690 1740 quod
1738 1684 1899 1722 num-

325 1782 487 1836 quam
527 1740 826 1831 -Domiuus,
864 1775 924 1821 et
975 1740 1236 1834 apostoli,
1296 1764 1387 1833 qui
1432 1771 1624 1816 ea'tera
1675 1761 1902 1815 erimina
1940 1740 1979 1797 Β

328 1868 560 1929 arguunt
608 1859 662 1912 in
713 1857 923 1913 Scribis
968 1866 1021 1912 et
1053 1855 1366 1920 l’harismis,
1403 1859 1469 1910 de
1517 1855 1621 1909 hoc
1638 1851 1902 1915 crimine,

328 1952 471 2023 quod
503 1962 624 2006 erat
659 1950 974 2014 maximum,
1023 1948 1385 2003 reticuissem.
1420 1946 1515 2001 Sin
1534 1954 1724 2000 autem
1757 1943 1907 1996 dixe-

334 2046 438 2099 rint
475 2053 597 2115 post
627 2040 1166 2097 adveni-turboniiui
1211 2039 1535 2102 Salvatoris,
1566 2046 1622 2092 et
1647 2034 1907 2107 praedica-

334 2138 530 2191 tionem
586 2135 955 2205 apostolorum
983 2134 1151 2189 libros
1177 2132 1431 2187 llebra-os
1465 2130 1630 2185 fuisse
1661 2128 1903 2191 falsatos,

331 2228 653 2283 cachinnum
691 2237 876 2282 tenere
915 2226 1029 2297 98
1060 2241 1164 2279 non
1201 2236 1405 2295 potero,
1441 2235 1500 2278 ut
1545 2222 1819 2282 Salvator,
1850 2229 1907 2273 et

328 2320 699 2389 evangelista}.
761 2329 815 2374 et
851 2318 1080 2387 apostoli
1118 2319 1188 2371 ita
1222 2315 1526 2370 testimonia
1556 2311 1903 2383 protulerint,

328 2423 384 2466 ut
411 2411 580 2465 .Indzei
614 2419 797 2481 postea
837 2408 1079 2463 falsaturi
1112 2417 1286 2463 erant.
1321 2405 1396 2461 De
1441 2406 1689 2475 prasenti
1720 2414 1902 2459 autem

329 2505 447 2558 loco
478 2504 580 2557 hoc
610 2501 896 2556 diteadum
928 2509 1030 2561 est,
1062 2498 1262 2552 frustra
1310 2513 1407 2552 nos
1440 2498 1507 2550 ad
1552 2494 1691 2551 LXX
1727 2505 1903 2549 trans-

327 2597 581 2650 latmnem
616 2592 927 2664 confugere,
960 2606 1026 2646 ne
1070 2590 1443 2658 blasphemunt
1496 2588 1743 2641 videatur
1782 2599 1902 2640 esse

325 2690 465 2757 quod
512 2689 668 2755 juxta
718 2684 1040 2739 Hebraicum
1087 2682 1286 2737 dicitur
1330 2679 1575 2734 :Auditu
1622 2678 1727 2731 aud
1755 2687 1824 2741 te,
1854 2687 1905 2730 et

325 2780 483 2833 nolite
530 2777 841 2847 intelligere;
895 2784 945 2829 et
995 2775 1159 2829 videte
1207 2774 1479 2834 uisionem,
1521 2783 1567 2825 et
1604 2770 1764 2823 nolite
1812 2785 1903 2822 co-

324 2888 591 2943 gnost‘ere,
620 2886 740 2925 cum
771 2867 1075 2937 huiusmodi
1109 2867 1435 2931 testimonia,
1472 2866 1632 2919 etiam
1666 2866 1719 2917 in
1760 2861 1904 2916 LXX

327 2965 719 3036 Interpretibus
770 2961 1139 3032 reperiamus,
1199 2969 1257 3013 ut
1305 2970 1389 3013 est
1436 2959 1567 3014 illud
1615 2959 1668 3012 in
1717 2957 1903 3011 Exodo

326 3061 466 3130 quod
494 3060 560 3112 ad
595 3055 929 3110 Pharaonem
962 3052 1200 3106 dicitur:
1231 3050 1513 3113 Promerea
1545 3050 1797 3104 suscitari
1825 3059 1894 3114 te,

328 3163 381 3205 ut
410 3149 684 3205 ostendam
715 3151 767 3201 iu
794 3157 845 3200 te
883 3146 1125 3200 virtutem
1159 3159 1327 3197 meant
1360 3140 1557 3212 (Exod.
1588 3156 1661 3206 Ix,
1697 3140 1808 3209 16).
1841 3139 1899 3194 Si

327 3256 505 3298 autem
553 3244 669 3311 ipse
713 3239 1029 3301 suscitavit,
1083 3247 1137 3289 et
1177 3235 1447 3289 induravit
1479 3247 1572 3287 cor
1603 3232 1902 3287 Pharaonis

329 3353 391 3391 ue
431 3335 706 3396 crederet,
774 3343 827 3386 et
878 3331 946 3385 de
998 3329 1118 3383 aliis
1162 3328 1358 3382 dicitur
1394 3342 1409 3381 :
1445 3325 1600 3380 Dedit
1639 3326 1714 3379 eis
1760 3325 1899 3380 Deus

325 3427 563 3496 spiritum
609 3422 1045 3491 eomp‘uuctiouis,
1092 3420 1269 3473 oculos
1318 3431 1371 3473 ut
1422 3436 1525 3474 uon
1575 3421 1803 3483 rideant,
1851 3432 1898 3474 et

325 3534 500 3578 aures,
533 3525 591 3567 ut
621 3532 721 3568 non
748 3515 970 3568 audiant
999 3511 1172 3582 (Rom.
1207 3527 1285 3575 ιι,
1318 3515 1409 3582 8);
1443 3524 1497 3566 et
1532 3513 1584 3566 iu
1620 3509 1851 3567 Psalmis
1884 3528 1897 3564 :

330 3605 452 3660 Fiat
486 3622 667 3658 mensa
701 3620 880 3657 eorum
927 3604 980 3655 in
1011 3604 1275 3672 laqueum,
1308 3613 1356 3657 et
1404 3602 1460 3655 iu
1504 3603 1818 3671 captionem,
1851 3611 1901 3656 et

328 3702 377 3751 in
408 3699 742 3761 scandalum,
768 3706 814 3748 et
846 3697 899 3747 in
932 3697 1317 3748 retributionem
1346 3709 1363 3745 :
1391 3695 1732 3747 obscurentur
1760 3694 1900 3747 oeuli

328 3807 504 3845 eorum
539 3807 603 3842 ne
642 3790 869 3851 rideant,
905 3799 953 3840 et
1001 3794 1160 3840 dorsa
1211 3802 1392 3840 eorum
1435 3803 1636 3854 semper
1681 3788 1898 3840 incurva

327 3885 441 3955 (Ps.
474 3897 668 3941 L‘Hllt.
700 3882 789 3945 Ξῖ),
826 3882 916 3951 24)
952 3899 964 3933 :
1001 3871 1110 3934 non
1137 3892 1261 3933 sunt
1298 3880 1370 3931 llll
1399 3880 1450 3931 in
1484 3880 1637 3948 culpa
1662 3880 1751 3949 qui
1788 3894 1896 3933 non

327 3982 540 4044 vident;
571 3979 664 4031 sed
701 3978 788 4029 ille
819 3978 906 4045 qui
940 3976 1082 4029 dedit
1127 3975 1309 4028 oculos
1347 3977 1413 4027 ad
1448 3990 1551 4028 non
1587 3973 1895 4027 videndum.

325 4072 466 4140 Ergo
494 4084 546 4124 et
590 4070 797 4140 absque
844 4073 947 4122 boc
982 4069 1311 4131 testimonio,
1357 4068 1497 4135 quod
1549 4083 1691 4120 nunc
1735 4081 1900 4121 cona-

325 4156 769 4231 ntur‘exponere,
803 4172 984 4215 manet
1016 4160 1204 4215 eadem
1251 4163 1477 4230 quaestio
1509 4159 1564 4214 iu
1617 4158 1896 4224 Ecclesiis,
1924 4170 1944 4189 '

321 4273 374 4316 et
402 4274 492 4313 aut
523 4274 647 4313 cuin
679 4258 781 4313 ista
815 4255 1090 4311 solventur
1116 4263 1170 4309 et
1201 4262 1434 4317 caeteras,
1459 4260 1554 4306 aut
1582 4268 1704 4307 cum
1739 4262 1899 4308 caete-

322 4359 396 4412 ris
431 4367 487 4411 et
536 4356 649 4409 lnec
677 4350 1065 4408 indissolubilis
1108 4352 1231 4406 erit.
1276 4350 1479 4405 Locum
1512 4352 1672 4405 istum
1708 4350 1896 4403 beatus

2016 480 2280 531 mortuis?
2305 477 2471 546 (Ibid.
2500 480 2611 547 l5.)
2644 478 2704 530 l‘lt
2731 479 2924 531 iterum
2952 494 2965 530 :
2995 474 3132 527 Nolo
3157 476 3291 528 enim
3325 492 3410 528 vos
3443 478 3592 542 igno-

2014 587 2158 635 rare,
2218 573 2439 639 fratres.
2489 572 2794 639 mysterium
2855 570 2973 631 hoc,
3010 578 3065 621 ut
3112 584 3214 620 non
3264 569 3382 620 sitis
3423 570 3593 621 t'oL-is-

2013 665 2244 731 metipsis
2274 665 2579 731 prudentes,
2613 666 2737 734 quia
2785 664 2997 717 (recitas
3042 678 3104 714 ea:
3134 670 3287 730 parte
3333 660 3475 729 facta
3516 669 3593 713 est

2011 756 2064 809 in
2108 755 2333 822 Jsrael,
2388 759 2550 810 donec
2606 757 2879 826 plenitudo
2937 756 3169 824 gentium
3228 758 3488 818 introeat,
3541 761 3592 807 et

2010 860 2134 901 tunc
2184 850 2353 903 omnis
2402 848 2576 903 Israel
2618 852 2795 903 sulcus
2830 849 2949 918 fiat.
2987 849 3053 903 Et
3115 860 3232 917 post
3266 847 3593 915 paululum:

2008 938 2177 993 Jua‘ta
2205 940 2551 1010 Evangelium
2580 943 2790 1010 quidem
2823 942 3024 994 inimici
3055 950 3269 1008 propter
3301 957 3407 1001 vos,
3428 940 3592 1008 juxta

2008 1034 2306 1087 electionem
2353 1044 2529 1087 autem
2570 1034 2746 1086 dilecti
2775 1044 2987 1102 propter
3013 1046 3187 1099 patres
3215 1049 3234 1086 :
3264 1034 3457 1101 absque
3483 1048 3594 1098 pte-

2010 1128 2230 1179 n:teutiu
2259 1128 2397 1180 enim
2434 1138 2555 1180 sunt
2588 1124 2917 1191 donationes,
2952 1135 2999 1178 et
3045 1125 3245 1177 vacatio
3280 1123 3389 1177 Dei.
3440 1122 3590 1177 Sient

2008 1220 2145 1272 enim
2172 1236 2282 1285 vos,
2312 1220 2511 1286 inquit,
2538 1218 2829 1287 aliquando
2860 1234 2963 1270 non
2988 1217 3283 1270 credidistis
3307 1215 3432 1278 Deo,
3452 1229 3593 1268 nunc

2005 1312 2117 1382 99
2133 1323 2307 1365 autem
2343 1312 2466 1365 estis
2508 1310 2920 1365 misericordiam
2940 1309 3231 1370 consecuti,
3265 1321 3475 1377 propter
3504 1324 3592 1360 eo-

2007 1421 2124 1457 rum
2161 1405 2582 1458 incredulitatem
2611 1418 2632 1456 :
2659 1405 2737 1455 sic
2764 1415 2812 1456 et
2844 1404 2934 1456 isti
2964 1418 3100 1455 nunc
3128 1418 3229 1455 nou
3247 1402 3589 1453 crediterunt

2006 1498 2059 1548 in
2092 1506 2319 1549 vestram
2364 1495 2799 1557 misericordiam,
2832 1503 2888 1547 ut
2942 1503 2992 1547 ct
3036 1494 3136 1561 ipsi
3166 1491 3587 1546 misericordiam

2005 1599 2407 1660 consequantur.
2426 1587 2698 1642 Conclusit
2717 1590 2852 1641 enim
2878 1588 3012 1640 Deus
3031 1588 3210 1640 omnia
3231 1586 3323 1639 sub
3345 1586 3585 1655 peccato,

2011 1694 2064 1737 ut
2094 1684 2332 1738 omnibus
2367 1682 2679 1734 misereatur
2709 1678 3111 1750 (lbid.28-32).
3166 1676 3308 1747 Ergo
3356 1693 3460 1729 non
3504 1685 3589 1728 est

2009 1774 2303 1829 crudelitas
2330 1772 2452 1837 Dei,
2488 1775 2580 1827 sed
2625 1774 2994 1827 miserit-ordia
3034 1786 3195 1821 uiuam
3234 1769 3412 1837 perire
3456 1782 3588 1837 gen—

2012 1880 2138 1930 tem,
2175 1877 2231 1920 ut
2258 1882 2450 1921 omnes
2486 1867 2649 1921 salva:
2687 1868 2811 1919 tianl
2843 1883 2856 1919 :
2888 1864 3193 1919 Jtniworum
3238 1872 3441 1929 partem
3479 1876 3586 1916 non

2010 1958 2211 2021 videre,
2259 1968 2315 2011 ut
2351 1960 2529 2012 ouinis
2572 1958 2812 2011 umndus
2861 1958 3111 2025 aspiciat.
3167 1954 3322 2011 Unde
3364 1964 3413 2008 et
3469 1954 3587 2021 ipse

2011 2045 2270 2099 Dominus
2302 2046 2354 2099 in
2389 2046 2680 2115 Evangelio
2706 2054 3108 2099 sacramentum
3139 2045 3269 2099 eieci
3315 2057 3347 2097 a
3392 2044 3590 2097 nativi-

2009 2144 2141 2195 tate.
2179 2136 2268 2202 qui
2315 2144 2593 2204 receperat
2625 2136 2834 2200 oculos,
2885 2139 3045 2189 vertit
3094 2138 3161 2188 ad
3209 2134 3584 2202 tropo|03iam,

2006 2239 2059 2280 et
2095 2228 2223 2281 dicit
2264 2228 2380 2283 :lu
2423 2230 2684 2298 judicium
2729 2245 2822 2297 ego
2863 2229 2974 2283 reui
3019 2230 3073 2282 in
3119 2228 3263 2281 hunc
3307 2228 3585 2292 mundum,

2006 2322 2325 2377 utuidentes
2377 2338 2478 2374 non
2515 2325 2722 2376 uideant
2775 2322 2954 2389 (Joan.
2993 2337 3083 2385 Ix,
3119 2320 3233 2389 39).
3287 2322 3346 2373 Et
3395 2323 3446 2374 in
3482 2321 3588 2374 alio

2009 2418 2125 2470 loco
2157 2417 2377 2471 Simeou
2427 2417 2661 2485 loquitur
2698 2435 2713 2472 :
2744 2418 2877 2471 Ecce
2907 2418 2993 2470 hic
3034 2420 3237 2485 positus
3267 2426 3344 2469 est
3389 2420 3443 2470 in
3479 2416 3591 2469 rui-

2006 2525 2131 2561 nam
2181 2519 2229 2563 et
2270 2509 2330 2562 in
2378 2510 2812 2562 resurrectionem
2856 2512 3146 2562 multorum
3179 2508 3329 2580 (Luc.
3362 2524 3423 2572 tt,
3468 2509 3584 2578 54).

2008 2601 2120 2651 this
2161 2599 2345 2668 itaque
2378 2615 2480 2652 non
2514 2600 2843 2663 videntibus,
2891 2615 2987 2655 nos
3023 2602 3266 2654 videmus
3300 2620 3315 2654 :
3352 2600 3455 2653 illis
3494 2615 3587 2653 ca-

2006 2692 2280 2757 drntibus,
2309 2708 2404 2746 nos
2430 2695 2778 2761 resurgimus.
2806 2693 2956 2758 Quod
2987 2694 3288 2763 intelligens
3313 2691 3585 2762 Propheta

2006 2788 2411 2855 quodammodo
2439 2787 2559 2841 aliis
2588 2788 2768 2841 vetbis
2788 2786 2921 2840 dicit
2952 2806 2965 2838 :
2995 2785 3041 2841 Ο
3071 2788 3311 2851 Domine,
3339 2786 3586 2855 prsrcipis

2008 2880 2138 2932 mihi
2187 2879 2331 2947 loqui
2386 2879 2581 2948 pepulo
2625 2877 2955 2944 Juda'orum,
2991 2887 3047 2932 ut
3096 2879 3341 2943 audiant,
3373 2892 3426 2933 et
3475 2894 3583 2932 non

2009 2971 2309 3038 i..telligant
2341 2971 2696 3037 Salvatorem,
2730 2981 2781 3025 et
2821 2973 3039 3025 videant
3084 2988 3227 3037 NII",
3267 2981 3319 3024 et
3352 2986 3458 3024 non
3489 2985 3586 3024 co-

1930 3080 1973 3139 ο
2007 3073 2290 3128 gnoscant.
2326 3063 2381 3117 Si
2430 3064 2509 3118 vis
2557 3063 2764 3132 impleri
2791 3063 3093 3134 jussiouem
3130 3077 3299 3124 tuam,
3327 3077 3380 3118 et
3413 3074 3583 3118 totum

2006 3154 2203 3208 salvari
2252 3154 2555 3220 tumulum,
2601 3155 2743 3225 quod
2784 3165 2837 3208 et
2885 3169 2985 3225 ego
3036 3154 3148 3209 tleri
3198 3153 3485 3215 desidero,
3524 3164 3580 3207 tu

2004 3259 2211 3300 eamea
2239 3260 2334 3300 cor
2374 3247 2552 3316 pepuli
2587 3246 2746 3316 hujus
2775 3257 2827 3302 et
2851 3262 3012 3301 aures
3037 3262 3289 3317 aggrava,
3314 3258 3367 3301 et
3394 3248 3585 3301 oculos

2002 3340 2215 3401 claude,
2253 3355 2319 3394 ne.
2352 3338 2675 3408 intelligant,
2723 3354 2789 3393 ne
2838 3340 3083 3403 audiant,
3138 3356 3206 3393 ne
3242 3340 3473 3393 videant.
3522 3340 3579 3393 Si

2002 3433 2145 3485 eiiim
2179 3431 2257 3486 illi
2291 3431 2543 3496 viderint,
2577 3441 2632 3484 et
2664 3434 2908 3486 couversi
2947 3433 3168 3493 iuerint,
3200 3444 3252 3487 et
3293 3434 3577 3489 intellexe-

2002 3524 2133 3586 rint,
2164 3533 2218 3577 et
2248 3526 2420 3579 sanati
2455 3524 2680 3586 fuerint,
2729 3535 2872 3579 totus
2917 3532 3148 3580 mundus
3201 3544 3306 3580 non
3360 3529 3582 3598 recipiet

2002 3618 2310 3673 sanitatem.
2346 3618 2420 3673 Ex
2452 3634 2555 3687 quo
2589 3621 3095 3681 animadvertimus,
3134 3621 3381 3689 quamvis
3418 3637 3584 3691 grate

2000 3709 2066 3762 sit
2123 3722 2441 3775 peccatum,
2498 3709 2544 3761 si
2616 3709 2737 3777 quis
2791 3720 3180 3775 connectatur,
3240 3725 3363 3762 eum
3422 3725 3584 3778 posse

2001 3804 2203 3854 sanari.
2244 3799 2530 3871 Simulque
2575 3813 2628 3855 et
2678 3806 2779 3855 hoc
2832 3803 3239 3869 intelligendum
3287 3802 3431 3870 quod
3484 3817 3581 3869 pro

2002 3895 2371 3964 magnitudine
2450 3894 2671 3949 sceleris
2747 3895 2911 3948 etiam
2983 3894 3299 3961 ptuuitentia
3369 3893 3577 3963 indigni

1996 3987 2224 4058 juclicati
2274 3989 2399 4052 sint,
2453 3987 2569 4055 ipso
2606 3987 2832 4039 Domino
2866 3987 3078 4040 dicente
3109 3988 3174 4039 ad
3222 3984 3518 4039 Jerusalem
3556 4003 3572 4041 :

2001 4082 2212 4145 Quoties
2264 4083 2400 4134 volui
2449 4096 2760 4149 congiegare
2813 4080 2952 4147 ﬁlios
3004 4090 3144 4141 tuos,
3192 4080 3326 4132 sicut
3371 4079 3573 4148 galina

1995 4176 2169 4245 pullos
2201 4174 2295 4228 sub
2340 4176 2456 4226 alas
2488 4189 2633 4237 suas,
2667 4184 2714 4226 et
2767 4174 2982 4225 ttulttialt
3019 4174 3232 4241 (Matth.
3270 4188 3422 4237 unt,
3457 4171 3570 4238 57).

2069 4354 2244 4427 (Vers.
2285 4354 2497 4423 ιι-ιδ.)
2552 4311 2686 4407 (Et
2727 4355 2856 4419 dixi,
2893 4353 3201 4426 Usquequo,
3237 4356 3491 4413 Douiue?
3519 4367 3573 4412 et

320 4448 593 4517 apostolus
639 4445 836 4498 Paulus
870 4443 1081 4513 plenius
1129 4442 1362 4511 explicat
1415 4442 1480 4494 ad
1514 4441 1812 4505 Romanos,
1841 4449 1890 4494 et

2005 4451 2157 4512 dixit,
2185 4450 2364 4504 Doiiee
2391 4448 2704 4503 desulentur
2727 4450 2973 4503 civitates
3012 4450 3216 4517 absque
3249 4451 3573 4514 habitatore,

322 4542 461 4612 qitod
497 4542 589 4595 ille
619 4554 756 4609 pene
791 4547 900 4593 tota
934 4536 1159 4605 epistola
1192 4548 1510 4604 prosecutus
1538 4544 1643 4595 est,
1683 4549 1779 4588 nos
1810 4550 1904 4590 su-

324 4632 589 4700 perﬂuum
641 4630 909 4692 facitnus,
966 4630 1009 4682 si
1063 4628 1399 4681 Voluerimus
1453 4626 1601 4680 brevi
1654 4642 1903 4682 sermone

324 4722 799 4791 comprehendere.
841 4720 981 4776 Dicit
1026 4724 1171 4774 enim
1225 4728 1347 4789 post
1382 4720 1594 4778 multa:
1626 4719 1900 4773 Conclusit

323 4813 461 4868 Deus
487 4814 663 4866 omnia
688 4814 741 4865 iu
762 4811 1154 4873 incredulitate,
1190 4823 1242 4862 ut
1275 4810 1515 4864 omnibus
1546 4813 1856 4865 misereatur
1885 4813 1900 4843 ⁸

323 4906 495 4977 (Rom.
525 4921 578 4958 xu
600 4946 615 4972 ,
641 4905 750 4971 5‘2).
789 4904 1184 4973 Admirausque
1211 4902 1422 4957 Domini
1452 4914 1791 4957 sacramenta
1817 4904 1925 4959 in-.

324 5001 445 5052 tulit
471 5016 485 5052 :
518 4996 564 5051 0
591 4996 909 5066 profundum
939 4996 1241 5049 divitiarum
1286 4996 1567 5063 sapientite'
1590 5004 1636 5047 et
1662 4995 1894 5048 scientiae

322 5091 441 5153 Dei,
468 5105 627 5159 quam
656 5087 1020 5143 inscrutabilia
1040 5087 1250 5156 judicia
1278 5087 1476 5155 ejus.et
1507 5086 1891 5156 inuestigabiles

322 5182 430 5255 (Al.
454 5178 923 5252 inmoestigabiies]
944 5181 1034 5233 ria:
1052 5180 1200 5247 ejus!
1227 5180 1393 5249 (Ibid.
1413 5180 1501 5248 55)
1530 5180 1595 5234 Et
1613 5180 1803 5232 iterum
1826 5178 1895 5232 de

320 5276 629 5330 Judaeorum
656 5275 1034 5329 incredulitate
1065 5276 1349 5341 diSputaus
1372 5273 1448 5325 ait
1475 5289 1488 5325 :
1515 5269 1788 5339 Numquid
1821 5274 1896 5323 sic

320 5376 697 5439 peccaverunt,
718 5374 772 5418 ut
801 5365 1086 5418 caderent?
1119 5363 1305 5427 Absit;
1338 5363 1429 5415 sed
1461 5361 1675 5413 illorum
1708 5360 1896 5414 delicto

324 5460 466 5511 salus
487 5462 715 5529 gentium
739 5459 883 5527 ﬁeret
904 5460 971 5511 ad
988 5456 1345 5511 writulaudum
1370 5472 1457 5508 eos
1486 5454 1664 5522 (Rom.
1689 5470 1764 5517 at,
1790 5455 1899 5523 ll).

326 5551 384 5605 Et
417 5567 535 5623 post
571 5552 834 5608 modicum
868 5571 883 5608 ε
920 5552 981 5607 Si
1014 5540 1149 5606 enim
1187 5552 1413 5619 abjectfo
1453 5564 1633 5603 eorum
1668 5549 1873 5601 reconci

1997 4557 2053 4598 et
2089 4545 2279 4595 domus
2312 4541 2427 4594 sine
2464 4541 2794 4605 hominibus,
2828 4551 2881 4594 et
2930 4551 3072 4594 terra
3118 4544 3453 4612 relinquatur
3488 4546 3580 4596 de-

1998 4645 2168 4687 serta.
2202 4631 2266 4685 Et
2313 4633 2470 4700 longe
2516 4630 2674 4684 faciet
2708 4631 2968 4686 Dominus
3004 4633 3276 4696 homines,
3309 4647 3361 4686 et
3399 4634 3579 4685 inuni-

2000 4725 2293 4796 plicabitur
2330 4739 2449 4789 ulla:
2479 4725 2735 4779 derelicta
2774 4725 2945 4779 fuerat
2977 4726 3029 4776 iu
3065 4727 3238 4778 medio
3282 4734 3461 4777 terrae.
3513 4723 3576 4777 Et

2000 4825 2178 4876 adhuc
2209 4820 2262 4872 iu
2295 4833 2357 4871 ea
2391 4818 2494 4871 erit
2522 4816 2833 4882 decimatio,
2872 4824 2926 4870 et
2967 4830 3179 4869 sursum
3227 4816 3329 4867 erit
3377 4815 3429 4867 iu
3479 4814 3577 4867 de-

2002 4912 2405 4981 przedationem,
2445 4910 2583 4961 sicut
2632 4906 2995 4967 terebinthus,
3050 4916 3102 4959 et
3152 4905 3291 4957 Slt'ttl
3343 4921 3577 4973 quercus

2002 5020 2117 5069 gul:
2149 5000 2373 5070 projceil
2401 4997 2610 5052 fruetus
2639 5013 2786 5059 snas,
2819 5007 3064 5049 sanetum
3092 5010 3274 5048 semen
3302 4998 3402 5049 erit
3430 4998 3574 5063 quod

1998 5098 2208 5149 steterit
2246 5096 2296 5147 iu
2327 5110 2410 5148 ea.
2450 5112 2468 5145 ι
2507 5091 2727 5146 Dicente
2765 5092 2990 5145 Domino
3018 5107 3032 5142 :
3065 5090 3226 5154 Vade,
3256 5098 3311 5143 et.
3352 5092 3441 5146 die
3470 5105 3568 5159 po-

1993 5192 2116 5254 pulo
2140 5187 2283 5251 huic,
2311 5187 2450 5254 quod
2474 5185 2658 5238 audiit
2688 5195 2736 5235 et
2766 5198 2869 5235 non
2902 5183 3104 5245 audiat,
3132 5184 3307 5236 \‘tdeat
3330 5201 3377 5235 et

1997 5296 2098 5331 non
2131 5279 2342 5340 videat;
2381 5276 2582 5328 ltltli'CO
2620 5282 2799 5327 autem
2830 5288 2929 5326 nec
2980 5276 3183 5334 audiat,
3225 5290 3319 5327 nec
3367 5276 3564 5337 videat,

1996 5374 2119 5437 Quid
2171 5385 2276 5422 non
2312 5369 2380 5421 sit
2417 5368 2794 5421 intelleczurus
2834 5368 2991 5421 verba
3042 5367 3117 5419 Do
3144 5388 3153 5417 ι
3181 5369 3275 5430 ini,
3315 5384 3412 5422 uec
3449 5373 3569 5435 ejus

1996 5478 2159 5528 opera
2210 5462 2548 5529 Cogniturus,
2585 5467 2640 5510 et
2689 5459 2946 5526 qtiouiam
3000 5460 3337 5512 incrassatus
3384 5470 3488 5523 est,
3523 5468 3577 5510 et

2000 5556 2278 5615 dilatatus,
2330 5559 2384 5604 et
2433 5552 2634 5603 oblitus
2691 5550 3093 5608 Creatdrissui
3145 5553 3321 5623 (Deut.
3380 5549 3576 5624 xtxzz),

397 5713 411 5742 ⁸
446 5711 616 5765 Υλιὶικ
665 5715 842 5766 omnia
890 5714 981 5767 sub
1032 5726 1267 5781 peccato,
1315 5723 1389 5782 ut,
1441 5723 1573 5779 ctc.,
1623 5714 1889 5772 renitente
1926 5717 2113 5775 Gra'co
2146 5725 2317 5778 textu,
2347 5713 2573 5784 ipsoque
2605 5712 2832 5782 Vulgata
2868 5713 3178 5783 inter-prec.
