3980 6200
313 311 428 376 M3

1466 305 1540 366 ‘S.
1577 298 1909 364 .EUSEBII
1952 298 2401 363 UIERONYMI

3481 297 3581 364 illi

318 418 587 488 Propheta
617 416 974 488 respondet“,
1002 425 1056 472 et
1079 416 1274 487 qumrlt
1292 415 1573 472 sollicitus
1596 413 1665 468 de
1684 412 1894 483 «populo
1923 415 1967 471 Α
1995 413 2387 482 quinquaginta
2408 411 2619 466 duobus
2637 410 2878 483 (IVReg.
2902 410 3013 480 xv).
3029 410 3194 479 Cujus
3213 413 3582 483 estremojam

319 528 461 567 suo:
500 511 811 580 Usqueqno,
860 510 1102 577 Domine,
1150 511 1262 564 haec
1304 509 1574 564 sententia
1608 520 1894 573 permane-

322 605 422 673 bit,
451 613 506 659 ut
541 607 767 680 audiens
800 620 909 659 non
941 604 1145 677 audiat,
1180 603 1478 670 vidensque
1518 616 1622 655 non
1669 597 1892 656 videat?

314 696 417 753 Cui
453 697 726 765 respondit
758 697 1039 759 Dominus,
1067 694 1294 749 Tamdiu
1330 710 1434 748 non
1468 694 1669 761 audiet,
1699 702 1754 748 et
1788 706 1892 746 non

319 789 546 854 videbit,
578 792 626 840 έι
665 799 995 842 exetecatutn
1045 786 1262 849 habebit
1296 802 1408 850 cor,
1442 786 1611 841 donec
1648 786 1895 839 civitates

317 880 536 945 Iudaeae,
590 880 921 949 Vespasiano
969 877 1200 947 Titoque
1245 879 1634 949 pugnantibus,
1681 877 1895 946 penitus

320 972 738 1034 subvertantur,
784 971 845 1025 'in
898 980 1107 1024 tantum
1145 980 1205 1025 ut
1254 986 1323 1026 ne
1358 984 1551 1025 nomen
1603 969 1891 1040 pristinum

318 1063 531 1132 quidem
565 1071 898 1131 permaneat,
929 1070 981 1116 et
1009 1061 1222 1125 domus,
1248 1062 1293 1115 si
1337 1075 1460 1128 qua:
1488 1058 1894 1124 remanserint,

318 1156 436 1208 sine
480 1155 784 1207 habitatore
817 1154 957 1216 sint,
1008 1163 1062 1207 et
1109 1163 1250 1206 terra
1296 1155 1572 1222 redigatur
1606 1151 1658 1203 in
1698 1149 1896 1203 solitu—

318 1247 521 1310 dinem,
557 1255 611 1300 et
658 1245 739 1299 vel
787 1244 907 1314 fuga
945 1244 1028 1298 vel
1063 1246 1375 1313 captivitate
1406 1247 1459 1298 in
1507 1252 1676 1296 totum
1701 1240 1897 1294 orbem

318 1335 578 1391 Iudaicus
629 1336 861 1404 populus
913 1336 1255 1406 dispergatur
1294 1353 1312 1390 :
1356 1346 1409 1391 et
1447 1349 1788 1405 nequaquam
1839 1333 1895 1385 in

319 1425 527 1491 Iudaea,
560 1437 620 1480 ut
654 1427 826 1496 prius,
856 1428 948 1482 sed
981 1429 1031 1481 in
1066 1428 1276 1483 cunctis
1309 1428 1559 1498 gentibus
1588 1426 1897 1481 Iudaeorum

322 1518 547 1586 populus
581 1516 983 1587 multiplicetur.
1025 1518 1175 1583 Quod
1212 1526 1391 1573 autem
1428 1518 1549 1572 dico
1578 1515 1899 1584 multiplice-

325 1618 430 1673 tur,
462 1618 606 1662 tanta
638 1610 743 1663 erit
775 1608 1066 1664 infelicitas
1095 1608 1299 1663 residui
1331 1609 1532 1677 populi,
1570 1619 1627 1661 ut
1652 1609 1719 1662 ad
1745 1622 1898 1662 com-

324 1702 655 1766 parationem
703 1700 900 1769 prioris
949 1682 1329 1762 multitudinis,
1379 1701 1466 1754 vix
1505 1700 1715 1753 decima
1770 1713 1896 1768 pars

322 1799 617 1841 remaneat.
657 1788 1003 1856 Cumque,et
1032 1789 1083 1841 in
1115 1789 1229 1856 ipsa
1265 1799 1409 1843 terra
1449 1788 1613 1843 fuerit
1657 1789 1897 1844 solitudo

322 1878 628 1946 (dupliciter
677 1881 823 1931 enim
864 1877 1014 1932 locus
1060 1878 1161 1931 iste
1213 1878 1432 1947 intelligi
1484 1890 1701 1946 .pOtest,
1754 1879 1898 1948 quod

329 1969 537 2022 det-ima
570 1984 714 2036 pars,
742 1979 797 2023 et
819 1969 870 2021 in
901 1977 1011 2023 toto
1031 1970 1159 2023 orbe
1182 1971 1269 2022 vix
1299 1981 1596 2034 remaneat,
1624 1981 1678 2024 et
1709 1974 1759 2024 in
1780 1970 1899 2040 ipsa

319 2060 502 2113 Ind-aia
550 2061 632 2112 vix
693 2077 855 2130 parva
907 2077 1033 2130 pars
1084 2063 1259 2131 populi
1312 2068 1659 2133 reservetur),
1687 2079 1899 2117 rursum

326 2155 453 2221 ipsa:
486 2153 723 2221 reliquiae
751 2164 908 2206 erunt
955 2156 1005 2207 in
1037 2155 1513 2225 depra-dationem,
1538 2159 1756 2227 quando
1782 2167 1905 2227 post

325 2258 497 2297 annos
556 2244 728 2299 ferme
779 2246 1169 2316 quinquaginta
1229 2248 1500 2301 Adrianus
1555 2250 1811 2329 venerit,
1850 2260 1904 2304 et

328 2347 525 2392 terram
556 2335 794 2391 Indream
845 2338 1057 2406 penitus
1108 2338 1271 2393 fuerit
1307 2340 1668 2408 deprmdatus,
1700 2342 1752 2393 in
1785 2352 1903 2395 Ian-

328 2439 463 2494 tum,
495 2440 552 2482 ut
583 2428 909 2504 terebintho,
943 2439 997 2483 et
1027 2430 1273 2497 queri-ui,
1304 2445 1424 2499 quae
1455 2432 1676 2501 glandes
1708 2435 1906 2487 amise-

331 2521 417 2586 rit,
450 2529 813 2589 comparetur.
844 2520 1080 2590 Denique
1103 2532 1221 2591 post
1245 2534 1542 2578 extremam
1572 2524 1901 2588 vastitatem,

327 2611 489 2665 etiam
543 2611 688 2681 leges
737 2612 756 2641 '
800 2611 1029 2681 publica:
1092 2612 1495 2677 pependerunt,
1544 2621 1599 2666 et
1648 2613 1904 2681 prohibiti

325 2716 454 2760 sunt
485 2703 653 2758 Iudaei
688 2713 911 2766 terram,
944 2704 1009 2757 de
1055 2719 1160 2771 qua
1210 2703 1365 2768 ejecti
1401 2703 1635 2769 fuerant,
1672 2704 1901 2774 ingredi.

288 2814 292 2818 ·
331 2797 386 2851 Si
418 2797 542 2864 quis
572 2806 747 2849 autem
785 2796 1075 2849 crediderit
1105 2794 1156 2846 in
1190 2793 1491 2860 Christum,
1520 2805 1578 2849 et
1621 2798 1903 2865 impletum

330 2888 491 2942 fuerit
521 2888 647 2940 illttd
674 2888 813 2955 quod
855 2902 1015 2955 supra
1062 2886 1291 2954 legimus
1318 2905 1331 2939 :
1367 2885 1487 2940 Nisi
1523 2888 1775 2943 Dominus
1804 2890 1906 2946 Sa-

329 2980 485 3033 baoth
514 2980 801 3047 reiiquiwet
830 2979 974 3031 nobis
998 2995 1190 3042 semen,
1217 2981 1369 3049 quasi
1398 2978 1629 3034 Sodoma
1653 2998 1902 3048 essemus,

327 3078 377 3123 et
421 3071 616 3123 similes
661 3070 964 3125 Cantor-rita:
1005 3069 1286 3138 fuissemus
1318 3068 1456 3137 (Isa.
1490 3086 1527 3137 t,
1554 3072 1608 3140 9)
1643 3091 1656 3125 :
1689 3074 1906 3141 quando
1934 3100 1977 3157 ρ

325 3160 480 3227 juxta
532 3160 848 3229 Apostolum
902 3158 1076 3229 (lium.
1127 3162 1202 3229 ix)
1261 3160 1500 3229 reliquiae
1530 3162 1904 3232 salvabuntur,

335 3256 433 3306 hoc
464 3268 648 3306 semen
700 3261 946 3305 sanctum
992 3251 1116 3315 erit,
1163 3252 1316 3305 etde
1378 3253 1744 3321 apostolorum
1790 3272 1913 3327 ger-

333 3347 477 3399 mine
512 3354 720 3398 cuncta:
754 3343 1010 3397 Ecclesiae
1059 3344 1416 3413 pullulabunt.
1451 3345 1600 3412 Quod
1647 3348 1906 3411 diximus,

332 3454 505 3491 semen
540 3449 793 3491 sanctum.
828 3438 929 3490 erit
970 3441 1108 3504 quod
1158 3438 1359 3490 steterit
1404 3438 1458 3490 in
1491 3454 1577 3500 ea,
1629 3439 1709 3491 vel
1753 3439 1909 3508 juxta

332 3530 603 3600 Aquilam,
630 3544 802 3582 semen
833 3537 1077 3582 sanctum
1111 3530 1206 3582 erit
1231 3545 1439 3597 germen
1480 3528 1621 3594 eius,
1666 3533 1721 3584 in
1760 3530 1901 3585 LXX

335 3622 728 3690 lnterpretibns
780 3636 887 3674 non
955 3620 1218 3684 habetur,
1272 3622 1365 3673 sed
1418 3620 1484 3673 de
1540 3619 1807 3676 Hebraico
1855 3631 1910 3677 et

335 3712 724 3771 Theodotionis
787 3711 1022 3765 editione
1073 3711 1141 3765 ab
1190 3707 1424 3779 Origene
1475 3712 1715 3766 additum
1762 3714 1803 3780 ³,
1856 3717 1907 3769 in

335 3806 591 3860 Ecclesiae
638 3805 792 3874 10],
836 3803 1007 3858 fertur
1054 3804 1476 3873 exemplaribus,
1525 3813 1584 3858 ut
1624 3817 1910 3875 postquam

336 3899 617 3952 intraverit
645 3898 921 3966 plenitudo
951 3895 1214 3965 gentium,
1247 3904 1374 3950 tunc
1400 3895 1580 3950 omnis
1606 3896 1772 3951 Israel
1807 3899 1915 3952 sal-

338 4006 434 4043 vus
473 3992 602 4055 fiat;
645 3998 700 4043 et
735 3988 1020 4057 impleatur
1048 3988 1209 4042 etiam
1242 3988 1293 4041 in
1326 3989 1427 4041 hoc
1466 4002 1647 4042 sermo
1674 3987 1909 4055 Domini,

336 4080 564 4133 dicentis
604 4095 620 4133 :
652 4075 765 4147 Ego
805 4076 1060 4140 occidam,
1092 4087 1140 4130 et
1172 4092 1264 4146 ego
1313 4077 1603 4145 viviﬁcabo,
1647 4086 1696 4131 et
1724 4094 1916 4148 percu-

335 4171 488 4237 tiam,
518 4177 567 4223 et
602 4184 693 4237 ego
722 4168 919 4222 satiabo
953 4167 1133 4237 (Deut.
1166 4184 1340 4230 χχχιι,
1370 4168 1486 4237 59).

410 4264 565 4333 (Cap.
606 4260 718 4315 Vll.
752 4289 821 4301 —
856 4261 1008 4314 Vers.
1049 4260 1102 4324 1,
1128 4261 1210 4329 2.)
1235 4279 1256 4313 ι
1287 4259 1350 4313 Ει
1376 4259 1576 4316 factum
1605 4272 1685 4318 est
1716 4264 1768 4319 in
1801 4263 1917 4320 die-

339 4359 442 4411 bus
473 4358 657 4410 Achaz
745 4355 841 4408 lilii
875 4353 1126 4408 Ioatltatu
1159 4353 1255 4406 lilii
1318 4355 1464 4408 Ozias
1529 4356 1670 4426 regis
1732 4356 1923 4414 Inda;

1997 510 2236 570 tetnpore
2256 502 2390 556 vidit
2420 501 2587 557 Isaias
2610 517 2730 571 quae
2762 502 3067 572 praaterittts
3089 516 3271 557 sermo
3303 503 3582 559 disseruit.

1998 590 2119 655 Quo
2159 604 2394 657 mortuo,
2421 603 2476 647 et
2511 600 2770 661 regnante
2798 608 2894 663 pro
2923 608 2989 647 eo
3012 592 3263 647 Ioatham
3301 593 3410 647 lilio
3441 594 3583 663 ejus,

1995 696 2121 751 rege
2144 682 2471 750 justissima,
2498 684 2630 737 vidit
2658 684 2841 739 statim
2868 686 3128 754 propheta
3158 684 3440 739 Dominum
3468 684 3587 741 Sal-

1995 783 2234 827 vatorem
2270 776 2321 828 in
2358 789 2452 828 sua
2484 774 2773 844 majestate
2805 786 3141 845 regnantem,
3174 787 3226 831 et
3252 779 3586 832 annuntian-

1996 868 2102 915 tem
2126 861 2337 918 Iudaici
2368 866 2546 934 populi
2574 866 2894 931 ra-citatem,
2918 877 2971 920 et
2992 866 3401 921 subversionem
3423 865 3589 921 Ieru-

1995 952 2183 1018 salem,
2244 963 2300 1007 et
2342 962 2664 1009 ceterarum
2703 956 2919 1009 urbium
2971 956 3071 1011 sub
3126 955 3480 1027 Vespasiano,
3530 968 3587 1013 et

1996 1043 2237 1099 Adriano
2287 1062 2307 1100 :
2355 1056 2409 1100 et
2452 1048 2724 1116 quomodo
2767 1048 2821 1101 in
2859 1048 3134 1117 Apostolis
3183 1050 3429 1118 reliquiat
3479 1052 3591 1105 sint

1995 1137 2291 1197 salvaudaa.
2312 1137 2534 1194 Tertius
2552 1153 2646 1193 rex
2680 1139 2819 1195 illius
2842 1139 3092 1194 Ioatham
3120 1141 3366 1195 succedit
3403 1142 3592 1197 Aebaz

1997 1228 2357 1297 impiissimus
2383 1229 2492 1300 (IV
2513 1231 2641 1302 Reg.
2674 1248 2798 1298 xvi;
2838 1231 2879 1287 ll
2899 1231 3031 1286 Par.
3059 1235 3253 1304 xxviii)
3276 1234 3367 1304 qui
3395 1236 3594 1290 clausit

1993 1319 2192 1389 januas
2240 1323 2443 1391 templi,
2490 1334 2546 1378 et
2591 1328 2646 1378 in
2704 1324 2842 1379 valle
2891 1324 3238 1379 Benhannom
3276 1326 3299 1356 ‘
3342 1326 3594 1382 adoravit

2001 1410 2230 1477 Baulim,
2258 1424 2313 1469 et
2338 1416 2506 1469 lilium
2535 1431 2691 1471 suum
2722 1416 2880 1471 idolis
2902 1419 3262 1481 consecravit,
3296 1419 3369 1472 ita
3401 1429 3460 1470 nt
3493 1433 3593 1472 au-

1997 1504 2171 1560 ferret
2207 1507 2378 1562 altare
2415 1524 2652 1573 aeneum,
2685 1510 2829 1580 quod
2861 1509 3118 1565 Salomon
3147 1508 3374 1576 fecerat,
3408 1519 3462 1565 et
3493 1524 3592 1581 po-

1999 1608 2155 1651 neret
2180 1597 2233 1652 in
2270 1598 2464 1668 templo
2490 1600 2584 1655 Dei
2611 1600 2780 1655 altare
2811 1601 3101 1664 idolorum,
3129 1602 3282 1670 rujus
3313 1603 3595 1671 exemplar

1999 1689 2066 1742 de
2094 1689 2359 1747 Damasco
2398 1701 2705 1761 acceperat.
2736 1693 2883 1747 Iuste
2921 1693 3087 1762 igitur
3110 1709 3138 1745 a
3171 1693 3383 1748 Domini
3437 1694 3593 1748 auxi-

2003 1784 2075 1836 lio
2116 1783 2409 1838 derelictus
2436 1796 2539 1850 est,
2569 1795 2623 1839 et
2651 1792 3117 1841 consurrexerunt
3160 1786 3424 1845 adversus
3466 1802 3591 1843 eum

2002 1872 2169 1926 Rusin
2214 1887 2307 1927 rex
2337 1873 2529 1941 Syrias,
2556 1874 2608 1928 id
2638 1882 2745 1941 est,
2778 1876 2963 1936 Aram.
2987 1887 3042 1931 et
3070 1877 3283 1933 Phacee
3315 1878 3460 1932 filius
3484 1876 3595 1935 Ro-

2004 1966 2198 2031 melitr,
2225 1981 2317 2020 rex
2342 1966 2504 2021 Israel
2533 1969 2582 2021 in
2610 1967 2880 2034 Samaria,
2910 1979 2964 2023 et
2994 1981 3260 2024 venerunt
3289 1970 3341 2024 iu
3374 1971 3595 2026 Ierusa-u

2005 2056 2130 2121 lein,
2165 2071 2226 2112 ut
2252 2068 2622 2129 expugnarent
2645 2075 2761 2113 eam
2806 2059 3081 2133 (Ibidem).
3124 2061 3379 2133 Legimus
3416 2066 3467 2118 in
3493 2064 3595 2117 Pa-

2006 2151 2376 2218 rslipomenon
2432 2152 2592 2218 libro,
2653 2152 2821 2208 Rasin
2882 2170 3065 2223 regem
3124 2154 3392 2222 Damasci,
3446 2161 3594 2214 victo

2002 2240 2206 2303 Achati,
2248 2243 2444 2296 inultos
2486 2246 2552 2297 de
2606 2243 2790 2299 Iudaea
2862 2245 3186 2302 Damascum
3230 2250 3593 2325 transtulisse,

2004 2343 2058 2389 et
2100 2335 2308 2390 Pliacee
2344 2336 2511 2389 lilium
2547 2334 2804 2392 Romeliae
2848 2352 3027 2407 regem
3081 2340 3269 2394 decem
3327 2344 3588 2408 tribuum,

2005 2441 2125 2495 quae
2157 2426 2570 2495 appellabantur
2613 2424 2800 2491 Israel,
2835 2433 2889 2479 ct
2927 2429 3189 2496 regnabat
3236 2430 3288 2482 in
3321 2430 3589 2494 Samaria,

2016 2533 2120 2572 una
2173 2520 2260 2572 die
2290 2528 2511 2571 centum
2551 2518 2737 2587 viginti
2791 2519 2954 2571 millia
2998 2520 3332 2589 percussisse
3363 2523 3431 2575 de
3455 2519 3591 2575 Iuda

2009 2611 2290 2665 hominum
2322 2609 2667 2676 bellatorum,
2711 2620 2765 2664 et
2791 2608 3022 2664 ducenta
3073 2612 3237 2665 millia
3276 2612 3586 2678 mulierum,

2008 2716 2432 2771 pucrorutuque,
2479 2711 2535 2755 et
2568 2684 2864 2768 puellarum
2902 2717 3021 2754 cum
3061 2702 3274 2756 inﬁnita
3322 2705 3500 2772 prada
3536 2707 3590 2758 in

2009 2791 2311 2845 Samariam
2347 2791 2568 2845 duxisse
2598 2795 2836 2855 captiva.
2877 2790 2950 2846 De
2982 2808 3091 2861 riuo
3129 2797 3425 2849 certamine
3469 2812 3593 2864 pro-

2009 2882 2167 2949 pheta
2212 2895 2356 2934 nuuc
2400 2883 2589 2943 tacuit,
2622 2883 2718 2936 sed
2763 2887 3061 2936 secundum
3110 2884 3276 2940 refert
3320 2892 3592 2956 praelium,

2006 2973 2226 3044 quando
2256 2975 2683 3040 experimentum
2717 2976 2973 3030 habentes
3014 2978 3343 3035 fortitudinis
3372 2996 3483 3033 sum
3509 2992 3594 3036 at-

2012 3082 2115 3136 que
2144 3066 2403 3129 victoriae,
2429 3075 2478 3118 et
2514 3066 2722 3120 invitati
2756 3069 2948 3135 praeda:
2979 3069 3344 3137 magnitudine
3371 3088 3591 3128 rursum

2019 3159 2179 3228 102
2203 3158 2424 3211 veniunt
2452 3158 2517 3210 ad
2546 3155 2810 3221 Inda-am,
2846 3170 2897 3213 et
2924 3158 3222 3216 Jerusalem
3248 3166 3476 3234 cupiunt
3497 3165 3595 3221 de—
3624 3190 3637 3213 ν

2015 3253 2238 3314 bellare,
2268 3263 2317 3305 et
2348 3268 2454 3304 non
2489 3262 2801 3319 potuerunt,
2829 3255 2954 3321 quia
2982 3256 3273 3311 auxiliatos
3298 3259 3345 3313 ei
3376 3267 3460 3314 est
3492 3258 3597 3314 Do-

2022 3344 2217 3406 minus,
2245 3350 2301 3394 ut
2331 3342 2434 3396 sub
2454 3343 2746 3396 Ot’CitSIOIte
2777 3345 3184 3412 misericordiae,
3204 3361 3307 3415 qua
3333 3348 3593 3415 populum

2017 3433 2283 3488 liberabat
2316 3434 2629 3499 obsessum,
2664 3433 2832 3486 liliqu
2860 3450 3017 3489 situm
3065 3438 3340 3491 nuutiaret
3370 3439 3439 3492 de
3472 3438 3593 3495 Vir-

2014 3526 2140 3595 gine
2171 3525 2533 3579 nasciturum.
2566 3523 2717 3589 Quod
2747 3539 2868 3577 cum
2908 3526 3145 3579 audisset
3170 3526 3367 3581 domus
3400 3528 3592 3597 David,

2020 3617 2125 3669 hoc
2163 3625 2265 3682 est,
2310 3616 2503 3670 domus
2542 3615 2710 3684 regia,
2742 3613 2955 3683 Syriam
2984 3617 3193 3671 scilicet
3228 3626 3282 3672 et
3311 3619 3593 3689 prraitn,

2019 3708 2206 3773 Rasiu,
2238 3718 2294 3761 et
2336 3708 2545 3763 Pliacee
2570 3708 2759 3773 juncto
2807 3711 2992 3763 venire
3028 3712 3293 3776 exercitu,
3341 3715 3596 3768 exterrita

2020 3811 2101 3854 est
2142 3812 2304 3868 atque
2338 3802 2639 3869 pertimuit,
2671 3809 2727 3854 et
2764 3809 2870 3853 tam
2920 3815 3016 3856 rex
3051 3817 3212 3870 quam
3244 3804 3474 3871 populus
3524 3806 3597 3859 ita

2019 3904 2488 3955 ccutremneru‘nt,
2522 3903 2580 3945 ut
2612 3906 2829 3958 potares
2860 3893 3114 3947 arborum
3146 3892 3276 3947 folia
3310 3906 3597 3950 ventorum

2022 3986 2241 4041 ﬂatibus
2274 3984 2541 4039 ventilari.
2566 3981 2727 4037 quta
2752 3998 3029 4054 anagogeu
3066 3985 3244 4040 facilis
3276 3988 3601 4057 interpreta-

2024 4076 2102 4130 tio
2123 4084 2205 4130 est
2231 4091 2251 4129 :
2275 4076 2418 4143 quod
2441 4084 2700 4145 regnante
2722 4075 2903 4129 Achaz
2930 4090 3054 4145 rege
3078 4076 3266 4146 impio,
3293 4093 3386 4132 rex
3411 4083 3598 4144 Aram,

1988 4192 2004 4211 ο
2023 4169 2113 4238 qui
2149 4169 2537 4237 interpretatur
2562 4169 2799 4221 excelsus
2833 4181 2995 4236 atque
3022 4169 3284 4233 sublimis,
3311 4182 3372 4225 ut
3394 4171 3601 4229 iudicet.

2025 4262 2394 4332 armgautiam
2440 4259 2719 4330 sapientia:
2778 4262 3080 4326 secuturis,
3110 4273 3175 4317 et
3210 4264 3416 4321 Pltacee
3458 4268 3600 4322 titius

2027 4352 2309 4420 Ilomelize,
2342 4353 2431 4421 qui
2456 4364 2509 4407 et
2546 4352 2661 4421 ipse
2686 4353 2836 4421 juxta
2863 4351 3004 4408 Osee
3030 4355 3340 4425 prophetam
3369 4374 3432 4411 ex
3457 4361 3597 4412 tribu

338 4446 602 4501 Ascendit
624 4443 786 4498 Rasiu
810 4458 900 4498 rex
936 4444 1125 4514 Syriae,
1162 4453 1215 4497 et
1247 4443 1456 4500 Phacce
1488 4446 1631 4502 filius
1663 4446 1921 4505 Romelire
1955 4467 1999 4526 υ
2023 4443 2305 4513 prraim,
2330 4445 2395 4498 de
2424 4458 2530 4513 qua
2557 4443 2839 4497 Icroboam
2868 4444 3010 4498 titius
3034 4443 3247 4500 Nubalb
3275 4448 3472 4503 vitulos
3501 4463 3606 4504 au-

338 4551 431 4589 rex
460 4533 647 4595 Israel,
676 4536 728 4586 in
757 4532 1058 4589 Ierusalem
1086 4535 1152 4589 ad
1177 4534 1529 4605 proeliandum
1552 4546 1742 4592 contra
1771 4553 1915 4605 eam,

338 4640 394 4683 et
432 4644 539 4683 non
575 4635 869 4696 potuerunt
913 4627 1185 4683 debellare
1226 4644 1364 4684 eam.
1416 4626 1484 4683 Et
1530 4631 1924 4688 nuntiaverunt

340 4722 521 4776 domui
539 4720 702 4776 David
727 4721 998 4776 dicentes:
1019 4720 1306 4776 Consensit
1324 4720 1482 4793 Syria
1503 4738 1623 4777 cum
1644 4722 1921 4794 Ephraim,

340 4819 395 4866 et
420 4821 750 4867 commntum
779 4818 860 4864 est
882 4824 980 4864 cor
1005 4810 1144 4880 ejus,
1172 4821 1229 4866 et
1254 4826 1350 4866 cor
1380 4813 1557 4882 populi
1587 4814 1754 4882 illius,
1776 4815 1923 4872 sicut

343 4912 625 4956 moventur
663 4900 810 4971 ligna
845 4900 1104 4955 silvarum
1137 4916 1168 4955 a
1197 4898 1338 4956 facie
1374 4904 1540 4958 venti.
1578 4922 1598 4956 ι
1634 4902 1794 4961 Ozias
1826 4907 1917 4976 qui

340 5004 395 5049 et
439 4994 688 5059 Azarias,
721 5008 816 5048 rex
853 4990 1017 5058 Iuda,
1054 4992 1307 5064 regnavit
1346 4993 1400 5047 in
1426 4992 1731 5053 Ierusalem
1762 5002 1921 5057 annis

412 5131 580 5205 '_Dno
608 5147 739 5205 mss.
771 5144 1049 5205 propterea
1081 5136 1370 5204 respondit.
1402 5133 1529 5193 Haec
1560 5151 1691 5193 vero
1720 5151 1791 5193 ex
1817 5137 1925 5194 Eua

341 5202 517 5265 sebio,
548 5205 644 5259 sed
676 5202 924 5272 pluribus
951 5202 1345 5261 edisset-untur.

414 5274 647 5346 'gilllluib
691 5276 913 5330 Adriani
968 5276 1310 5346 imperatoris
1332 5277 1564 5332 edictum
1603 5292 1694 5332 an.
1739 5279 1924 5336 Domi-

343 5343 396 5397 tii
446 5344 567 5409 I37,
619 5343 965 5415 Pompeiano,
1013 5343 1068 5400 ei
1115 5348 1363 5402 Aciliano
1394 5348 1552 5402 Cuss.
1583 5351 1770 5404 datum
1806 5367 1822 5407 :
1856 5353 1925 5404 de

343 5427 452 5484 quo
483 5416 603 5484 vide
633 5413 921 5471 Eusebium
953 5421 1006 5468 in
1045 5416 1337 5482 Chronico,
1368 5431 1423 5471 et
1453 5418 1552 5473 lib.
1584 5434 1634 5472 tv
1668 5417 1927 5476 Historias

345 5483 397 5540 (ᾖ.
424 5486 479 5550 li;
512 5483 835 5559 'I‘ertulliau.
863 5500 1087 5559 quoque
1110 5488 1164 5541 iu
1193 5488 1531 5559 ApolOgetic.
1557 5504 1585 5543 c
1611 5491 1701 5555 2|,
1723 5502 1777 5543 et
1794 5505 1919 5545 rur-

347 5571 469 5631 sum
495 5568 687 5631 contra
710 5553 925 5611 Iudaeos
956 5553 1043 5611 13.
1072 5556 1190 5627 Ipse
1212 5553 1407 5631 iterum
1436 5553 1799 5631 Hieronymus
1820 5561 1924 5615 ali-

348 5625 404 5681 bi
436 5630 488 5678 in
535 5624 830 5700 Ieremiam
856 5642 905 5681 c.
935 5624 1169 5700 xxxt,'et
1196 5631 1249 5683 itt
1279 5627 1467 5685 Daniel
1500 5643 1579 5697 ts,
1618 5624 1776 5700 liujns
1805 5633 1924 5687 dis-

349 5700 619 5769 persionis
649 5709 702 5753 et
732 5696 865 5767 legis
900 5698 1165 5753 meminit.

420 5765 444 5799 ⁸
479 5767 752 5825 Ιυιιυιιιθι·ἱ
788 5765 983 5825 tamen
1034 5772 1192 5825 codd.
1232 5770 1299 5826 ad
1346 5784 1445 5827 nos
1475 5784 1647 5841 usque
1668 5785 1928 5844 pervenc-

2024 4551 2147 4591 reos
2177 4536 2232 4590 in
2262 4534 2472 4601 Bethel,
2520 4546 2576 4588 et
2621 4534 2733 4588 Dan
2782 4536 3142 4591 constituerat
3174 4537 3293 4609 (III
3327 4538 3454 4611 Reg.
3480 4540 3604 4609 xit).

2020 4640 2072 4684 et
2097 4644 2128 4683 ει
2153 4627 2324 4682 David
2356 4628 2377 4658 ⁸
2413 4627 2505 4680 Dei
2556 4628 2813 4697 populum
2846 4639 3083 4696 separat,
3118 4629 3358 4685 refertur
3393 4634 3459 4687 ad
3493 4636 3606 4688 ba:-

2020 4720 2241 4787 retieos,
2271 4719 2676 4774 consentientes
2704 4719 2829 4783 sibi,
2859 4729 2918 4772 ut
2942 4731 3252 4792 expugnent
3284 4723 3602 4782 Ecclesiam.

2024 4813 2180 4880 Quod
2196 4828 2319 4868 cum
2339 4810 2573 4866 audierit
2587 4808 2782 4866 domus
2801 4811 3157 4882 David,quem
3174 4814 3228 4868 in
3248 4811 3497 4873 Ezechiel
3513 4821 3607 4874 bo-

2023 4921 2151 4960 num
2199 4912 2472 4974 pastorem
2515 4901 2745 4972 legimus
2777 4904 3607 4981 suscitandum(Ezech.xxxtv),

2022 5007 2078 5054 et
2116 4996 2350 5068 populus
2392 4995 2515 5067 ejus
2579 4994 2899 5065 simpliciter
2938 4999 3168 5055 credens
3192 5002 3243 5055 in
3292 5001 3607 5073 Dominum,

2033 5150 2177 5207 runt,
2207 5141 2297 5210 qui
2327 5141 2428 5197 hoc
2463 5138 2709 5193 additum
2741 5152 2846 5193 non
2882 5137 3105 5194 habent.
3135 5139 3405 5197 Caeterum
3448 5151 3608 5198 nota-

2034 5220 2147 5286 tum
2181 5226 2400 5286 quoque
2422 5210 2795 5286 Procopioest
2822 5210 2885 5286 ἐν
2905 5212 2984 5286 τῷ
3008 5211 3256 5286 revenerat
3291 5214 3352 5266 τὸ
3385 5215 3609 5286 σπέρμα,

2033 5279 2280 5354 dimov—tv
2310 5279 2376 5352 Ᾰιῇ
2404 5284 2595 5354 ardeat
2616 5280 2713 5354 ttat
2748 5279 3059 5354 liethds'qtt
3094 5282 3294 5354 αρτῶν,
3336 5279 3608 5354 nariam

2034 5348 2373 5422 προσθήκηκῖ
2408 5350 2799 5422 Θεοδοτιωγοςι
2835 5348 3189 5422 Cum'fuerit
3246 5368 3418 5408 semen
3485 5348 3610 5408 sua-

2035 5419 2179 5476 ctum
2206 5419 2260 5475 in
2289 5419 2517 5476 statione
2568 5435 2633 5473 ac
2674 5419 2984 5488 fortitudine
3030 5436 3234 5491 eorum,
3271 5439 3336 5478 ea:
3376 5422 3609 5478 Theodo-

2029 5492 2189 5546 tiom’s
2222 5491 2584 5546 additamenta
2617 5504 2751 5549 esse.

2098 5562 2122 5593 ⁵
2150 5564 2550 5639 ιὶθευτὶρξίιυιιε
2596 5572 2720 5616 cum
2773 5557 2907 5614 Vict.
2962 5559 3322 5632 Benltannom,
3371 5579 3470 5637 pro
3497 5582 3609 5639 quo

2033 5641 2191 5687 antea
2214 5644 2332 5687 erat
2362 5631 2679 5686 Gehennom.

2106 5704 2127 5733 ⁵
2163 5702 2361 5772 Vatia,
2392 5713 2440 5757 rt
2475 5721 2508 5760 α
2547 5702 2712 5758 Domo
2748 5701 2945 5771 David,
2968 5715 3107 5773 etc.,
3142 5706 3367 5763 rectius.

2054 5855 2189 5885 ωτι-ιτ.-
2218 5874 2235 5895 ι
2262 5893 2285 5901 κ
