3980 6200
312 279 430 347 105

310 485 415 533 l.-us
466 477 767 546 frugileris,
801 474 893 528 sed
932 473 1268 526 infructuoso
1315 473 1474 525 saltui
1515 481 1877 540 coinparatur.

307 570 507 623 Iisdem
546 571 564 600 ¹
595 580 771 620 autent
806 565 1086 619 ha-reticos
1117 575 1276 631 atque.
1310 564 1538 632 gentiles
1567 575 1750 616 contra
1786 564 1877 613 do-

307 680 460 717 mum
488 663 653 716 David
674 670 1104 730 argumentorum
1135 667 1189 709 et
1215 657 1509 710 dialecticae
1532 657 1664 710 artis
1694 656 1881 722 gladiis

305 755 597 813 dimicare,
635 751 761 804 nulli
793 748 1014 802 dubium
1051 754 1133 800 est
1161 761 1175 798 :
1205 755 1265 798 ut
1296 747 1383 813 qui
1413 747 1552 798 inter
1587 760 1644 797 se
1677 744 1881 797 discre-

308 851 463 908 pant,
499 815 552 893 in
591 839 841 893 Εοιτιεεὶεε
873 836 1268 904 Oppugnatione
1302 833 1646 888 consentiant
1683 851 1696 886 :
1725 834 1878 899 juxta

309 932 444 984 illud
474 929 617 999 quod
651 929 910 991 I‘Ierodes,
936 935 985 979 et
1016 925 1222 978 Pilatus
1249 925 1388 978 inter
1420 940 1478 977 se
1505 924 1879 978 discordantes

308 1023 365 1074 in
396 1019 608 1075 Dmnini
639 1019 892 1085 passione
922 1015 1160 1070 amicitia
1186 1014 1544 1070 foederantur.

385 1109 566 1179 (Ἶρι-ε.
593 1110 647 1172 5,
673 1109 706 1159 4
729 1117 782 1162 et
809 1111 948 1175 seq.)
978 1106 1074 1159 «Et
1103 1106 1235 1159 dixit
1258 1104 1516 1160 Dominus
1544 1109 1609 1160 ad
1637 1107 1824 1161 Isaiam
1864 1123 1878 1161 :

308 1201 582 1272 Egredere
605 1201 658 1252 in
683 1213 966 1252 occursum
990 1197 1193 1262 Aehaz,
1221 1205 1273 1250 tu
1300 1204 1352 1250 et
1375 1197 1466 1265 qni
1488 1197 1776 1252 derelictus
1797 1207 1880 1252 est

308 1293 480 1348 Jasub
504 1291 647 1344 lilius
669 1301 814 1352 tuus,
845 1289 909 1340 ad
937 1298 1234 1342 extremum
1261 1303 1416 1356 aqute
1441 1289 1637 1342 ductus
1659 1289 1880 1357 piscina:

303 1383 623 1451 superioris,
649 1383 697 1432 in
722 1380 803 1433 via
825 1379 938 1448 agri
960 1377 1212 1432 Fullonis.
1236 1377 1300 1430 Et
1317 1379 1461 1432 dices
1482 1381 1545 1431 ad
1567 1393 1690 1432 eum
1714 1391 1727 1430 :
1752 1379 1883 1434 Vide

305 1484 366 1527 ut
395 1474 580 1536 sileas,
605 1471 709 1523 noli
743 1472 948 1535 timere,
974 1479 1027 1523 et
1050 1484 1144 1522 cor
1170 1479 1319 1521 tuum
1344 1483 1408 1522 ue
1430 1468 1682 1523 formidet
1701 1483 1730 1522 a
1750 1471 1882 1522 dua-

303 1565 408 1617 bus
431 1562 619 1615 caudis
635 1561 877 1614 titionmn
895 1558 1270 1626 fmnigantium
1298 1559 1545 1625 istorum,
1567 1560 1616 1612 in
1637 1560 1712 1613 ira
1735 1559 1884 1614 furo-

305 1656 384 1708 ris
397 1653 587 1713 Rasin,
605 1663 656 1705 et
674 1650 866 1720 Syriae,
885 1661 938 1704 et
956 1651 1048 1704 lilii
1066 1650 1339 1713 Romeliae,
1359 1665 1423 1704 eo
1440 1655 1578 1718 quod
1593 1651 1878 1706 consilium

305 1745 488 1798 inierit
517 1753 705 1797 contra
739 1752 789 1796 te
815 1741 968 1811 Syria
992 1742 1304 1808 pessimum,
1347 1740 1621 1810 Ephraim,
1644 1751 1692 1796 et
1741 1743 1881 1797 filius

305 1832 586 1894 Romeliae,
613 1832 853 1884 dicentes
881 1845 898 1884 :
937 1830 1301 1882 Ascendamus
1332 1829 1395 1882 ad
1431 1827 1646 1892 Iudam,
1682 1841 1736 1884 et
1764 1847 1880 1885 sus-

305 1925 536 1976 citemus
567 1905 710 1984 enin,
743 1929 794 1973 et
820 1919 1109 1973 evellamus
1137 1933 1257 1971 eum
1294 1919 1357 1971 ad
1393 1933 1511 1984 nos,
1536 1928 1589 1973 et
1621 1936 1881 1985 ponamus

311 2030 489 2083 regem
507 2015 561 2067 in
588 2013 761 2065 lllt'dIO
783 2011 899 2080 ejus
919 2011 1081 2064 lilium
1104 2010 1452 2065 TabeelJIzcc
1472 2012 1602 2064 dicit
1628 2013 1882 2068 Dominus

310 2104 450 2160 Dens
474 2104 621 2159 :‘Non
638 2102 818 2164 stabit,
837 2111 882 2155 el
906 2117 1010 2154 non
1024 2103 1126 2154 erit
1142 2101 1304 2162 istud,
1319 2103 1409 2156 sed
1423 2111 1583 2170 caput
1598 2101 1688 2174 Syt
1703 2105 1764 2158 ia:
1786 2109 1884 2157 Da-

311 2211 522 2250 Inascus
541 2204 595 2248 et
616 2205 772 2259 caput
791 2195 1028 2246 Damasci
1053 2194 1240 2256 Rasin,
1263 2204 1317 2247 et
1337 2195 1511 2248 adlmc
1531 2197 1804 2266 sexaginta
1830 2207 1884 2250 et

311 2287 547 2354 quinque
579 2283 732 2352 103
752 2285 896 2344 anni,
915 2283 1455 2349 etdesinethhraim
1477 2300 1598 2339 esse
1627 2286 1879 2354 populus.

311 2375 378 2428 Et
404 2384 564 2442 caput
590 2376 840 2443 Ephraim
868 2374 1134 2435 Samaria.
1173 2383 1226 2428 et
1259 2385 1424 2443 caput
1455 2377 1712 2432 Samaria:
1743 2378 1883 2432 lilius

309 2461 655 2519 Romelize.Si
676 2480 780 2518 non
795 2464 1260 2527 credideritis,non
1277 2467 1675 2529 permanebitis.
1693 2466 1884 2521 ilasub

314 2557 454 2611 filius
480 2554 653 2621 Isaia),
681 2555 772 2624 qui
804 2556 1184 2624 interpretatur
1216 2557 1449 2626 reliquus
1483 2568 1643 2628 atque.
1675 2576 1886 2612 convero

315 2659 446 2712 tene,
499 2649 550 2701 in
589 2658 766 2716 typum
802 2648 982 2716 populi
1029 2645 1186 2712 Juda,
1239 2648 1326 2716 qui
1378 2660 1494 2703 erat
1541 2651 1606 2704 de
1656 2651 1881 2704 duormn

316 2753 503 2808 regum
566 2738 811 2791 manibus
860 2737 1195 2800 liberandus,
1244 2738 1463 2806 jubetttr
1519 2739 1702 2807 egredi
1761 2756 1882 2794 cum

319 2839 560 2898 parente,
590 2837 642 2883 et
669 2843 954 2881 occurrere
974 2827 1157 2882 Achaz
1199 2828 1308 2898 regi
1331 2827 1482 2882 Judze
1511 2829 1563 2882 in
1589 2830 1706 2883 loco
1730 2845 1883 2900 aqua:

312 2921 508 2974 ductus
544 2920 761 2988 piscinae
794 2919 1110 2987 superioris,
1148 2919 1202 2972 in
1236 2919 1320 2972 via
1355 2919 1465 2988 agri
1495 2918 1756 2985 Fullonis,
1793 2921 1879 2975 ubi

312 3021 504 3080 postea
536 3012 721 3067 lecturi
758 3026 964 3075 smnus,
999 3011 1096 3064 sub
1122 3011 1352 3064 Ezechia
1395 3026 1520 3080 rege
1561 3011 1696 3067 Juda
1739 3024 1883 3068 stare

313 3102 636 3168 Rabsacem,
669 3113 721 3157 et
752 3119 813 3156 ex
845 3111 1108 3170 praecepto
1133 3101 1502 3158 Sennacherib
1536 3106 1680 3174 regis
1707 3104 1885 3173 Assy-

311 3195 521 3248 riorum
561 3193 653 3246 Dei
686 3197 938 3260 pOpqum
973 3192 1363 3260 blasphemare.
1400 3190 1456 3246 In
1512 3207 1670 3262 quem
1708 3193 1882 3246 Iocmn

315 3284 519 3353 egressi
561 3295 708 3346 sunt,
735 3284 896 3356 jnissi
929 3283 996 3336 ab
1047 3283 1273 3337 Ezecliia
1319 3284 1587 3352 principes
1624 3285 1882 3348 civitatis,

315 3394 452 3447 quos
505 3379 556 3430 in
604 3375 811 3444 Regum
865 3375 1131 3429 volumine
1165 3375 1409 3442 legimus.
1463 3373 1885 3443 Praecipiturque

318 3470 496 3522 Acbaz
527 3467 628 3539 (IV
663 3467 790 3536 Reg.
827 3468 1005 3536 xviii),
1033 3467 1281 3536 quamvis
1309 3467 1470 3536 impio
1503 3467 1634 3536 regi,
1670 3475 1886 3536 propter

319 3559 530 3613 Domini
555 3559 1000 3620 misericordiam,
1028 3567 1083 3611 ut
1112 3569 1231 3627 agat
1258 3558 1551 3620 silentium,
1573 3567 1627 3613 et
1651 3573 1753 3612 non
1779 3569 1888 3612 ter-

325 3662 529 3715 reatur,
553 3666 725 3720 neque
756 3650 1005 3704 formidet
1031 3665 1124 3703 cor
1142 3649 1281 3718 ejus,
1311 3663 1504 3718 putans
1522 3666 1580 3705 se
1603 3664 1886 3718 passurum

321 3743 515 3795 similia
549 3757 668 3810 qua:
698 3743 846 3810 prius
874 3741 1228 3796 sustinuerat.
1284 3741 1428 3794 Duas
1461 3751 1636 3794 autem
1686 3743 1887 3794 caudas

321 3834 594 3893 titionum,
624 3833 674 3885 id
707 3844 808 3895 est,
845 3833 1070 3886 torrium
1103 3831 1501 3899 fumigantinm,
1529 3841 1686 3886 vocat
1720 3831 1885 3885 Rasin

322 3939 502 3995 regem
537 3922 727 3994 Syria’,
770 3932 824 3976 et
854 3923 1058 3985 Phacee
1092 3924 1259 3976 filium
1294 3923 1546 3977 ltomelia:
1579 3939 1755 3992 regem
1785 3925 1886 3976 Sa-

322 4016 528 4078 marite,
565 4030 630 4067 eo
656 4014 794 4083 quod
827 4017 876 4067 in
902 4014 1007 4068 illis
1041 4014 1249 4066 finitum
1284 4015 1800 4085 sitregnumSyria,
1835 4013 1886 4068 id

321 4115 424 4169 est,
451 4106 716 4170 Damasci,
738 4115 791 4160 et
821 4121 1041 4174 regiturn
1067 4105 1347 4168 Samarite,
1373 4105 1427 4158 id
1458 4105 1767 4170 est,Idecem
1792 4107 1888 4160 tri-

325 4198 515 4262 buum,
533 4212 652 4263 qua:
674 4197 778 4250 alio
795 4199 1009 4250 nomine
1025 4195 1429 4264 appellabantur
1451 4196 1726 4266 prraim.
1748 4200 1894 4253 Scri-

320 4301 471 4358 p'um
495 4297 579 4342 est
600 4289 740 4342 enim
770 4286 821 4360 (ι
835 4287 871 4341 γ
900 4285 1029 4356 Reg.
1055 4288 1166 4357 xw)
1190 4288 1329 4358 quod
1347 4286 1892 4359 Theglathphalassar

1033 270 1534 331 COMMENTAR.
1577 272 1655 330 ΙΝ
1700 270 1970 330 ISAIAM
2016 257 2483 330 PROPIIETAM
2527 264 2677 324 LIB.
2725 263 2840 323 III.

307 393 705 456 pertremiscet.
738 383 800 439 Et
827 384 946 437 ideo
967 382 1366 450 pertretniscet,
1388 383 1513 450 quia
1549 397 1653 438 non
1681 381 1883 436 arbori-
1916 388 1962 443 Α
1995 397 2134 434 nunc
2163 379 2387 434 SebaSte
2418 388 2660 437 vocatur,
2694 375 2862 428 tribus
2902 371 3056 426 annis
3095 389 3109 425 :

3459 257 3557 320 106

3152 380 3205 426 et
3239 387 3380 427 nono
3416 391 3558 427 :ttttm

1987 470 2142 537 segni
2175 471 2309 520 Osee
2345 469 2552 532 ceperit
2580 480 2723 525 cam,
2755 464 3098 531 vinctumque
3125 462 3260 518 Osee
3289 463 3340 516 iu
3374 479 3556 518 carer-

1994 574 2105 609 rem
2144 558 2372 617 miserit,
2405 564 2459 608 et
2494 554 2830 607 transtulerit
2865 554 3026 607 Israel
3069 555 3118 606 itt
3162 553 3432 623 Assyrios,
3466 573 3558 623 po-

1992 649 2270 715 soeritque
2315 663 2407 699 eos
2442 647 2492 698 in
2531 645 2705 706 HJIIiI,
2745 655 2796 696 et
2839 648 2891 697 in
2928 644 3110 697 liabor
3148 646 3300 714 juxta
3337 645 3556 700 Πιινιυιιι

1982 740 2180 792 Gozatn
2202 741 2254 791 in
2284 739 2764 800 civitatibus,sive,
2796 747 2848 788 III
2883 735 3234 802 Septuaginta
3267 744 3560 791 transtu'e-

1985 842 2128 894 runt,
2148 832 2200 881 in
2229 830 2485 882 montibus
2512 829 2781 882 Mederum
2809 828 2918 897 (IV
2949 829 3068 895 Reg.
3094 845 3226 884 xvtt.
3263 833 3336 890 Ii).
3365 831 3566 897 Quam:

1989 921 2069 972 vis
2100 925 2239 972 enim
2271 921 2486 972 inierint
2513 921 2796 972 (‘OtIsIIittm
2826 921 2875 972 lii
2905 921 3010 972 duo
3045 935 3196 988 reges
3229 904 3473 986 pessimi,
3502 933 3561 974 ιιι

1985 1012 2342 1065 asceailerent
2364 1011 2430 1064 ad
2461 1011 2676 1073 Jndam,
2706 1010 2857 1076 cujus
2901 1011 3046 1078 regio
3071 1013 3121 1072 in
3153 1012 3428 1065 IIIOIIIIIIIIS
3456 1015 3559 1066 sita

1986 1114 2090 1168 est,
2115 1118 2165 1156 et
2191 1107 2655 1158 suscitarenteum
2677 1105 3067 1173 quiescentem,
3092 1115 3141 1157 et
3166 1106 3560 1172 quodammodo

1983 1194 2363 1259 dormientem,
2387 1210 2590 1262 suoque
2621 1195 2847 1262 imperio
2872 1193 3224 1263 subjugarent
3251 1211 3266 1259 ;
3295 1202 3348 1248 et
3373 1211 3561 1264 super-

1985 1294 2243 1352 ponerent
2273 1285 2320 1338 ei
2373 1299 2549 1354 regem
2588 1286 2754 1339 filiuni
2784 1283 3006 1348 Tabeel,
3047 1287 3139 1354 qui
3177 1286 3562 1353 interpretatur

1985 1373 2150 1428 bonus
2178 1374 2337 1438 Deus.
2365 1387 2424 1430 ut
2447 1376 2526 1428 vel
2557 1376 2830 1430 hominem
2860 1376 2960 1428 hoc
2985 1377 3220 1440 nomine,
3248 1377 3326 1429 vel
3360 1379 3558 1430 idolum

1983 1467 2417 1520 demonstrarent
2462 1482 2475 1519 :
2529 1476 2707 1520 tamen
2759 1467 2872 1520 haec
2921 1467 3051 1520 dicit
3099 1467 3256 1538 105
3307 1469 3562 1522 Dominus

1986 1554 2129 1610 Deus
2163 1571 2175 1608 :
2216 1555 2328 1610 Non
2358 1558 2521 1611 stabit
2552 1559 2652 1611 hoc
2692 1559 2997 1621 consilium,
3035 1560 3125 1612 sed
3160 1561 3373 1613 interim
3406 1564 3565 1613 modo

1984 1657 2144 1711 caput
2181 1645 2350 1714 Syria:
2384 1648 2592 1700 urbittm
2627 1648 2730 1701 erit
2765 1648 3076 1710 Damascos,
3111 1656 3166 1700 et
3210 1649 3261 1701 in
3295 1648 3405 1714 ipsa
3445 1667 3564 1703 me-

1987 1738 2176 1806 tropoli
2207 1738 2465 1792 Datnaseo
2495 1739 2777 1807 imperabit
2803 1739 2988 1792 Rasin.
3022 1738 3188 1793 Porro
3213 1741 3264 1792 in
3311 1740 3561 1805 Epltraittl

1988 1841 2204 1894 propter
2221 1827 2503 1882 Jeroboan‘t
2531 1830 2697 1882 lilium
2722 1828 2951 1891 Nahallt,
2975 1831 3065 1898 qui
3092 1832 3294 1896 primus
3324 1833 3564 1897 regnavit

1987 1919 2049 1970 de
2081 1917 2354 1988 Ephraiin,
2390 1922 2489 1973 erit
2519 1931 2681 1989 caput
2715 1922 2984 1983 Samaria,
3027 1922 3126 1975 hoc
3157 1932 3260 1984 est,
3293 1923 3435 1989 regia
3469 1925 3566 1973 do-

1989 2026 2107 2062 mus
2142 2012 2193 2064 in
2226 2011 2360 2066 urbe
2390 2012 2657 2074 Samaria,
2693 2020 2749 2064 et
2793 2011 3053 2066 Samaria:
3083 2025 3242 2082 caput
3277 2015 3378 2067 erit
3423 2014 3572 2070 filius

1988 2097 2266 2162 Remel-ae,
2314 2100 2366 2152 id
2414 2109 2518 2162 est,
2573 2099 2780 2154 Phacce
2815 2116 2831 2167 ;
2870 2115 3090 2170 regnum
3143 2113 3320 2156 autem
3378 2103 3564 2154 decem

1991 2192 2249 2257 tribuum,
2299 2192 2348 2244 id
2378 2202 2458 2244 est
2486 2193 2663 2260 populi
2716 2190 2994 2261 Ephraim,
3041 2201 3160 2258 post
3203 2193 3481 2261 sexaginta
3511 2199 3566 2246 et

1988 2281 2223 2346 quinque
2268 2296 2437 2335 annos
2471 2296 2593 2337 esse
2624 2283 2878 2336 cessabit.
2925 2282 3076 2348 Quod
3115 2263 3233 2336 nisi.
3253 2284 3563 2349 diligentius

1989 2367 2351 2432 attendamus,
2399 2379 2544 2423 stare
2577 2385 2681 2423 non
2730 2372 2948 2438 poterit.
2995 2372 3320 2426 Duodecimo
3369 2374 3559 2425 'enim

1989 2473 2131 2512 anno
2149 2460 2328 2513 Acliaz
2352 2462 2440 2514 lilii
2465 2460 2718 2516 .loatham
2738 2462 2790 2515 in
2815 2463 2955 2515 triliu
2975 2461 3130 2524 .Imla,
3160 2463 3398 2530 regnavit
3424 2462 3564 2516 Osee

1990 2563 2152 2616 super
2181 2549 2500 2616 Samariam,
2527 2562 2581 2606 et
2605 2567 2744 2605 nono
2768 2565 2910 2607 anno
2931 2553 3138 2620 imperii
3163 2554 3246 2606 sui
3269 2561 3452 2620 captus
3479 2564 3566 2607 est

1990 2642 2094 2714 (IV
2116 2643 2242 2713 Reg.
2278 2643 2431 2713 xvn).
2471 2644 2736 2714 Regnavit
2767 2657 2942 2698 autem
2972 2645 3152 2698 Achaz
3181 2659 3342 2712 super
3370 2643 3560 2698 Iudam

1989 2735 2143 2788 annis
2173 2735 2404 2788 sedecim
2437 2734 2543 2804 (IV
2571 2734 2696 2804 Reg.
2726 2738 2859 2804 xvi),
2887 2744 3006 2804 post
3035 2738 3186 2804 cujus
3213 2748 3436 2790 mortem
3481 2752 3566 2789 se-

1990 2828 2156 2894 ptimo
2179 2841 2318 2879 anno
2344 2827 2552 2894 imperii
2571 2827 2652 2882 sui
2675 2828 2901 2897 'captus
2926 2839 3008 2882 est
3039 2830 3198 2892 Osee,
3221 2841 3268 2882 et
3289 2830 3564 2882 destructa

1992 2918 2262 2981 Samaria,
2287 2919 2571 2987 omnisque
2605 2923 2837 2989 populus
2869 2930 2950 2975 est
2991 2921 3336 2976 transductus
3367 2923 3418 2974 in
3451 2922 3564 2974 Me-

1991 3011 2124 3076 dos;
2161 3011 2232 3063 ita
2269 3020 2326 3064 ut
2371 3010 2415 3064 si
2465 3011 2793 3066 voluerimus
2823 3015 3057 3068 sedecim
3091 3029 3262 3068 annos
3284 3015 3486 3080 Achaz,
3509 3024 3565 3069 et

1987 3112 2190 3171 septem
2235 3101 2373 3158 Osee
2415 3117 2634 3173 ponere,
2682 3104 2986 3160 efﬁciantur
3023 3106 3149 3158 anni
3199 3106 3384 3174 viginti
3431 3115 3562 3171 tres,

1986 3201 2156 3248 autut
2179 3194 2638 3265 multum,viginti
2669 3199 2690 3226 ⁸
2733 3204 2993 3265 quatuor;
3031 3206 3084 3252 et
3113 3197 3200 3252 ubi
3225 3207 3383 3251 erunt
3405 3213 3565 3252 sexa-

1987 3287 2134 3355 ginta
2187 3295 2241 3340 et
2278 3288 2516 3356 quinque
2556 3289 2706 3353 anui,
2754 3291 2804 3342 itt
2863 3289 3061 3357 quibus
3115 3305 3334 3359 regnum
3397 3291 3564 3346 Israel

1986 3377 2182 3434 dicitur
2221 3377 2552 3432 finiendum?
2593 3381 2765 3450 Igitur
2819 3378 3031 3434 Ilebrtei
3066 3379 3210 3434 hunc
3260 3382 3438 3435 loctnn
3487 3381 3564 3435 ita

1987 3469 2314 3533 edisserunt,
2347 3478 2404 3524 ut
2432 3473 2601 3525 Amos
2631 3472 2720 3539 qui
2761 3475 2860 3526 sub
2887 3471 3019 3526 Ozia
3051 3472 3190 3540 cepit
3220 3472 3561 3540 prephetare,

1989 3558 2204 3624 quando
2255 3571 2308 3614 et
2359 3559 2525 3615 Isaias
2557 3561 2853 3630 prophetia:
2883 3576 2993 3616 sua:
3029 3560 3217 3614 habuit
3254 3563 3562 3618 exordium.

1989 3651 2195 3720 primus
2243 3652 2646 3720 propltetaverit
2682 3665 2869 3708 contra
2899 3653 3084 3716 Israel,
3116 3656 3298 3708 dicens
3331 3673 3346 3710 ;
3388 3653 3563 3708 Israel

1991 3751 2162 3794 autem
2201 3743 2434 3809 captivus
2465 3743 2682 3796 ducetur
2710 3745 2775 3796 de
2817 3753 2956 3797 terra
2985 3760 3081 3797 sua
3125 3745 3302 3811 (Amas
3332 3759 3424 3808 vn,
3474 3747 3561 3806 Il,

1993 3830 2080 3900 I7)
2104 3848 2119 3896 ;
2167 3832 2354 3886 titulus
2375 3848 2587 3903 quoque
2606 3836 2898 3904 prophetia:
2921 3835 3038 3904 ejus
3060 3845 3245 3889 contra
3263 3834 3563 3891 Samariam

1992 3923 2063 3976 sit
2090 3964 2105 3988 ,
2133 3932 2185 3976 et
2206 3923 2530 3993 prephetare
2553 3929 2783 3996 coeperit
2808 3929 2859 3980 in
2885 3927 3073 3982 diebus
3101 3928 3244 3982 mite
3269 3929 3408 3998 regis
3427 3928 3562 3984 Iuda

1994 4026 2120 4069 ante
2149 4018 2284 4070 duos
2309 4032 2479 4072 annos
2513 4029 2667 4073 terrae
2695 4031 2892 4083 motus,
2926 4033 3084 4088 quem
3115 4021 3303 4075 volunt
3333 4036 3397 4076 eo
3429 4031 3566 4076 tem.

1993 4123 2122 4175 pore
2145 4109 2430 4174 accidisse,
2451 4124 2558 4179 quo
2581 4109 2856 4181 ingressus
2883 4108 3044 4165 Ozias
3068 4113 3119 4165 in
3165 4113 3418 4182 templum
3446 4113 3562 4180 Dei,

1993 4199 2096 4254 sibi
2132 4201 2493 4255 sacerdotium
2528 4202 2868 4267 vendicabat,
2896 4213 2950 4258 et
2981 4211 3123 4257 terra
3165 4219 3420 4273 percussa
3459 4215 3564 4271 est,

1995 4299 2048 4346 et
2069 4293 2276 4347 cineres
2298 4294 2482 4348 altaris
2502 4294 2654 4349 ell‘usi
2678 4307 2822 4358 sunt,
2843 4305 2898 4348 et
2924 4296 3034 4364 ipse
3058 4311 3150 4350 rex
3174 4311 3462 4365 percussus
3482 4309 3566 4354 est

325 4393 417 4429 rex
451 4380 810 4446 Assyriorum,
853 4376 953 4428 sub
994 4391 1118 4445 rege
1154 4377 1337 4430 Acltaz
1371 4376 1671 4432 ascenderit
1696 4379 1744 4432 iu
1780 4380 1880 4433 Da-
1907 4392 1962 4452 D
1988 4391 2132 4450 jepra
2157 4381 2240 4452 (II
2263 4381 2452 4439 Parat.
2476 4398 2646 4454 xxvn).
2667 4383 2865 4439 Volunt
2885 4396 3062 4440 autem
3081 4389 3464 4443 annumluisse
3482 4392 3564 4442 vi-

323 4482 589 4531 mascum,
619 4473 671 4519 et
700 4466 988 4519 vastaverit
1013 4480 1155 4531 eam,
1176 4475 1229 4519 et
1263 4467 1594 4522 transtulerit
1615 4468 1888 4525 habitato—

328 4571 414 4609 res
452 4558 568 4624 ejus
605 4556 888 4624 Cyrenem,
940 4564 994 4609 et
1034 4553 1199 4610 Rasin
1235 4556 1564 4612 interfecerit
1600 4575 1616 4625 ;
1653 4569 1707 4614 et
1746 4562 1887 4630 quod

330 4649 617 4702 tetenderit
647 4648 868 4701 insidias
894 4646 1122 4710 Phacee,
1148 4647 1257 4702 lilio
1285 4648 1556 4714 Romeliaa,
1579 4647 1718 4705 Osee
1747 4653 1886 4708 lilius

325 4735 445 4801 Ela,
469 4745 523 4790 et
551 4738 882 4806 percusserit
905 4751 1049 4802 eum,
1081 4749 1137 4790 et
1169 4738 1522 4802 interfecerit,
1547 4747 1601 4793 et
1627 4756 1886 4809 regnave-

331 4831 400 4882 rit
429 4844 526 4897 pro
560 4829 649 4881 illo
689 4831 741 4882 in
779 4827 943 4881 Israel
982 4829 1139 4881 annis
1163 4844 1352 4882 novem
1382 4848 1395 4884 :
1424 4840 1474 4884 et
1505 4833 1646 4899 quod
1683 4837 1891 4887 venerit

326 4922 672 4975 Salmanasar
716 4935 814 4974 rex
836 4924 1026 4985 Assur,
1047 4931 1101 4974 et
1129 4922 1402 4976 obsederit
1425 4922 1744 4985 Samariam,
1771 4938 1891 4992 qua:

404 5073 420 5102 '
458 5072 630 5128 Antea
685 5083 800 5128 erat
839 5074 1068 5137 eosdem,
1115 5090 1304 5144 nempe
1347 5078 1636 5131 hereticos.
1687 5077 1893 5134 Placuit

328 5157 605 5217 vero__cmn
634 5144 842 5217 duobus
882 5160 1012 5217 mss:
1045 5145 1249 5217 iisdem,
1283 5161 1470 5216 nempe
1499 5149 1713 5217 gladiis.

398 5213 419 5242 ³
457 5210 792 5276 Duodecimn,
848 5223 949 5267 etc.
979 5212 1332 5283 Quatnplures
1392 5210 1520 5270 ιῖιεδῖ
1551 5219 1770 5271 codices
1798 5235 1894 5272 an-

325 5283 609 5349 tiquissimi
659 5283 837 5350 leguut
865 5299 879 5337 :
909 5283 1314 5348 Quartodecimo
1358 5287 1496 5338 enim
1534 5302 1694 5339 anno.
1738 5287 1892 5342 Unde

323 5367 478 5404 error
503 5351 756 5405 editionis
789 5354 1115 5408 Erastniana:
1137 5369 1295 5420 quam
1320 5353 1590 5408 Mariauus
1618 5354 1892 5412 Victorius

319 5420 627 5494 castigavit.
657 5421 924 5476 Maurum.
954 5451 1021 5463 —
1058 5420 1230 5494 _Vatie.
1269 5424 1553 5492 pluresque
1596 5426 1684 5478 alii
1731 5442 1894 5494 penes

320 5491 574 5542 Martiali.
623 5506 756 5544 mss.
787 5531 801 5555 ,
836 5490 1745 5561 Quartodecimo,querucrrorcnf
1769 5495 1892 5550 Vic-

321 5561 491 5613 torius
527 5561 761 5612 sustulit.

387 5630 409 5661 ³
443 5629 720 5684 lntersertt
784 5630 1053 5685 Victorius
1082 5629 1345 5697 obsessus,
1389 5642 1435 5685 et
1473 5648 1631 5702 uano,
1671 5644 1726 5688 ιιι
1769 5651 1893 5691 eum

521 5731 790 5791 PATRUL.
833 5731 1063 5793 XXIV.

1989 4478 2251 4532 cesimum
2301 4482 2548 4548 quintmn
2597 4479 2762 4544 Ozize,
2804 4481 3024 4550 quando
3068 4479 3183 4536 haec
3227 4483 3561 4551 acciderunt,

1989 4565 2142 4633 cujus
2170 4566 2360 4635 reliqui
2395 4568 2522 4622 anni
2563 4577 2688 4622 sunt
2730 4570 2915 4638 viginti
2958 4579 3186 4639 septem.
3236 4570 3393 4627 Ozias
3421 4577 3564 4629 enitu

1991 4656 2234 4725 regnavit
2269 4672 2444 4712 annos
2469 4659 2854 4729 quinquaginta
2878 4661 3014 4716 duos
3038 4661 3124 4730 (II
3151 4662 3336 4717 Paral.
3373 4667 3522 4733 xxvn)
3547 4703 3564 4730 ,

1991 4757 2110 4814 post
2143 4763 2264 4800 eum
2286 4750 2524 4818 regnavit
2543 4749 2792 4805 Joatham
2816 4753 2954 4805 filius
2977 4754 3094 4822 ejus
3117 4753 3275 4808 annis
3308 4755 3561 4818 sedecim,

1990 4850 2042 4892 et
2070 4837 2230 4906 hujus
2261 4839 2403 4894 Illius
2421 4842 2602 4896 Achaz
2634 4843 2792 4898 annis
2816 4844 2936 4897 aliis
2957 4844 3186 4898 sedecim
3216 4853 3373 4913 ;post
3403 4857 3563 4915 quem

1996 4931 2236 5000 regnavit
2271 4931 2554 5000 Ezechias,
2596 4935 2748 5005 cujus
2782 4945 2935 4992 sexto
2970 4936 3180 5004 imperii
3218 4949 3362 4991 anno
3403 4947 3563 5008 capta

1995 5095 2166 5168 tribus
2193 5097 2351 5168 annis
2385 5095 2626 5151 obsessio
2655 5097 2956 5162 duraverit,
2988 5112 3092 5156 non
3126 5113 3232 5151 uno
3259 5098 3563 5168 eodemque

1993 5165 2248 5236 obsessus
2281 5167 2550 5220 diceretur
2585 5177 2638 5221 ct
2668 5177 2872 5236 captus.

2064 5232 2088 5263 ⁸
2141 5233 2216 5286 De
2271 5250 2371 5288 suo
2399 5237 2589 5310 iterum
2629 5232 3164 5310 \‘ictoritis_reposuit
3196 5239 3377 5308 viginti
3405 5240 3562 5310 quiu-

1993 5317 2091 5371 que
2131 5318 2197 5356 ex
2227 5318 2292 5357 eo
2321 5305 2465 5371 quod
2503 5308 2768 5376 sinovcm
2805 5307 2930 5359 anni
2962 5308 3119 5376 Osee.
3150 5305 3366 5376 quando
3409 5305 3562 5362 Scili-

1995 5381 2080 5424 cet
2115 5382 2436 5446 eaptusest,
2472 5375 2738 5428 addantur
2769 5376 2926 5429 anuis
2951 5375 3187 5431 sedecim
3217 5379 3398 5432 Achaz
3433 5380 3563 5446 (hoc

1993 5443 2140 5514 estsi
2167 5443 2566 5514 consideremus
2591 5458 2692 5496 non
2720 5446 2934 5510 quando
2955 5447 3230 5513 obsessus,
3261 5450 3353 5501 sed
3383 5443 3562 5514 quan-

1996 5511 2064 5632 tllo
2091 5520 2281 5578 captus
2301 5513 2407 5592 luit
2437 5513 2618 5581 Osee),
2653 5517 2963 5570 necessario
2995 5517 3182 5586 viginti
3209 5511 3445 5586 quinque
3465 5531 3563 5572 ex-

1997 5594 2012 5631 I
2056 5591 2147 5632 υηι
2187 5595 2336 5632 alllll.

1997 5586 2147 5633 ibunt
2187 5586 2336 5636 anui.

3132 5751 3165 5810 4
