3980 6200
466 307 568 369 εἰοἹ

1653 314 1711 377 S.
1759 315 2076 376 EUSEBH
2117 314 2562 376 HIERONYMI

3632 319 3737 381 108

454 425 707 480 Samaria
736 432 841 493 est,
873 434 1033 495 atque
1071 425 1146 479 ita
1176 425 1315 481 'eliici
1364 427 1525 483 simul
1556 445 1727 484 annos
1759 430 2040 498 sexaginta
2074 437 2117 493 Α
2149 446 2265 485 rum
2302 445 2487 484 errore
2525 429 2794 494 retiueris,
2821 429 2915 486 sed
2942 447 2968 484 a
2998 429 3224 487 Domino
3254 433 3364 488 Deo
3395 445 3485 487 tuo
3513 434 3604 504 qtti
3636 437 3737 491 tibi

457 525 697 589 quinque
719 518 768 588 (ι
786 516 825 571 ν
842 518 974 587 Reg.
1001 520 1301 589 xt‘t-xvttt).
1329 518 1451 575 Ha-c
1472 536 1572 590 per
1596 523 1911 591 prophetam
1943 523 2049 576 Do-

463 613 610 664 tnino
633 610 978 679 praedicente,
997 617 1051 662 et
1070 611 1250 664 Acltaz
1276 619 1328 663 et
1352 612 1579 679 populus
1599 613 1777 665 l'ulura
1797 628 1901 665 non
1926 628 2047 665 cre-

453 696 788 754 4lidit.Unde
803 698 1149 768 subjungitur
1174 696 1269 753 :Si
1296 714 1397 751 non
1426 699 1778 765 credideritis,
1803 716 1906 753 non
1923 716 2046 768 per-

457 795 756 861 manebitis,
778 794 1218 866 utSymmacbus
1247 797 1547 861 transtulit,
1570 797 1620 850 id
1670 807 1773 862 est,
1806 795 1962 866 105
1992 805 2048 852 et

464 904 559 942 res
596 903 700 940 neu
724 887 1117 955 permanebitis
1148 887 1203 941 in
1237 902 1404 958 regno
1434 900 1639 950 vestro,
1659 889 1750 941 sed
1785 891 1838 942 itt
1866 888 2040 956 capti-

465 984 686 1034 vitatem
707 978 999 1042 ducemini,
1021 978 1355 1033 sustinentes
1374 994 1563 1034 eorum
1585 993 1795 1049 poenas,
1809 994 2038 1049 quorum

462 1071 658 1126 imitati
711 1073 844 1126 estis
888 1071 1287 1128 inﬁdelitatem.
1345 1070 1438 1127 Vel
1462 1058 1641 1141 certe,
1687 1072 1841 1143 juxta
1879 1069 2042 1137 LXX,

461 1180 568 1218 non
600 1164 932 1234 intelligetis.
964 1165 1029 1219 Et
1062 1175 1145 1218 est
1190 1180 1385 1220 sensus
1425 1176 1441 1218 :
1471 1165 1596 1235 quia
1635 1180 1752 1234 quis
1786 1164 2046 1219 Dominus

465 1257 593 1311 dicit
630 1256 830 1320 futura,
872 1270 977 1308 non
1011 1257 1267 1318 creditis,"
1298 1256 1707 1322 intelligentiam
1744 1273 1847 1312 non
1879 1257 2047 1312 habe-

466 1348 615 1401 bitis.
671 1347 796 1401 llaec
842 1347 994 1414 juxta
1045 1347 1331 1401 historiam
1398 1347 1719 1403 dixerimus.
1772 1348 2041 1403 Caeterum

462 1441 612 1509 juxta
689 1450 918 1507 coeptam
992 1440 1343 1509 tropologiam
1385 1440 1839 1495 consileraudum
1937 1447 2044 1504 est.

467 1533 611 1603 quod
684 1532 853 1601 impio
941 1532 1051 1601 regi
1140 1531 1307 1585 Isaias
1382 1529 1640 1598 jubeatnr
1707 1545 2042 1595 occurrere,

470 1626 656 1678 exiens
682 1625 747 1678 tle
774 1624 889 1678 loco
917 1639 1036 1685 suo,
1072 1637 1176 1676 non
1209 1622 1261 1675 in
1310 1623 1579 1692 principio
1623 1637 1777 1692 aquae
1826 1624 2043 1687 ductus,

471 1716 563 1767 sed
599 1715 651 1767 in
680 1713 939 1767 extremis
972 1714 1168 1766 ﬁnibus
1199 1702 1419 1782 piscinae
1442 1713 1759 1782 superioris,
1789 1730 1910 1782 quae
1931 1722 2050 1768 erat

2160 522 2416 575 auxilium
2443 521 2745 591 pollicetur,
2773 532 2827 577 et
2858 524 3029 592 ipsmn
3088 525 3303 594 signum
3361 529 3598 593 optionis
3635 539 3743 582 tuae

2156 623 2242 666 est
2271 614 2412 666 unde
2430 613 2690 680 postules,
2723 615 2837 668 sive
2852 616 2918 668 de
2944 615 3234 685 profundo.
3263 617 3375 670 sive
3405 618 3473 671 de
3498 620 3741 674 excelso.

2158 706 2312 770 Quod
2344 719 2470 759 cum
2516 704 2615 759 soli
2647 704 3001 776 Septuaginta
3057 707 3317 773 dixerint,
3347 708 3528 763 caueri
3578 709 3741 779 juxta

2161 795 2486 850 llebraicum
2521 796 2923 865 signiﬁcantius
2966 799 3377 862 transtulerunt,
3397 802 3460 854 de
3477 803 3741 873 profundo

2158 883 2372 954 inferni.
2404 887 2545 956 Ergo
2567 891 2706 942 sicut
2754 887 3080 956 profundum
3115 890 3380 944 infernum
3407 891 3678 962 signiﬁcat
3721 910 3738 959 ;

2161 975 2232 1028 ita
2261 978 2537 1030 excelsum
2564 991 2729 1046 supra
2764 977 2934 1033 caelos
2964 978 3267 1049 intelligere
3316 981 3578 1038 debemus
3607 999 3623 1037 :
3683 995 3745 1037 ut

2161 1081 2282 1120 cum
2317 1069 2383 1120 de
2416 1066 2629 1121 inferno
2657 1068 2772 1122 sive
2803 1069 2870 1122 de
2908 1068 3121 1124 excelso
3173 1070 3382 1142 signum
3438 1074 3742 1144 acceperis,

2158 1159 2349 1211 credas
2380 1157 2554 1211 futura
2618 1172 2737 1228 quae
2772 1158 2900 1213 dixi.
2935 1158 3053 1228 Vis,
3106 1162 3299 1232 inquit,
3352 1178 3409 1218 ut
3460 1168 3748 1222 scindatur

2160 1260 2326 1316 terra,
2361 1256 2416 1303 et
2440 1251 2628 1320 grandi
2656 1250 2806 1304 hiatu
2831 1249 2990 1305 inferi
3040 1264 3281 1322 pateant,
3315 1257 3406 1327 qui
3446 1257 3519 1322 in
3577 1260 3749 1314 corde

2154 1347 2316 1395 terra:
2340 1356 2465 1396 esse
2495 1342 2748 1395 dicuntur
2776 1358 2791 1397 :
2851 1358 2918 1397 an
2940 1354 2996 1397 ut
3030 1348 3343 1415 aperiantur
3376 1348 3543 1404 cmli?
3586 1349 3745 1416 Quod

2160 1440 2449 1499 utrumque
2476 1431 2541 1485 ad
2571 1439 2754 1502 typum
2791 1435 3024 1501 pertinet
3079 1437 3271 1491 mortis
3316 1437 3529 1493 Domini
3554 1448 3611 1495 et
3651 1456 3745 1496 as-

2157 1526 2429 1577 censionis
2459 1538 2473 1576 :
2513 1524 2619 1588 Qui
2642 1524 2779 1576 enim
2797 1525 3080 1591 descendit,
3110 1528 3219 1594 ipse
3268 1540 3348 1583 est
3377 1532 3468 1599 qui
3495 1542 3543 1584 et
3563 1549 3748 1587 ascen-

2157 1615 2236 1669 dit
2283 1613 2505 1686 (Ep/tes.
2535 1631 2608 1681 tv,
2647 1616 2754 1686 10).
2806 1616 2872 1672 Et
2922 1602 3274 1688 inApostolo
3319 1622 3597 1692 legimus:
3659 1622 3746 1680 Ne

2160 1708 2358 1762 dixeris
2394 1710 2449 1762 in
2477 1710 2634 1762 corde
2655 1720 2765 1775 tuo,
2801 1711 2932 1775 Quis
2957 1713 3188 1765 ascendit
3226 1714 3247 1744 ⁸
3281 1714 3333 1767 in
3373 1715 3564 1770 cretum
3595 1716 3622 1770 .9
3649 1717 3749 1771 hoc

471 1809 525 1860 in
551 1821 682 1875 agro
712 1806 976 1874 Fullonis,
1001 1807 1088 1861 ubi
1120 1812 1310 1863 sordes
1332 1813 1387 1861 et
1417 1807 1638 1861 maculas
1664 1806 2054 1876 purgabantur.
2085 1801 2131 1864 Β
2161 1811 2234 1853 εει
2292 1798 2557 1854 ολινὲειαηι
2578 1801 2849 1868 deducere,
2882 1812 2996 1869 αυτ,
3033 1801 3164 1869 Qui:
3195 1804 3455 1861 descendit
3485 1808 3539 1861 in
3584 1809 3747 1879 abys-

469 1900 725 1967 Qnamvis
765 1898 911 1952 enim
938 1899 1120 1953 Achaz
1146 1908 1399 1970 regnaret
1419 1910 1580 1969 super
1608 1897 1823 1965 Judam,
1872 1909 2053 1952 tamen

470 1993 598 2063 quia
643 1990 841 2061 impius
887 2000 1026 2057 erat,
1059 1991 1112 2044 in
1162 1993 1468 2061 superioris
1525 1991 1750 2062 piscina:
1789 1989 2056 2045 extremis

474 2083 674 2139 ﬁnibus
709 2084 1040 2151 morabatur.
1082 2083 1220 2153 Ergo
1265 2081 1405 2139 Deus
1434 2098 1542 2138 non
1576 2094 1681 2137 tam
1719 2084 1860 2154 regis
1894 2083 2056 2139 misc-

473 2187 642 2242 retur,
688 2192 849 2245 quem
880 2175 1159 2246 indignum
1196 2177 1504 2232 aestimabat
1538 2178 1737 2243 salute,
1771 2190 1932 2247 quam
1961 2189 2056 2247 po-

472 2268 582 2338 puli
615 2268 722 2323 sui.
758 2268 900 2322 Duas
934 2279 1114 2322 autem
1146 2266 1349 2324 caudas
1384 2268 1610 2323 torrium
1646 2267 2051 2336 lumigantium,

472 2368 531 2413 ut
560 2362 710 2428 prius
738 2358 999 2423 diximus,
1034 2368 1193 2414 vocat
1238 2359 1564 2429 sapientiam
1602 2357 1915 2413 saecularem
1948 2357 2058 2412 hae—

476 2451 810 2518 reticumque
831 2463 1161 2517 sermonem,
1182 2464 1409 2515 quorum
1436 2449 1559 2505 ﬁnis
1580 2450 1796 2504 exustio
1820 2459 1923 2504 est.
1949 2446 2056 2516 Qui

475 2540 677 2595 frustra
724 2539 963 2593 inierunt
1002 2528 1314 2604 consilium,
1358 2548 1417 2593 ut
1467 2538 1833 2594 ascendereut
1864 2548 2055 2594 contra

471 2631 690 2697 ludam,
718 2637 779 2685 et
823 2630 983 2701 quasi
1017 2631 1376 2700 negligentem
1406 2641 1460 2687 et
1497 2630 1856 2687 dormientem
1893 2645 2056 2700 cape-

475 2736 615 2797 rent,
655 2736 710 2785 et
750 2727 866 2783 suis
938 2725 1220 2782 erroribus
1270 2723 1613 2794 copularent,
1680 2733 2058 2794 ponerentque

473 2835 635 2890 super
691 2833 817 2874 eum
886 2833 1067 2889 regem
1114 2816 1282 2872 ﬁlium
1322 2814 1545 2883 Tabeel,
1571 2818 1676 2871 hoc
1718 2823 1824 2881 est,
1867 2813 2058 2868 bonum

478 2911 666 2965 Deum.
716 2912 953 2981 Uterque
1012 2909 1157 2989 enim
1209 2910 1553 2966 adversarius
1604 2908 1744 2978 apud
1798 2922 1858 2962 se
1916 2906 2059 2960 veri-

477 3017 666 3072 talem,
736 3007 876 3077 apud
938 3019 997 3059 se
1052 3005 1286 3058 aestimat
1364 3002 1624 3072 optimam
1680 3015 1802 3057 esse
1857 3000 2057 3055 doctri-

480 3115 627 3153 nam.
666 3098 907 3167 Denique
936 3095 1177 3152 Marcion
1214 3096 1523 3160 haereticus,
1556 3095 1680 3149 botti
1725 3093 1818 3148 Dei
1862 3093 2049 3156 lilium,

476 3182 581 3248 hoc
602 3200 705 3256 est,
737 3190 988 3256 alterius,
1015 3199 1169 3259 putat
1196 3202 1318 3243 esse
1343 3187 1642 3250 Christum,
1666 3196 1721 3242 et
1752 3201 1856 3241 non
1882 3184 2043 3254 justi,

480 3285 639 3354 cujus
673 3282 975 3354 prophetiae
1007 3290 1169 3346 sunt;
1206 3294 1365 3349 quem
1396 3278 1823 3361 sanguinariam,
1856 3275 2054 3333 erude-

476 3383 581 3436 lem
603 3388 655 3434 et
691 3377 928 3447 judicent
952 3382 1128 3430 vocat.
1157 3372 1283 3428 Haec
1308 3373 1415 3429 illis
1437 3373 1763 3437 dicentibus,
1788 3369 2050 3427 Dominus

475 3470 858 3532 comminatur,
882 3465 1029 3535 quod
1064 3478 1171 3519 non
1199 3473 1303 3520 stet
1334 3463 1627 3520 consilium
1657 3463 1921 3532 ipsorum,
1953 3461 2048 3515 sed

468 3562 696 3618 interim
732 3573 876 3614 nunc
901 3556 1139 3627 quandiu
1181 3557 1418 3610 mundus
1447 3556 1549 3609 iste
1584 3562 1711 3619 stat,
1742 3561 1797 3608 et
1837 3568 1899 3608 ea
1929 3568 2048 3620 qua:

475 3653 659 3711 tttttttdi
692 3660 819 3707 sunt
852 3650 906 3705 itt
940 3649 1057 3704 suis
1095 3647 1318 3710 ﬁnibus,
1347 3657 1402 3701 et
1450 3646 1505 3700 in
1540 3645 1656 3700 suis
1704 3644 1928 3699 urbibus
1958 3644 2053 3698 doo

474 3750 771 3802 minentur.
799 3743 937 3800 Cum
970 3732 1152 3798 autem
1183 3740 1674 3797 consummationis
1708 3749 1927 3810 tempus
1956 3738 2053 3791 ad-

474 3835 702 3896 venerit,
732 3833 837 3887 huc
904 3840 1011 3898 est,
1049 3829 1330 3898 sesaginta
1372 3830 1610 3899 quinque
1653 3829 1802 3895 anui,
1843 3839 1899 3884 et
1942 3837 2049 3882 tam

473 3926 657 3980 mutuli
681 3940 765 3979 res
787 3938 908 3993 quae
928 3923 982 3976 in
1007 3936 1103 3977 sex
1130 3922 1322 3977 diebus
1348 3919 1508 3976 facta
1532 3929 1660 3974 sunt
1681 3920 1721 3985 ⁸,
1745 3934 1908 3989 quam
1936 3933 2052 3973 om-

473 4020 561 4072 nia
585 4032 706 4087 quae
741 4018 806 4070 ad
839 4015 1080 4086 quinque
1108 4027 1306 4069 sensus
1343 4013 1641 4082 pertinent,
1678 4010 1841 4065 ﬁnem
1892 4022 2057 4064 acce-

470 4110 673 4178 perint,
705 4116 831 4163 tunc
876 4108 1130 4162 universa
1173 4119 1297 4162 esse
1347 4104 1629 4168 solvenda,
1660 4116 1779 4173 quae
1824 4099 2052 4171 gentiles

467 4212 523 4258 et
552 4200 793 4256 hmretici
818 4199 996 4255 futura
1028 4214 1135 4254 non
1157 4196 1408 4259 credunt,
1432 4203 1489 4251 et
1521 4204 1740 4265 propter
1763 4190 2054 4247 inﬁdelita-

469 4301 579 4349 tem
607 4307 713 4347 non
745 4289 1051 4359 intelligunt
1085 4303 1207 4359 qua:
1239 4288 1512 4343 dicuntur.

541 4383 946 4458 (Vers.lO,ll.)
978 4401 996 4434 ι
1021 4380 1087 4435 Et
1104 4381 1305 4453 adjecit
1326 4379 1586 4436 Dominus
1606 4378 1754 4450 loqui
1783 4376 1851 4434 ad
1872 4377 2052 4433 Achaz

2122 1942 2123 1945 η
2158 1892 2319 1945 sum?
2375 1892 2470 1946 hoc
2493 1901 2572 1947 est
2599 1892 2867 1947 Christum
2903 1898 2965 1948 de
3008 1896 3232 1951 mortuis
3288 1900 3535 1955 reducere
3560 1899 3743 1971 (Rom.

2159 2000 2217 2049 x,
2247 1986 2306 2052 6,
2334 1985 2411 2056 7).
2444 1984 2507 2040 Et
2539 1985 2591 2040 in
2621 1987 2727 2041 alio
2760 1989 2877 2043 loco
2903 1991 2967 2044 de
2991 1988 3208 2044 Christo
3250 1990 3563 2060 disputans,
3617 1994 3697 2048 ait
3726 2014 3741 2051 :

2157 2073 2286 2140 Qua.-
2315 2078 2381 2128 st't
2415 2074 2663 2140 latitudo,
2697 2085 2746 2132 et
2774 2076 3067 2142 lonqitudo,
3098 2089 3147 2133 et
3181 2080 3464 2145 excelsum,
3518 2090 3568 2136 et
3609 2099 3743 2153 pra-

2158 2168 2381 2236 {undum
2410 2167 2841 2236 superentinentis
2870 2167 3102 2222 scientia:
3135 2180 3185 2224 et
3214 2170 3509 2226 dilectionis
3546 2171 3745 2228 Christi

2157 2258 2371 2330 (Ephes.
2392 2274 2475 2326 tn,
2498 2257 2703 2327 18,19).
2728 2258 2836 2313 lloc
2858 2269 3116 2328 quantum
3135 2262 3201 2314 ad
3230 2274 3488 2334 mystcos
3511 2266 3748 2334 pertinet

2158 2350 2483 2406 intellectus.
2520 2350 2788 2405 Cmterum
2820 2361 2874 2406 et
2902 2350 3075 2407 Muses
3106 2357 3316 2424 accepit
3346 2357 3499 2426 signa
3532 2358 3599 2414 de
3623 2366 3745 2415 ter-

2158 2458 2237 2508 ra,
2277 2445 2340 2496 de
2391 2444 2588 2512 quibus
2632 2443 2684 2497 iit
2734 2441 2964 2497 Psalmis
3007 2443 3279 2513 legimus:
3325 2445 3472 2500 Misit
3520 2449 3672 2520 signa
3694 2459 3747 2504 et

2157 2536 2402 2607 prodigia
2437 2537 2492 2589 in
2526 2534 2695 2590 medio
2717 2537 2812 2600 tui,
2841 2533 3070 2606 A'Igypte
3117 2536 3233 2606 (Ps.
3287 2553 3506 2608 cxxxtv,
3539 2540 3617 2612 9),
3654 2556 3749 2596 ra-

2160 2642 2278 2690 nas,
2306 2627 2561 2693 locustae,
2596 2628 2863 2698 eiuiphes,
2895 2638 2949 2683 et
2977 2629 3335 2697 cmnmnyiatn
3361 2630 3466 2698 ;de
3483 2632 3623 2687 caelo
3643 2647 3747 2688 au-
3808 2633 3811 2635 “

2164 2729 2266 2772 tem
2299 2718 2614 2788 grandinem
2647 2726 2701 2773 et
2730 2719 2908 2787 ignem
2929 2731 2984 2775 et
3018 2718 3179 2774 trium
3205 2721 3415 2776 dierum
3467 2724 3745 2779 tenebras.

2163 2807 2274 2878 Ego
2302 2824 2424 2864 reor
2451 2802 2507 2864 et
2534 2809 2843 2877 Ezechiam,
2877 2812 3092 2881 quando
3125 2813 3204 2867 sol
3230 2814 3411 2869 decem
3461 2831 3747 2884 regressus

2160 2912 2244 2957 est
2273 2902 2452 2967 lineis,
2484 2903 2697 2971 signum
2732 2903 3013 2972 accepisse
3048 2905 3114 2961 de
3140 2905 3278 2962 cmlo
3309 2904 3417 2977 (IV
3447 2906 3575 2979 Reg.
3600 2911 3692 2983 xx)
3723 2927 3744 2966 :

2160 2998 2214 3048 et
2243 2992 2426 3048 Jesutn
2455 2993 2623 3048 ﬁlium
2654 2993 2803 3049 Nave
2828 2997 2882 3051 in
2908 2994 3130 3052 Gabaon
3158 3009 3213 3053 et
3240 2998 3490 3069 llaialon,
3548 3013 3747 3059 stanti-

2163 3086 2263 3141 bus
2293 3085 2406 3141 sole
2437 3095 2493 3140 et
2520 3085 2647 3142 luna
2675 3085 2859 3158 (Iosue
2886 3089 2963 3159 x).
3023 3088 3279 3161 Plerique
3327 3105 3543 3164 putant,
3599 3098 3746 3151 Sau-

2158 3178 2262 3234 lem
2287 3182 2502 3250 signum
2532 3181 2809 3250 accepisse
2839 3184 2905 3237 de
2932 3191 3100 3250 terra,
3154 3193 3209 3241 et
3249 3187 3317 3241 de
3361 3188 3627 3264 profundo
3661 3191 3750 3245 in-

2158 3269 2320 3339 ferni,
2355 3272 2572 3341 quando
2600 3270 2905 3329 Santueleut
2937 3289 3035 3344 per
3062 3275 3459 3336 incantationes
3484 3291 3542 3337 et
3593 3293 3746 3340 artes

2159 3363 2399 3433 magicas
2420 3364 2568 3420 visus
2591 3376 2673 3420 est
2698 3367 2991 3423 suscitasse
3025 3366 3080 3434 (1
3111 3368 3238 3441 Reg.
3261 3358 3494 3443 1ὶινιιι).
3531 3372 3638 3430 Sed
3686 3385 3749 3432 et

2154 3453 2321 3510 Jonas
2343 3457 2605 3527 propheta
2631 3457 2700 3514 de
2725 3460 2947 3530 abysso,
2979 3471 3033 3517 et
3056 3465 3120 3517 de
3145 3464 3417 3535 profundo
3461 3482 3523 3522 ac
3553 3469 3748 3526 mortis

2158 3546 2406 3602 faucibus
2435 3546 2716 3614 liberatus,
2745 3549 2961 3620 signum
3007 3550 3155 3607 dedit
3185 3562 3240 3607 et
3283 3560 3492 3625 accepit
3542 3557 3744 3614 inferni

2158 3638 2336 3712 (lanae
2366 3640 2453 3712 tt).
2484 3639 2614 3712 Legi
2645 3641 2699 3696 itt
2755 3643 3041 3713 cujusdam
3102 3645 3259 3716 107
3318 3648 3744 3706 Commentariis

2154 3731 2302 3788 hunc
2323 3733 2498 3788 locum
2516 3746 2612 3803 per
2627 3733 2940 3804 allegoriam
2962 3744 3401 3804 extenuatum,ut
3419 3743 3747 3811 profundunt

2148 3818 2219 3880 et
2244 3825 2523 3880 excelsum
2557 3825 2792 3897 αἰσθητὰ
2822 3835 2878 3883 et
2907 3829 3077 3900 νοητὰ
3102 3830 3450 3900 intelligeret,
3490 3848 3613 3902 qua:
3643 3849 3745 3891 nos

2159 3931 2450 3986 possumus
2481 3916 2748 3972 sensibilia
2782 3918 3003 3985 dicere,
3026 3928 3081 3974 et
3103 3921 3479 3993 intelligibilia,
3504 3939 3743 3995 quorum

2154 4010 2385 4061 alterum
2421 4009 2653 4064 refertur
2677 4010 2745 4065 ad
2773 4023 2989 4078 sensus,
3020 4012 3251 4068 alterunt
3281 4014 3347 4070 ad
3404 4026 3641 4071 mentem
3692 4027 3748 4072 et

2159 4104 2452 4158 rationem.
2490 4102 2761 4169 Virginem
2788 4118 3013 4175 quoque
3048 4106 3436 4177 interpretatur
3479 4108 3744 4174 animam,

2156 4208 2278 4264 qua:
2309 4194 2453 4249 nulla
2487 4196 2695 4265 peccati
2725 4207 2983 4266 corrupta
3013 4207 3101 4252 est
3129 4201 3494 4266 conscientia,
3547 4211 3604 4256 et
3647 4218 3747 4272 po-

2156 4296 2265 4341 test
2297 4289 2362 4343 de
2391 4303 2452 4343 se
2477 4287 2818 4356 Emmanuel,
2851 4289 3122 4345 uobiscum
3152 4290 3339 4358 Deum,
3366 4291 3417 4347 id
3441 4302 3550 4360 est,
3600 4307 3748 4363 prae-

2157 4389 2367 4435 sentem
2425 4380 2524 4436 Dei
2564 4395 2829 4450 generare
2876 4396 3207 4438 sermonem.
3268 4381 3377 4437 Sed
3426 4398 3527 4439 nos
3569 4385 3746 4439 elixas

470 4479 656 4532 dicens
691 4491 707 4530 :
744 4474 874 4530 Pete
901 4474 996 4529 tibi
1027 4473 1239 4543 signum
1272 4484 1303 4527 a
1327 4470 1560 4526 Domino
1590 4469 1698 4524 Deo
1724 4477 1817 4524 tuo
1844 4466 1899 4522 in
1923 4481 2049 4539 pro-
2074 4478 2128 4540 ι)
2154 4471 2281 4543 agni
2339 4487 2534 4528 carnes
2578 4487 2685 4529 non
2735 4475 3069 4530 comedimus
3124 4474 3322 4546 (Exod.
3375 4476 3499 4547 xu),
3546 4491 3741 4533 verum

470 4564 949 4631 lunduminlerni,
985 4558 1099 4619 sive
1125 4565 1178 4618 in
1203 4562 1479 4619 excelsum
1504 4575 1690 4632 supra.
1722 4579 1742 4612 ι
1778 4559 1880 4627 Qui
1899 4558 2047 4630 prius

470 4675 569 4732 per
602 4658 921 4730 prophetam
950 4657 1161 4712 locutus
1196 4655 1356 4727 106
1373 4655 1553 4710 luerat
1574 4653 1641 4709 ad
1662 4652 1878 4708 Acba‘z:
1925 4651 2050 4706 Vide

468 4762 525 4807 ut
560 4751 739 4817 sileas,
774 4749 882 4803 noli
907 4749 1111 4815 timere,
1143 4757 1199 4804 et
1226 4758 1460 4804 caetera:
1491 4746 1585 4802 illo
1620 4760 1728 4800 non
1760 4743 2041 4808 credente,

468 4857 523 4899 et
558 4846 677 4900 ideo
706 4858 814 4898 non
859 4844 1212 4914 intelligente,
1248 4845 1365 4911 ipse
1414 4839 1657 4911 loquitur
1704 4838 1770 4893 ad
1824 4839 2047 4892 Acbaz:

472 4940 745 4993 utsaltem
784 4937 1108 4991 auctoritate
1139 4930 1356 4989 Domini
1383 4943 1605 4989 territus
1651 4929 1911 5001 suscipiat
1930 4943 2050 5001 quae

470 5034 741 5087 dicuntur.
768 5028 903 5097 Quia
958 5028 1075 5094 tibi,
1128 5027 1325 5097 inquit,
1372 5025 1587 5080 videtur
1638 5037 1761 5080 esse
1808 5022 2047 5088 diﬁicile,

470 5126 613 5196 quod
665 5138 829 5193 regna
877 5121 1257 5194 potentissima
1312 5119 1461 5175 brevi
1498 5127 1756 5200 tempore
1809 5115 2044 5172 ﬁnienda

470 5225 617 5283 sunt,
643 5227 700 5271 et
728 5224 784 5271 tu
814 5230 937 5271 cum
966 5213 1164 5285 popqu
1197 5222 1287 5268 tuo
1321 5211 1390 5268 de
1421 5224 1614 5281 magno
1644 5207 1887 5279 periculo
1915 5207 2050 5263 libe-

473 5310 610 5364 reris
638 5324 654 5376 ;
685 5317 810 5379 pete
842 5308 937 5362 tibi
969 5307 1204 5378 signum,
1232 5316 1574 5375 nequaquam
1594 5302 1665 5357 ab
1697 5301 1879 5368 idolis,
1910 5311 2045 5366 quo-

544 5446 560 5476 ³
590 5443 772 5499 Malim
807 5457 872 5497 ex
896 5440 1067 5496 Vatic.
1100 5480 1117 5507 ,
1139 5456 1257 5512 quae
1280 5440 1335 5494 in
1374 5453 1469 5496 sex
1497 5436 1638 5493 mille
1685 5436 1839 5490 annis
1901 5436 2044 5512 facta

471 5526 638 5583 sunt;
672 5514 882 5569 \itlelul'
910 5515 1053 5565 enim
1083 5508 1162 5566 de'
1189 5514 1295 5565 line
1332 5526 1552 5583 rerum,
1609 5523 1736 5583 quas
1763 5521 1793 5560 a
1848 5508 2048 5583 mundo

473 5573 710 5649 condito,
731 5586 797 5639 ad
830 5585 882 5637 id
921 5596 1090 5652 usque
1114 5582 1372 5652 temporis
1397 5583 1551 5636 facta:
1567 5573 1692 5633 sunt
1716 5577 1875 5647 juxta
1900 5573 2046 5633 Grat-

471 5673 662 5712 corum
700 5654 936 5709 calculos
961 5653 1119 5721 vulgo
1158 5659 1430 5721 acceptos,
1462 5652 1753 5721 disserere.

544 5729 566 5759 ²
603 5724 764 5780 Juxta
792 5718 1077 5779 Graecunt'
1106 5718 1440 5791 ἁναϐήόεται
1502 5720 1595 5775 καὶ
1648 5718 2045 5789 καταϐήσεται,

477 5798 739 5867 ascendet,
775 5804 823 5851 et
854 5792 1146 5850 descendet.

2164 4577 2344 4631 assus,
2378 4573 2431 4619 et
2448 4579 2579 4634 .qua:
2603 4567 2657 4621 iu
2696 4565 2852 4622 nobis
2904 4566 3116 4636 possint
3163 4582 3353 4623 omnes
3406 4567 3742 4637 voluptatum

2163 4656 2372 4709 siccare
2403 4656 2649 4724 pituitas,
2686 4670 2753 4711 ne
2779 4665 3175 4712 sacramentum
3205 4657 3329 4713 ﬁdei
3360 4668 3576 4723 nostrai,
3606 4658 3739 4715 dum

2164 4748 2289 4818 plus
2315 4748 2553 4815 sapimus
2580 4763 2741 4818 quam
2771 4758 2981 4817 oportet
3008 4762 3229 4819 sapere,
3264 4751 3630 4822 negligemus.

2235 4926 2414 4999 (Vers.
2460 4928 2570 5000 η.)
2611 4947 2630 4981 σ
2667 4928 2735 4984 Et
2786 4928 2925 4984 dixit
2972 4929 3204 4986 Acbaz:
3252 4930 3371 4987 Non
3428 4945 3633 5003 petam,
3688 4945 3748 4989 ct

2163 5038 2272 5079 non
2304 5021 2524 5078 tentabo
2580 5020 2889 5078 Dominum.
2955 5040 2974 5075 ι
3012 5023 3152 5093 {Non
3183 5023 3205 5055 ⁸
3256 5025 3580 5083 hutnilitatis
3634 5034 3744 5094 est,

2161 5116 2258 5171 sed
2279 5115 2568 5185 superbiae,
2598 5114 2741 5183 quod
2761 5128 2871 5170 non
2902 5114 3014 5171 vult
3040 5117 3253 5187 signum
3284 5132 3315 5172 a
3348 5117 3573 5173 Domino
3619 5134 3748 5189 pos-

2166 5211 2356 5264 tulare.
2385 5209 2708 5278 Quanquam
2754 5208 2901 5266 enim
2929 5209 3188 5279 scriptum
3230 5211 3299 5265 sit
3329 5215 3378 5265 in
3412 5211 3747 5271 Deuteronor

2162 5288 2324 5358 uno:
2378 5300 2499 5356 Non
2544 5299 2768 5356 tentabis
2819 5300 3109 5357 Dominum
3150 5301 3321 5358 Deum
3370 5313 3520 5359 tuum
3560 5305 3744 5374 (Deut.

2237 5433 2259 5467 ³
2289 5435 2540 5490 Attamen
2575 5434 2897 5507 humilitatis
2933 5434 3355 5507 luisseﬂstatuit
3404 5435 3747 5507 Epiphanius

2167 5505 2221 5562 in
2250 5508 2520 5561 Ancorato
2547 5521 2563 5560 :
2595 5506 2738 5577 quod
2774 5505 2975 5577 factum
3010 5504 3238 5577 Basilius
3267 5504 3546 5577 putat,'ne
3586 5522 3751 5577 uian-

2168 5576 2377 5640 datum,
2411 5590 2513 5629 non
2536 5574 2766 5630 tentatus
2794 5575 3076 5629 Dominum
3102 5574 3447 5631 Deum'tuttnt
3494 5575 3744 5631 violaret.

2167 5647 2525 5717 Consentium
2555 5659 2684 5700 vero
2715 5643 3049 5717 Hieronymo
3081 5648 3324 5717 plerique
3370 5648 3484 5714 alii,
3522 5656 3578 5703 et
3618 5660 3748 5703 cum

2167 5717 2358 5785 primis
2393 5714 2741 5772 Hebraeorum
2775 5714 3043 5786 magism.
