3980 6200
277 228 304 240 ’
340 251 447 316 tas

1051 255 1562 319 COMMENTAR.
1604 257 1684 316 ΙΝ
1735 255 1996 314 IS.-\lA.\l
2049 256 2516 316 PROPIIE'l‘AM
2562 257 2707 320 LIB.
2751 258 2864 318 Ill.

3501 257 3604 317 lit)

331 388 409 435 vt,
438 370 547 436 rd),
573 379 626 423 et
660 369 762 424 hoc
787 379 975 424 contra
1031 367 1307 423 diabolum
1362 369 1616 423 Salvator
1665 382 1796 423 usus
1845 367 1914 421 sit
1946 373 1992 430 Α
2021 365 2223 436 (Infra,
2258 370 2435 437 ιιιιιι).
2478 369 2549 424 De
2581 387 2688 439 quo
2718 382 2770 425 et
2801 369 3010 439 Sponsa
3041 369 3263 438 rogabat
3295 368 3348 422 in
3377 368 3604 422 Cantico

333 464 645 518 testimonio
677 460 889 530 (Matth.
937 463 1060 528 tv):
1115 470 1293 514 tamen
1335 459 1523 531 jussus
1577 470 1634 515 ut
1685 470 1912 528 peteret,

333 554 644 610 ohetlientia
694 554 878 607 debuit
927 553 1150 622 esplere
1212 561 1564 620 praeceplttttt,
1617 553 1915 620 praesertim

337 663 460 699 cum
491 657 547 700 et
580 647 798 700 Gedeou
831 659 883 701 et
921 647 1110 700 Mautte
1138 648 1350 714 signum
1384 647 1638 716 petierint
1669 657 1716 698 et
1770 661 1919 698 at-cc-
1961 659 1963 662 ‘

337 738 520 807 perint
549 737 745 808 (Judic.
775 755 821 791 νι
847 749 895 792 et
953 740 1091 806 χιιι).
1137 737 1454 807 Quanquam
1508 737 1657 806 juxta
1715 736 1918 790 llehrari

341 831 616 887 Sermonis
643 831 1072 900 ambiguitatem,
1106 831 1158 882 itt
1206 846 1314 896 quo
1371 829 1628 896 scriptttttt
1682 836 1767 880 est
1823 842 1922 880 υιο

340 925 533 977 susse
571 922 586 952 ¹
615 937 802 976 aooast
829 923 962 989 (ωτι
1003 932 1084 977 nsi
1124 905 1416 982 Πωκκιπ),
1449 931 1501 973 et
1549 937 1737 972 omnes
1779 921 1925 973 simi-

346 1016 466 1068 liter
528 1014 942 1075 transtulerunt,
993 1029 1096 1065 non
1148 1013 1356 1066 tetttabo
1409 1012 1710 1072 Dominum,
1758 1011 1929 1079 possit

347 1101 472 1170 legi,
503 1117 606 1154 non
643 1101 888 1155 exaltabo
921 1100 1221 1154 Dominum.
1258 1098 1475 1153 Sciebat
1505 1099 1648 1153 enim
1687 1115 1778 1152 rex
1829 1100 1930 1151 itu-

348 1193 472 1261 pius
495 1194 638 1262 quod
674 1192 721 1246 si
763 1192 973 1262 signum
1007 1200 1235 1260 peteret.
1289 1200 1618 1258 accepturus
1676 1200 1820 1244 esset
1876 1200 1930 1244 et

349 1284 747 1354 gloriﬁcaretur
771 1283 1054 1338 Dominus.
1081 1282 1222 1352 Ergo
1250 1282 1402 1350 quasi
1434 1280 1702 1334 idolorum
1735 1280 1929 1344 cultor,

350 1376 441 1445 qui
479 1377 532 1430 in
577 1375 830 1430 omnibus
855 1374 1064 1444 angulis
1095 1374 1397 1442 platearum
1448 1382 1501 1426 et
1553 1371 1607 1426 in
1660 1371 1932 1426 montibus

353 1467 598 1534 lucisque
628 1465 937 1520 nemorosis
973 1479 1096 1517 aras
1134 1463 1521 1524 constituerat,
1553 1472 1608 1515 et
1637 1475 1735 1530 pro
1763 1460 1924 1514 Levi-

351 1559 420 1613 tis
447 1557 680 1612 habebat
710 1556 994 1621 fanaticos,
1023 1569 1129 1608 non
1163 1554 1274 1607 vult
1315 1553 1530 1621 signum
1578 1562 1762 1620 petere
1791 1555 1934 1620 quod

350 1659 677 1720 preceptum
705 1659 813 1705 est.

2021 459 2352 513 canticorum
2381 476 2398 514 :
2426 461 2703 516 Osculetur
2737 477 2816 514 me
2854 461 3034 514 osculo
3060 461 3167 514 oris
3214 459 3299 513 sui
3343 459 3524 528 (Cant.
3565 474 3605 522 ι.

2024 548 2097 615 l).
2140 549 2391 606 Dominus
2425 554 2566 606 enim
2603 556 2855 606 virtutum
2889 555 2996 620 ipse
3025 562 3103 607 cst
3147 568 3236 606 rea:
3265 551 3449 621 gloriae
3485 548 3606 618 (Ps.

2025 657 2179 706 χχιιι,
2215 643 2297 712 l0)
2327 661 2338 695 :
2379 644 2493 710 ipse
2525 645 2815 699 descendet
2849 649 2900 698 in
2931 656 3144 698 uterum
3170 643 3511 713 virginalem,
3553 650 3610 693 et.

2025 730 2354 800 ingredietur
2392 741 2448 784 et
2489 735 2795 798 egredietur
2834 733 3163 788 Orientalem
3226 743 3436 802 portam
3484 746 3605 806 qua:

2027 837 2242 889 semper
2275 833 2361 875 est
2388 823 2568 875 clausa
2612 823 2828 877 (Exerit.
2875 826 3065 892 xuv);
3115 825 3182 878 de
3227 839 3329 892 qua
3385 821 3604 876 Gabriel

2027 913 2158 966 dicit
2181 915 2244 964 ad
2282 913 2552 985 Virginem
2583 932 2598 970 :
2633 915 2864 984 Spiritus
2906 928 3120 971 sanctus
3167 917 3330 970 veniet
3360 930 3516 982 super
3541 924 3611 978 te,

2027 1015 2076 1056 et
2109 1005 2273 1058 vittas
2316 1008 2570 1060 Altissimi
2601 1007 2926 1060 obutnbrabit
2967 1009 3062 1060 tibi
3089 1023 3108 1062 :
3157 1016 3430 1077 propterea
3476 1005 3614 1073 quod

2031 1104 2273 1148 nascetur
2299 1097 2351 1149 in
2373 1106 2420 1150 te
2445 1107 2705 1164 sanctum,
2731 1099 3003 1151 vocabitur
3035 1097 3206 1152 Filius
3238 1097 3330 1150 Dei
3361 1097 3513 1162 (Luc.
3575 1113 3614 1161 ι,

2031 1186 2145 1256 35).
2179 1185 2241 1238 Et
2275 1189 2324 1239 in
2358 1187 2662 1244 Proverbiis
2702 1205 2718 1246 :
2779 1167 3050 1256 Sapientia
3073 1189 3359 1257 aediﬁcavit
3383 1189 3486 1242 sibi
3513 1189 3616 1242 do-

2035 1294 2176 1331 mum
2208 1278 2389 1350 (Prov.
2425 1296 2501 1345 tx,
2533 1279 2610 1350 l).
2660 1281 2885 1348 Quando
2933 1291 3112 1334 autem
3161 1282 3405 1334 dicitur:
3461 1278 3622 1334 Dabit

2036 1367 2295 1423 Dominus
2318 1371 2428 1439 ipse
2459 1372 2601 1426 vobis
2626 1373 2859 1442 signum,
2879 1388 3079 1427 novum
3117 1372 3275 1425 debet
3308 1388 3428 1426 esse
3457 1382 3622 1441 atque

2037 1459 2308 1516 mirabile.
2347 1460 2442 1516 Sin
2472 1473 2654 1518 autem
2689 1463 2983 1534 juvencnla
3019 1466 3099 1518 vel
3136 1465 3333 1534 puella,
3367 1476 3424 1519 ιιι
3448 1465 3620 1520 Judzei

2037 1552 2242 1619 volunt,
2284 1559 2339 1606 et
2370 1568 2475 1607 non
2511 1555 2664 1624 virgo
2694 1555 2889 1624 pariat,
2956 1555 3113 1622 quale
3157 1555 3369 1624 signum
3430 1555 3626 1624 poterit

2036 1645 2317 1713 appellari,
2345 1662 2470 1700 cum
2504 1646 2608 1702 hoc
2640 1662 2832 1702 nomen
2860 1650 3038 1702 aetatis
3063 1647 3153 1712 sit,
3193 1663 3300 1702 non
3349 1650 3627 1720 integrita-

424 1710 605 1810 (Vei's.
643 1741 754 1812 15).
789 1761 807 1794 ι
838 1741 1056 1796 Etdixit
1079 1757 1094 1797 :
1116 1737 1316 1792 Audite
1339 1752 1487 1806 ergo,
1508 1736 1700 1790 domus
1727 1734 1932 1791 David:
1968 1710 2010 1764 Β
2041 1710 2160 1791 tis?
2190 1738 2254 1792 Et
2282 1710 2492 1803 revera,
2526 1751 2583 1794 ut
2618 1756 2738 1794 cum
2767 1737 2972 1796 Jtttlmis
3022 1710 3368 1796 conicratnus
3409 1710 3622 1812 pede,

349 1832 602 1904 Nunquid
634 1850 823 1904 parum
855 1834 1005 1888 vobis
1034 1843 1120 1888 est
1149 1831 1404 1884 molestos
1435 1843 1556 1884 esse
1597 1827 1932 1890 hominibus,

351 1927 474 1997 quia
508 1925 723 1980 molesti
753 1925 886 1980 estis
914 1932 968 1979 et
998 1922 1104 1977 Deo
1133 1920 1297 1974 meo?
1335 1937 1354 1971 ι
1391 1918 1526 1985 Quis
1557 1931 1640 1973 est
1690 1917 1795 1972 iste
1840 1919 1930 1987 qui

351 2020 485 2075 dixit
517 2018 751 2072 :Audite
787 2033 931 2088 ergo,
968 2017 1153 2069 domus
1179 2013 1349 2068 David
1380 2010 1772 2080 ?Nequaquam
1796 2009 1936 2064 Deus

351 2110 442 2178 qui
471 2124 634 2175 supra
672 2107 739 2160 ad
785 2109 965 2161 Achaz
1017 2106 1281 2159 dixerat:
1341 2100 1468 2156 Pete
1522 2101 1617 2154 tibi
1666 2101 1872 2170 signum
1902 2117 1934 2153 a

355 2200 580 2255 Domino
612 2199 719 2253 Deo
744 2188 873 2262 tuo;
921 2199 1014 2252 sed
1047 2195 1329 2266 prepheta,
1365 2202 1426 2248 ut
1455 2208 1520 2246 ex
1551 2193 1936 2261 consequenti-

354 2294 455 2348 bus
479 2289 867 2360 comprobatur
899 2305 913 2342 :
939 2288 1076 2354 Quia
1101 2286 1304 2340 molesti
1326 2285 1450 2338 estis
1469 2295 1516 2338 et
1552 2283 1660 2336 Deo
1693 2297 1824 2336 meo.
1871 2279 1937 2335 Et

353 2393 644 2439 estsensus
674 2396 690 2435 :
720 2381 844 2445 quia
871 2396 974 2434 non
1013 2379 1187 2434 solum
1212 2376 1502 2447 prophetas
1524 2372 1935 2444 perscquiminl,

357 2489 623 2532 eteorum
674 2475 816 2529 dicta
869 2470 1257 2536 contemnitis;
1318 2468 1412 2523 sed
1445 2476 1500 2521 et
1554 2464 1836 2536 praesentis
1883 2474 1938 2518 et

353 2570 596 2639 iubentis
628 2567 721 2620 Dei
747 2565 1028 2619 sententia:
1055 2559 1433 2617 contradicitis
1468 2574 1485 2625 ;
1513 2558 1586 2612 ita
1616 2566 1675 2610 ut
1729 2555 1777 2610 ei
1836 2570 1936 2610 ex-

358 2662 586 2718 bibeatis
622 2659 888 2720 laborem,
920 2655 1013 2723 qui
1038 2656 1092 2708 in
1128 2653 1236 2708 alio
1263 2652 1384 2708 loco
1411 2650 1488 2704 ait
1521 2665 1536 2703 :
1571 2647 1731 2717 108
1761 2644 1934 2700 Labo-

359 2758 467 2810 ravi
505 2753 766 2808 sustinens
814 2748 954 2819 (Isa.
975 2764 1017 2812 ι,
1051 2747 1165 2813 ιι),
1211 2747 1418 2800 idcirco
1455 2741 1713 2797 Dominus
1775 2737 1940 2792 faciet

356 2858 474 2914 qua:
502 2849 828 2910 sequuntur.
859 2836 962 2891 Pro
986 2837 1162 2891 labore
1190 2843 1244 2889 et
1274 2833 1544 2898 molestia,
1573 2830 1713 2899 quod
1741 2828 1936 2896 Aquila

358 2944 413 2988 et
457 2933 821 3004 Symmachus
866 2927 1280 2993 transtulerunt,
1340 2923 1482 2980 LXX
1531 2931 1586 2977 et
1637 2920 1939 2975 Throdotio

358 3042 575 3095 agonem
608 3022 942 3094 interpretati
977 3028 1124 3086 sunt,
1152 3019 1204 3073 id
1239 3025 1343 3083 est,
1372 3017 1569 3071 lactant
1612 3023 1777 3082 atque
1828 3026 1942 3066 cer-

357 3128 553 3182 tamen,
583 3116 708 3185 quia
738 3111 1064 3170 contentiosi
1102 3125 1208 3166 non
1252 3108 1541 3180 subjiciam
1586 3105 1784 3162 collum
1840 3104 1943 3158 Do-

360 3211 490 3266 miui
524 3208 796 3270 servituti,
823 3206 918 3261 sed
958 3204 1050 3258 illo
1086 3201 1310 3256 vulnera
1343 3214 1531 3254 eorum
1576 3199 1796 3252 volente
1845 3211 1946 3251 cu-

365 3319 508 3368 rare,
542 3309 801 3371 respuant
841 3299 1152 3353 sanitatem.
1199 3293 1265 3348 Et
1288 3291 1392 3348 hoc
1441 3292 1758 3352 notandum,
1800 3287 1946 3358 quod

365 3397 546 3452 Acltaz
575 3407 700 3464 rege
731 3388 1054 3459 impiissitno
1089 3387 1303 3440 ttolente
1333 3385 1546 3454 signum
1572 3390 1779 3452 petere,
1831 3395 1948 3434 ser-

365 3503 452 3542 nto
482 3485 838 3558 prOpheticus
867 3483 931 3535 ad
964 3482 1186 3536 domum
1221 3477 1415 3541 David,
1451 3475 1556 3529 hoc
1589 3485 1692 3536 est,
1727 3475 1794 3526 ad
1843 3472 1948 3526 tri-

364 3579 486 3632 bum
513 3576 714 3645 regiam
762 3580 1132 3636 convertatur,
1183 3568 1252 3624 de
1301 3582 1409 3636 qua
1458 3580 1621 3634 supra
1675 3563 1946 3633 legimus:

363 3668 433 3722 Et
460 3669 832 3720 nuntiarerunt
866 3664 976 3718 lucc
1007 3661 1188 3715 domui
1234 3659 1428 3724 David,
1481 3657 1710 3710 dicentes
1739 3672 1753 3706 τ
1806 3653 1948 3709 Cou-

362 3769 634 3816 senserunt
670 3756 830 3828 Sgria
859 3767 906 3810 et
942 3754 1219 3826 Ephraim.

437 3851 622 3924 (Vers.
655 3852 767 3920 H).
798 3850 1092 3919 PrOpterea
1118 3845 1271 3902 dabit
1306 3843 1569 3899 Dominus
1627 3843 1744 3912 ipse
1792 3839 1948 3894 vobis

368 3948 604 4018 signum.
636 3943 774 4000 Ecce
807 3944 968 4014 Virgo
998 3941 1266 4012 concipiet
1293 3947 1350 3996 et
1399 3938 1595 4008 pariet,
1647 3946 1705 3992 et
1733 3935 1950 3990 vocabis

369 4053 566 4094 nomen
603 4037 723 4107 ejus
765 4033 1111 4090 Emmanuel.
1150 4050 1170 4084 ι
1244 4029 1596 4100 Nequaquam
1653 4026 1947 4082 multilarie

363 4134 516 4202 juxta
551 4134 856 4204 apostolum
887 4133 1137 4197 Paulum,
1177 4141 1232 4186 et
1263 4128 1448 4184 multis
1482 4126 1657 4182 modis
1697 4127 1950 4196 loquetur

372 4222 511 4277 Deus
537 4223 726 4294 (Hebr.
764 4223 846 4294 t);
889 4237 988 4277 nec
1027 4223 1182 4292 juxta
1215 4219 1380 4274 alium
1430 4218 1749 4288 prophetam
1791 4215 1949 4288 (Osee

369 4317 487 4384 xu),
531 4316 584 4368 in
642 4317 896 4370 manibus
943 4315 1328 4385 prophetarum
1375 4309 1809 4374 assimilabitur;
1853 4308 1948 4363 sed

2035 1839 2092 1883 et
2110 1843 2450 1899 nequaquam
2472 1833 2818 1888 contentiosa
2843 1831 2970 1887 fune
2995 1832 3330 1900 praebeamus
3353 1835 3432 1888 eis
3453 1837 3621 1888 risum

2039 1931 2239 1976 nostrae
2271 1921 2578 1992 imperitizn,
2611 1925 2760 1994 virgo
2807 1925 3071 1980 lltrbraice
3120 1943 3350 1980 neruum
3412 1910 3627 1996 (351113)

2037 2013 2366 2082 appellatur,
2421 2031 2541 2084 qua!
2586 2016 2639 2068 itt
2694 2019 2945 2086 prarsenti
3001 2018 3120 2072 loco
3165 2036 3271 2071 non
3323 2020 3627 2077 scribitur:

2038 2106 2131 2159 sed
2163 2121 2263 2174 pro
2295 2107 2398 2160 hoc
2434 2109 2597 2162 verbo
2634 2109 2868 2178 positum
2897 2119 2980 2163 est
3027 2127 3165 2166 aula
3213 2097 3439 2180 (πιών).
3487 2115 3629 2182 quod

2041 2208 2238 2267 praeter
2268 2199 2407 2254 LXX
2461 2215 2654 2255 omnes
2705 2202 3154 2258 adolescentulam
3213 2207 3627 2261 transtulerunt.

2037 2289 2208 2344 Porro
2237 2307 2378 2345 ΑιιιΑ
2404 2293 2544 2360 apud
2565 2308 2658 2346 eos
2685 2297 2907 2348 verbum
2932 2296 3244 2365 ambiguum
3285 2308 3366 2352 est
3391 2316 3406 2356 :
3429 2300 3633 2354 dicitur

2040 2384 2185 2437 enim
2219 2393 2274 2438 et
2307 2385 2722 2451 adolescentula,
2752 2397 2808 2442 et
2845 2390 3177 2454 abscondita,
3231 2392 3282 2445 id
3333 2403 3437 2455 est,
3488 2393 3628 2447 ἀπό-

2039 2491 2268 2542 κρυφος.
2298 2513 2313 2527 .
2342 2513 2356 2527 .
2380 2515 2394 2528 .
2424 2513 2438 2526 .
2471 2473 2624 2530 Unde
2650 2485 2703 2530 et
2727 2478 2779 2530 in
2837 2479 2994 2532 titulo
3041 2478 3242 2534 Psalnti
3285 2483 3446 2554 109
3475 2489 3629 2550 noni,

2041 2565 2129 2619 ubi
2159 2565 2212 2619 in
2250 2565 2477 2620 Hebraeo
2515 2568 2750 2636 positum
2783 2579 2866 2622 est
2893 2587 3141 2626 “auom
3193 2557 3423 2645 (1113517)
3457 2576 3503 2640 ',
3534 2592 3636 2630 ειε-

2041 2654 2140 2708 teri
2167 2657 2499 2725 lnterpretes
2530 2658 3054 2728 transtulerunt,pro
3078 2661 3455 2727 adolescentia,
3479 2668 3628 2734 quod

2042 2745 2182 2800 LXX
2217 2750 2555 2818 interpretati
2589 2759 2738 2814 sunt,
2800 2766 2895 2819 pro
2924 2752 3264 2808 absconditis.
3310 2754 3376 2809 Et
3420 2757 3472 2810 itt
3529 2757 3636 2812 Ge-

2041 2839 2156 2892 nesi
2187 2837 2438 2909 legimus,
2468 2841 2556 2895 ubi
2585 2840 2828 2896 Rebcoca
2861 2828 3227 2900 dicitur'altna
3274 2846 3430 2918 (Gen.
3455 2850 3632 2919 XXIV),

2039 2928 2288 2998 Aquilam
2341 2948 2448 2986 non
2516 2933 2984 3000 adolescentulam,
3048 2953 3150 2994 nec
3221 2940 3480 3010 puellam,
3534 2945 3635 2998 sed

2047 3021 2409 3077 absconditam
2447 3027 2809 3085 transtulisse.
2841 3030 3140 3086 Sttnatuitis
3165 3049 3386 3103 quoque
3415 3037 3634 3100 mulier.

2049 3115 2251 3168 amisso
2278 3115 2409 3178 lilio,
2443 3131 2564 3170 cum
2605 3117 2782 3174 Elisaei
2821 3119 3016 3176 fuisset
3045 3124 3271 3192 pedibtts
3319 3128 3630 3194 provoluta,

2050 3213 2104 3258 et
2135 3206 2448 3274 prohiberet
2473 3222 2590 3261 eam
2629 3209 2764 3272 Jezi,
2791 3214 2942 3266 audit
2987 3228 3016 3265 a
3065 3216 3328 3284 preplteta
3353 3234 3374 3270 ε
3417 3217 3636 3273 Dimitte

2049 3311 2187 3364 eam,
2220 3299 2343 3366 quia
2365 3301 2418 3352 in
2450 3299 2628 3354 dolore
2654 3311 2755 3366 est,
2791 3311 2839 3358 et
2873 3303 3129 3360 Dominus
3154 3309 3427 3364 abscondit
3475 3329 3506 3364 a
3553 3329 3634 3365 nte

2054 3387 2162 3458 (IV
2194 3389 2320 3459 Reg.
2363 3405 2436 3455 tv,
2476 3390 2590 3461 ‘27).
2648 3390 2756 3447 Pro
2802 3407 2867 3448 eo
2912 3397 3055 3464 quod
3088 3396 3142 3451 in
3168 3395 3362 3452 Latino
3409 3399 3632 3467 dicitur,

2051 3481 2326 3535 abscondit
2353 3498 2386 3534 a
2415 3483 2596 3556 nte,rin
2629 3482 2858 3539 Hebraeo
2895 3486 3158 3556 scriptum
3189 3497 3290 3552 est,
3311 3504 3473 3544 εειιιι
3501 3507 3638 3545 usu-

2050 3585 2210 3625 IENNI
2247 3573 2419 3638 (tam
2449 3555 2673 3642 orbari).
2710 3571 2853 3643 Ergo
2881 3555 3045 3640 alma,
3113 3591 3216 3630 non
3255 3576 3430 3630 solum
3454 3582 3633 3646 puella

2053 3665 2137 3715 vel
2169 3663 2332 3732 virgo,
2363 3667 2455 3717 sed
2489 3681 2611 3718 ettm
2642 3667 2889 3720 ἐπιτάσει
2921 3670 3068 3738 virgo
3127 3669 3441 3724 abscondita
3489 3672 3632 3725 dici-

2053 3755 2271 3810 tttr’et
2337 3767 2562 3822 secreta,
2613 3773 2734 3828 quae
2785 3774 3064 3829 nunquam
3111 3764 3347 3815 virorum
3400 3764 3639 3832 patuerit

2053 3849 2364 3918 aspectibus
2396 3853 2531 3918 ;sed
2557 3868 2749 3922 magna
2781 3866 3063 3925 parentum
3111 3858 3390 3929 diligentia
3449 3870 3637 3916 custo-

2053 3943 2162 3996 dita
2196 3943 2289 3999 sit.
2318 3942 2527 4016 Lingua
2555 3961 2777 4017 quoque
2802 3947 3027 4012 Punica,
3056 3965 3174 4019 quae
3201 3952 3266 4004 de
3281 3949 3634 4006 llebrteorum

2053 4029 2296 4088 fontibus
2331 4051 2552 4092 manare
2575 4037 2909 4106 dicitur(At.
2946 4041 3208 4110 ducitur),
3243 4043 3462 4112 proprie
3483 4043 3635 4110 virgo

2053 4123 2198 4178 alma
2231 4127 2553 4196 appellatur.
2589 4131 2654 4184 Et
2684 4140 2745 4186 ut
2794 4133 2963 4187 risum
3022 4134 3362 4203 praebeamus
3408 4135 3636 4201 .ludaeis,

2055 4228 2246 4272 nosuo
2267 4233 2483 4288 quoque
2507 4234 2760 4276 sermone
2811 4225 2978 4286 alma,
3006 4236 3196 4280 saneta
3250 4226 3470 4283 dicitur.
3507 4225 3642 4282 0m.

2055 4307 2318 4378 niumque
2347 4325 2483 4379 pene
2513 4312 2822 4383 linguarum
2855 4317 3036 4370 verbis
3063 4326 3290 4370 utuntur
3316 4316 3526 4372 Hebraei
3555 4317 3577 4350 ⁸
3620 4338 3637 4374 :

371 4410 462 4477 qui
508 4418 636 4463 ante
687 4405 1008 4476 loquebatur
1045 4420 1142 4474 per
1184 4403 1344 4469 alios,
1384 4403 1530 4458 dicet
1570 4399 1712 4470 ipse,
1743 4399 1942 4453 Adsum
1976 4393 2023 4452 D
2051 4407 2109 4452 ut
2135 4409 2220 4455 est
2249 4401 2379 4456 illttd
2407 4405 2458 4457 itt
2491 4403 2718 4460 Catttico
2763 4408 3098 4462 canticorum
3129 4407 3310 4478 (Cant.
3343 4425 3423 4476 ιιι,
3471 4409 3526 4479 9)
3575 4411 3642 4463 de

448 4594 462 4624 ²
495 4591 549 4644 ln
585 4588 922 4662 Hebrteo,_ttt
950 4587 1122 4649 vides,
1148 4583 1407 4640 articulus
1433 4594 1646 4662 quoque
1688 4590 1772 4639 ns:
1827 4579 1912 4632 eth
1937 4621 1951 4644 ,

375 4667 608 4725 additur,
648 4674 808 4726 quem
841 4655 1198 4727 Hieronymus
1229 4655 1613 4724 prastermittit.

447 4735 465 4762 ’
494 4733 552 4786 lu
619 4728 794 4782 Yatic.
833 4766 849 4786 ,
910 4725 1189 4779 Almabotlt
1223 4740 1242 4778 :
1289 4723 1471 4776 malim
1516 4735 1613 4775 ver

376 4859 576 4941 aptaris
607 4869 822 4936 ἄλμωθ,
846 4865 1210 4941 Montlaucon.
1236 4872 1393 4918 teste.
1416 4863 1582 4941 [fet-ro
1604 4863 1769 4915 etiam
1795 4859 1953 4941 ξενω-

373 4931 597 4996 machus
627 4931 972 5006 excipiendus
1017 4937 1172 5006 venit
1197 4950 1225 4987 a
1271 4932 1508 5006 caeteris“
1537 4931 1947 5006 interpretibus,

372 5028 508 5080 quos
534 5011 698 5062 tradit
724 5000 835 5080 pro
858 5005 1213 5080 adolescentia
1235 5003 1623 5080 transtulisse,
1678 5000 1946 5080 siquidem

372 5070 498 5151 τὶερὶ
521 5070 776 5151 summa,
804 5078 868 5151 de
901 5085 1086 5140 morte,
1116 5075 1186 5129 ab
1235 5073 1326 5127 illo
1374 5075 1794 5140 interpretatum
1845 5070 1945 5122 do-

369 5149 493 5205 cent
526 5149 700 5203 Graeci
725 5149 871 5201 libri.

440 5221 460 5252 ³
492 5219 554 5272 Et
580 5227 798 5272 secreta.
825 5217 902 5270 ita
927 5215 1055 5271 olim
1077 5212 1451 5269 educabantur
1471 5210 1680 5278 puellae,
1715 5218 1775 5264 ut
1796 5211 1944 5265 domi

365 5292 505 5360 apud
521 5298 722 5342 matres
733 5287 1130 5360 delitescerent,
1159 5299 1260 5360 nec
1286 5283 1568 5360 prodirent
1592 5285 1643 5335 itt
1668 5281 1941 5360 publicum

368 5351 470 5415 ttlSl
494 5361 818 5422 necessitas,
849 5359 931 5411 vel
983 5357 1162 5410 cultus
1199 5351 1389 5422 divini
1426 5355 1564 5406 ratio
1603 5351 1896 5422 postularet
1929 5369 1946 5418 ;

363 5442 771 5501 quanimorem
802 5419 1046 5482 veterum
1082 5425 1300 5494 attingit
1353 5419 1618 5477 Hesiodus
1656 5423 1747 5489 lip.
1780 5435 1817 5474 tt
1843 5419 1946 5474 Er-

399 5519 465 5553 tm
500 5500 599 5554 I38
629 5516 644 5554 :

399 5519 465 5553 tm
500 5518 520 5552 ι
629 5518 644 5554 :

362 5518 393 5571 Β
435 5518 785 5659 Ἥέδὸμων
814 5587 1031 5643 ἔντοσθε
1063 5587 1227 5658 φίλην
1257 5587 1411 5655 π³ιρ⁵ι
1468 5585 1680 5656 μητέρα
1732 5586 1942 5656 mpm"

456 5683 578 5742 Qua
601 5681 734 5730 aedes
754 5682 879 5730 intra
901 5679 1095 5727 charatn
1121 5675 1248 5736 apud
1273 5680 1481 5724 matrem
1503 5681 1693 5722 manet.

910 4720 1243 4779 Almabotlt.‘
1289 4723 1471 4776 malim
1516 4735 1649 4775 vero
1717 4720 1954 4785 Almotlt,

374 4788 910 4872 quemadmodumet
939 4795 1143 4872 Graecis
1172 4795 1367 4848 litteris
1387 4791 1561 4872 reddit
1595 4788 1770 4871 Vatic.
1796 4791 1954 4872 μοι·
2049 4788 2562 4872 τρικὸνρἶκοίῃὶιιοτ

2051 4581 2322 4653 losephus
2353 4600 2570 4655 quoque
2610 4588 2676 4641 de
2721 4586 3045 4641 Maehahmis
3091 4603 3218 4640 xrttt
3279 4587 3632 4641 fortissimam

2053 4657 2368 4723 eorumdetn
2403 4665 2633 4710 matrem
2674 4659 2746 4711 ita
2781 4660 2847 4710 ad
2879 4659 3019 4712 liltos
3047 4658 3250 4711 inducit
3283 4656 3588 4723 loquentem
3621 4674 3636 4714 :

2055 4722 2192 4796 "Ott
2231 4725 2497 4796 tyquﬁqv
2535 4727 2805 4796 παρθένος
2837 4728 2978 4796 ἁγνὴ
3001 4769 3015 4790 ,
3049 4725 3159 4778 οὐδ’
3199 4722 3478 4796 ὑπερέϐην
3525 4745 3633 4780 πα-

2649 4797 2738 4850 uia
2761 4802 2936 4868 genita
2955 4813 3070 4851 sum
3095 4798 3236 4864 virgo
3254 4805 3424 4868 casta,
3445 4866 3453 4868 Α
3475 4813 3636 4868 neque

2046 4866 2246 4919 excessi
2276 4867 2508 4932 patriam
2530 4864 2779 4924 domum;
2798 4868 2851 4921 ln
2879 4869 3031 4922 libris
3055 4868 3285 4932 denique
3322 4864 3634 4922 Machabai-

2049 4935 2132 5005 cis
2162 4938 2402 5005 virgines
2434 4936 2690 4990 dicuntur
2713 4939 3042 4992 absconditae
3061 4936 3175 4989 sive
3201 4933 3440 5005 inclusa},
3464 4940 3633 4992 κατά-

2054 5003 2309 5076 κλ-ειστόι.
2344 5005 2471 5059 Vide
2504 5007 2522 5058 l
2577 5006 2823 5062 Machab.
2860 5023 2942 5069 ιιι,
2990 5006 3077 5071 l6,
3101 5016 3156 5059 et
3186 5005 3279 5059 lib.
3316 5004 3408 5073 lll,
3439 5022 3557 5076 cap.
3592 5025 3631 5062 t.

2055 5074 2184 5127 Αἵτε
2222 5075 2606 5146 κατάκλειστος
2636 5077 2898 5146 παρθένοι
2925 5082 2981 5129 ἐν
3013 5075 3278 5145 Θαλάμοις
3307 5079 3406 5130 σὺν
3431 5074 3628 5130 τεκού-

2057 5159 2177 5207 σκις
2201 5146 2549 5216 ἐξώρμησαν.
2577 5145 2810 5201 Inclusw
2839 5147 3061 5216 virgines
3107 5147 3162 5199 iu
3213 5147 3463 5202 thalamis
3513 5165 3628 5201 cum

2053 5215 2805 5286 genetricibusproruperunt.
2833 5215 3106 5272 Manum.
3521 5269 3530 5275 .

2127 5283 2147 5315 ⁸
2180 5283 2543 5356 Omniumque,
2571 5283 2678 5342 etc.
2705 5287 2853 5342 lianc
2869 5287 3302 5343 observationem
3331 5288 3464 5344 vitio
3511 5290 3643 5342 dant.

2052 5355 2224 5411 critici
2248 5359 2636 5426 sycophantae;
2669 5364 2761 5411 sed
2787 5359 3080 5412 ostendant
3109 5359 3257 5424 prius
3276 5366 3457 5444 prum
3483 5357 3637 5426 aplti-

2056 5448 2196 5512 rion,
2231 5463 2338 5502 non
2366 5463 2491 5520 esse
2524 5449 2746 5503 verbum
2787 5449 3132 5515 Hebraicnm,
3164 5461 3217 5502 et
3243 5451 3458 5520 φορεῖον
3485 5448 3638 5505 Grat-

2050 5533 2174 5570 cum
2208 5535 2223 5584 ;
2255 5518 2501 5574 similiter
2531 5526 2628 5606 νμι
2656 5535 2812 5588 nuge,
2848 5530 3056 5580 mw):
3086 5518 3326 5584 misura,
3352 5537 3460 5574 non
3520 5533 3643 5573 esse

2053 5609 2366 5668 Latinorum
2397 5627 2563 5684 nugas
2593 5622 2994 5686 etmeusuram.
3025 5614 3293 5668 Maurus.
