3980 6200
372 258 461 328 111
1398 300 1406 309 .
1558 260 1614 320 S.
1663 259 1981 320 EUSEBII
2026 259 2471 320 [HERONYMI
3541 258 3648 353 ll?

372 381 563 434 brmco
597 376 832 448 φορεῖον,
861 376 912 428 id
942 383 1042 442 est,
1085 374 1339 443 ferculum
1371 372 1471 428 sibi
1508 374 1635 428 fecit
1664 376 1943 439 Salomon,
1974 377 2023 438 Α
2049 374 2342 442 bitrantur,
2375 377 2520 448 quod
2552 379 2665 446 ipso
2696 376 2978 446 "rt-gnante
3026 380 3098 435 sit
3148 388 3303 449 capta
3349 379 3595 436 Samaria
3624 387 3643 427 :

376 472 520 541 quod
553 479 605 525 et
633 470 685 525 in
713 467 939 524 chram
990 471 1062 524 ita
1112 470 1338 539 legimus
1362 474 1400 521 '.
1454 468 1685 524 Verbum
1733 482 1947 537 quoque
2052 466 2195 536 quod
2215 467 2438 520 omnino
2464 467 2676 537 probari
2705 474 2809 521 non
2835 477 3030 537 pateat.
3053 466 3330 540 Siquidem
3355 471 3560 537 Acbaz,
3580 473 3643 524 ti-

378 580 543 634 nugas
577 572 633 617 et
662 579 962 618 mensuram
995 561 1203 619 Hebraei
1233 563 1422 620 eodem
1459 564 1619 618 modo
1647 570 1700 616 et
1746 561 1948 615 eisdem
2054 558 2157 612 lius
2179 557 2450 625 Joatham,
2475 560 2718 628 regnavit
2745 574 2910 629 super
2931 557 3125 614 Judam
3150 570 3205 614 et
3222 560 3521 616 Jerusalem
3550 580 3651 615 an-

378 656 649 724 appellant
683 655 956 710 sensibus.
997 654 1061 709 Et
1110 664 1374 726 quantum
1404 636 1544 709 'cnm
1589 668 1708 707 mea
1768 665 1953 722 pugno
2058 648 2140 702 nis
2162 650 2393 703 sedecim
2418 666 2433 704 :
2460 651 2543 703 cui
2568 649 2904 704 successitin
2929 666 3153 719 regnum
3193 650 3336 707 ﬁlius
3361 654 3479 722 ejus
3513 652 3651 707 Eze-

381 748 662 811 memorla,
694 762 966 816 nunquam
1031 762 1115 803 me
1163 747 1403 802 arbitror
1452 746 1595 799 alma
1634 746 1685 798 in
1728 744 1955 798 muliere
2059 743 2428 805 chias,anuos
2454 751 2613 798 natus
2635 744 2825 814 viginti
2855 743 3457 814 quinque,etregoavit
3485 758 3653 811 super

380 849 543 907 nupta
574 840 784 910 legisse,
817 840 911 894 sed
934 841 984 894 in
1011 855 1073 893 ea
1104 855 1225 909 quae
1252 838 1405 909 virgo
1462 847 1546 893 est
1580 855 1595 893 :
1629 846 1685 890 ut
1710 852 1822 912 non
1864 849 1957 887 so-
2059 833 2252 888 ludam
2283 842 2339 889 et
2370 834 2667 890 Jerusalem
2691 837 2847 891 anuis
2883 836 3069 905 viginti
3128 851 3325 891 novem
3373 835 3475 905 (IV
3518 834 3647 904 Reg.

336 980 343 985 .
384 934 493 986 lum
525 933 676 1001 virgo
705 933 796 997 sit,
825 932 920 986 sed
949 933 1102 1003 virgo
1132 931 1368 1002 junioris
1393 929 1673 1003 tetatisnet
1698 931 1751 981 in
1794 925 1957 980 annis
2064 925 2300 996 XVt-sx).
2322 926 2605 992 Quomodo
2628 943 2779 996 ergo,
2806 939 2863 983 ut
2882 931 3068 983 detnus
3092 929 3270 998 primo
3299 944 3441 983 anno
3467 929 3651 982 Acha:

383 1024 781 1080 adolescentiae.
817 1023 999 1079 Potest
1020 1025 1163 1079 enim
1200 1023 1317 1078 llcri
1350 1032 1403 1076 ut
1437 1022 1588 1091 virgo
1633 1021 1704 1075 sit
1759 1018 1960 1082 vetula,
2066 1019 2207 1072 hanc
2233 1018 2301 1072 ad
2333 1032 2457 1072 eum
2495 1018 2696 1072 factam
2730 1021 3094 1089 prophetiam,
3126 1019 3195 1076 de
3233 1020 3480 1074 Ezechiae
3511 1034 3645 1072 con-

385 1117 487 1169 ista
506 1125 684 1170 autem
708 1116 860 1186 virgo
879 1117 1070 1171 eratin
1102 1116 1259 1169 annis
1287 1114 1636 1180 puellaribus.
1667 1112 1767 1168 Vel
1815 1122 1963 1166 certe
2065 1119 2222 1177 ceptu
2255 1110 2452 1165 dicitur
2481 1119 2538 1164 et
2566 1111 2867 1174 uativitate,
2917 1128 3037 1165 cum
3069 1127 3136 1167 eo
3193 1114 3349 1182 ιιι
3410 1123 3657 1180 tempore

386 1208 560 1276 virgo,
595 1222 701 1262 non
731 1207 995 1277 puellula,
1024 1217 1078 1261 et
1106 1222 1229 1277 quae
1260 1208 1437 1259 adhuc
1470 1204 1645 1259 virum
1673 1216 1834 1257 nosse
1856 1215 1962 1257 non
2065 1216 2174 1273 quo
2203 1216 2431 1271 regnare
2458 1203 2621 1270 Cthll
2657 1203 2862 1268 Achcuz,
2894 1204 3007 1273 iam
3042 1220 3235 1260 novem
3267 1205 3528 1257 Ezechias
3565 1221 3657 1257 ts-

388 1309 594 1369 passet,
644 1301 734 1353 sed
760 1298 871 1369 jam
913 1299 1132 1353 nubilis.
1167 1298 1408 1367 Denique
1432 1297 1485 1351 in
1546 1293 1966 1351 Deuterouomio
2068 1304 2150 1349 set
2170 1308 2457 1358 annorum,
2481 1295 2584 1349 nisi
2610 1294 2750 1349 forte
2772 1306 2985 1350 sextum
3011 1294 3254 1350 Ezechiae
3279 1296 3427 1365 regni
3449 1309 3655 1349 annum

390 1393 571 1458 (Deut.
607 1391 836 1456 χχιι,ἓῦ
862 1392 1027 1462 seqq.)
1075 1390 1175 1447 sub
1207 1390 1397 1459 puellm
1445 1399 1502 1444 et
1554 1386 1968 1443 adolescentium
2069 1404 2177 1460 quo
2205 1396 2289 1443 est
2337 1397 2498 1456 capta
2553 1387 2824 1453 Samaria,
2878 1388 3167 1443 infantiam
3221 1389 3342 1458 ejus
3388 1386 3658 1458 appellari

391 1487 609 1542 nomine
640 1486 790 1556 virgo
826 1483 1162 1555 intelligitur.
1196 1483 1257 1538 Si
1275 1482 1545 1544 invenerit,
1589 1479 1783 1549 inquit,
1815 1478 1967 1531 homo
2071 1482 2274 1545 dicant,
2315 1495 2419 1532 nun
2450 1478 2647 1543 aetatis,
2674 1478 2769 1533 sed
2799 1480 3033 1549 imperii.
3057 1478 3210 1545 Quod
3241 1489 3488 1534 coactum
3534 1492 3660 1533 esse

394 1581 448 1633 in
481 1592 662 1644 campo
690 1576 914 1645 puellam
950 1574 1340 1641 desponsatam,
1372 1582 1420 1627 et
1450 1573 1501 1626 vi
1530 1571 1825 1641 opprimeus
1842 1568 1971 1624 dor-

399 1668 575 1721 inierit
606 1682 725 1720 cum
753 1681 839 1730 ea,
870 1664 1196 1733 interﬁcietis
1231 1664 1397 1718 uirum
1435 1660 1625 1727 solum,
1657 1662 1747 1730 qui
1777 1675 1969 1715 concu-

389 1760 503 1812 buit
535 1774 654 1812 cum
682 1774 766 1820 ea,
789 1765 836 1810 et
865 1754 1054 1824 puet'la:
1084 1756 1216 1808 nihil
1247 1754 1447 1824 facietis
1490 1770 1509 1808 :
1561 1769 1664 1807 non
1715 1762 1789 1805 est
1838 1753 1971 1805 ado-

388 1848 690 1904 lescentulis
715 1859 985 1917 peccatum
1025 1848 1233 1900 mortis.
1270 1845 1408 1911 Quia
1448 1844 1706 1917 quomodo
1752 1844 1799 1898 si
1852 1842 1972 1912 quis

391 1946 444 1994 in
476 1943 679 1996 insidiis
709 1944 947 2010 insurgat
980 1950 1162 1994 contra
1214 1941 1374 2010 ιιο
1410 1939 1707 2008 proximum
1728 1951 1902 2001 suum,
1921 1943 1971 1989 et

391 2035 671 2104 interﬁciat
705 2034 941 2087 animum
971 2034 1108 2102 ejus,
1140 2035 1214 2087 sic
1243 2035 1339 2086 hoc
1365 2031 1629 2101 negotium
1652 2027 1869 2082 accidit.
1905 2024 1973 2081 In

394 2142 523 2197 agro
555 2126 747 2179 invenit
799 2141 915 2179 eam
944 2138 963 2176 :
1010 2123 1257 2178 clamavit
1297 2122 1472 2192 puella
1523 2122 1866 2190 desponsata,
1922 2127 1974 2173 et

396 2238 499 2275 non
529 2229 608 2273 est
643 2225 882 2274 inventus
913 2221 1003 2291 qui
1037 2217 1391 2272 auxiliaretur
1439 2216 1509 2270 ei.
1555 2213 1620 2267 Et
1661 2214 1712 2268 in
1769 2212 1974 2279 Regum

397 2312 669 2366 volumine
717 2310 945 2380 legimus
994 2307 1119 2381 (III
1154 2306 1278 2379 Reg.
1338 2308 1400 2376 ι),
1453 2305 1597 2375 quod
1662 2301 1977 2374 quaesierint

397 2405 634 2471 puellam
671 2404 933 2472 virginem
962 2401 1183 2455 nomine
1215 2400 1436 2468 Abisag,
1466 2406 1521 2451 et
1569 2392 1978 2450 introduxerint

395 2498 461 2554 ad
494 2513 697 2568 regem,
721 2511 842 2566 quae
872 2495 1140 2550 dormiret
1172 2510 1294 2547 cum
1319 2508 1406 2557 eo,
1429 2503 1484 2546 et
1513 2493 1719 2545 loveret
1747 2505 1897 2555 eum,
1923 2495 1978 2541 et

394 2602 513 2647 erat
536 2589 709 2661 puella
745 2588 973 2659 pulchra
1010 2587 1191 2651 nimis,
1219 2596 1273 2641 et
1302 2585 1646 2640 ministrath
1697 2585 1772 2651 ei,
1802 2594 1856 2637 et
1885 2597 1976 2638 rex

396 2700 500 2739 non
532 2683 785 2754 cognovit
812 2697 952 2736 eam.
986 2681 1247 2750 Quodque
1298 2678 1549 2748 sequitur
1585 2694 1599 2730 :
1651 2677 1715 2731 Et
1770 2673 1978 2729 vocabis

395 2792 580 2845 nomen
611 2775 723 2846 ejus
778 2771 1115 2836 Emmanuel,
1143 2782 1195 2825 et
1222 2769 1360 2824 LXX
1394 2779 1447 2825 et
1476 2779 1606 2841 ,tres
1661 2767 1853 2837 reliqui
1907 2766 1982 2821 si-

2074 1583 2235 1642 atque
2260 1570 2579 1634 violentum,
2610 1572 2773 1626 etiam
2805 1579 2861 1627 et
2890 1574 3074 1628 stultis
3102 1581 3269 1641 patet.
3309 1572 3537 1637 Quidam
3593 1574 3662 1626 de

2076 1664 2277 1720 nostris
2306 1662 2499 1718 Isaiam
2535 1664 2847 1732 prophetam
2881 1667 3018 1719 duos
3054 1665 3192 1720 filios
3246 1665 3505 1720 habuisse
3527 1678 3663 1717 cou-

2077 1759 2266 1822 teudit,
2291 1755 2458 1812 Jasub
2484 1766 2541 1812 et
2570 1755 2887 1812 Emmanuel
2916 1774 2929 1811 :
2965 1768 3019 1813 et
3068 1759 3385 1814 Emmanuel
3416 1761 3482 1812 de
3529 1772 3663 1827 pro-

2075 1851 2315 1921 phetis‘sa
2354 1865 2523 1906 uxore
2556 1850 2674 1921 ejus
2715 1866 2836 1907 esse
2867 1862 3207 1922 generatum,
3243 1852 3296 1929 in
3331 1861 3509 1922 typum
3547 1852 3660 1904 Do-

2072 1943 2208 1998 mini
2262 1940 2619 1998 Salvatoris:
2690 1952 2749 1997 ut
2826 1945 2978 2013 prior
3043 1942 3188 1999 [ilius
3249 1943 3445 2009 Jasub,
3509 1943 3660 2011 quod

2076 2035 2469 2106 interpretatur
2537 2035 2775 2099 relictus,
2830 2036 2946 2091 sive
2999 2048 3320 2100 convertens,
3371 2035 3661 2091 Iudaicum

2076 2124 2331 2194 populum
2368 2123 2655 2193 signiticet,
2687 2124 2780 2192 qui
2841 2125 3064 2179 relictus
3107 2135 3216 2189 est,
3275 2134 3328 2177 et
3358 2131 3547 2194 postea
3576 2138 3668 2175 re-

2076 2232 2353 2272 versurus.
2389 2215 2703 2270 Secundum
2754 2226 2959 2282 autem,
2996 2217 3049 2273 id
3096 2199 3200 2282 est,
3231 2216 3570 2283 Emmanuel,
3607 2225 3672 2270 et

2011 2362 2015 2367 .
2077 2311 2344 2364 nobiscum
2370 2308 2527 2373 Deus,
2552 2311 2793 2378 gentium
2824 2311 3191 2375 vocationem,
3222 2320 3506 2382 postquam
3537 2310 3674 2366 Ver-

2076 2403 2201 2458 bum
2234 2418 2362 2459 caro
2386 2401 2587 2458 factum
2619 2412 2723 2471 est,
2755 2412 2808 2459 et
2830 2404 3097 2460 habitavit
3120 2405 3172 2459 in
3206 2405 3399 2460 ‘uobis.

2146 2492 2326 2565 (Vers.
2380 2494 2491 2565 15.)
2545 2492 2804 2565 Butyrum
2855 2505 2905 2551 et
2968 2496 3071 2551 mel
3121 2496 3373 2564 comedet,
3437 2506 3495 2550 ut
3532 2496 3674 2551 sciat

2079 2589 2358 2658 reprobare
2402 2587 2622 2653 malum,
2652 2599 2699 2643 et
2736 2588 2928 2658 eligere
2982 2589 3195 2643 bonum.
3230 2589 3335 2644 Pro
3388 2604 3496 2657 quo
3525 2587 3676 2642 LXX

2081 2679 2497 2740 transtulerunt.
2547 2690 2833 2748 antequam
2875 2682 3059 2736 sciat:
3103 2680 3355 2749 quodque
3400 2680 3673 2747 sequitur,

2080 2786 2344 2826 assumere
2366 2770 2569 2824 malum
2602 2772 2643 2837 ⁸,
2687 2773 2740 2826 in
2773 2772 3042 2828 Hebraico
3069 2788 3177 2826 non
3206 2771 3456 2827 habetur.
3502 2771 3569 2825 Et
3593 2781 3683 2826 est

396 2868 598 2920 militer
629 2865 1046 2929 transtulerunt,
1080 2880 1178 2933 pro
1208 2863 1393 2932 quoin
1430 2861 1684 2915 Matthaao
1715 2862 1978 2925 scriptum
2073 2878 2274 2929 pensus
2310 2882 2323 2917 ;
2373 2861 2417 2918 0
2466 2865 2667 2919 [)omus
2702 2865 2888 2928 David,
2922 2867 3008 2921 cui
3048 2864 3137 2919 Dei
3192 2880 3443 2921 sermone
3482 2868 3682 2935 ρτωεῇ-

396 2968 503 3021 est,
532 2958 791 3011 vocabunt
822 2972 841 3011 :
874 2956 1016 3025 quod
1059 2956 1110 3010 in
1141 2955 1369 3009 Hebraeo
1401 2969 1506 3007 non
1537 2953 1782 3008 habetur.
1836 2950 1980 3021 Ergo

2082 2956 2249 3025 pitur,
2283 2964 2341 3010 ut
2362 2970 2546 3021 voces,
2579 2956 2631 3009 id
2665 2966 2770 3023 est,
2821 2957 3063 3025 invoces,
3099 2956 3153 3013 in
3187 2956 3431 3029 periculo
3479 2958 3684 3011 consti-

396 3050 499 3103 iste
521 3062 654 3117 puer
681 3046 773 3116 qui
808 3056 1061 3101 nascetur
1094 3060 1162 3100 ex
1204 3042 1445 3112 Virgine,
1482 3058 1516 3097 ο
1545 3044 1738 3096 domus
1788 3040 1977 3105 David,

2094 3055 2197 3102 tuta
2224 3063 2421 3103 nomen
2452 3047 2840 3117 Emmanuelis,
2867 3050 2920 3106 id
2949 3061 3054 3115 est,
3086 3050 3364 3107 nobiscum
3400 3050 3492 3106 Dei
3526 3066 3681 3119 ;uon

398 3153 540 3194 nunc
574 3153 604 3192 a
636 3146 689 3195 te
748 3136 1053 3209 appelletur
1106 3133 1438 3201 Emmanuel,
1469 3133 1522 3188 id
1553 3143 1656 3197 est,
1710 3130 1978 3185 nobiscum

397 3230 563 3296 Deus,
606 3230 731 3299 quia
768 3231 930 3285 rebus
964 3229 1098 3300 ipsis
1127 3229 1383 3299 probabis
1416 3243 1446 3282 a
1488 3227 1701 3281 duobus
1745 3221 1981 3279 inimicis

402 3323 620 3390 regibus
660 3322 907 3385 liberata,
948 3320 1115 3376 Deum
1162 3332 1213 3376 te
1264 3321 1462 3375 habere
1503 3329 1868 3390 praesentem:
1927 3323 1983 3370 et

401 3417 493 3485 qui
533 3426 717 3486 postea
777 3417 1058 3470 vocabitur
1099 3415 1282 3481 Jesus,
1338 3415 1388 3468 id
1436 3424 1546 3478 est,
1596 3412 1864 3477 Salvator,
1917 3425 1984 3465 eo

399 3508 541 3572 quod
570 3508 881 3561 universum
909 3506 1189 3561 hominum
1212 3522 1380 3577 genus
1402 3506 1709 3560 salvatnrus
1732 3504 1823 3568 sit,
1846 3517 1986 3557 nunc

404 3614 435 3650 ιι
467 3607 517 3651 ιε
543 3598 913 3654 Emmanuelis
940 3599 1240 3670 appelletur
1266 3596 1546 3653 vocabulo.
1570 3595 1802 3650 Verbum
1823 3610 1986 3649 ωειλ-

396 3709 490 3749 σιιιι
512 3693 718 3776 (mt'tp)
755 3695 800 3759 ’,
836 3695 981 3764 quod
1014 3707 1205 3748 omnes
1234 3692 1569 3763 interpretati
1597 3700 1725 3747 sunt
1752 3689 1986 3754 vocabis,

404 3793 583 3854 potest
618 3786 842 3857 intelligi
878 3794 933 3843 et
966 3786 1208 3841 vocabit:
1242 3786 1383 3855 quod
1412 3786 1527 3856 ipsa
1560 3784 1769 3839 scilicet
1827 3783 1989 3849 Virgo

405 3892 525 3945 qua:
553 3877 820 3947 concipiet
848 3886 903 3933 et
930 3878 1125 3946 pariet,
1176 3878 1279 3933 hoc
1327 3876 1604 3933 Christum
1658 3874 1990 3945 appellatum

407 3967 476 4021 sit
515 3967 754 4022 nomine.
792 3967 849 4021 In
882 3968 1069 4023 multis
1110 3969 1439 4024 testimoniis
1478 3982 1599 4038 qua:
1642 3965 1989 4036 evangelista:

412 4058 494 4113 vel
515 4060 749 4130 apostoli
773 4059 841 4114 de
871 4060 1024 4115 libris
1045 4061 1320 4117 veteribus
1348 4067 1784 4129 assumpserunt,
1810 4057 1993 4113 curio-

412 4154 526 4206 sius
562 4154 946 4208 attendendum
1005 4163 1108 4219 est,
1143 4169 1245 4208 non
1273 4168 1366 4207 eos
1410 4152 1697 4208 verborum
1747 4150 1992 4206 ordinem

411 4254 625 4299 secutos
656 4258 796 4309 esse,
840 4246 933 4301 sed
957 4260 1195 4300 sensum.
1225 4243 1380 4321 Unde
1403 4254 1456 4298 et
1485 4244 1539 4299 iu
1562 4246 1811 4315 praesenti
1854 4243 1993 4310 loco,

413 4349 513 4402 pro
548 4337 803 4407 concipiet
860 4338 912 4391 in
943 4348 1113 4402 utero,
1168 4334 1453 4392 Matthtcns
1503 4336 1706 4407 posuit,
1734 4336 1792 4390 in
1843 4347 1994 4390 utero

2084 3142 2301 3197 mireris
2340 3143 2405 3196 ad
2448 3142 2538 3209 rei
2588 3142 2905 3208 novitatem,
2959 3143 3007 3199 si
3042 3143 3206 3216 Virgo
3261 3144 3426 3200 Deum
3478 3144 3684 3215 pariat,

2084 3234 2174 3301 qui
2225 3240 2434 3287 tantam
2476 3234 2676 3289 habeat
2700 3240 3047 3303 potestatem,
3087 3245 3148 3289 ut
3177 3235 3346 3291 multo
3392 3244 3513 3305 post
3546 3246 3684 3289 tem-

2085 3340 2216 3396 pore
2250 3329 2576 3391 nasciturus,
2612 3337 2664 3381 te
2693 3341 2836 3380 nunc
2864 3326 3056 3382 liberet
3090 3327 3405 3393 invocatus;
3447 3326 3563 3398 ipse
3600 3331 3689 3382 est

2087 3419 2232 3473 enim
2283 3420 2375 3489 qui
2423 3420 2569 3475 visus
2595 3428 2679 3474 est
2707 3418 3006 3485 Abraham,
3046 3429 3104 3475 et
3153 3420 3368 3476 locutus
3416 3429 3501 3474 est
3557 3434 3684 3475 cum

2089 3510 2261 3568 Mose.
2294 3511 2478 3566 Dicam
2512 3522 2570 3566 et
2616 3510 2762 3566 aliud
2800 3509 3123 3574 mirabilius.
3174 3528 3243 3567 ne
3269 3527 3391 3566 eum
3422 3522 3577 3580 putes
3628 3515 3685 3566 in

2090 3605 2471 3673 phantasmate
2533 3603 2892 3668 nasciturum,
2958 3600 3123 3658 cibis'
3164 3613 3347 3658 utetur
3421 3602 3686 3678 infantia»,

2093 3695 2346 3764 butyrum
2371 3693 2616 3749 comedet
2642 3704 2697 3749 et
2719 3694 2806 3777 lac
2848 3694 2894 3749 ³.
2922 3692 2987 3748 Ει
3006 3694 3129 3750 licet
3146 3695 3311 3751 multa
3340 3706 3464 3766 post
3489 3697 3692 3751 saecula

2093 3784 2157 3838 de
2187 3799 2250 3837 eo
2292 3783 2634 3853 Evangelista
2673 3793 2903 3839 testetur
2934 3802 2948 3839 :
2987 3784 3127 3839 Puer
3163 3794 3342 3840 autem
3376 3785 3688 3855 proﬁciebat

2092 3875 2353 3941 sapientia
2390 3884 2442 3930 et
2473 3886 2631 3931 relate
2667 3888 2712 3931 et
2764 3879 2944 3948 gratia
2991 3880 3132 3947 apud
3166 3877 3329 3932 Deum
3372 3889 3423 3934 et
3448 3880 3688 3934 homines

2097 3965 2258 4045 (Luc.
2295 3983 2355 4034 ιι,
2387 3968 2478 4037 52)
2520 3985 2536 4035 ;
2577 3980 2629 4024 et
2687 3970 2790 4024 hoc
2840 3969 3077 4034 dicatur,
3131 3982 3190 4025 ut
3237 3972 3439 4027 veritas
3469 3971 3697 4026 humani

2097 4058 2347 4128 corporis
2371 4061 2701 4128 approbetur
2725 4076 2741 4114 :
2768 4069 2946 4116 tamen
2973 4062 3151 4117 adhuc
3173 4062 3368 4132 pannis
3396 4061 3698 4127 involutus,

2100 4165 2154 4233 et
2211 4150 2402 4222 butyro
2437 4162 2623 4221 pastus
2671 4168 2737 4209 ac
2776 4153 2957 4217 melle,
3014 4154 3234 4209 habebit
3279 4154 3403 4211 boni
3455 4152 3701 4223 malique

2095 4239 2383 4307 iudicium,
2412 4255 2466 4297 ut
2507 4246 2801 4314 reprobans
2834 4247 2998 4312 mala,
3028 4247 3197 4318 eligat
3224 4247 3386 4302 bona.
3411 4246 3524 4302 Non
3547 4246 3694 4318 quod

2101 4334 2204 4389 hoc
2259 4334 2471 4401 fecerit,
2535 4346 2630 4391 aut
2690 4339 3081 4407 reprohaverit,
3139 4339 3222 4394 vel
3291 4339 3552 4409 elegerit;
3601 4338 3695 4394 sed

417 4428 622 4481 habebit
651 4430 671 4459 ³
699 4427 915 4497 (Matth.
957 4446 996 4493 I,
1030 4430 1115 4495 15)
1149 4446 1163 4483 :
1198 4440 1252 4484 et
1284 4445 1381 4499 pro
1432 4428 1662 4495 vocabis,
1710 4428 1991 4484 vocabunt.
2030 4425 2075 4482 D
2105 4429 2248 4496 quod
2279 4427 2470 4482 scierit
2506 4428 2799 4498 reprobare
2833 4438 2889 4484 et
2921 4429 3142 4501 eligere,
3171 4441 3230 4485 ut
3258 4447 3352 4502 per
3386 4432 3500 4487 haec
3530 4432 3697 4486 verba

419 4517 627 4573 llehrari
662 4519 765 4573 hoc
803 4521 869 4575 de
904 4519 1132 4575 Ezechia
1172 4520 1279 4575 lilio
1307 4520 1489 4575 Achar
1543 4520 1854 4590 prephetari
1908 4536 1997 4574 ar-

492 4681 509 4711 ⁸
541 4678 595 4731 lu
625 4677 851 4733 l'lebru‘o
883 4688 968 4734 est
992 4687 1204 4769 ’ρι’-εκ,
1233 4680 1376 4749 quod
1425 4678 1661 4732 lecticam
1718 4671 2002 4748 splendide

411 4778 780 4827 ctillSlI'UClam
808 4780 1003 4841 sonat:
1040 4780 1142 4833 ut:
1174 4785 1390 4841 quoque
1421 4781 1475 4826 et
1505 4774 1709 4830 mum
1740 4785 1907 4841 ηυιιᾳε
1944 4781 1999 4841 ει

412 4856 736 4911 mensuram,
764 4856 871 4911 qua
898 4838 966 4897 de
993 4856 1051 4895 re
1089 4838 1206 4897 vid.
1231 4838 1390 4906 infra,
1429 4845 1482 4895 in
1511 4842 1618 4895 line
1648 4838 1833 4911 hujus,
1849 4840 1996 4911 libri.

479 4914 501 4943 ¹
536 4910 751 4969 Verbum
784 4909 1032 4966 Carathi.
1060 4912 1259 4967 Omnes
1296 4926 1431 4967 mss.
1465 4913 1682 4967 codices
1715 4909 1897 4966 Latini
1923 4910 2000 4965 le-

411 4987 544 5050 gunt
584 4992 640 5036 ut
677 4982 948 5038 edidimus
981 4997 1241 5047 cauum,
1282 4982 1337 5037 in
1375 4984 1551 5051 prima
1588 4996 1843 5052 persona.
1891 4978 1997 5035 Sed

411 5052 518 5106 hoc
552 5052 636 5105 vel
661 5066 817 5108 error
842 5063 930 5108 est
960 5053 1310 5106 librariorum
1343 5063 1614 5113 veterum,
1643 5052 1727 5107 vel
1771 5053 1996 5106 libertas

412 5121 722 5195 Hieronymi
744 5122 836 5195 qui
863 5138 1015 5195 more
1040 5122 1299 5195 Syrorum
1328 5124 1539 5192 legebat
1562 5123 1650 5175 iod
1677 5123 1731 5177 in
1757 5121 1996 5195 secunda

413 5192 673 5277 {cntiniua
719 5192 980 5262 singulari
1044 5192 1468 5265 praeteritorum,
1518 5202 1705 5281 tnmp
1761 5192 1993 5258 carathi,

412 5299 512 5355 pro
542 5270 696 5349 nm:
723 5285 932 5339 caratlt.
968 5284 1131 5352 Quod
1171 5287 1391 5357 quidem
1424 5295 1604 5357 potest
1650 5270 1877 5356 intelligi
1907 5301 1999 5340 uo-

408 5377 575 5453 galiit,
632 5376 983 5453 ut_ub_servat
1020 5380 1175 5453 idem
1230 5378 1613 5453 Hieronymus,
1669 5394 1775 5453 non
1836 5379 1995 5450 juxta

412 5446 893 5519 Grammaticalem
919 5451 1207 5503 verborum
1234 5446 1491 5516 sensum;
1536 5453 1633 5505 sel
1674 5446 1996 5519 juxta'pro-

412 5517 713 5641 pllietaiem,
765 5518 860 5587 qui
919 5519 986 5571 ad
1048 5520 1312 5589 virginem
1387 5517 1686 5592 parituram
1748 5517 1991 5591 respicit.

468 5602 684 5641 AItTIAN.

468 5602 684 5642 AHTIAN.

484 5656 705 5731 §Grzeci
731 5673 947 5728 quoque
966 5660 1167 5731 vulgati
1191 5660 1351 5715 codd.
1391 5659 1523 5717 Novi
1562 5661 1829 5728 Tcstam.,
1856 5660 1989 5728 ἕξει,

411 5728 643 5795 habebit,
678 5731 888 5787 tametsi
916 5728 1254 5803 mssfplurcs
1280 5732 1527 5801 λήψεται,
1555 5734 1794 5803 accipiet.
1823 5735 1993 5789 Porro

2108 4533 2416 4588 noscamus,
2469 4520 2756 4578 iuiantiam
2802 4523 3020 4580 humani
3055 4526 3303 4594 corporis
3354 4525 3553 4580 divina!
3591 4537 3702 4578 non

2110 4679 2374 4754 vocabunt
2407 4679 2738 4754 etuVulgala
2764 4691 2825 4754 et
2875 4684 3123 4754 plerique
3157 4699 3222 4739 ex
3277 4683 3318 4738 L
3341 4686 3514 4748 utinis,
3548 4685 3700 4744 Grae-

2109 4748 2963 4836 cisque,iPatrilntsipraferuitt.
2998 4748 3121 4811 νει.
3165 4754 3283 4810 Ital.
3336 4756 3563 4814 uocabit.
3598 4760 3701 4832 Cy-

2109 4822 2343 4889 prianus
2373 4822 2651 4876 uocabitis.
3643 4822 3661 4832 ’

2112 4960 2134 4974 ﬁ
2168 4889 2206 4974 ,δ
2241 4888 2416 4974 Vatis.
2444 4889 2698 4974 Quodque
2720 4895 2979 4974 sequitur,
3007 4897 3289 4974 reprplraAre
3314 4897 3698 4974 malum,_etc.,

2108 4960 2289 5039 falso;
2322 4969 2409 5017 est
2438 4963 2585 5039 enim
2612 4960 3335 5039 'apud‘LXerpoeitsaOat,
3364 4960 3696 5039 prweligere,

2109 5031 2334 5104 hocque
2350 5032 2577 5104 proprie
2621 5031 2728 5099 est,
2775 5036 2919 5104 quod
2953 5039 3003 5089 in
3033 5031 3290 5090 'Hebraeo
3322 5031 3451 5092 non
3509 5031 3696 5095 haberi

2107 5111 2260 5156 notat
2291 5101 2519 5176 iiieron.
2545 5106 2682 5176 -sive
2738 5101 2891 5161 verbi
2954 5117 3112 5168 mm:
3167 5105 3541 5176 signiﬁcatum
3590 5126 3697 5165 non

2104 5187 2224 5246 esse
2238 5171 2443 5246 eligere
2465 5172 2564 5246 sed
2589 5178 2887 5246 reprobare.

2178 5244 2198 5276 '
2228 5241 2418 5299 Graece
2454 5243 2591 5299 dicit
2625 5241 2892 5304 Eusebius
2926 5266 2940 5304 :
2971 5248 3113 5306 Οὔτε
3141 5249 3218 5313 τῶ
3242 5250 3423 5306 δοκεῖν
3454 5252 3609 5305 ἔσται
3638 5252 3699 5304 τὸ

2098 5313 2585 5403 χιγόμξγεγέζιξλν
2610 5317 2828 5403 emes;
2851 5320 3699 5403 comingopopsvsuewqotv,

2097 5384 2190 5461 t'o;_
2218 5384 2556 5461 κοιγωνῇσαι
2594 5389 2813 5461 νηπᾲίων
2865 5393 3040 5461 τροφῇ
3065 5384 3343 5461 ’βοότῦρῳ
3397 5384 3541 5460 λέγω
3568 5384 3698 5443 ’καὶ

2099 5454 2282 5531 peius}
2313 5454 2685 5531 ὁμοιως-τοῖς
2708 5454 2919 5531 λοιποζξ
2954 5454 3204 5529 βρἐὶσι.
3238 5454 3412 5516 Τοῦτο
3452 5454 3552 5531 μὲν
3598 5462 3694 5513 οὖν

2094 5522 2464 5600 ἆνῆρώτςινιιν.
2521 5527 2596 5600 Τὸ
2644 5530 2701 5600 δὲ
2741 5532 2839 5597 τῆς
2874 5522 3129 5599 Oﬁciis-0;
3182 5532 3351 5586 αὐτοῦ
3400 5522 3692 5600 stagnan-

2094 5593 2251 5673 'ztxou
2282 5592 2483 5673 ⁸ἑξιιείἰνο
2526 5595 2591 5649 ἂν
2639 5592 3042 5673 $11,639}th
3166 5602 3401 5670 γνῶναιῖ
3427 5592 3610 5664 mittit,
3662 5602 3693 5671 ἦ

2091 5660 2425 5785 ἓροελὲσθαι
2470 5660 3031 5739 πονηρὰίὲκλέξεῦαι
3093 5660 3435 5742 ’τὺ’ὰγαοὀν,
3470 5680 3563 5727 καὶ
3599 5660 3699 5726 "si

2124 5751 2219 5785 :n:

2124 5751 2219 5805 ςτις
