3980 6200
302 321 413 388 113

1019 317 1534 381 COMMENTAR.
1581 317 1659 375 IN
1704 291 1979 376 ISAIAM
2024 312 2487 373 PROPIIETAM
2535 312 2684 372 LIB.
2730 306 2844 369 III.

3461 305 3563 370 114

296 430 688 503 praeiudicasse
734 426 1036 496 sapientiae.
1091 428 1329 497 Denique
1373 429 1641 496 jarentem
1678 445 1727 481 m
1760 444 1895 497 prte-
1928 446 1969 496 Α
2000 434 2243 495 tempore
2274 424 2702 479 subvertentur:
2737 432 2840 475 tua:
2885 429 3063 474 autem
3096 420 3412 476 vastationis
3433 430 3571 475 tem-

296 520 453 588 sepio
499 519 675 590 angeli
709 517 1013 587 pastoribus
1043 520 1330 574 nuntiant:
1367 519 1504 590 Magi
1537 521 1762 574 adorant
1816 519 1885 572 de

296 613 527 667 Oriente
550 611 848 672 venientes,
876 623 1013 679 quos
1044 609 1232 678 utique
1261 610 1463 666 electos
1494 624 1616 664 esse
1664 609 1886 663 creden-

295 707 427 757 dum
479 712 582 757 est.
622 702 780 771 112
815 699 876 754 Et
920 716 952 755 e
982 700 1254 756 contrario
1299 700 1559 767 Herodes,
1592 699 1797 755 Scribae
1823 716 1887 755 ac

295 795 558 851 Pharisaei
620 795 976 863 reprobantur
1027 789 1243 860 (Matth.
1300 791 1383 861 ll),
1443 794 1569 860 quia
1625 807 1729 861 pro
1780 805 1888 846 uno

298 887 515 942 infante
548 886 716 940 multa
743 883 1092 954 parvulorum
1125 883 1291 937 millia
1326 883 1680 937 trucidarunt.

373 976 557 1044 (Vers.
595 977 704 1046 l6.)
738 993 757 1026 r
791 974 952 1030 Prius
979 974 1123 1029 enim
1168 988 1333 1042 quam
1369 974 1505 1029 sciat
1538 988 1675 1043 puer
1705 985 1891 1041 repro-

299 1070 435 1122 bare
466 1068 664 1122 malum
695 1074 749 1120 et
778 1065 974 1134 eligere
1010 1067 1233 1128 bonum,
1276 1064 1684 1132 derelinquetur
1719 1074 1888 1129 terra,

296 1176 465 1228 quam
500 1167 552 1212 tu
580 1157 889 1220 detestaris,
909 1172 937 1210 a
957 1155 1101 1211 facie
1127 1155 1359 1210 duorum
1387 1170 1574 1224 regum
1592 1169 1835 1210 suorum.
1863 1171 1884 1207 ι

301 1254 473 1304 Sexto
504 1249 711 1318 imperii
742 1263 888 1303 anno
945 1248 1188 1303 Ezechiae
1219 1257 1302 1303 est
1348 1249 1417 1303 ab
1466 1246 1703 1317 Assyriis
1732 1255 1890 1316 capta

302 1340 553 1394 Samaria
605 1336 717 1407 (IV
753 1336 880 1407 Reg.
933 1338 1108 1407 xvut),
1152 1337 1206 1392 id
1251 1345 1334 1392 est
1388 1335 1662 1391 tricesimo
1717 1335 1893 1404 primo

308 1444 454 1484 anno
480 1429 657 1484 :etatis
704 1427 896 1497 ipsius.
938 1426 994 1480 Si
1047 1427 1227 1496 itaque
1277 1427 1378 1480 iste
1428 1424 1519 1493 qui
1554 1424 1890 1486 nasciturus,

302 1521 393 1574 vel
418 1520 486 1574 de
516 1518 756 1588 Virgine,
792 1528 853 1572 ut
883 1532 980 1572 nos
1006 1520 1319 1587 probamus,
1360 1519 1441 1572 vel
1476 1518 1541 1571 de
1582 1516 1896 1572 adolescen-

307 1611 445 1672 tula,
503 1620 561 1663 ut
593 1608 760 1662 Judazi
808 1608 1010 1679 volunt,
1064 1607 1319 1679 butyrum
1376 1618 1431 1662 et
1485 1606 1591 1661 mel
1625 1606 1894 1668 comedet,

303 1716 361 1757 et
397 1712 508 1756 tam
563 1701 819 1771 parvulus
868 1701 994 1765 erit,
1035 1708 1088 1754 ut
1127 1700 1323 1754 malum
1353 1715 1381 1753 a
1416 1698 1558 1755 bono
1589 1698 1897 1753 discernere

307 1802 563 1862 nequeat,
598 1804 652 1846 et
680 1802 971 1862 antequam
1006 1791 1096 1844 ille
1127 1801 1338 1859 tempus
1364 1789 1672 1857 egrediatur
1717 1787 1895 1841 infan—

308 1887 418 1947 tiae,
454 1896 595 1938 terra
630 1884 796 1954 Syriae
826 1894 880 1938 et
920 1882 1182 1938 Samaria:
1228 1882 1486 1937 vastanda
1536 1882 1602 1934 ab
1650 1880 1889 1950 Assyriis

308 1975 418 2028 sit:
452 1975 816 2043 respondeant
872 1973 1105 2038 Hebra-i,
1160 1971 1434 2042 quomodo
1484 1971 1744 2027 Ezechias
1791 1970 1891 2025 tri-

308 2064 459 2133 ginta
507 2072 562 2119 et
617 2080 724 2118 uno
767 2064 926 2120 anuis
962 2064 1261 2119 infantulus
1305 2063 1651 2134 pradicetur,
1691 2071 1747 2117 et
1781 2070 1892 2116 tam

308 2157 459 2210 rudis
512 2156 708 2219 :etatis,
743 2165 801 2211 ut
848 2155 973 2221 mel,
1020 2165 1076 2211 et
1104 2156 1355 2226 butyrum
1387 2154 1696 2220 comedens,
1739 2153 1893 2223 juxta

308 2246 637 2303 Niniviticos
686 2262 901 2318 pueros,
940 2262 1041 2303 nec
1087 2247 1389 2314 sinistram,
1435 2261 1535 2301 nec
1592 2245 1893 2308 dexteram,

312 2340 368 2391 id
403 2347 506 2405 est,
563 2354 661 2394 nec
694 2339 922 2403 malum,
956 2352 1057 2394 nec
1105 2339 1305 2394 bonum
1351 2339 1586 2395 noverit.
1643 2336 1895 2392 Relatum

309 2439 490 2485 autem
524 2429 592 2483 ad
626 2427 962 2493 Emmanuel,
996 2427 1141 2497 quod
1177 2428 1579 2497 interpretatur,
1628 2426 1897 2479 nobiscum

310 2516 474 2586 Deiri,
498 2520 709 2574 facilem
737 2519 955 2575 habebit
986 2519 1410 2591 intelligentiam.
1441 2518 1591 2584 Quod
1614 2516 1680 2570 ad
1704 2525 1899 2586 myste-

316 2613 454 2673 rium
486 2620 542 2667 et
576 2612 975 2669 invocationem
1009 2611 1244 2667 nominis
1284 2612 1402 2680 ejus
1444 2620 1587 2664 terra
1625 2608 1818 2679 Syriae,
1847 2615 1902 2660 et

315 2704 602 2767 Samaria,
656 2704 881 2774 Assyrio
928 2712 1244 2773 superante,
1287 2711 1527 2757 vastetur
1563 2718 1577 2753 :
1612 2709 1669 2755 et
1710 2700 1903 2753 domus

316 2794 483 2848 David
512 2795 777 2850 liberetur
805 2810 835 2848 a
859 2795 1071 2850 duobus
1092 2794 1308 2865 regibus
1328 2810 1466 2864 quos
1497 2792 1707 2857 metuit,
1737 2788 1901 2844 Rasin

314 2886 590 2949 videlicet,
640 2896 694 2939 et
719 2885 949 2941 Pharae.

386 2976 568 3044 (Vers.
602 2977 715 3044 17.)
748 2996 768 3030 r
804 2978 1052 3033 Adducet
1076 2977 1334 3032 Dominus
1361 2989 1526 3046 super
1553 2983 1628 3040 te,
1659 2982 1715 3028 et
1745 2986 1908 3041 super

312 3067 572 3135 populum
611 3077 781 3134 tuum,
814 3079 869 3123 et
898 3084 1063 3138 super
1091 3069 1310 3124 domum
1351 3066 1521 3138 patris
1553 3068 1628 3121 tui
1659 3065 1773 3119 dies
1813 3051 1905 3133 qui

1944 550 1949 555 .
1990 531 2088 585 pus
2112 515 2242 569 illud
2294 512 2562 573 adveniet.
2596 513 2835 582 quando,
2882 513 3022 578 quod
3072 529 3345 583 nunquam
3394 528 3575 579 spera-

1991 621 2169 670 veras,
2230 605 2339 659 imo
2376 620 2648 674 nunquam
2712 611 2983 659 metueras
3037 603 3076 668 ⁸,
3112 602 3367 673 Assyrius
3416 618 3571 657 vene.

1991 700 2078 756 rit.
2117 700 2221 755 Per
2257 714 2379 767 qua:
2427 698 2604 760 docet,
2655 698 2839 752 domui
2888 696 3080 762 David,
3129 713 3235 751 non
3267 696 3477 766 Syriam
3519 705 3574 748 et

1993 789 2318 853 Samariam,
2355 789 2450 844 sed
2484 787 2733 858 Assyrios
2766 804 2889 843 esse
2934 790 3272 843 metuendos.
3314 787 3572 842 Praesenti

1990 897 2121 950 ergo
2154 882 2446 937 formidine
2477 881 2694 945 liberat,
2736 891 2792 936 et
2819 882 2887 936 de
2914 884 3094 936 futuro
3138 890 3380 949 tempore
3421 896 3574 935 eom-

1992 974 2252 1027 minatur.

2064 1064 2243 1132 (Vers.
2306 1062 2391 1127 I8,
2446 1062 2560 1129 I9.)
2598 1081 2618 1114 ι
2673 1063 2738 1117 Et
2771 1062 2876 1116 erit
2930 1062 2980 1115 in
3027 1062 3113 1115 die
3170 1061 3282 1125 illa,
3332 1059 3570 1116 sibilabit

1997 1154 2252 1209 Dominus
2310 1169 2530 1216 muscte,
2591 1169 2711 1224 qua;
2764 1164 2846 1208 est
2893 1156 2946 1209 in
3005 1162 3251 1209 extremo
3285 1152 3565 1207 ﬂuminum

1994 1246 2232 1314 Egypti.
2266 1256 2314 1300 et
2343 1246 2429 1315 api
2466 1260 2587 1314 qua:
2618 1252 2702 1300 est
2733 1246 2785 1298 in
2820 1254 2962 1299 terra
2989 1247 3160 1299 Assur
3187 1262 3202 1300 :
3246 1254 3303 1298 et
3330 1243 3565 1302 venient,

1993 1350 2047 1392 et
2085 1337 2424 1405 requiescent
2477 1352 2666 1392 mnnes
2700 1337 2752 1389 in
2785 1336 3115 1391 torrentibus
3144 1336 3386 1400 vallium,
3423 1344 3477 1388 et
3514 1334 3568 1387 in

1996 1429 2243 1483 cavernis
2275 1439 2573 1497 petrarum,
2627 1437 2682 1482 et
2734 1429 2785 1481 in
2832 1430 3084 1483 omnibus
3140 1427 3375 1494 frutetis,
3407 1437 3462 1481 et
3514 1427 3568 1479 in

1996 1522 2260 1576 universis
2291 1520 2665 1576 foraminibus.
2706 1539 2723 1572 ι
2757 1521 2891 1575 Cum
2923 1520 3085 1575 fuerit
3114 1521 3343 1575 duorum
3384 1535 3569 1590 regunt

1998 1623 2138 1666 terra
2166 1612 2401 1674 deserta,
2440 1611 2735 1667 Damascus
2768 1621 2824 1666 et
2859 1610 3130 1680 Samaria,
3154 1627 3314 1679 quam
3340 1622 3393 1665 tu
3430 1626 3571 1664 nunc

1999 1703 2285 1758 detestaris
2328 1713 2383 1758 et
2438 1704 2630 1758 metuis
2663 1746 2679 1769 ,
2736 1711 2862 1758 tunc
2908 1702 3139 1770 adducet
3196 1702 3478 1764 Dominus,
3538 1719 3572 1756 0

1926 1814 1965 1868 Β
1994 1794 2192 1849 domus
2226 1792 2387 1859 Juda,
2429 1808 2591 1861 super
2625 1803 2675 1847 te
2712 1803 2766 1847 et
2797 1794 3050 1862 populum
3089 1804 3238 1847 tuum
3268 1793 3407 1860 dies,
3435 1809 3572 1860 quos

1991 1902 2263 1954 nunquam
2294 1895 2418 1939 ante
2461 1885 2668 1949 vidisti,
2696 1893 2750 1938 et
2799 1901 2976 1953 regem
3006 1883 3371 1955 Assyriorum.
3410 1884 3573 1939 Frus-

1994 1987 2074 2032 tra
2111 1978 2274 2048 igitur
2323 1978 2604 2045 praesentia
2664 1977 2879 2041 metuis,
2936 1976 3224 2030 semiustos
3276 1983 3469 2038 torres,
3520 1985 3576 2029 et

1993 2070 2170 2140 ignem
2221 2069 2440 2137 penitus
2475 2083 2579 2122 non
2636 2067 2896 2123 habentes
2934 2085 2946 2120 :
3009 2067 3153 2120 scire
3199 2066 3344 2119 enim
3386 2065 3572 2128 debes,

1993 2160 2137 2230 quod
2166 2159 2326 2215 sibilo
2351 2176 2449 2215 suo
2484 2159 2744 2214 Dominus
2789 2173 3004 2212 muscas
3048 2155 3285 2226 Egypti,
3316 2165 3370 2209 et
3401 2156 3577 2209 ﬂumi-

1996 2266 2126 2305 num
2184 2250 2324 2320 ejus,
2386 2251 2527 2304 haud
2603 2249 2822 2304 dubium
2882 2249 3013 2317 quin
3069 2261 3271 2316 septeni
3306 2247 3578 2316 διωρυχὰς

1996 2339 2104 2396 Nili
2133 2341 2421 2412 signiﬁcet,
2457 2350 2750 2394 vocaturos
2775 2340 2847 2394 sit
2884 2357 2898 2394 :
2942 2351 2992 2392 et
3026 2355 3203 2409 apem,
3242 2354 3364 2408 quae
3412 2351 3495 2392 est
3523 2339 3576 2391 in

2002 2444 2149 2488 terra
2183 2435 2372 2487 Assur.
2401 2431 2615 2487 Muscas
2644 2441 2822 2485 autem
2862 2429 3142 2500 Egyptios
3184 2438 3335 2484 vocat
3360 2440 3580 2498 propter

2001 2525 2192 2580 sordes
2224 2522 2560 2588 idololatria),
2588 2533 2643 2577 et
2680 2523 2951 2578 imbellem
2998 2524 3253 2591 populum
3283 2538 3299 2576 :
3333 2531 3386 2576 et
3417 2535 3576 2591 apem

2002 2614 2277 2684 Assyrios,
2348 2628 2581 2681 quorum
2663 2612 2756 2666 illo
2827 2623 3068 2681 tempore
3147 2611 3579 2681 potentissimtmr

2004 2722 2225 2775 regnum
2247 2714 2388 2770 erat,
2413 2715 2468 2758 et
2492 2704 2560 2758 ad
2596 2703 2732 2759 bella
2765 2703 3228 2774 promptissimum
3258 2722 3273 2759 :
3303 2703 3386 2757 vel
3407 2703 3478 2757 ob
3501 2701 3577 2765 id,

2005 2798 2130 2865 quia
2182 2796 2355 2850 omnis
2404 2811 2573 2866 prope
2644 2796 2988 2866 Assyriorum
3038 2805 3093 2851 et
3140 2794 3380 2851 Persidis
3435 2794 3584 2863 regio

2010 2902 2164 2939 usum
2206 2886 2445 2939 habebat
2485 2886 2828 2958 sagittarum.
2861 2886 2925 2941 Hi
2967 2886 3130 2957 igitur
3173 2896 3229 2942 et
3256 2901 3448 2942 omnes
3492 2900 3581 2939 ve-

2011 2979 2161 3032 nient
2189 2978 2234 3044 ’,
2268 2987 2322 3034 et
2350 2983 2694 3049 occupabunt
2735 2989 2934 3035 terram
2973 2989 3119 3034 tuam
3151 2980 3203 3034 in
3245 2980 3582 3035 torrentibus

2012 3066 2253 3133 vallium,
2284 3074 2339 3121 et
2373 3068 2621 3122 cavernis
2655 3078 2950 3137 petrarum,
2992 3079 3046 3124 et
3076 3069 3128 3123 in
3176 3069 3432 3124 omnibus
3459 3068 3582 3124 fru-

316 3174 421 3211 non
454 3170 720 3215 venerunt
754 3160 994 3217 adiebus
1019 3161 1376 3232 separationis
1398 3159 1653 3231 prraim
1679 3172 1712 3214 a
1741 3155 1899 3220 Juda,
1931 3142 1974 3200 C
2011 3153 2153 3216 telis,
2212 3163 2269 3209 et
2326 3155 2703 3222 foraminibus,
2758 3157 3028 3227 lignisque
3076 3161 3398 3214 nemorosis.
3456 3158 3582 3213 Ilzet:

313 3264 437 3302 eum
465 3266 591 3319 rege
621 3252 997 3323 Assyriorum.
1031 3272 1052 3305 ι
1091 3253 1263 3307 Locus
1295 3255 1396 3307 iste
1422 3265 1518 3321 per
1556 3248 1898 3321 hyperbaton

317 3343 580 3418 legendus
637 3353 745 3397 est.
814 3344 1057 3413 Denique
1115 3353 1170 3398 et
1218 3358 1318 3398 nos
1358 3342 1532 3397 secuti
1581 3339 1901 3395 Hebraicam

319 3434 632 3497 veritatem,
691 3434 767 3487 ita
811 3447 936 3487 eum
988 3432 1329 3503 interpretati
1376 3446 1603 3486 sumus:
1637 3430 1682 3485 0
1711 3429 1904 3483 domus

320 3522 514 3584 David,
562 3518 833 3577 ausculta'
860 3538 980 3593 qua;
1033 3525 1175 3589 dico,
1210 3534 1265 3576 nt
1321 3520 1725 3590 derelinquatur
1760 3529 1902 3572 terra

319 3612 493 3683 Syriae
525 3624 582 3670 et
626 3613 886 3670 Samaria
928 3630 957 3669 a
990 3614 1127 3670 facie
1174 3629 1359 3683 regum
1391 3615 1644 3675 duorum,
1669 3624 1809 3679 quos
1847 3619 1901 3664 tu

320 3705 797 3761 vehementissime
828 3706 1150 3761 reformidas
1198 3722 1215 3762 :
1246 3707 1477 3762 adducet
1505 3704 1768 3759 Dominus
1792 3701 1906 3757 dies

318 3812 480 3865 super
515 3806 586 3864 te,
622 3805 676 3851 et
712 3812 878 3868 super
922 3798 1140 3853 domum
1196 3798 1367 3868 patris
1415 3796 1492 3850 tui
1528 3796 1714 3861 David,
1767 3808 1905 3862 quos

320 3904 600 3956 nunquam
629 3889 867 3945 habuisti
892 3906 957 3944 ex
1002 3905 1070 3945 eo
1101 3901 1339 3960 tempore
1370 3905 1479 3960 quo
1517 3889 1704 3944 decem
1735 3886 1905 3941 tribus

319 3996 351 4031 a
383 3982 595 4033 duabus
656 3981 900 4036 tribubus
951 3990 1212 4051 separant:
1260 3988 1406 4046 sunt,
1458 3988 1514 4036 et
1571 3995 1792 4049 regnum
1853 3979 1905 4030 iu

324 4071 571 4125 Samaria
616 4073 817 4127 habere
888 4081 1188 4140 cmperuut.
1228 4072 1473 4126 Adducet
1528 4079 1706 4124 autem
1779 4070 1907 4122 istos

323 4164 464 4222 dies,
498 4160 548 4213 id
575 4170 681 4226 est,
717 4168 959 4231 tempora
999 4177 1120 4215 cum
1155 4177 1278 4232 rege
1305 4160 1670 4231 Assyriorum,
1704 4167 1762 4211 ut
1802 4158 1907 4212 illis

325 4254 594 4319 superatis
622 4262 783 4321 atque
813 4252 1108 4317 subversis,
1136 4264 1191 4306 tu
1219 4240 1586 4306 Emmanuelis
1620 4248 1906 4320 praesentia

324 4344 595 4396 libereris.
628 4341 765 4395 LXX
804 4344 950 4398 hunc
988 4343 1166 4397 locum
1206 4346 1277 4397 ita
1314 4352 1594 4397 verterunt
1623 4360 1637 4396 :
1665 4344 1904 4396 Adducet

2004 3257 2184 3301 autem
2238 3262 2334 3316 per
2373 3249 2750 3317 metaphoram
2795 3250 3071 3315 dicuntur,
3124 3261 3175 3302 ut
3232 3249 3359 3319 quia
3409 3252 3582 3305 semel

2006 3353 2243 3404 muscas,
2287 3350 2344 3394 et
2378 3355 2507 3409 apes
2564 3341 2960 3406 nominaverat,
2990 3342 3408 3423 translationem
3458 3358 3582 3397 ser-

2005 3441 2157 3484 varet
2176 3432 2228 3484 in
2251 3433 2497 3500 reliquis.
2526 3432 2795 3502 Legamus
2825 3432 3028 3502 Regum
3050 3446 3102 3488 et
3124 3432 3577 3502 Paralipomenon

2005 3522 2195 3591 libms,
2254 3524 2415 3597 114
2463 3533 2518 3579 et
2576 3526 2912 3581 inveniemus
2957 3530 3024 3580 ab
3070 3525 3338 3595 Egyptiis
3378 3541 3578 3581 etesnm

2006 3625 2252 3669 sanctum
2287 3632 2465 3684 regem
2491 3616 2717 3680 Josiam,
2749 3629 2803 3670 et
2827 3618 3081 3686 papnlum
3122 3616 3284 3671 Israel
3322 3620 3579 3686 potestati

2004 3703 2266 3777 Egyptia:
2290 3705 2633 3775 subjugatqu
2661 3704 2765 3775 (IV
2782 3706 2909 3775 Reg.
2931 3723 3092 3772 unt;
3124 3705 3185 3760 ΙΙ
3209 3706 3338 3762 Par.
3382 3712 3576 3777 xxxv):
3668 3764 3677 3773 ,

2007 3798 2080 3852 ita
2104 3807 2163 3851 ut
2198 3811 2373 3867 regem
2408 3798 2513 3852 illis
2542 3799 2920 3853 constitueret.
2948 3798 3018 3852 Et
3046 3808 3164 3867 post
3207 3813 3316 3852 non
3352 3800 3578 3853 multum

2010 3891 2295 3958 temporis,
2325 3888 2474 3942 venit
2504 3888 3008 3943 Nabuchodonosor
3038 3904 3160 3942 eum
3195 3889 3578 3945 innumerabili

2008 3978 2359 4035 multitudine
2409 3978 2758 4042 bellatorum,
2820 3989 3091 4048 captaque
3143 3979 3466 4046 Jerusalem,
3526 3989 3583 4036 et

2009 4073 2222 4128 caeteris
2248 4062 2449 4127 'Juda‘ae
2494 4072 2719 4127 urbibus
2766 4070 2982 4137 dirutis,
3018 4071 3258 4126 incendit
3297 4074 3579 4143 templum,

2009 4172 2062 4215 et
2093 4162 2426 4217 habitatores
2458 4160 2708 4234 Assyrios
2736 4163 2913 4232 posuit
2950 4162 3000 4215 in
3038 4160 3219 4217 Iudaea
3252 4164 3273 4194 ³
3314 4163 3365 4232 (1
3386 4162 3425 4217 γ
3449 4163 3580 4236 Reg.

2011 4254 2184 4323 utr).

2080 4346 2261 4417 (Vers.
2291 4348 2405 4417 20.)
2441 4368 2459 4400 ι
2500 4349 2560 4402 ln
2590 4352 2678 4403 die
2717 4351 2802 4403 illa
2841 4351 2995 4404 radet
3034 4350 3292 4406 Dominus
3328 4348 3381 4403 in
3414 4363 3585 4405 nova-

328 4435 578 4489 Dominus
623 4436 780 4506 113
822 4452 977 4504 super
1021 4446 1090 4498 te,
1137 4445 1183 4488 et
1234 4453 1388 4503 super
1437 4435 1686 4503 populum
1735 4446 1903 4496 tuum,
1940 4468 1982 4520 υ
2010 4436 2129 4490 eula
2190 4440 2485 4504 conducta,
2530 4438 2584 4492 in
2634 4438 2722 4494 his
2756 4439 2849 4507 qui
2891 4448 3043 4493 trans
3084 4437 3283 4493 fitttuen
3325 4448 3474 4502 sunt,
3528 4438 3587 4493 in

324 4541 371 4581 et
410 4546 569 4597 super
604 4534 815 4582 domum
869 4530 1036 4596 patris
1077 4530 1154 4581 tui
1183 4530 1320 4594 dies,
1364 4530 1454 4597 qui
1499 4528 1721 4581 necdum
1756 4543 1909 4581 vene-

326 4634 473 4685 runt,
525 4637 589 4674 ea:
610 4637 713 4690 qua
761 4622 845 4673 die
894 4620 1108 4673 abstulit
1155 4620 1409 4687 Epirraim
1456 4638 1486 4671 α
1530 4617 1676 4672 .luda
1737 4634 1905 4687 regem

324 4714 687 4782 Assyriorum.
717 4711 869 4778 Quod
908 4727 1067 4781 quem
1100 4727 1316 4767 sensum
1372 4711 1585 4777 habeat,
1618 4711 1758 4766 scire
1799 4728 1904 4765 tum

325 4819 639 4873 p0:5t1tllll$,
672 4804 772 4857 nisi
804 4804 942 4857 forte
983 4805 1082 4856 hoc
1108 4804 1390 4857 dicendum
1415 4814 1518 4867 est,
1551 4806 1693 4874 quod
1717 4819 1909 4872 pecca-

332 4908 506 4950 torum
545 4910 766 4949 suorum
796 4896 1165 4964 magnitudine
1202 4895 1475 4963 Ephraim,
1506 4898 1556 4951 id
1588 4907 1689 4962 est,
1721 4896 1908 4951 Sama-

330 4993 405 5042 ria
443 4990 672 5053 primum
720 4991 785 5042 ad
821 5002 881 5042 se
906 4990 1252 5057 Assyriorum
1286 4988 1472 5042 fecerit
1518 4990 1770 5056 impetum
1819 4991 1912 5043 de-

328 5082 552 5133 elinare.
582 5080 749 5132 Aliter
780 5098 794 5133 :
828 5081 1050 5133 luterim
1109 5096 1250 5135 nunc
1299 5082 1405 5134 duo
1450 5097 1602 5151 reges
1655 5080 1821 5134 Rasin
1854 5089 1910 5134 et

325 5172 560 5235 I’nacee,
591 5173 684 5241 qui
726 5185 779 5226 te
814 5174 1085 5237 obsident,
1122 5183 1175 5226 et
1207 5182 1419 5227 vastare
1449 5175 1727 5235 festinant,
1759 5171 1908 5227 brevi

406 5382 423 5409 ¹
461 5379 637 5433 Voces
693 5392 1025 5446 speraverat,
1084 5379 1187 5427 imo
1235 5374 1745 5446 iratiqitiint_Victtir.
1778 5391 1902 5428 suo-

328 5468 451 5502 ηιυ
482 5444 733 5501 rodirum
766 5463 871 5515 npe
901 5447 1185 5516 expunxit,
1216 5444 1296 5516 uti
1339 5444 1663 5510 superﬂuas,
1704 5448 1905 5514 quippe

322 5536 453 5575 Cum
490 5522 556 5571 de
594 5521 776 5571 loturo
816 5515 1164 5569 malotnetus
1194 5515 1427 5574 dicatur,
1465 5529 1571 5565 non
1622 5530 1767 5583 spes.

400 5592 422 5619 ’
451 5589 623 5641 Vatic.
659 5585 797 5640 Hinc
822 5587 983 5655 igitur
1008 5601 1182 5638 omnes
1205 5585 1427 5655 uenient.

398 5661 421 5689 ⁸
458 5657 653 5711 Ilansit
679 5672 743 5710 ex
767 5651 916 5710 hisce
952 5655 1170 5710 Eusebii
1204 5668 1217 5703 :
1258 5651 1369 5704 Εἶτ’
1397 5653 1497 5705 οὐκ
1526 5654 1603 5713 εἰς
1636 5654 1858 5723 μακρὰν
1882 5654 1910 5705 ὀ

322 5738 434 5785 tas-.7
462 5726 825 5781 Βαϐυλωνίων
864 5725 1119 5795 βαπιλεῦς
1160 5723 1638 5791 Ναϐουιιςιδονόοορ
1685 5726 1780 5776 σὺν
1814 5739 1909 5792 με-

2013 4540 2139 4595 rege
2165 4525 2535 4597 Assyriorum,
2562 4537 2745 4597 caput,
2768 4538 2818 4583 et
2856 4528 2995 4598 pilos
3023 4530 3241 4597 pedum,
3272 4539 3330 4584 et
3355 4529 3579 4583 barbam

2012 4618 2346 4672 universam.
2383 4636 2404 4669 ι
2444 4616 2567 4672 Haec
2592 4618 2813 4687 quidam
2852 4628 3044 4689 putant
3070 4622 3138 4673 de
3173 4620 3414 4687 Assyriis
3458 4634 3586 4689 pro-

2009 4707 2245 4776 phetari,
2273 4710 2363 4776 qui
2398 4708 2544 4762 mille
2579 4710 2840 4764 trecentis
2864 4710 3045 4776 annis,
3088 4721 3376 4777 antequam
3421 4706 3584 4765 lcru-

2008 4798 2176 4853 salem
2223 4802 2624 4864 subverterent,
2683 4816 2913 4869 regnum
2970 4803 3113 4858 Asia:
3162 4800 3489 4871 Egyptique
3530 4811 3586 4854 et

2009 4889 2188 4960 Libyae
2235 4892 2613 4961 possederunt,
2654 4894 2797 4963 quod
2851 4910 2880 4947 a
2939 4893 3107 4947 Medis
3141 4892 3434 4960 Persisque
3468 4894 3586 4948 viu-

2010 4983 2165 5035 cendi
2199 4984 2329 5049 sint,
2368 4992 2423 5037 et
2465 4998 2654 5037 eorum
2697 4986 2986 5053 imperimn
3021 4983 3434 5039 destruendum.
3476 4985 3583 5039 Alii

2017 5092 2144 5131 vero
2200 5075 2559 5140 arbitrantur,
2602 5078 2746 5143 quod
2798 5085 2949 5130 trans
2996 5074 3196 5129 flumen
3247 5075 3583 5144 Euphratem

2012 5170 2136 5223 caesi
2177 5170 2288 5223 sint
2317 5167 2579 5238 Egyptii.
2611 5165 2724 5222 Nos
2770 5177 2946 5220 autem
2979 5166 3297 5222 novaculam
3339 5170 3589 5223 mercede

2016 5374 2163 5445 γάλῃ
2185 5374 2447 5445 crepantis
2474 5371 2701 5445 Buvg'per
2720 5370 2986 5445 insnum,
3005 5370 3100 5441 τὴν
3126 5371 3224 5442 μὲν
3246 5371 3404 5445 πέλωρ
3416 5369 3590 5445 positu

2013 5437 2077 5499 ἔκ
2116 5437 2333 5514 βᾶυρξυν
2360 5437 2505 5514 Αεῖλε.
2538 5437 2659 5514 ᾼΤδγ
2704 5441 2840 5493 νεὼν
2872 5437 3245 5514 πυρπολήὶξας.
3279 5442 3351 5493 Τὸ
3380 5439 3438 5514 fit
3463 5442 3590 5514 man

2014 5509 2169 5576 ἔθνὸς
2226 5509 2846 5580 ἐξανδραποδισάμενος,
2894 5509 2988 5563 xai‘t
3018 5509 3119 5574 τὰέ
3145 5513 3336 5572 λοιπὰς
3375 5509 3589 5580 δῃώσας

2014 5584 2224 5643 πόλεις.
2287 5579 2589 5650 Δσσυρίους
2632 5581 2926 5648 οἰκήτορας
2973 5584 3071 5650 τῆς
3125 5581 3391 5634 Ἰιλυόαίων
3431 5579 3588 5630 κατέ-

2016 5669 2184 5722 στησε
2216 5650 2417 5720 χώρας.
2467 5649 2572 5703 Srd
2634 5659 2687 5703 et
2742 5649 3121 5716 supr-riemes
3160 5653 3391 5708 Eusebio
3433 5650 3591 5718 paulo

2016 5724 2245 5779 diversis
2272 5722 2524 5776 sensibus
2561 5734 2814 5787 expressa
2843 5734 2993 5777 sunt.
