3962 6192
456 385 562 454 115

1561 433 1565 437 .
1631 388 1690 450 S.
1724 387 2044 448 EUSEBll
2088 386 2539 448 HIERONYMI

3604 373 3710 442 116

453 501 802 567 conductam,
837 499 1012 570 ipsum
1041 499 1372 554 arbitramur
1424 497 1729 569 Assyrium,
1762 515 1922 569 quem
1969 498 2024 554 in
2058 508 2099 564 Α
2133 499 2364 570 fugiant,
2431 499 2616 569 ibique
2669 495 2913 550 locorum
2968 489 3288 546 dillicultate
3350 487 3568 554 muniti,
3615 503 3710 542 vix

453 589 689 646 Jet'emia
722 589 790 643 ob
814 588 1075 643 ultionem
1126 587 1304 656 populi
1348 587 1668 656 peccatoris,
1720 587 1882 640 etiam
1933 602 2027 641 co-
2074 608 2090 629 κ

457 683 694 738 lumbam
723 696 873 736 suam
926 688 1084 733 vocat
1111 677 1336 749 (Jerem.
1367 679 1518 746 xxv).
1582 676 1825 747 Denique
1870 688 1925 731 et
1978 679 2030 732 in

456 777 666 829 visione
696 770 822 842 Tyri
859 769 1071 839 (Ezech.
1117 769 1448 839 xxvi-nu),
1469 768 1592 838 quia
1623 769 1675 822 in
1693 767 2037 824 exstruendis

458 863 872 928 munitionibus,
917 873 971 917 et
999 876 1192 929 aggere
1221 860 1618 930 comportando
1666 859 2030 916 Nabuchodo-

459 972 623 1013 nosor
658 955 950 1026 plurimum
981 953 1354 1019 laboraverat,
1383 961 1438 1004 et
1467 950 1570 1005 illis
1612 950 1788 1005 classe
1820 949 2032 1020 fugien-

459 1051 626 1116 tibus,
652 1050 829 1103 fuerat
856 1047 1103 1102 mercede
1124 1045 1386 1116 privatus,
1422 1044 1545 1098 data
1578 1052 1660 1098 est
1691 1043 1740 1098 ei
1768 1041 2034 1113 Egyptus

456 1157 558 1212 pro
585 1142 833 1196 mercede
867 1149 924 1194 et
968 1139 1158 1192 labore
1179 1151 1304 1191 suo.
1336 1135 1478 1204 Ergo
1531 1135 1584 1188 in
1633 1135 1732 1189 ista
1771 1135 2031 1189 novacula

461 1228 800 1295 acutissima,
849 1237 904 1283 et
949 1228 1004 1282 in
1055 1227 1162 1291 his,
1194 1227 1284 1297 qui
1331 1227 1578 1284 habitant
1631 1238 1781 1284 trans
1830 1229 2033 1285 ﬂumen

458 1322 822 1390 Euphratem,
873 1321 926 1374 in
963 1334 1087 1389 rege
1127 1319 1380 1374 videlicet
1423 1322 1665 1393 Assyrio,
1699 1337 1891 1378 omnes
1943 1338 2037 1378 ca-

459 1413 615 1482 pillos
645 1421 699 1467 et
748 1411 884 1480 pilos
924 1412 1096 1465 totius
1143 1413 1392 1481 corporis
1435 1428 1464 1465 a
1519 1412 1697 1482 capite
1751 1429 1922 1484 usque
1969 1416 2037 1469 ad

460 1510 630 1571 pedes
651 1507 1010 1572 decoremque
1051 1504 1252 1570 barbae,
1289 1505 1428 1573 quod
1456 1504 1730 1560 virilitatis
1769 1506 2035 1560 indicium

459 1608 559 1661 est,
594 1601 743 1652 radet
779 1595 1044 1650 Dominus
1073 1596 1137 1651 de
1163 1594 1367 1660 Judrea,
1399 1604 1456 1648 ut
1495 1595 1626 1649 nihil
1663 1597 1713 1650 in
1744 1597 1834 1650 illa
1867 1596 2032 1664 forte,

461 1690 594 1744 nihil
619 1690 906 1758 pulchrum
935 1689 1192 1752 resideat,
1227 1688 1320 1743 sed
1347 1688 1674 1744 effeminatis
1697 1689 2036 1756 hominibus,

459 1783 568 1834 'nuo
599 1778 978 1851 ignominiosis
1007 1779 1327 1847 mulieribus
1347 1789 1732 1850 comparentur

2137 601 2361 654 asperos
2397 594 2606 640 montes
2649 597 2816 636 manu
2853 579 3086 645 fodiant,
3121 579 3246 647 quia
3289 579 3474 640 boves,
3509 588 3714 642 aratra,

2137 684 2190 728 et
2224 689 2469 729 vomeres
2495 689 2599 727 non
2637 671 2935 727 habebunt.
2967 669 3155 724 Sicubi
3189 683 3318 736 ergo
3353 684 3510 723 rarus
3538 669 3720 723 cultor

2137 769 2189 821 in
2219 766 2496 821 montibus
2519 764 2684 820 fuerit
2710 764 2984 826 inventus,
3013 761 3140 816 inde
3157 763 3324 814 vitam
3351 760 3716 814 miserabilem

2138 859 2540 912 sustentabant.
2579 856 2785 911 Caetera
2841 864 3020 908 autem
3067 852 3332 922 patebunt
3372 851 3610 918 pascuis,
3663 856 3721 903 et

2141 949 2350 1018 absque
2403 949 2511 1002 ullo
2543 947 2771 1002 custode
2805 961 2834 1000 a
2876 945 3053 1000 brutis
3087 944 3458 998 animantibus
3494 939 3722 996 concul-

2136 1041 2423 1096 cabuntur.
2455 1038 2577 1094 Haec
2610 1036 3124 1106 posteaptivitatem
3151 1033 3330 1087 solere
3349 1031 3488 1098 lteri,
3510 1031 3717 1084 utinam

2140 1129 2512 1185 nesciremus!
2547 1128 2618 1182 At
2662 1143 2806 1182 nunc
2841 1140 3036 1196 magna
3069 1138 3198 1194 pars
3246 1122 3472 1177 Romani
3510 1120 3662 1175 orbis
3699 1120 3718 1151 ¹

2138 1221 2406 1292 quondam
2442 1219 2644 1276 Judteaa
2673 1219 2868 1274 similis
2905 1227 2988 1273 est
3021 1231 3037 1271 :
3068 1216 3212 1287 quod
3245 1214 3452 1284 absque
3497 1215 3578 1270 ira
3621 1212 3719 1268 Dei

2139 1315 2344 1370 factum
2385 1330 2490 1368 non
2528 1323 2805 1380 putamus,
2845 1310 2937 1380 qui
2974 1321 3317 1378 nequaquam
3342 1314 3720 1375 contemptum

2140 1406 2225 1462 sui
2267 1422 2365 1476 per
2394 1403 2648 1476 Assyrios
2677 1403 2978 1467 ulciscitur,
3009 1408 3064 1454 et
3097 1397 3421 1465 Chaldaeos;
3471 1399 3566 1454 sed
3621 1412 3723 1467 per

2140 1501 2285 1555 feras
2310 1507 2517 1568 gentes,
2543 1507 2596 1552 et
2623 1495 2897 1567 quondam
2937 1493 3096 1549 nobis
3132 1492 3458 1562 incognitas,
3485 1505 3719 1562 quarum

2139 1603 2192 1648 et
2219 1592 2398 1645 vultus
2418 1599 2469 1645 et
2502 1603 2682 1645 sermo
2708 1587 2964 1643 terribilis
2988 1595 3094 1652 est,
3118 1596 3174 1641 et
3200 1583 3464 1640 femineas
3485 1584 3722 1640 incisas-

2139 1699 2247 1754 que
2282 1682 2450 1738 facies
2480 1680 2832 1752 prwferentes
2865 1677 3085 1748 (Gothos
3125 1677 3372 1746 intelligit
3410 1677 3501 1744 qui
3559 1677 3724 1730 rade-

2143 1773 2266 1827 bant
2318 1772 2584 1840 barbam),
2623 1771 2785 1841 116
2816 1770 3078 1832 virorum,
3112 1777 3162 1821 et
3201 1768 3336 1822 bene
3370 1767 3724 1821 barbatulum

533 1871 713 1936 (Vers.
761 1872 851 1937 2i,
897 1871 1076 1941 seqq.)
1115 1889 1134 1922 ι
1192 1869 1259 1924 Ει
1290 1873 1399 1928 erit
1449 1872 1504 1924 in
1547 1871 1636 1924 die
1678 1872 1789 1930 illa,
1841 1871 2049 1927 nutriet,
2079 1871 2120 1926 Β
2153 1864 2405 1934 fugientia
2434 1873 2581 1930 terga
2617 1861 2951 1916 confodiunt.
2993 1858 3212 1927 Legisse
3243 1873 3328 1911 me
3361 1858 3481 1911 novi
3534 1859 3585 1910 in
3641 1858 3727 1912 his

460 1964 623 2018 homo
655 1978 871 2018 vaccam
897 1963 1082 2028 boum,
1102 1971 1157 2016 et
1186 1962 1323 2016 duas
1353 1977 1504 2029 oves,
1545 1972 1598 2017 et
1633 1979 1742 2030 prae
1779 1963 2035 2018 ubertate

461 2055 620 2110 lactis
669 2056 916 2110 comedet
965 2054 1221 2125 butyrum
1271 2073 1286 2109 :
1339 2055 1593 2126 butyrum
1635 2056 1780 2110 enim
1832 2067 1887 2110 et
1940 2056 2044 2111 mel

463 2145 813 2200 manducabit
866 2145 1066 2210 omnis,
1120 2144 1215 2214 qui
1263 2145 1484 2200 relictus
1540 2144 1705 2200 fuerit
1763 2149 1815 2201 in
1863 2148 2044 2204 medio

462 2253 645 2296 terrae.
677 2240 744 2295 Et
779 2242 883 2296 erit
919 2241 972 2295 in
1004 2239 1093 2295 die
1145 2240 1256 2306 illa,
1284 2240 1464 2296 omnis
1505 2240 1656 2296 locus
1709 2242 1797 2295 ubi
1838 2241 2043 2297 fuerint

464 2333 612 2390 mille
643 2335 784 2389 Vites
823 2333 967 2388 mille
994 2335 1289 2402 argenteis,
1322 2341 1378 2388 et
1405 2333 1461 2387 in
1509 2333 1722 2403 spinas,
1754 2343 1808 2388 et
1854 2334 1908 2388 in
1951 2349 2046 2388 ve-

464 2440 592 2494 pres
622 2437 802 2480 erunt.
830 2426 964 2480 Cum
998 2423 1210 2494 sagittis
1243 2432 1298 2478 et
1320 2438 1448 2478 areu
1473 2425 1841 2496 ingredieatur
1863 2406 1988 2482 illnc
2022 2442 2037 2480 :

463 2531 657 2587 vepres
691 2517 859 2580 enim,
899 2524 951 2570 et
991 2516 1161 2586 Spinae
1197 2525 1359 2569 erunt
1391 2515 1444 2569 in
1476 2515 1728 2570 universa
1765 2525 1930 2572 terra.
1978 2515 2046 2572 Et

464 2623 656 2664 omnes
682 2616 896 2662 montes
923 2608 1013 2676 qui
1039 2608 1093 2660 in
1131 2606 1348 2662 sarculo
1377 2608 1699 2673 sarricntur,
1731 2622 1836 2662 non
1867 2608 2045 2662 veniet

414 2755 422 2764 _
465 2702 594 2763 illuc
621 2712 800 2756 terror
821 2703 1105 2770 spinarum
1131 2708 1187 2754 et
1221 2698 1490 2768 veprium,
1543 2708 1600 2752 et
1622 2701 1726 2752 erit
1759 2699 1812 2752 in
1839 2712 2040 2766 pascua

464 2793 640 2856 bovis,
665 2802 718 2848 et
744 2793 797 2845 in
822 2791 1295 2846 conculcatienem
1337 2789 1576 2860 pecoris.
1613 2807 1632 2841 ι
1659 2787 1790 2844 Post
1812 2787 2044 2843 subver-

465 2887 672 2940 siooem
715 2883 872 2954 115
901 2882 1226 2946 Jerusalem,
1261 2894 1317 2938 et
1349 2882 1725 2952 captivitatem
1759 2880 1963 2950 pepuli,
1991 2889 2048 2935 et

465 2976 652 3046 templi
707 2977 1042 3040 incendium,
1093 2974 1454 3029 Nabuzardan
1502 2973 1753 3044 princeps
1813 2972 2043 3038 militiae,

467 3083 630 3138 quem
663 3067 803 3123 LXX
826 3069 1230 3138 ἀρχιμάγειρον
1251 3076 1468 3133 vocant,
1497 3080 1704 3138 paucos
1729 3067 1793 3120 de
1817 3063 2042 3135 populo,

465 3175 522 3218 et
552 3177 646 3216 eos
691 3177 960 3231 pauperes
1013 3160 1298 3229 dereliquit
1339 3160 1391 3214 in
1438 3168 1605 3226 terra,
1641 3159 1737 3230 qui
1767 3157 1956 3213 vineas
1985 3167 2039 3212 et

467 3269 626 3322 agros
671 3253 934 3307 colerent.
982 3253 1226 3321 Denique
1266 3250 1543 3316 Godolias,
1585 3251 1676 3320 qui
1715 3251 1795 3304 eis
1830 3262 2039 3318 praepo-

467 3346 606 3400 situs
656 3354 775 3395 erat
822 3344 889 3395 de
941 3344 1091 3412 regio
1141 3356 1338 3412 genere
1384 3341 1635 3405 relictus,
1674 3338 1927 3393 hortatur
1989 3346 2045 3392 et

468 3435 605 3490 dicit
641 3449 654 3486 :
691 3431 870 3487 Nolite
905 3435 1087 3488 timere
1129 3432 1428 3494 Chaldwos,
1461 3431 1696 3484 ltabitate
1721 3433 1771 3481 in
1803 3441 1967 3492 terra,
1994 3439 2042 3484 et

466 3531 653 3584 seruile
695 3529 805 3598 regi
839 3526 1146 3596 Babylonis,
1189 3534 1238 3578 et
1277 3524 1400 3577 bene
1450 3524 1552 3579 erit
1593 3521 1735 3584 vobis
1768 3517 1871 3591 (IV
1919 3519 2041 3590 Reg.

468 3637 599 3684 xxv,
621 3621 733 3688 9.4).
765 3619 823 3674 In
846 3619 938 3675 die
969 3617 1135 3687 igitur
1167 3615 1278 3680 illa,
1323 3615 1427 3670 hoc
1451 3622 1558 3680 est,
1586 3615 1638 3667 in
1681 3613 1775 3668 illo
1805 3622 2046 3681 tempore

470 3729 594 3768 cum
649 3712 857 3767 fuerint
894 3723 1086 3765 omnes
1129 3721 1260 3775 opes
1305 3703 1618 3760 Judmorum
1665 3702 1943 3759 translatae
1991 3703 2045 3756 in

469 3805 804 3869 Chaldaeum,
850 3807 998 3855 tanta
1030 3798 1267 3854 solitudo
1308 3797 1414 3853 erit
1459 3799 1510 3852 in
1548 3806 1691 3852 terra
1739 3795 1961 3860 Judazae,
1992 3802 2048 3849 et

471 3910 580 3953 tam
615 3894 952 3951 incredibilis
998 3892 1244 3957 vastitas,
1298 3899 1356 3944 ut
1409 3903 1752 3959 nequaquam
1800 3895 2045 3941 armenta

468 3993 632 4048 boum
667 3989 920 4050 habeant,
980 3999 1081 4038 nec
1125 3996 1317 4054 greges
1347 3981 1554 4047 ovium,
1589 3981 1729 4036 sicut
1761 3977 1912 4048 prius
1955 3978 2050 4031 ha-

470 4087 599 4138 bere
623 4084 1052 4140 consueverant,
1105 4076 1201 4131 sed
1252 4076 1335 4128 vix
1372 4087 1529 4128 rarus
1554 4072 1832 4126 habitator
1877 4083 2043 4123 unam

469 4187 694 4228 vaccam
723 4171 932 4225 nutrire
966 4170 1159 4239 possit,
1182 4175 1237 4222 et
1266 4167 1401 4220 duas
1429 4177 1595 4229 oves;
1631 4175 1740 4216 non
1785 4161 1851 4216 ad
1880 4175 2045 4214 aran-

470 4267 623 4330 dum,
653 4265 746 4318 sed
782 4264 846 4316 ad
875 4262 1079 4325 cibum,
1112 4266 1278 4326 atque
1307 4256 1562 4311 vestitum
1587 4252 1767 4318 lactis,
1794 4267 1857 4307 ac
1878 4251 2048 4306 velle-

474 4359 569 4410 ris.
601 4354 832 4424 Propter
865 4352 1102 4420 inepiam
1149 4349 1352 4417 quippe
1381 4347 1664 4411 frumenti,
1699 4356 1753 4401 et
1779 4343 2045 4410 omnium,

470 4462 592 4517 qua:
620 4454 763 4501 terra
795 4443 969 4512 gignit
998 4442 1064 4496 ad
1092 4438 1513 4503 comedendum,
1555 4438 1694 4492 lacte
1717 4451 1780 4491 ac
1828 4437 2044 4506 butyro,

2145 1955 2281 2010 locis
2343 1955 2664 2009 latissimam
2712 1961 2767 2008 et
2818 1950 3248 2006 inextricabilem
3305 1950 3663 2020 tropologiam
3707 1965 3724 2004 :

2142 2046 2285 2116 quod
2337 2047 2612 2110 universa,
2642 2059 2762 2113 qure
2818 2041 2970 2110 juxta
3003 2026 3299 2095 historiam
3333 2040 3724 2106 disseruimus,

2143 2136 2499 2207 spiritualiter
2545 2133 2750 2189 Judmis
2806 2130 3129 2199 acciderint,
3184 2130 3276 2184 vix
3313 2144 3470 2183 unam
3521 2128 3729 2184 haben-

2145 2229 2288 2284 tibus
2312 2242 2530 2283 vaccam
2561 2235 2616 2280 et
2647 2226 2784 2280 duas
2813 2237 2967 2286 oves,
2992 2223 3191 2277 munda
3231 2220 3479 2276 videlicet
3513 2218 3728 2273 anima-

2145 2320 2240 2384 lia,
2285 2327 2345 2372 ut
2365 2332 2708 2387 neqttaquam
2737 2312 2913 2370 solido
2942 2313 3086 2378 cibo,
3109 2311 3205 2366 sed
3234 2311 3373 2366 lacte
3405 2311 3728 2366 nutriantur

2148 2409 2411 2473 infantiae,
2446 2419 2500 2463 et
2528 2409 2815 2464 comedaut
2849 2404 3008 2460 mella
3055 2404 3369 2466 verborum,
3402 2417 3521 2471 qua:
3546 2401 3726 2456 distil-

2148 2500 2260 2554 lant
2294 2504 2360 2554 de
2403 2499 2562 2554 labiis
2612 2497 2856 2552 mulieris
2901 2495 3242 2561 meretricis;
3298 2503 3353 2549 et
3394 2494 3578 2546 vinum
3617 2509 3727 2547 non

2149 2592 2407 2658 habeant,
2450 2591 2592 2660 quod
2643 2588 2880 2643 laetificat
2934 2603 3031 2642 cor
3080 2587 3343 2651 hominis,
3397 2583 3493 2639 sed
3540 2585 3725 2638 omnia

2149 2703 2338 2742 eorum
2381 2702 2545 2756 opera
2578 2685 2894 2756 redigantur
2930 2684 2984 2738 in
3032 2683 3242 2753 spinas,
3276 2692 3333 2734 ut
3367 2680 3728 2734 vulnerentur

2150 2781 2217 2834 ab
2246 2779 2599 2838 adversariis.
2641 2781 2732 2850 qui
2781 2778 3098 2849 percutiunt
3149 2777 3202 2830 in
3261 2776 3494 2830 obscuro
3547 2784 3727 2827 rectus

2147 2872 2312 2926 corde
2370 2867 2542 2940 (Psal.
2581 2872 2657 2940 x).
2702 2870 2854 2936 Quod
2907 2870 2951 2925 si
2992 2869 3208 2938 quando
3244 2865 3513 2920 voluerint
3560 2865 3727 2920 altius

2149 2962 2426 3032 quippiam
2450 2975 2663 3031 sapere,
2683 2970 2738 3016 et
2771 2960 2939 3015 nimio
2962 2960 3143 3014 labore
3177 2957 3440 3012 sudantes
3472 2955 3535 3008 de
3571 2956 3726 3009 Scri-

2150 3053 2322 3121 pturis
2355 3053 2555 3108 sanctis
2589 3053 2872 3122 mysticum
2895 3051 3098 3119 aliquid
3127 3051 3390 3113 invenire,
3444 3046 3726 3101 nihilomi-

2152 3157 2255 3196 nus
2277 3141 2462 3212 fruges
2487 3156 2592 3195 non
2618 3139 2848 3195 atlerant
2869 3139 3152 3203 doctrinae,
3177 3138 3270 3192 sed
3295 3136 3552 3206 vepribus
3575 3150 3730 3190 com-

2150 3234 2401 3302 pleantur
2431 3243 2486 3288 et
2523 3233 2721 3301 spinis,
2755 3245 2876 3301 quae
2907 3229 3162 3286 oriuntur
3204 3231 3256 3284 in
3287 3228 3536 3282 manibus
3561 3227 3726 3282 ebrii.

2149 3325 2217 3380 Et
2250 3340 2588 3395 nequaquam
2625 3335 2770 3380 terra
2796 3340 2984 3380 eorum
3031 3334 3194 3392 atque
3231 3321 3498 3384 doctrina,
3527 3320 3595 3374 ab
3631 3323 3729 3373 ho-

2149 3417 2408 3480 minibus,
2447 3416 2803 3472 rationalibus
2853 3415 3253 3487 animantibus,
3310 3413 3405 3469 sed
3447 3427 3477 3465 a
3527 3411 3728 3476 bobus,

2149 3526 2384 3580 quorum
2424 3510 2564 3564 Deus
2594 3520 2918 3564 curam'non
2949 3507 3130 3574 habet,
3165 3516 3218 3562 et
3253 3523 3283 3562 a
3319 3506 3492 3561 brutis
3517 3507 3731 3560 anima-

2147 3601 2288 3656 libus
2320 3600 2695 3655 conculcetur.

2219 3693 2371 3764 (Cap.
2413 3689 2550 3746 Vill.
2573 3720 2642 3730 -—
2666 3689 2818 3745 Vers.
2857 3687 3006 3757 1-4.)
3039 3706 3059 3741 ί
3097 3688 3161 3742 Et
3187 3687 3325 3742 dixit
3355 3687 3618 3741 Dominus
3655 3687 3726 3740 aJ

2150 3800 2279 3839 me:
2312 3784 2480 3839 Sume
2514 3781 2610 3838 tibi
2661 3782 2856 3835 librum
2908 3779 3187 3850 grandem,
3230 3788 3284 3833 et
3318 3780 3496 3833 scribe
3550 3779 3602 3831 in
3658 3793 3727 3831 eo

2149 3873 2287 3943 stylo
2321 3872 2573 3936 hominis,
2622 3871 2882 3926 velociter
2930 3869 3100 3940 spolia
3141 3869 3389 3936 detrahe,
3441 3870 3552 3924 cito
3587 3883 3728 3940 prae-

2149 3967 2302 4020 dare.
2328 3965 2393 4019 Et
2423 3963 2638 4018 adhibui
2672 3963 2804 4018 mihi
2831 3970 2994 4017 testes
3019 3961 3226 4026 fideles,
3258 3961 3440 4018 Uriam
3469 3965 3728 4017 sacerdo-

2154 4066 2260 4112 tem
2293 4059 2335 4121 ',
2369 4066 2423 4111 et
2458 4054 2781 4110 Zachariam
2815 4054 2982 4108 lilium
3018 4053 3315 4118 Baracbite,
3345 4062 3402 4106 et
3432 4055 3636 4108 accessi
3663 4055 3756 4118 ad_

2150 4149 2574 4221 prophetissam,
2607 4156 2662 4204 et
2689 4147 2962 4215 concepit,
2998 4156 3055 4200 et
3089 4146 3296 4216 peperit
3332 4144 3521 4199 filium.
3551 4141 3620 4198 Et
3647 4145 3730 4199 di-

2150 4244 2228 4297 xit
2275 4241 2534 4298 Dominus
2576 4243 2641 4295 ad
2675 4254 2760 4295 me
2796 4256 2811 4295 :
2844 4238 2990 4294 Voca
3027 4253 3224 4293 nomen
3265 4236 3404 4307 ejus,
3459 4239 3731 4303 accelera,

2150 4334 2320 4404 spolia
2359 4333 2604 4399 detrahe,
2652 4333 2847 4388 festina
2907 4330 3184 4396 praedari:
3227 4329 3352 4397 quia
3435 4339 3729 4399 antequam

2153 4426 2293 4480 sciat
2330 4440 2465 4495 puer
2501 4439 2698 4480 vocare
2744 4434 2949 4494 patrem
2984 4439 3163 4488 suum,
3194 4434 3247 4478 et
3279 4431 3508 4477 matrem
3540 4437 3726 4486 suam,

472 4508 528 4598 g,
549 4540 750 4611 agresti
785 4508 942 4593 ιξιέηθ
973 4542 1281 4591 νεερεηιυιη,
1307 4532 1568 4600 Quodque
1608 4531 1707 4593 ait,
1741 4527 1864 4582 Ρνω
1890 4529 2046 4581 ab"-
2082 4537 2127 4592 ι)
2156 4515 2437 4570 auferetur
2467 4515 2731 4571 fortitudo
2758 4512 3033 4575 Damasci,
3065 4521 3118 4564 et
3141 4511 3310 4580 spnlia
3341 4508 3602 4564 Samaria:
3631 4523 3728 4564 co-

471 4644 576 4689 tate
618 4631 769 4686 lactis
807 4629 1040 4683 comedet
1087 4627 1356 4695 butyrum,
1403 4624 1509 4676 hoc
1559 4621 1846 4690 significat,
1901 4617 2041 4684 quati

473 4738 620 4781 terra
651 4721 923 4778 cultorum
961 4717 1186 4771 raritate
1222 4713 1454 4770 fertilior
1488 4719 1584 4779 stt,
1632 4719 1688 4764 et
1714 4709 1885 4778 magis
1919 4717 2043 4776 apta

473 4820 715 4891 pascuis.
735 4816 793 4872 In
843 4815 934 4870 illo
966 4821 1212 4881 tempore
1258 4824 1368 4878 pra:
1415 4809 1691 4861 hominum
1745 4804 2043 4874 paucitate,

471 4921 623 4968 tanta
663 4911 771 4966 erit
799 4908 908 4963 vini
963 4905 1146 4974 inopia
1188 4900 1422 4956 desertis
1469 4897 1666 4962 vineis,
1714 4911 1835 4965 qua:
1893 4905 2041 4947 metu

474 5005 655 5058 hostili
706 5014 1047 5070 nequaquam
1109 4994 1465 5065 putabuntur,
1519 5001 1575 5044 ut
1633 4987 1861 5059 singulae
1911 4985 2045 5040 vites

475 5099 622 5151 siclis
678 5096 948 5163 argenteis
999 5089 1227 5160 singulis
1275 5087 1366 5140 vix
1421 5092 1688 5138 emantur.
1741 5084 1799 5134 In
1853 5093 2046 5146 vepres

479 5195 617 5241 “nim
649 5199 701 5239 et
726 5189 774 5240 in
811 5188 995 5254 spinas
1034 5184 1212 5239 omnis
1250 5191 1394 5235 terra
1429 5179 1703 5248 redigetur
1737 5193 1750 5228 :
1791 5186 2046 5243 tantaque

476 5288 580 5338 erit
617 5285 868 5343 IUtllllth,
909 5283 1107 5346 ubique
1129 5276 1476 5331 satviettlibus
1504 5270 1718 5339 gladiis,
1741 5277 1799 5320 ut
1840 5267 2046 5331 absque

475 5391 604 5430 arcu
622 5385 677 5427 et
709 5372 918 5441 sagittis
946 5369 1122 5423 nullus
1151 5381 1307 5422 suum
1346 5379 1535 5434 agrum
1567 5361 1800 5413 invisere
1826 5357 2044 5418 audeat,

474 5481 530 5522 et
581 5463 860 5521 derelictis
894 5457 1292 5529 campestribus
1327 5455 1480 5520 locis,
1518 5453 1584 5507 ad
1625 5458 1881 5505 montana
1911 5460 2046 5501 con-

546 5621 563 5653 ¹
589 5619 666 5674 Ex
700 5614 875 5671 Vatic.
911 5614 1132 5683 partim,
1155 5621 1208 5666 et
1235 5611 1431 5681 partim
1464 5623 1529 5683 ex
1561 5607 1779 5676 ingenio
1804 5603 2048 5683 restitui-

478 5706 596 5744 mus
628 5688 851 5740 Romani
885 5675 1046 5744 orbis,
1073 5675 1170 5750 pro
1192 5675 1299 5750 quo
1314 5689 1474 5734 antea
1505 5675 1853 5733 incommodo
1878 5688 2044 5728 sensu

475 5756 1027 5817 obtinebatﬂomnme
1045 5754 1211 5807 urbis.

550 5833 570 5860 ³
599 5813 778 5881 Uriam
809 5826 1153 5880 sacerdotem
1184 5821 1360 5877 Editio
1384 5817 1702 5873 Erasmiana
1720 5815 1915 5870 retinet
1937 5811 2045 5867 Za-

2159 4625 2274 4663 ram
2310 4624 2434 4678 rege
2474 4606 2840 4677 Assyriorum.
2877 4623 2894 4657 ι
2929 4602 3070 4658 LXX
3114 4618 3209 4672 pro
3235 4602 3373 4656 libro
3401 4599 3613 4671 grandi,
3647 4601 3730 4656 in-

2157 4701 2439 4771 terpretati
2471 4711 2597 4755 sunt
2632 4699 2829 4752 librum
2891 4711 3097 4758 novum,
3135 4702 3184 4748 et
3225 4709 3498 4762 magnum.
3528 4691 3592 4746 Et
3633 4708 3732 4763 pro

2155 4811 2221 4849 eo
2253 4794 2396 4864 quod
2434 4794 2488 4848 iu
2520 4791 2746 4846 Hebraeo
2779 4789 3027 4853 habetur,
3061 4787 3280 4842 adhibui
3313 4787 3440 4841 mihi
3478 4795 3632 4840 testes
3663 4786 3733 4855 [i-

2156 4886 2317 4948 deles,
2342 4883 2622 4946 dixerunt,
2675 4880 2827 4934 adest
2849 4880 3008 4945 enim,
3036 4886 3085 4932 et
3116 4887 3268 4932 testes
3289 4877 3377 4945 [ac
3402 4876 3530 4930 mihi
3548 4875 3732 4945 ﬁdeles

2162 4978 2416 5032 homines.
2445 4975 2507 5028 Et
2541 4990 2636 5044 pro
2669 4971 2799 5028 Uria
2828 4970 3118 5034 sacerdote,
3152 4979 3356 5023 tantum
3396 4966 3603 5031 Uriam,
3628 4982 3734 5022 ca:-

2156 5080 2269 5125 tera
2331 5069 2598 5124 similiter.
2655 5067 2904 5120 Primum
2967 5063 3232 5133 propheta
3295 5061 3492 5116 missus
3539 5071 3624 5116 est
3663 5062 3731 5115 ad

2155 5163 2338 5217 Achaz
2387 5160 2518 5229 (Isa.
2554 5159 2676 5228 vn),
2733 5170 2786 5213 ut
2828 5159 2876 5212 ei
2929 5156 3242 5226 praediceret
3285 5170 3401 5223 qum
3451 5152 3729 5221 Scriptura

2157 5263 2585 5310 connnemorat:
2633 5267 2741 5319 qno
2796 5251 2989 5306 audire
3027 5249 3259 5309 nolente,
3299 5247 3414 5314 ipse
3473 5245 3733 5299 Dominus

2156 5349 2396 5416 loquitur
2420 5349 2486 5402 ad
2512 5348 2716 5408 Achaz,
2741 5357 2791 5399 et
2819 5344 3070 5413 prazcepit
3124 5342 3196 5406 ei,
3231 5351 3287 5393 ut
3343 5348 3486 5406 petat
3526 5338 3628 5391 sibi
3663 5337 3735 5389 si-

2157 5458 2318 5514 gnum
2348 5442 2400 5495 in
2430 5440 2780 5509 profundum,
2807 5437 2923 5491 sive
2959 5436 3010 5487 iu
3049 5433 3344 5488 excelsum.
3367 5431 3483 5496 Quo
3510 5443 3732 5498 respon—

2155 5604 2390 5657 chariam
2427 5615 2524 5670 pro
2553 5594 2840 5670 Uriam._in
2868 5592 3076 5670 aliquot
3106 5586 3501 5670 antiquissimis
3528 5585 3728 5666 codici-

2158 5676 2257 5728 bus
2285 5660 2716 5738 mssflegebatur
2748 5660 3040 5738 Zacharias
3058 5663 3232 5738 prima
3260 5675 3419 5712 manu
3453 5660 3688 5738 scriptus
3711 5669 3726 5719 ;

2155 5724 2253 5800 sed
2273 5724 2652 5797 emendautores
2679 5736 3031 5791 restituerunt
3052 5724 3194 5786 Uria:
3217 5743 3435 5783 nomen.
3463 5724 3728 5781 Mantum.
