3980 6200
289 263 387 329 117

992 272 1494 337 (ἸΟΜΜΕΝἸἈΒ.
1547 275 1632 335 ΙΝ
1671 277 1891 337 ΙΒΑΙΑ)

1998 281 2464 346 PROPHETAM
2502 287 2647 345 LIB.
2684 288 2799 348 Ill.

3456 286 3555 353 118

288 385 477 446 dente,
496 382 617 438 Non
634 395 826 454 petam,
849 396 898 441 et
932 405 1030 440 non
1055 392 1263 442 tentabo
1296 392 1579 445 Dominmn
1605 407 1621 445 :
1649 392 1874 444 dimisso
1903 408 1948 461 Α
1980 396 2082 452 bus
2119 396 2234 472 (Ps.
2269 417 2446 464 vau;
2485 401 2678 470 Ephes.
2709 418 2782 466 tv,
2812 403 2891 470 8).
2935 402 2999 456 Et
3047 411 3332 472 antequam
3365 403 3552 456 lunna-

287 487 423 542 rege
452 476 638 543 impio,
671 477 739 530 ad
768 475 988 532 domum
1035 478 1204 532 David
1235 479 1327 534 Dei
1364 482 1524 535 verba
1563 491 1866 546 vertuntur,

289 578 347 622 et
381 567 719 634 promittitur
765 570 814 624 ei
844 568 1008 640 Virgo
1045 572 1284 640 paritura
1351 573 1540 635 liliutu,
1577 570 1734 638 cujus
1774 587 1868 624 no-

290 670 423 712 men
455 660 527 711 sit
550 656 890 724 Emmanuel,
926 659 1030 716 hoc
1077 671 1180 728 est,
1218 663 1486 716 nobiscum
1521 664 1679 733 117
1707 663 1868 718 Deus.

293 747 405 812 Qui
445 750 490 802 si
524 751 720 804 crebro
751 749 917 806 fuerit
965 753 1266 817 invocatus,
1314 753 1560 808 Samaria
1592 758 1876 809 subverta-

296 846 391 889 tor
425 846 476 892 et
511 836 664 906 Syria
692 857 710 916 ξ
736 844 1080 894 subvertatur
1112 855 1291 895 autem
1312 857 1341 894 a
1365 858 1488 910 rege
1506 844 1874 912 Assyriorum,

295 930 395 998 qui
423 939 479 981 et
503 929 676 997 ipsum
703 928 894 985 Judam
920 942 1105 1000 postea
1129 942 1386 1002 capturus
1415 935 1486 986 sit
1530 950 1545 999 ;
1576 935 1648 988 ita
1675 944 1730 986 ut
1761 949 1877 988 om-

297 1021 392 1073 nis
427 1031 572 1075 terra
599 1019 801 1077 Juda'aa
847 1033 1091 1078 vertatur
1122 1025 1174 1079 in
1227 1025 1599 1080 solitudinem.
1631 1023 1875 1079 Rursum

297 1127 437 1180 ergo
467 1116 568 1166 sub
590 1112 691 1166 alia
741 1115 908 1182 figura
970 1125 1160 1184 partus
1207 1117 1531 1172 describitur
1583 1117 1876 1186 virginalis.

298 1203 371 1256 Et
403 1204 535 1258 dixit
563 1204 820 1260 Dominus
855 1207 920 1260 ad
947 1210 1294 1277 prophetam,
1350 1221 1408 1263 ut
1450 1224 1795 1279 nequaquam
1825 1209 1878 1262 in

299 1295 530 1365 populos
552 1297 798 1366 proferat
818 1315 969 1354 novae
990 1302 1290 1356 nativitatis
1310 1316 1594 1366 arcanum,
1624 1304 1718 1357 sed
1741 1303 1883 1357 scri-

304 1390 406 1444 bat
430 1404 550 1444 eam
579 1390 633 1443 in
677 1392 780 1446 isto
829 1392 1018 1460 grandi
1050 1392 1349 1459 volumine,
1379 1394 1526 1464 quod
1572 1410 1712 1449 llllllc
1752 1395 1885 1464 legi-

305 1495 461 1536 mus.
522 1481 592 1536 Et
629 1497 738 1550 quo
798 1483 870 1537 sit
904 1483 1226 1551 mirabilius,
1277 1487 1530 1542 humanis
1578 1488 1782 1554 verbis,
1830 1497 1885 1543 et

304 1573 470 1642 stylo,
489 1587 598 1641 quo
631 1573 884 1634 homines
927 1576 1169 1630 scribere
1199 1587 1622 1642 consueverunt,
1674 1579 1767 1633 Dei
1800 1594 1886 1632 sa-

310 1676 596 1719 cramenta
635 1668 1080 1736 comprehendat.
1110 1668 1250 1734 Quid
1280 1681 1363 1724 est
1386 1681 1564 1723 autem
1589 1670 1719 1724 illud
1740 1669 1886 1738 quod

315 1756 576 1810 scribitur
599 1758 834 1812 humano
872 1760 1059 1830 stylo‘l
1109 1759 1175 1815 Ut
1219 1777 1359 1831 puer
1403 1772 1562 1816 natus
1623 1762 1886 1817 velociter

309 1847 480 1913 spolia
514 1843 784 1912 detrahat,
810 1860 864 1904 et
893 1851 1004 1905 cito
1030 1853 1323 1920 praedetur,
1362 1854 1463 1907 hoc
1493 1863 1602 1916 est,
1645 1867 1712 1908 ne
1741 1853 1884 1907 ultra

316 1939 557 2004 patiatur
577 1953 805 2008 regnare
823 1940 1095 1996 diabolum
1122 1956 1137 1995 :
1175 1959 1274 1998 nec
1297 1943 1475 1998 mittat
1500 1945 1756 2015 Angelos,
1786 1958 1886 1998 nec

315 2026 610 2093 prophetas
644 2042 661 2092 ;
696 2027 789 2084 sed
844 2029 915 2082 ad
951 2031 1244 2087 salvandas
1273 2046 1556 2088 creaturas
1607 2048 1736 2088 suas
1768 2034 1887 2102 ipse

311 2116 627 2175 descendat.
652 2119 802 2175 Facit
841 2137 973 2190 ergo
1007 2123 1266 2192 propheta
1321 2126 1466 2194 quod
1518 2127 1730 2193 jussum
1777 2134 1883 2188 est,

313 2219 368 2260 et
409 2209 628 2263 adhibet
657 2210 758 2264 sibi
783 2211 923 2266 duos
952 2221 1118 2268 testes
1146 2213 1353 2280 ﬁdeles,
1392 2215 1573 2269 Uriam
1627 2213 1886 2269 sacerdo-

316 2311 447 2362 tem,
477 2301 564 2368 qui
599 2302 733 2371 legis
761 2303 956 2358 doctor
987 2315 1092 2366 est,
1123 2307 1333 2360 dicente
1364 2306 1629 2360 Malachia
1663 2324 1677 2361 :
1726 2304 1886 2359 Labia

310 2393 598 2448 sacerdotis
645 2397 940 2449 custodient
990 2397 1290 2462 scientiam,
1326 2408 1376 2453 et
1430 2400 1591 2469 legem
1623 2401 1887 2470 requirent

315 2501 384 2537 ea:
432 2501 518 2538 ore
566 2488 702 2555 eius,
759 2490 884 2552 quia
940 2489 1165 2560 Angelus
1201 2491 1412 2544 Domini
1458 2494 1780 2545 exercituum
1809 2500 1886 2544 est

313 2575 574 2642 (.Halach.
612 2593 674 2640 ll,
721 2577 775 2642 7)
812 2594 827 2632 :
861 2588 915 2632 et
979 2579 1303 2636 Zachariam
1364 2581 1531 2635 lilium
1585 2582 1885 2644 Barachize,

315 2679 478 2733 quem
511 2668 830 2733 prophetam
860 2666 1049 2731 fuisse,
1079 2668 1303 2723 dubium
1329 2684 1438 2724 non
1473 2678 1580 2724 est.
1612 2669 1885 2740 Legimus,

314 2757 464 2821 quod
497 2767 758 2828 regnante
788 2759 990 2822 Achaz,
1015 2759 1173 2814 Urias
1201 2761 1460 2816 sacerdos
1487 2762 1653 2816 fuerit
1678 2761 1886 2829 Templi

315 2848 528 2902 Domini
568 2851 583 2880 ¹
610 2849 708 2915 (ιγ
735 2850 861 2921 Reg.
897 2851 970 2921 tv)
1003 2869 1016 2906 :
1052 2853 1138 2906 cui
1176 2855 1430 2923 praecepit
1474 2855 1679 2921 Acbaz,
1720 2866 1782 2910 ut
1814 2855 1893 2908 al-

315 2951 439 2996 tare
459 2943 635 2996 simile
658 2943 846 2998 altaris
873 2942 1123 3000 Damasci
1159 2945 1381 3004 faceret.
1417 2947 1484 3001 Et
1515 2946 1734 3002 Dierum
1765 2962 1888 3001 nar-

1978 509 2105 547 num
2142 507 2339 560 corpus
2369 502 2673 546 assumeret
2706 510 2720 547 :
2753 502 2809 548 et
2831 495 2984 561 juxta
3015 495 3300 548 infantiam
3343 503 3549 562 patrem

1977 595 2194 638 vocaret
2224 583 2415 646 Deum,
2447 593 2502 636 et
2530 594 2753 636 matrem
2797 583 3044 649 Mariam,
3109 585 3385 638 auferetur
3445 583 3553 636 Da—

1979 678 2147 731 masci
2182 675 2464 740 fortitudo,
2504 684 2558 728 et
2585 675 2752 744 spolia
2786 675 3049 731 Samaria:
3087 691 3182 745 per
3236 690 3417 743 regem
3455 675 3554 728 As-

1980 772 2244 840 syriorum
2274 785 2289 823 :
2319 778 2378 822 ut
2403 769 2630 822 necdum
2659 780 2818 822 natus
2842 770 3100 839 populum
3128 784 3306 831 suum,
3335 769 3552 822 dommn

1982 863 2168 927 David,
2201 862 2313 915 sola
2342 861 2680 916 invocatione
2707 863 2960 916 salvaret.
2985 861 3145 916 Urias
3165 863 3556 930 interpretatur

1983 955 2073 1008 lux
2107 954 2314 1007 Domini
2341 970 2360 1018 ;
2391 951 2708 1017 Zacharias,
2739 954 2993 1006 memoria
3061 953 3271 1005 Domini
3298 968 3316 1014 ;
3363 963 3420 1006 et
3453 950 3556 1004 Ba-

1984 1046 2220 1109 rachias,
2248 1044 2536 1098 benedictio
2570 1043 2783 1097 Domini
2810 1061 2828 1098 :
2857 1044 3054 1113 quibus
3086 1043 3314 1097 testibus
3346 1042 3553 1096 Christi

1987 1135 2246 1190 nativitas
2269 1133 2675 1203 comprobatur.
2702 1134 2825 1203 Ipse
2850 1134 2993 1188 enim
3024 1133 3076 1186 in
3106 1132 3397 1202 Evangelio
3419 1133 3558 1186 duo-

1987 1228 2086 1280 bus
2118 1225 2374 1280 euntibus
2411 1226 2462 1278 in
2517 1222 2774 1278 Emmaus
2816 1221 2966 1293 (Luc.
3027 1221 3172 1290 xxtv)
3211 1221 3474 1290 incipiens
3523 1236 3553 1272 a

1986 1321 2133 1376 Mose
2162 1329 2216 1374 et
2259 1319 2574 1389 pmphetis,
2605 1318 2902 1373 edisseruit
2951 1318 3094 1386 quod
3134 1316 3202 1372 de
3261 1331 3320 1372 se
3375 1315 3556 1370 omnia

1989 1411 2426 1480 prephetassent.
2457 1407 2621 1464 Juxta
2653 1409 3035 1479 tropoIOgiam,
3072 1409 3128 1464 in
3160 1409 3342 1463 anima
3392 1408 3560 1474 virgi-

1989 1503 2122 1566 nali,
2154 1511 2212 1558 et
2244 1501 2385 1556 nulla
2409 1503 2569 1557 sorde
2600 1503 2888 1568 maculata,
2915 1501 2980 1556 de
3007 1502 3213 1570 Spiritu
3251 1509 3437 1556 sancto
3467 1499 3558 1554 Dei

1990 1608 2170 1648 sermo
2198 1603 2516 1660 conceptus,
2553 1593 2816 1648 velociter
2845 1595 2909 1648 de
2960 1593 3286 1647 adversariis
3323 1599 3562 1658 potesta-

1993 1688 2136 1741 tibus
2174 1685 2343 1754 spolia
2374 1685 2632 1750 detrahit,
2667 1696 2720 1740 ct
2753 1685 2854 1740 sibi
2895 1685 3024 1738 facit
3054 1685 3303 1739 universa
3334 1683 3558 1738 servire.

1987 1778 2233 1845 Curaque
2262 1791 2326 1830 ex
2366 1784 2516 1845 parte
2551 1790 2695 1829 nunc
2724 1775 3009 1841 videat,et
3040 1791 3104 1830 ex
3139 1783 3293 1844 parte
3331 1775 3564 1844 prOpbe-

1988 1880 2062 1924 tet
2089 1869 2141 1939 (1
2177 1869 2300 1924 Cor.
2335 1869 2474 1936 xm),
2509 1866 2817 1936 priusquam
2867 1867 3038 1934 possit
3096 1882 3217 1922 esse
3263 1867 3559 1937 perfectus,

1986 1971 2042 2018 et
2092 1962 2289 2015 merito
2340 1975 2534 2015 vocare
2570 1958 2734 2014 Deum
2784 1960 3350 2022 l’atrem,etvmatrem
3397 1974 3558 2014 suam

1987 2053 2260 2108 ctelestem
2291 2049 2612 2116 Jerusalem,
2647 2050 2823 2106 adhuc
2853 2051 2906 2104 in
2945 2050 3176 2105 infantia
3207 2059 3263 2104 et
3297 2050 3348 2104 in
3384 2049 3563 2122 profc-

1987 2157 2086 2200 ctu;
2101 2146 2331 2214 positus,
2353 2145 2534 2199 vincet
2565 2143 2936 2198 fortitudinem
2965 2143 3232 2209 Damasci,
3258 2142 3562 2198 doctrinam

1988 2238 2243 2291 videlicet
2277 2235 2555 2303 sapientia:
2573 2236 2856 2291 saecularis
2885 2251 2904 2289 :
2935 2245 2991 2290 et
3019 2234 3234 2290 auferet
3262 2234 3431 2303 spolia
3457 2233 3562 2287 Sa-

1991 2330 2196 2391 marim,
2247 2328 2449 2396 quibus
2505 2326 2802 2381 Ecclesiam
2863 2326 3102 2380 haeretici
3168 2325 3562 2393 spoliaverunt,

1991 2421 2230 2476 dicentes
2258 2435 2270 2472 ;
2310 2418 2424 2471 Non
2465 2428 2540 2471 est
2595 2419 2739 2470 nobis
2757 2418 2930 2484 portio
2961 2418 3015 2470 in
3043 2415 3229 2482 David,
3262 2431 3422 2484 neque
3451 2414 3564 2469 hce-

1991 2512 2188 2566 reditas
2209 2511 2264 2564 in
2291 2510 2404 2578 ﬁlio
2433 2508 2580 2562 Jme
2601 2507 2720 2576 (IIl
2749 2507 2871 2578 Reg.
2904 2521 3001 2572 xn,
3027 2506 3135 2577 l6),
3160 2515 3425 2576 praesente
3443 2520 3568 2576 rege

1993 2605 2109 2674 ipso
2141 2602 2508 2671 Assyriorum,
2542 2599 2777 2663 diabolo,
2811 2599 2902 2668 qui
2930 2599 3010 2652 eis
3035 2612 3140 2652 non
3174 2596 3379 2666 poterit
3397 2597 3560 2650 auxi-

1993 2697 2131 2750 liari.
2168 2694 2336 2748 Tales
2357 2704 2536 2748 autem
2565 2692 2705 2746 filios
2761 2707 2867 2747 non
2904 2691 3080 2746 solum
3129 2689 3296 2745 Maria
3336 2691 3568 2760 prophe-

1996 2789 2086 2849 tis,
2106 2784 2273 2857 Virgo
2306 2792 2590 2855 perpetua,
2617 2782 2711 2837 sed
2738 2791 2794 2837 et
2823 2791 3021 2836 sanctae
3045 2781 3298 2835 mulieres
3328 2779 3566 2851 patriar-

1995 2879 2114 2934 chis
2147 2884 2426 2948 generant.
2461 2874 2619 2938 Sara,
2643 2889 2764 2942 quae
2795 2873 3187 2940 interpretatur
3213 2870 3478 2942 ἄρχουσα,
3508 2869 3564 2923 id

1993 2981 2094 3037 est,
2128 2973 2407 3041 princeps;
2442 2981 2496 3025 et
2551 2969 2827 3032 Rebecca,
2859 2983 2980 3037 quae
3037 2967 3089 3020 in
3150 2966 3327 3035 lingua
3380 2973 3567 3018 nostra

316 3045 400 3089 rat
425 3035 567 3141 liber.
591 3035 676 3152 (III
715 3034 840 3143 Par.
874 3040 1222 3152 xxix),pqtltod
1256 3041 1515 3152 Ezechias
1545 3042 1687 3097 filius
1705 3041 1888 3152 Acha:
1916 3093 1960 3152 ς
1993 3034 2316 3133 ’,αιἐέηιίηηί
2341 3034 2519 3117 5,,“

317 3131 595 3197 quaesierit
624 3130 902 3186 dominutn
946 3132 1000 3187 in
1033 3133 1223 3189 diebus
1265 3133 1543 3188 Zachariae
1603 3133 1804 3188 eruditi
1835 3136 1886 3187 in

317 3229 516 3276 timore
571 3222 688 3277 Dei.
763 3223 1020 3279 Exhibuit
1099 3235 1277 3279 autem
1327 3241 1387 3280 se
1450 3226 1617 3280 Isaias
1667 3226 1888 3294 dignum

317 3314 513 3382 spiritu
585 3317 905 3383 prophetali,
973 3326 1027 3371 et
1082 3317 1310 3385 praebuit
1389 3316 1774 3385 pr0pbetissae,
1840 3317 1891 3370 id

319 3416 402 3461 est
491 3407 714 3474 Spiritui
783 3417 992 3469 sancto,
1063 3408 1152 3474 qui
1201 3422 1453 3461 sermone
1487 3407 1756 3461 Ht-braico
1795 3423 1927 3461 vo-°

319 3510 478 3552 catur
561 3511 759 3568 genere
819 3497 1080 3552 feminino
1159 3513 1260 3552 nos
1319 3498 1487 3569 (n11),
1543 3497 1892 3565 iuxta,illud

319 3593 461 3660 quod
493 3594 756 3660 scriptum
789 3598 872 3646 est
901 3607 918 3643 :
949 3579 1189 3645 Accedite
1223 3593 1290 3644 ad
1341 3591 1648 3654 Dominum,
1688 3600 1736 3643 et
1771 3589 1896 3642 illu-

322 3685 602 3738 minamini
628 3683 744 3754 (Ps.
771 3695 962 3748 xxxm,‘
996 3684 1074 3755 6).
1105 3683 1312 3753 Spiritu
1343 3684 1523 3754 itaque
1545 3693 1732 3738 sancto
1761 3697 1894 3737 con-

321 3790 511 3848 ceptus
533 3791 617 3833 est
640 3779 918 3834 Dominus.
945 3777 1012 3832 Et
1041 3778 1170 3832 licet
1218 3778 1486 3832 humanus
1525 3791 1706 3832 sermo
1749 3776 1895 3830 nati-

324 3873 509 3926 vitatis
536 3873 654 3940 ejns
681 3880 910 3939 nequeat
939 3869 1211 3943 explicare
1250 3871 1508 3940 mysteria
1541 3887 1555 3924 :
1584 3878 1761 3922 tamen
1787 3867 1897 3922 Ga-

325 3966 457 4017 briel
507 3966 605 4033 ipsi
643 3962 844 4033 Virgini
885 3964 1146 4033 loquitur,
1183 3977 1304 4032 qua:
1332 3963 1581 4033 concepit
1613 3980 1628 4018 ε
1661 3961 1897 4031 Spiritus

325 4067 540 4109 sanctus
571 4057 731 4108 reniet
761 4071 918 4124 super
947 4062 1015 4117 te,
1041 4064 1090 4109 et
1129 4056 1292 4110 virtus
1321 4054 1586 4108 Altissimi
1615 4055 1898 4108 obumbra-

326 4148 394 4200 bit
425 4150 519 4199 tibi
544 4165 563 4197 ;
597 4157 872 4216 propterea
895 4147 1034 4216 quod
1076 4159 1322 4200 nascetur
1342 4162 1409 4200 ea:
1437 4155 1485 4200 te
1515 4155 1773 4209 sanctum,
1813 4161 1902 4200 uo-

325 4239 531 4292 cabitar
577 4237 749 4293 Filius
789 4238 882 4292 Dei
920 4237 1073 4308 (Luc.
1107 4255 1146 4302 ι,
1176 4239 1292 4308 35).
1325 4238 1554 4304 Quidam
1589 4238 1899 4308 prophetis-

326 4349 444 4386 sam
477 4341 723 4386 sanctam
753 4331 978 4385 Mariam
1011 4332 1458 4400 interpretantur,
1479 4346 1641 4400 quam
1675 4331 1902 4401 pr0phe-

2065 3157 2248 3221 (Vers.
2297 3155 2352 3220 5,
2388 3154 2590 3222 seqq.).
2630 3172 2650 3206 ε
2692 3151 2968 3222 Etadjecit
3015 3149 3270 3202 Dominus
3305 3146 3449 3216 loqui
3503 3145 3572 3201 ad

1995 3263 2078 3301 me
2101 3247 2300 3309 adlmc,
2329 3247 2517 3300 dicens
2550 3261 2564 3300 ι
2594 3247 2702 3300 Pro
2717 3260 2781 3298 eo
2811 3243 2952 3309 quod
2987 3241 3182 3310 abjecit
3213 3240 3442 3310 populus
3469 3239 3574 3292 iste

1995 3355 2166 3408 aquas
2203 3337 2370 3396 Siloe.
2395 3354 2514 3406 quae
2547 3337 2753 3391 vadunt
2783 3351 2903 3390 cum
2938 3334 3176 3396 silentio,
3247 3341 3303 3386 et
3350 3345 3572 3387 assum-

1997 3432 2108 3499 psit
2144 3433 2314 3498 magis
2345 3430 2536 3494 Rasin,
2582 3440 2638 3484 et
2671 3429 2839 3482 lilium
2874 3426 3131 3481 Romeliaa
3159 3442 3174 3480 :
3203 3433 3423 3494 propter
3468 3425 3571 3478 hoc

1995 3537 2121 3577 cccc
2145 3521 2403 3576 Dominus
2436 3521 2662 3575 adducet
2687 3535 2848 3588 super
2873 3534 2969 3573 eos
2994 3532 3165 3587 aquas
3195 3514 3436 3569 fluminis
3459 3512 3570 3567 for-

1997 3622 2078 3668 tes
2103 3623 2157 3668 et
2183 3612 2400 3678 multas,
2430 3626 2607 3683 regem
2648 3610 2992 3682 Assyriorum
3017 3619 3072 3664 et
3095 3623 3313 3663 omnem
3345 3605 3573 3673 gloriam

1997 3703 2114 3774 ejus
2142 3720 2158 3770 ;
2195 3712 2249 3758 et
2274 3703 2526 3758 ascendet
2559 3717 2722 3770 super
2761 3716 2948 3754 omnes
2981 3701 3128 3753 rivos
3169 3696 3310 3766 ejus,
3360 3703 3414 3749 et
3443 3693 3576 3746 ﬂuet

1998 3810 2160 3863 super
2197 3795 2477 3848 universas
2510 3797 2652 3861 ripas
2673 3793 2808 3860 ejus.
2841 3792 2907 3846 Et
2936 3790 3035 3846 ibit
3065 3805 3159 3858 per
3179 3787 3372 3843 Judam
3405 3787 3573 3840 iuunv

1998 3887 2155 3950 dans,
2197 3896 2252 3939 et
2289 3885 2556 3938 transiens
2589 3899 2760 3951 usque
2799 3885 2866 3938 ad
2889 3883 3089 3938 collum
3114 3882 3316 3943 veniet,
3365 3889 3420 3933 et
3461 3878 3566 3933 erit

2003 3978 2250 4033 extensio
2273 3977 2480 4030 alarum
2509 3975 2624 4046 ejus
2655 3975 2887 4044 implens
2911 3973 3248 4029 latitudinem
3270 3977 3570 4029 temetum.

2007 4066 2168 4135 119
2203 4083 2237 4121 o
2282 4066 2621 4121 Emmanuel.
2660 4085 2678 4117 ι
2723 4064 2945 4119 Dixerat
3005 4079 3168 4133 supra
3223 4059 3573 4115 auferendam

2003 4160 2256 4212 Damasci-
2271 4159 2662 4219 fortitudinem,
2685 4167 2739 4210 et
2769 4157 2939 4223 spolia
2964 4153 3226 4210 Samariae
3255 4154 3307 4205 in
3340 4167 3570 4220 conspe-

2003 4258 2094 4303 ctu
2145 4249 2288 4316 regis
2339 4249 2708 4317 Assyriorum,
2751 4256 2806 4299 et
2830 4250 2962 4298 duos
3004 4259 3176 4312 rcges,
3206 4242 3426 4312 Assyrio
3474 4255 3576 4308 pu-

2006 4348 2225 4407 gnante,
2257 4339 2544 4407 capiendos
2576 4355 2591 4392 ε
2625 4353 2768 4392 nunc
2799 4337 2939 4392 Deus
2962 4336 3200 4405 loquitur
3245 4335 3313 4388 ad
3347 4331 3580 4406 prepheg

328 4429 406 4478 tiu
441 4429 461 4456 ³
491 4427 682 4488 fuisse,
711 4442 814 4478 non
871 4426 1091 4480 dubium
1123 4435 1207 4480 est
1240 4443 1252 4479 :
1285 4428 1398 4493 ipsa
1459 4426 1604 4479 enim
1663 4426 1900 4494 loquitur
1927 4421 1983 4480 D
2011 4442 2117 4483 tam
2154 4430 2468 4483 charactere
2522 4429 2681 4485 solito
2715 4427 3150 4497 Scripturarum,
3207 4442 3302 4496 per
3339 4425 3573 4480 transla-

330 4519 383 4570 in
416 4518 708 4588 Evangelio
743 4535 758 4570 :
793 4516 928 4572 Ecce
963 4519 1100 4571 enim
1149 4518 1339 4572 amodo
1372 4517 1580 4570 beatam
1619 4533 1700 4570 me
1729 4517 1900 4570 dicent

330 4627 508 4664 omnes
555 4613 914 4680 generationes
948 4627 968 4665 :
998 4613 1244 4680 quoniam
1273 4612 1396 4680 fecit
1426 4611 1554 4662 mihi
1590 4627 1782 4678 magna
1811 4609 1902 4678 qui

330 4713 512 4771 potens
541 4714 616 4757 est
654 4702 806 4770 (Luc.
844 4720 881 4768 ι,
912 4704 1004 4768 68,
1052 4703 1167 4774 49),
1201 4713 1254 4758 et
1287 4704 1513 4773 reliqua.
1557 4702 1904 4772 Praecipitar-

331 4811 439 4863 que
471 4796 632 4866 118
666 4795 837 4856 Isaite.
867 4806 925 4850 ut
959 4796 1132 4863 ipsum
1167 4811 1413 4864 puerum,
1439 4794 1530 4864 qui
1563 4795 1711 4862 prius
1747 4809 1906 4848 voca-

322 4893 494 4941 'batur
539 4887 878 4952 Emmanuel,
925 4903 1072 4943 nunc
1126 4887 1382 4957 appellet,
1425 4889 1684 4954 accelera,
1733 4886 1905 4955 spolia

333 4980 572 5043 detrahe,
614 4979 805 5050 festina
824 4980 1074 5048 prwdari.
1101 4980 1415 5034 Ascendens
1443 4979 1588 5033 enim
1625 4979 1676 5032 in
1709 4978 1904 5041 altum,

332 5075 605 5141 captivam
643 5072 798 5126 duxit
827 5072 1237 5142 captivitatem;
1269 5071 1479 5139 accepit
1502 5071 1638 5125 dona
1669 5070 1906 5124 homini-

415 5212 429 5239 ⁸
463 5211 516 5264 In
556 5210 725 5262 Vatic.
759 5209 1213 5276 tpietnadmodum
1245 5215 1300 5260 et
1336 5206 1388 5258 in
1434 5209 1556 5261 aliis
1583 5206 1906 5276 quibusdam

335 5299 490 5335 loss...
521 5275 830 5333 Martianaéo
863 5289 1090 5343 tcstc,et
1111 5294 1274 5345 penes
1292 5279 1572 5330 Erasmum
1594 5275 1906 5339 Zacharias,

333 5365 438 5419 pro
476 5350 604 5404 Uria
644 5351 923 5402 scribitur.

411 5424 429 5450 ²
465 5421 640 5482 Quam
695 5419 1002 5488 Prop/retin.
1038 5420 1295 5474 Erasmus
1331 5418 1460 5486 legit
1507 5415 1910 5488 ΡνορΙιςιεηγϐι

335 5489 484 5543 infra
511 5485 813 5554 ΡνορΙιρτρεζ
850 5489 1119 5543 Marianos
1168 5500 1346 5541 autem
1379 5489 1649 5540 Victorius
1684 5485 1911 5552 Prophe-

338 5563 417 5611 lin
445 5569 498 5609 et
522 5559 820 5625 I'ropltetis.
858 5559 984 5612 Mss.
1019 5561 1237 5612 codices
1265 5559 1569 5619 primuloco
1598 5555 1910 5622 Prop/tetem

335 5641 393 5681 et
427 5626 866 5695 Prophetissam;
897 5630 1094 5683 deinde
1119 5629 1411 5694 ΡιόρΙιειὶδ.
1449 5625 1595 5679 Ilauc
1621 5627 1908 5677 lectionem

333 5700 515 5753 secuti
562 5699 1185 5766 sumus,tptia,Graecum
1209 5698 1492 5766 Prop/nter
1532 5708 1612 5750 cst
1644 5710 1766 5764 gen.
1804 5711 1912 5747 ma-

2007 4521 2212 4575 tionem
2241 4519 2388 4574 Siloe
2451 4519 2617 4574 fontis
2669 4519 2993 4584 Jerusalem,
3023 4530 3076 4572 et
3103 4518 3309 4589 Assyrii
3337 4515 3578 4570 fluminis

2007 4612 2402 4678 violentissimi,
2434 4614 2578 4683 quod
2607 4626 2822 4666 omnem
2858 4621 3055 4666 terram
3079 4611 3240 4664 Israel
3275 4612 3389 4664 suis
3412 4609 3575 4662 inun-

2007 4707 2097 4760 det
2131 4705 2304 4774 aquis,
2337 4715 2391 4757 et
2419 4703 2728 4772 egrediatur
2773 4705 2919 4773 ripas
2944 4703 3104 4765 alvei,
3142 4712 3398 4769 tantoque
3430 4699 3577 4751 fera-

2010 4807 2098 4850 tur
2129 4798 2353 4867 impetu,
2373 4807 2430 4850 ut
2459 4805 2740 4867 postquam
2767 4798 2951 4852 decem
2995 4797 3232 4850 tribuum
3273 4804 3578 4860 occupave-

2012 4891 2079 4943 rit
2104 4901 2325 4951 terram,
2360 4890 2425 4943 ad
2450 4887 2642 4944 Judam
2677 4889 2979 4958 perveniat,
3005 4898 3058 4940 et
3077 4885 3348 4939 transiens
3371 4883 3435 4936 ad
3470 4880 3583 4935 col-

2010 4984 2121 5037 lum
2155 4997 2324 5050 usque
2379 4982 2656 5053 pertingat
2687 4997 2702 5038 :
2735 4996 2832 5051 per
2861 4994 2982 5049 quae
3027 4978 3258 5031 vicinam
3308 4975 3582 5043 signiﬁcat

2011 5074 2403 5142 captivitatem.
2432 5071 2548 5127 Non
2589 5073 2732 5128 enim
2772 5082 2900 5126 tunc
2934 5080 3128 5139 captus
3153 5075 3238 5123 est
3266 5065 3456 5130 ludas,
3484 5067 3578 5121 sed

2011 5211 2233 5273 sculini',
2255 5212 2526 5278 πρηφῆτις
2558 5207 2840 5271 feminini;
2872 5206 3012 5278 quod
3043 5205 3094 5258 in
3117 5204 3429 5278 accusativo
3453 5218 3578 5255 casu

2014 5283 2176 5335 habet
2233 5275 2540 5349 l’r'oplietin,
2590 5279 2671 5349 vel
2721 5275 3062 5349 PrOphetida.
3116 5275 3284 5349 lforro
3331 5275 3383 5325 in
3442 5287 3578 5328 mss.

2013 5345 2418 5418 exetnplat'ibus
2450 5365 2476 5402 e
2523 5355 2578 5401 et
2624 5348 2641 5400 i
2677 5347 3004 5418 promiscue
3039 5345 3388 5418 scribuntur,
3439 5350 3582 5418 sicut

2014 5411 2378 5475 consonantes
2413 5435 2462 5471 m
2486 5428 2539 5473 et.
2564 5434 2633 5482 ης
2671 5411 2814 5471 unde
2842 5413 3153 5483 Propltetem
3186 5415 3305 5468 loco
3350 5411 3579 5478 Prophe-

2016 5493 2111 5543 tin.
2153 5489 2419 5561 Mantua.
2472 5559 2479 5561 _
2560 5558 2587 5561 Δ
2805 5557 2840 5561 Μ
2935 5555 2944 5561 ,
2999 5555 3010 5561 _
3359 5549 3392 5561 ,,

2086 5590 2154 5599 —-—
2184 5559 2398 5618 Notum,
2438 5559 2516 5610 sic
2549 5558 2734 5611 Graece
2766 5555 2945 5609 tlfcrt'i
2999 5555 3049 5607 iu
3101 5551 3394 5608 accusandi
3450 5564 3581 5604 casu

2015 5630 2308 5698 προφῆτιν,
2344 5628 2736 5697 prophetissam.
