3962 6192
477 321 577 385 111i

1639 328 1697 384 S.
1744 327 2052 387 EUSEBII
2099 330 2537 391 HIERONYMI

3617 330 3716 394 120

474 455 686 506 cunctis
729 454 956 508 duarum
1013 457 1244 509 tribumu
1301 457 1520 512 urbibus
1563 462 1883 530 subjugatis,
1921 464 2037 517 sola
2065 474 2116 531 Α
2141 478 2196 522 ει
2221 469 2426 537 audite,
2464 471 2731 526 universa:
2776 470 2964 540 procul
3005 481 3163 526 terrae
3190 488 3205 525 :
3231 469 3616 526 con.ortamlni
3662 481 3717 527 et

476 544 735 597 remansit
761 540 1083 608 Jerusalem,
1114 563 1231 615 quze
1266 548 1566 602 incredibili
1597 549 1686 604 Dei
1719 553 2031 608 misericor-

474 637 560 686 dia
587 633 810 688 liberata
847 646 947 692 est.
991 637 1288 692 Potentiam
1324 654 1452 707 ergo
1483 641 1687 711 Assyrii
1713 652 1766 697 et
1790 645 2039 700 innume-

476 728 662 782 rabilis
680 729 795 795 ejus
818 714 1107 795 exercitus,
1131 746 1289 800 quam
1313 735 1413 786 sub
1432 734 1666 790 [luminis
1691 736 2040 792 inundatione

479 819 863 887 descripserat,
881 835 1020 873 nunc
1045 834 1138 888 per
1165 821 1322 874 aliam
1347 825 1584 878 ostendit
1606 827 2036 893 translationem,

477 911 620 976 quod
651 909 750 962 alis
778 909 910 974 suis,
929 911 979 962 id
1001 919 1101 972 est,
1128 910 1374 975 ducibus,
1397 923 1449 966 et
1467 914 1674 968 inﬁnita
1701 914 2040 971 multitudine

475 1003 748 1069 operuerit
780 1010 974 1054 terram
1011 1001 1401 1068 Ennnanuelis,
1437 1006 1535 1058 hoc
1559 1014 1663 1069 εει,
1697 1005 2039 1064 defendentis

476 1103 592 1140 eam
653 1086 913 1153 Dei;sed
965 1101 1140 1144 tamen
1185 1107 1288 1144 non
1345 1094 1666 1161 possederit,
1729 1111 2036 1164 quanquam

479 1175 790 1232 Emmanuel
816 1196 842 1232 a
877 1179 1015 1234 LXX
1057 1185 1300 1250 sequenti
1335 1186 1572 1254 capitulo
1605 1197 1902 1258 coaptetur,
1932 1207 2036 1245 non

477 1270 694 1335 pt'nprlu
715 1272 950 1334 tmtnine,
977 1283 1029 1325 ut
1059 1277 1196 1341 apud
1225 1274 1473 1332 llebrazos
1497 1289 1738 1348 vocatur,
1755 1281 1848 1335 sed
1875 1283 2038 1337 inter-

479 1370 704 1422 pretan,
735 1362 784 1414 id
816 1371 916 1427 est,
951 1364 1211 1417 nobiscum
1235 1368 1394 1421 Deus.
1429 1368 1577 1423 Siloe
1622 1384 1796 1426 autem
1837 1374 2036 1430 fontem

478 1465 598 1502 o-sse
625 1450 689 1503 ad
718 1452 924 1506 radices
949 1458 1145 1508 montis
1183 1454 1336 1519 Sion,
1365 1460 1452 1526 qui
1487 1476 1592 1513 non
1621 1462 1840 1531 iugibus
1863 1465 2035 1533 aquis,

481 1541 573 1591 sed
601 1540 650 1592 in
687 1543 848 1597 certis
881 1543 1029 1598 horis
1055 1546 1350 1615 diebusque
1376 1551 1619 1614 ebulliat,
1648 1568 1704 1608 et
1740 1571 1836 1623 per
1868 1565 2039 1609 terra-

484 1646 597 1683 runt
625 1647 858 1687 concava
897 1644 949 1688 et
982 1649 1134 1690 antra
1183 1641 1296 1691 saxi
1351 1641 1624 1696 durissimi
1676 1661 1797 1699 cum
1845 1663 2038 1716 magno

477 1723 655 1775 sonitu
685 1725 884 1790 veniat,
917 1726 1165 1781 dubitare
1204 1746 1307 1782 non
1341 1747 1648 1799 possumus,
1681 1752 1780 1790 nos
1812 1752 2035 1805 praeser-

2146 561 2455 615 vincimini.
2486 562 2771 631 Accingite
2811 577 2933 626 vos,
2983 574 3038 618 et
3069 561 3347 616 vincimini
3378 578 3395 616 :
3430 561 3562 617 inite
3591 577 3710 615 con-

2144 650 2346 715 silium,
2373 662 2426 706 et
2454 653 2813 722 dissipabitur
2856 671 2872 708 :
2909 652 3191 722 loquimini
3242 651 3490 718 verbum,
3525 660 3579 707 et
3608 667 3711 704 non

2144 740 2256 805 fiet,
2287 743 2415 810 quia
2453 744 2732 820 nobiscum
2769 745 2930 798 Deus.
2963 761 2982 795 ι
3019 745 3124 799 Pro
3157 743 3569 814 congregamini,
3599 743 3711 795 sive

2142 832 2508 900 inﬁt-utamini,
2563 844 2617 888 et
2667 834 3080 905 confringimini,
3115 845 3174 890 ut
3218 835 3554 904 interpretati
3589 845 3710 888 sunt

2140 925 2254 990 alii,
2285 924 2424 978 LXX
2459 936 2773 994 posuerunt,
2806 929 3010 982 scitote.
3039 926 3274 980 Verbum
3313 927 3456 980 enim
3495 927 3701 980 llebrai-

2142 1033 2287 1081 cuin,
2324 1035 2426 1072 nou
2469 1020 2616 1088 (πη),
2651 1029 2867 1089 propter
2903 1036 3002 1075 nes
3056 1020 3124 1092 (τ)
3182 1019 3389 1082 litterae,
3423 1027 3479 1074 et
3506 1035 3711 1073 DALE'I’H

2141 1108 2206 1178 (Ἰ)
2257 1108 2690 1172 similitudinem,
2742 1111 3127 1165 intellexerunt
3177 1127 3284 1166 nou
3325 1110 3468 1179 (ml.
3520 1111 3565 1163 Ο
3613 1113 3709 1181 igi-

2146 1206 2232 1248 tur
2271 1197 2448 1266 populi
2493 1196 2750 1252 Samaria:
2782 1207 2836 1252 et
2891 1197 3082 1268 Syriae,
3116 1198 3360 1253 infirmos
3391 1209 3446 1253 et
3504 1199 3712 1253 debiles

2143 1301 2263 1342 esse
2315 1291 2644 1358 cognoscite,
2700 1298 2756 1346 et
2814 1289 3168 1346 Emmanuele
3221 1299 3507 1359 prarsente,
3575 1291 3705 1345 nihil

2140 1396 2299 1450 posse
2359 1391 2546 1436 contra
2607 1381 2906 1437 Jerusalem
2942 1385 3130 1436 urbem
3171 1381 3264 1436 Dei
3304 1401 3318 1436 :
3353 1391 3407 1438 et
3456 1383 3561 1438 hoc
3605 1399 3708 1438 non

2143 1474 2317 1527 solum
2351 1489 2466 1538 vos,
2499 1473 2588 1543 qui
2623 1475 2787 1550 vicini
2820 1477 2970 1540 estis,
3001 1473 3096 1528 sed
3123 1484 3316 1529 cuncta
3341 1475 3531 1544 procul
3566 1485 3708 1528 terra

2141 1557 2453 1634 cognoscat.
2475 1565 2734 1630 Quamvis
2767 1567 2910 1619 enim
2940 1564 3234 1622 exercitum
3269 1565 3631 1636 congregetis,
3655 1574 3709 1620 et

2141 1655 2441 1722 acringatis
2464 1670 2563 1710 vos
2576 1656 2640 1708 ad
2665 1656 2926 1724 praelium,
2945 1665 2999 1710 et
3019 1655 3189 1725 major
3210 1656 3546 1711 sitnumerus
3563 1655 3714 1709 obsi-

2140 1745 2385 1799 dentium
2417 1761 2574 1814 quam
2627 1747 2995 1810 obsessorum,
3031 1756 3208 1800 tamen
3238 1761 3343 1799 non
3375 1745 3572 1810 semel,
3615 1747 3709 1800 sed

478 1813 573 1862 tim
610 1815 700 1881 qui
731 1816 780 1867 in
820 1815 920 1871 hac
945 1819 1253 1874 habitamus
1274 1824 1569 1890 provincia.
1598 1823 1691 1878 Est
1715 1836 1892 1880 autem
1920 1842 2044 1882 sen-
2075 1818 2119 1876 Β
2150 1839 2347 1891 iterum
2404 1813 2604 1903 dicam,
2642 1839 2928 1892 uincimini.
2979 1839 3045 1893 Et
3105 1837 3464 1906 quodcunque
3518 1845 3707 1891 contra

477 1918 573 1956 sus
596 1916 611 1956 :
634 1905 756 1973 quia
778 1907 1001 1974 populus
1023 1909 1208 1965 decem
1235 1913 1470 1967 tribuum
1493 1914 1662 1984 magis
1683 1916 1851 1970 voluit
1877 1915 2039 1973 Rasin

477 2004 532 2046 et
568 1995 676 2048 lilio
707 1996 981 2065 Romelire,
1023 2001 1073 2054 id
1099 2011 1201 2068 εει,
1230 2003 1474 2058 Damasci
1515 2016 1568 2060 et
1599 2005 1862 2062 Samaria:
1902 2011 2042 2079 regi-

481 2087 582 2141 bus
612 2105 733 2144 esse
784 2093 1085 2163 subjectus,
1127 2111 1285 2165 quam
1318 2099 1473 2168 stirpi
1519 2099 1704 2166 David,
1760 2118 1881 2172 quae
1922 2119 2042 2158 meo

479 2181 641 2248 coapit
671 2197 896 2251 regnare
930 2185 1155 2255 judicio,
1187 2187 1379 2244 faciam
1412 2205 1537 2246 eum
1582 2207 1918 2263 nequaquam
1958 2196 2042 2251 his

480 2271 718 2338 regibus,
749 2289 886 2342 quos
913 2280 1234 2347 assumpsit,
1263 2283 1357 2335 sed
1392 2282 1539 2351 regio
1570 2284 1775 2338 servire
1798 2285 2038 2355 Assyrio,

477 2362 633 2430 cujus
653 2367 892 2432 potentia
925 2372 1242 2438 oceupantis
1279 2381 1475 2426 terram
1508 2375 1786 2440 Samaria»,
1817 2379 2041 2430 inunda-

481 2457 609 2506 tiuni
675 2456 917 2513 fluminis
955 2473 1323 2529 comparatur.
1374 2465 1438 2520 Et
1487 2471 1544 2518 lit
1591 2471 1920 2537 apostropha
1973 2469 2039 2523 ad

475 2545 810 2613 Euimanuel,
841 2549 946 2605 hoc
984 2560 1089 2616 est,
1127 2553 1190 2606 ad
1224 2564 1542 2620 prasentem
1577 2556 1764 2619 Deum,
1798 2557 1940 2626 quod
1985 2559 2038 2611 in

477 2646 681 2690 tantum
711 2654 769 2692 se
797 2641 1031 2696 erexerit
1061 2644 1336 2712 Assyrius,
1367 2653 1424 2697 ut
1445 2647 1605 2699 etiam
1639 2655 1838 2699 terram
1868 2647 2040 2716 ipsius

425 2768 428 2772 ί
471 2728 662 2781 Judam
696 2739 922 2785 conatus
951 2733 1021 2786 sit
1045 2733 1344 2800 possidere.
1369 2734 1530 2789 Juxta
1567 2751 1868 2807 anagogen,
1917 2757 2035 2793 om-

474 2821 556 2871 nis
581 2820 866 2874 haereticus
895 2823 984 2890 qui
1021 2823 1265 2892 jnnxerit
1319 2825 1524 2878 auxilio
1574 2841 1673 2879 suo
1719 2828 2038 2895 sapientiam

472 2916 814 2977 saecularem,
841 2919 895 2966 et
927 2913 1250 2979 Jerusalem,
1279 2915 1327 2966 id
1355 2925 1458 2980 est,
1487 2914 1783 2972 Ecclesium
1812 2919 2042 2972 voluerit

474 3020 805 3072 oppugnare,
826 3005 1200 3073 derelinquens
1216 3022 1384 3076 aquas
1405 3006 1518 3063 Silo
1553 3009 1727 3065 lfontis
1751 3010 2038 3081 (Joau.tx),

470 3096 564 3161 qui
589 3097 972 3163 interpretatur
998 3096 1209 3159 missus,
1241 3105 1295 3150 et
1319 3099 1408 3166 qui
1443 3097 1566 3152 salit
1597 3099 1648 3152 in
1686 3099 1849 3153 vitam
1877 3111 2034 3156 :eter-
2065 3152 2109 3175 η

479 3203 622 3267 ttatll)
669 3188 910 3240 tradetur
958 3187 1298 3256 Assyriorum
1357 3190 1585 3260 principi
1645 3191 1804 3260 120
1856 3193 2036 3260 (quem

479 3293 696 3331 sensum
735 3295 987 3349 magnum
1050 3280 1104 3332 in
1148 3281 1539 3348 posterioribus
1579 3282 1769 3336 lecturi
1809 3287 2040 3350 smnus),

478 3367 636 3435 cujus
665 3368 894 3422 traditus
935 3371 1210 3437 potestati,
1250 3371 1300 3422 in
1337 3369 1660 3439 profundunt
1695 3373 1872 3425 veniet
1915 3388 2038 3440 pet:-

480 3468 745 3510 catorum.
777 3457 962 3513 Tantae
991 3471 1076 3514 est
1114 3461 1257 3514 ettim
1300 3461 1640 3531 arrogantiae,
1680 3471 1737 3515 ut
1771 3478 1938 3516 ausus
1973 3464 2042 3516 sit

478 3549 768 3604 ostendere
787 3548 1054 3605 Salvatori
1080 3553 1327 3606 universa
1359 3568 1518 3622 regna
1546 3552 1990 3616 terrae,etdicere
2025 3571 2037 3605 :

481 3635 615 3692 Hu'c
631 3642 808 3693 omnia
827 3640 952 3693 mihi
971 3641 1166 3694 tradita
1187 3652 1306 3696 sunt
1325 3642 1624 3711 (Maltintv,
1645 3644 1677 3696 υ
1697 3639 1852 3706 ;Luc.
1871 3658 1940 3706 tv,
1961 3641 2038 3710 6).

479 3728 780 3784 Conabitur
808 3748 1024 3802 quoque
1045 3732 1271 3798 ludam,
1307 3735 1355 3788 id
1376 3743 1479 3799 est,
1507 3735 1725 3788 domum
1757 3734 2040 3803 confessio-

478 3821 565 3874 nis
602 3821 824 3890 intrare,
856 3831 910 3876 et
944 3825 1134 3878 crebro
1158 3839 1251 3892 per
1280 3839 1374 3879 eos
1402 3826 1493 3894 qui
1517 3825 1572 3879 in
1605 3823 1844 3879 Ecclesia
1875 3824 2042 3892 negli-

480 3917 671 3976 gentes
697 3921 844 3978 sunt,
872 3927 1046 3982 usque
1077 3916 1144 3967 ad
1169 3915 1367 3967 collum
1426 3917 1626 3980 veniet,
1669 3916 1956 3968 credentes
1989 3916 2039 3967 in

478 3994 697 4051 Christo
717 4001 939 4066 cupiens
984 3999 1277 4066 suffocare,
1317 4013 1373 4056 et
1425 4002 1684 4056 extendet
1736 4002 1851 4055 alas
1892 4018 2040 4067 suas,

481 4088 708 4158 implens
733 4091 1042 4148 universam
1077 4094 1350 4162 regionem
1372 4095 1740 4152 Emmanuelis
1765 4112 1781 4162 ;
1806 4099 1898 4150 sed
1936 4112 2040 4150 non

479 4181 677 4246 poterit
694 4183 958 4249 obtinere,
980 4186 1105 4254 quia
1130 4185 1293 4240 habet
1314 4184 1342 4240 J
1352 4187 1481 4239 udas
1505 4197 1824 4253 praesentem
1849 4187 2038 4243 Deum.

480 4270 737 4340 Legimus
757 4275 810 4327 in
839 4275 1129 4347 Evangelio
1147 4279 1442 4332 secundum
1457 4276 1718 4333 Joannem
1739 4277 1921 4346 (Joan.
1944 4281 2040 4347 lx),

479 4364 623 4440 quod
659 4380 856 4422 czcum
890 4383 917 4420 a
941 4369 1237 4434 nativitate,
1269 4369 1422 4440 cujus
1449 4369 1656 4434 oculos,
1698 4371 1811 4424 luto
1840 4387 1905 4424 ex
1951 4389 2042 4426 sa-

2145 1924 2447 1980 Jerusalem
2477 1926 2713 1980 inieritis
2740 1927 3050 1990 consilium,
3078 1926 3449 1996 dissipabitur.
3491 1924 3558 1979 Et
3587 1925 3711 1979 licet

2143 2033 2305 2084 supra
2351 2018 2594 2072 dixeritis
2629 2016 2765 2086 (Isa.
2807 2034 2900 2086 vn,
2938 2018 3034 2087 6):
3073 2018 3430 2072 Ascendamus
3483 2019 3550 2071 ad
3606 2017 3710 2070 lu.-

2142 2109 2284 2172 dam,
2317 2119 2363 2162 et
2401 2109 2709 2162 suscitemus
2738 2124 2853 2162 eum
2895 2109 3264 2177 quiescentem,
3303 2109 3455 2177 121
3483 2119 3528 2162 et
3550 2124 3711 2175 pona-

2142 2217 2257 2252 mus
2291 2215 2459 2269 regem
2513 2215 2669 2264 super
2715 2214 2832 2252 eum
2879 2199 2894 2228 ¹
2926 2197 3100 2265 [ilium
3153 2196 3346 2251 Tabeel
3382 2213 3400 2251 :
3433 2197 3711 2266 loquimini

2145 2288 2364 2355 quidem
2397 2289 2641 2350 verbum,
2678 2287 2770 2340 sed
2817 2301 2922 2340 non
2967 2286 3078 2350 fiet,
3125 2286 3248 2354 quia
3308 2287 3588 2341 nobiscum
3627 2295 3714 2340 est

2145 2379 2308 2439 Dens.
2344 2379 2394 2432 id
2431 2390 2513 2432 est
2546 2378 2878 2432 Emmanuel.
2913 2377 3210 2432 Possumus
3246 2378 3349 2432 hoc
3400 2376 3714 2432 testimonio

2144 2483 2410 2526 etcoutra
2467 2484 2655 2541 gentes
2707 2474 2856 2528 abuti
2910 2475 2962 2526 in
3021 2470 3416 2542 persecutionis
3446 2479 3711 2537 tempore,

2141 2566 2284 2634 quod
2311 2566 2559 2632 quamvis
2597 2565 2764 2620 fortes
2809 2579 2933 2621 esse
2960 2564 3269 2628 videantur,
3309 2568 3364 2617 et
3397 2574 3498 2615 nos
3539 2575 3708 2628 supe-

2143 2672 2264 2710 rare
2294 2656 2347 2708 in
2383 2655 2468 2723 his
2499 2655 2591 2722 qui
2629 2655 2760 2723 lapsi
2793 2665 2938 2719 sunt,
2975 2663 3156 2708 tamen
3210 2653 3496 2706 vincantur
3523 2650 3575 2704 in
3621 2649 3709 2703 his

2142 2749 2231 2815 qui
2262 2763 2357 2816 pro
2392 2746 2611 2801 Christo
2645 2745 2900 2799 fuderunt
2940 2746 3281 2814 sanguinem,
3326 2753 3380 2796 et
3403 2741 3541 2810 quod
3591 2748 3716 2810 post

2143 2838 2276 2892 bella
2297 2853 2397 2906 pax
2423 2837 2681 2904 reddatur
2697 2836 2954 2891 Ecclesiis
2972 2844 3058 2889 :et
3078 2834 3325 2887 universa
3359 2847 3546 2887 eorum
3577 2845 3715 2885 con-

2143 2937 2226 2984 tra
2258 2925 2658 2984 Eumlanuelem
2707 2927 2932 2983 consilia
2970 2925 3324 2993 dissipentur,
3365 2926 3487 2992 quia
3528 2923 3717 2976 nobis-

2143 3035 2264 3074 cum
2284 3023 2351 3075 sit
2371 3021 2532 3076 Deus.
2550 3020 2995 3076 Contradicentes
3013 3031 3228 3088 quoque
3250 3015 3459 3070 veritati
3507 3015 3717 3066 utiliter

2145 3111 2383 3175 audient,
2439 3121 2498 3164 ut
2543 3110 2761 3166 tandem
2797 3111 3005 3164 ratione
3035 3117 3382 3177 superentur,
3412 3113 3467 3159 et
3507 3120 3715 3170 nequa-

2143 3217 2302 3270 quam
2335 3202 2503 3257 velint
2544 3203 2617 3256 »in
2652 3203 2930 3256 mendacio
2981 3201 3217 3261 vincere,
3264 3198 3388 3268 quia
3426 3197 3715 3263 quodcun-

2143 3309 2250 3362 que
2277 3294 2532 3360 dixerint,
2579 3309 2850 3362 nunquam
2880 3292 3216 3358 perversitas
3253 3291 3420 3359 possit
3450 3303 3715 3357 superare

2143 3384 2284 3450 quod
2315 3391 2520 3436 rectum
2568 3392 2670 3437 est.

2216 3471 2396 3543 (Vers.
2427 3473 2485 3526 ll
2524 3473 2702 3542 seqq.)
2731 3491 2749 3523 ι
2784 3470 2907 3526 llaac
2927 3470 3072 3526 enim
3103 3471 3176 3524 ait
3212 3469 3469 3523 Dominus
3493 3467 3557 3521 ad
3586 3482 3712 3520 me:

2147 3565 2302 3618 Sicut
2343 3565 2396 3618 in
2431 3563 2557 3618 forti
2622 3579 2788 3617 manu
2824 3562 3204 3625 erudivit.me,
3241 3575 3308 3614 ne
3361 3560 3493 3614 ircm
3542 3559 3595 3612 in
3627 3559 3713 3612 via

2143 3658 2325 3727 pepuli
2388 3656 2548 3724 hujus
2609 3655 2796 3710 dicens
2851 3673 2865 3709 :
2927 3652 3043 3707 Non
3096 3650 3311 3714 dicatis,
3369 3649 3715 3719 conjuratio;

2143 3747 2321 3798 omnia
2358 3746 2502 3800 enim
2547 3761 2668 3814 qua:
2714 3743 2950 3814 loquitur
2980 3739 3209 3810 populus
3257 3741 3380 3806 iste,
3408 3738 3717 3809 conjuratio

2151 3846 2236 3888 est
2281 3851 2295 3889 :
2331 3844 2386 3888 et
2420 3835 2670 3888 timorem
2702 3834 2818 3902 ejus
2849 3848 2914 3887 ne
2957 3830 3216 3893 timeatis,
3246 3843 3419 3896 neque
3444 3827 3716 3898 pereatis.

2147 3927 2436 3980 Dominum
2511 3923 2845 3979 exercituum
2903 3925 3080 3991 ipsum
3137 3919 3472 3975 sanctificata
3521 3935 3536 3972 :
3600 3918 3719 3985 ipse

2150 4030 2318 4084 pavor
2351 4025 2550 4077 vester,
2582 4024 2635 4070 et
2665 4013 2778 4082 ipse
2809 4022 2984 4066 terror
3013 4021 3209 4064 vester.
3246 4008 3435 4063 Eterit
3463 4007 3622 4062 vobis
3659 4007 3714 4060 in

2145 4106 2653 4172 sanctificationem,
2689 4107 2740 4158 in
2775 4104 3012 4172 lapidem
3072 4110 3251 4156 autem
3284 4100 3623 4164 olfensionis,
3663 4108 3720 4153 et

2149 4198 2204 4252 in
2237 4207 2442 4268 petram
2483 4198 2723 4253 scandali
2758 4196 2970 4252 duabus
2993 4194 3239 4248 domibus
3270 4191 3434 4247 lsrael
3485 4207 3499 4246 :
3533 4192 3586 4243 in
3630 4191 3718 4243 la-

2149 4307 2346 4359 queum
2396 4299 2451 4344 et
2509 4291 2562 4344 in
2613 4291 2821 4342 ruinam
2875 4286 3246 4343 habitantibus
3301 4283 3602 4338 Jerusalem
3661 4291 3722 4336 et

2147 4384 2422 4438 nlIendent
2455 4397 2517 4435 ex
2549 4384 2625 4436 eis
2653 4381 2960 4450 plurimi,et
2987 4381 3201 4440 cadent,
3235 4386 3290 4430 et
3325 4385 3714 4434 conterentur,

479 4459 584 4512 lira
618 4474 711 4513 sua
742 4459 884 4514 facto
932 4459 1188 4514 Dominus
1241 4462 1480 4525 linierat,
1515 4463 1723 4516 miserit
1769 4464 1835 4515 ad
1872 4478 2040 4532 aquas

2149 4486 2202 4527 et
2257 4474 2590 4535 irretientur,
2647 4480 2698 4525 et
2731 4470 3032 4539 capientur.
3085 4486 3102 4518 ι
3162 4465 3510 4534 Septuaginta
3569 4464 3720 4516 hunc

481 4547 648 4613 Siloe,
676 4548 872 4617 quibus
915 4564 1037 4605 cum
1087 4567 1260 4606 caecus
1288 4554 1510 4608 lavisset
1565 4554 1764 4618 lutum,
1799 4552 2042 4610 caacitate

477 4643 713 4701 detersa,
738 4640 942 4695 clarum
968 4643 1246 4698 oculorum
1267 4645 1448 4700 lumen
1473 4648 1680 4716 accepit
1704 4661 1718 4700 :
1750 4648 1894 4716 quod
1923 4658 2044 4713 post

475 4732 614 4800 signi
663 4732 1111 4802 magnitudinem,
1141 4737 1360 4801 indicat,
1383 4752 1487 4791 non
1537 4739 1693 4793 aliter
1743 4738 2042 4793 caecitatem

475 4823 784 4880 Judaaorum
846 4837 900 4880 et
955 4829 1131 4884 omnis
1178 4830 1436 4884 increduli
1485 4845 1644 4900 posse
1694 4832 1898 4896 sanari,
1937 4831 2042 4887 nisi

478 4915 724 4970 doctrina
757 4933 1016 4986 aquarum
1049 4919 1278 4982 Christi,
1320 4937 1442 4988 quae
1469 4923 1673 4989 absque
1723 4924 1950 4991 strepitu
1988 4935 2044 4978 et

478 5004 719 5061 clamore
756 5014 1044 5065 verborum
1086 5012 1284 5067 leniter
1309 5010 1447 5078 ﬂuit,
1467 5014 1704 5069 tenebrae
1735 5015 1933 5082 prioris
1962 5014 2044 5067 fu-

482 5106 676 5162 gentur
707 5103 930 5159 erroris.
967 5103 1078 5159 Hoc
1107 5107 1248 5173 quod
1298 5108 1354 5159 in
1393 5104 1746 5175 Septuaginta
1793 5108 1988 5175 legitur
2023 5127 2037 5166 :

483 5185 550 5238 Et
573 5188 859 5244 ambulabit
894 5209 1048 5263 super
1077 5212 1278 5250 onmem
1321 5210 1522 5247 murum
1556 5207 1799 5263 vestrum,
1825 5208 1874 5250 et
1889 5199 2039 5266 aufe-

483 5297 555 5334 re!
584 5279 648 5332 de
685 5279 874 5334 Judwa
903 5285 1182 5350 hominem,
1225 5288 1315 5355 qui
1346 5290 1508 5354 possit
1535 5298 1688 5352 caput
1719 5290 1909 5352 levare,
1945 5299 2040 5341 aut

479 5379 611 5446 forte
635 5375 833 5444 aliquid
867 5378 1038 5447 facere
1065 5394 1084 5430 :
1119 5378 1171 5432 in
1205 5379 1469 5435 Hebraico
1493 5394 1599 5434 non
1633 5379 1880 5445 habetur,
1910 5394 1956 5436 et
1988 5383 2039 5435 in

479 5467 682 5524 Graecis
711 5467 985 5521 codicibus
1009 5482 1070 5523 -θ-
1105 5483 1232 5523 veru
1262 5469 1545 5540 jugulante
1576 5469 1892 5526 confossum
1935 5485 2036 5526 est.

550 5557 732 5626 (γει-ε.
750 5557 930 5626 9,10.)
962 5577 980 5609 ι
999 5560 1430 5630 COngregamini,
1453 5564 1652 5633 populi,
1671 5575 1724 5618 et
1738 5564 2037 5630 vincimini,

549 5740 563 5771 ⁸
599 5737 824 5797 Voculas
855 5759 1007 5812 super
1033 5759 1148 5796 eum
1183 5743 1353 5798 Vatic.
1393 5745 1621 5812 ignorat.

2151 4564 2328 4617 locum
2360 4564 2434 4617 ita
2460 4562 2801 4633 interpretati
2835 4570 3000 4615 sunt:
3037 4577 3055 4608 ι
3102 4557 3225 4612 Haec
3250 4558 3382 4610 dicit
3412 4555 3672 4609 Dominus
3699 4571 3715 4607 :

2147 4655 2275 4709 forti
2320 4671 2481 4709 manu
2518 4652 2946 4708 recesseruntab
2991 4652 3185 4707 itinere
3209 4652 3308 4704 viae
3337 4648 3511 4718 populi
3555 4647 3719 4712 hujus

2147 4748 2498 4814 loquentes,,
2538 4762 2605 4799 ne
2662 4747 2800 4799 forte
2858 4745 3062 4809 dicant,
3114 4743 3314 4796 Durum
3359 4751 3462 4794 est.
3517 4736 3718 4792 Omnia

2147 4839 2288 4892 enim
2323 4852 2443 4906 quae
2481 4837 2717 4904 loquitur
2745 4839 2971 4906 populus
3005 4835 3128 4896 iste,
3171 4833 3306 4886 dura
3346 4840 3514 4896 sunt;
3546 4831 3716 4883 timo-

2145 4944 2260 4984 rem
2292 4941 2474 4983 autem
2501 4929 2622 4996 ejus
2648 4946 2714 4982 ne
2741 4929 3050 4994 timueritis,
3084 4940 3260 4995 neque
3286 4921 3714 4979 couturbcmini.

2148 5021 2434 5074 Dominum
2473 5023 2734 5074 virtutqu
2765 5021 2942 5088 ipsum
2983 5018 3338 5076 sanctificata,
3364 5024 3418 5069 ει
3446 5015 3560 5083 ipse
3604 5014 3718 5064 erit

2147 5111 2308 5163 timor
2338 5119 2481 5175 tuus,
2506 5123 2559 5164 et
2581 5112 2627 5164 si
2663 5112 2714 5162 in
2752 5110 2867 5176 ipso
2895 5108 3134 5162 cunlisus
3158 5105 3348 5165 lueris,
3386 5104 3491 5155 erit
3521 5100 3618 5154 tibi
3657 5101 3715 5154 in

2146 5205 2651 5267 sanctificationem,
2680 5215 2733 5258 et
2759 5220 2862 5256 non
2892 5213 2948 5257 ut
2979 5203 3137 5273 lapidi
3203 5200 3358 5269 122
3395 5196 3718 5252 oﬂeusionis

2145 5295 2462 5357 occurrens,
2505 5308 2678 5362 neque
2728 5303 2787 5347 ut
2823 5304 2986 5362 petrae
3045 5294 3232 5346 ruina’.
3269 5290 3466 5343 llonms
3524 5297 3712 5341 autem

2146 5380 2312 5436 Jacob
2345 5385 2395 5436 in
2426 5383 2617 5453 laqueo
2655 5392 2707 5438 et
2754 5386 2808 5438 in
2866 5385 3110 5436 convalle
3148 5383 3255 5436 erit
3303 5379 3617 5435 sedentibus
3654 5379 3713 5431 in

2145 5473 2444 5530 Jerusalem
2475 5491 2488 5528 :
2521 5476 2641 5530 ideo
2674 5475 2872 5530 infirmi
2910 5485 3068 5530 erunt
3125 5472 3178 5529 in
3218 5475 3350 5541 ipsis
3384 5472 3626 5542 plurimi,
3657 5481 3714 5524 et

2150 5578 2308 5622 ruent
2340 5577 2396 5622 et
2424 5577 2797 5634 conterentur,
2844 5580 2898 5621 et
2951 5567 3485 5637 appropinquabunt,
3512 5573 3567 5617 et
3607 5580 3712 5617 ca-
