3962 6192
394 322 498 390 123

1560 323 1624 384 S.
1673 315 1986 382 EUSEBII
2047 313 2486 377 HIERONYMI

3537 311 3645 374 124

385 433 605 488 ruinam
648 437 705 486 et
742 429 1088 488 scandalum.
1123 427 1286 487 Juxta
1317 429 1484 496 LXX,
1515 445 1686 486 mauu
1718 428 1848 486 forti
1881 444 1970 484 re-
1999 432 2044 488 Α
2073 439 2235 494 quam
2261 425 2475 480 discant
2505 423 2678 492 legem
2709 411 2910 488 Musis;
2943 421 3038 478 sed
3065 420 3322 477 obediant
3354 421 3648 491 praeceptis

384 523 528 577 stitit
553 520 666 594 (At.
710 521 952 590 resistet)
1004 521 1234 591 populus
1273 521 1369 576 Dei
1411 519 1696 584 voluntati,
1751 528 1807 575 et
1835 518 1968 573 dicit

387 615 574 669 omnia
615 617 747 669 dura
777 628 899 668 esse
945 627 1065 682 quae
1090 612 1352 670 Dominus
1371 612 1647 682 praecepit,
1669 612 1966 668 secundum

387 704 522 760 illud
551 706 696 773 quod
739 704 792 758 in
847 703 1140 774 Evangelia
1194 703 1426 774 legimus
1461 722 1476 760 :
1514 703 1689 758 Durus
1741 713 1817 758 est
1884 701 1970 755 ltic

389 813 587 857 sermo.
641 797 758 866 quis
813 795 1004 863 poterit
1073 796 1260 848 audire
1305 811 1425 850 eum
1485 793 1665 865 (Joan.
1713 810 1789 859 vt,
1842 792 1971 864 61)?

393 885 545 941 Unde
575 886 885 955 praecipitur
917 884 999 940 eis
1045 893 1105 940 ut
1140 885 1426 940 Dominum
1451 883 1696 949 audiant,
1721 891 1775 937 et
1797 883 1972 953 ipsum

399 985 573 1032 solum
609 979 858 1033 timeant.
890 976 947 1031 Si
971 977 1116 1032 enim
1149 977 1204 1031 in
1253 977 1369 1045 ipso
1401 976 1593 1032 conﬁsi
1622 975 1845 1040 fuerint,
1877 975 1975 1029 ha-

403 1070 610 1123 bebunt
650 1081 774 1121 eum
808 1067 861 1120 in
895 1059 1412 1131 sanetilicationein,
1443 1074 1500 1120 ct
1527 1079 1643 1118 nou-
1665 1063 1974 1135 impingent

395 1159 550 1230 quasi
584 1159 640 1212 itt
686 1157 918 1226 lapidem
953 1157 1220 1223 scandali,
1250 1166 1308 1211 et
1340 1157 1494 1227 quasi
1530 1155 1586 1210 in
1616 1164 1824 1226 petram
1867 1153 1976 1209 rui-

401 1266 504 1308 me.
534 1251 606 1304 De
635 1249 742 1304 hoc
775 1249 895 1304 loco
930 1256 986 1304 et
1019 1249 1310 1319 Apostolus
1359 1248 1532 1304 sumit
1578 1246 1973 1312 testimonium,

397 1341 540 1408 quod
570 1339 820 1394 Christus
838 1337 1043 1393 Iudaeis
1070 1337 1246 1392 factus
1271 1338 1341 1392 sit
1367 1337 1418 1392 in
1451 1335 1768 1392 scandalqu
1797 1349 1814 1387 :
1841 1347 1974 1404 gen-

397 1432 544 1486 tibus
592 1439 774 1485 autetn
826 1430 880 1483 in
931 1429 1216 1484 stultitiam
1271 1428 1320 1499 (ι
1361 1425 1491 1484 Cor.
1526 1426 1588 1497 t).
1623 1425 1692 1480 Et
1720 1437 1976 1480 rursum:

403 1522 584 1579 Israel
613 1519 861 1576 sectanda
889 1520 1050 1591 legem
1075 1521 1325 1590 justitite,
1347 1521 1404 1574 in
1435 1519 1596 1590 legem
1618 1517 1845 1587 iustitia:
1873 1530 1978 1570 non

400 1617 631 1686 pervenit
656 1613 832 1683 (Rom.
874 1628 959 1676 ιι,
991 1612 1103 1682 51).
1161 1612 1382 1678 Quare?
1411 1611 1550 1677 Quia
1586 1624 1697 1664 non
1731 1624 1799 1664 ex
1849 1607 1976 1675 (ide,

402 1710 498 1762 sed
531 1707 688 1777 quasi
731 1721 796 1759 ex
830 1706 1085 1773 cperibus
1116 1704 1253 1772 legis
1284 1702 1625 1758 offenderunt
1652 1701 1706 1756 in
1740 1700 1977 1770 lapidem

403 1799 738 1864 oll‘ensionis,
793 1798 939 1854 sicut
995 1798 1258 1866 scriptum
1313 1805 1398 1852 est
1444 1795 1625 1851 :Ecce
1669 1807 1864 1865 ponant
1926 1792 1982 1847 in

404 1887 532 1944 Sion
558 1888 789 1958 lapidem
823 1889 1129 1958 o/fensionis
1159 1895 1208 1941 et
1237 1896 1447 1954 petram
1476 1885 1726 1941 scaudali
1755 1899 1776 1939 :
1810 1883 1981 1939 omnis

407 1982 498 2050 qui
524 1981 690 2035 credit
719 1982 774 2034 in
817 1996 898 2046 eo,
936 1996 1040 2034 non
1092 1980 1443 2050 confundetur
1467 1978 1658 2050 (Ibid.,
1689 1977 1805 2048 55).
1844 1974 1986 2046 Ergo

411 2078 501 2146 qui
554 2089 661 2130 non
713 2060 1037 2141 receperunt
1069 2070 1498 2136 Emmanuelem,
1527 2070 1622 2127 sed
1677 2069 1856 2125 factus
1902 2076 1986 2123 est

405 2169 487 2224 eis
549 2167 600 2220 in
639 2165 872 2232 lapidem
925 2162 1247 2220 oﬂ'ensionis
1277 2171 1333 2218 et
1380 2163 1434 2218 in
1471 2173 1680 2233 petram
1713 2160 1982 2226 scautlali,

407 2260 775 2317 conterentur,
841 2249 1153 2320 captivique
1199 2249 1488 2304 ducentur.
1546 2246 1810 2317 Quodque
1857 2248 1983 2314 ait,

411 2345 609 2399 Domus
643 2351 818 2396 autem
862 2339 1031 2394 Iacob
1064 2341 1119 2395 in
1149 2341 1328 2410 laqueo
1354 2347 1402 2394 et
1429 2341 1484 2393 in
1515 2338 1758 2394 convalle
1780 2338 1883 2392 erit
1907 2352 1988 2392 se-

415 2436 658 2490 dentibus
713 2435 767 2488 in
804 2434 1126 2500 Jerusalem,
1180 2434 1285 2490 hoc
1338 2433 1634 2503 significat,
1682 2433 1829 2503 quod
1876 2447 1985 2488 non

409 2526 653 2581 habitent
685 2525 738 2579 in
771 2525 1067 2590 montibus,
1091 2540 1193 2580 nec
1223 2526 1277 2580 in
1308 2525 1549 2580 excelsis
1575 2523 1982 2593 Scripturarutu

413 2628 702 2674 versentur
745 2618 913 2684 locis;
957 2619 1052 2674 sed
1109 2634 1325 2689 semper
1370 2617 1597 2673 humilia
1659 2617 1984 2688 intelligant,

399 2712 654 2778 .peccatis
705 2722 934 2781 peccata
974 2711 1271 2780 sociautes,
1306 2719 1362 2766 et
1402 2711 1568 2766 vincti
1599 2709 1814 2780 laqueis
1853 2708 1986 2764 deli-

397 2813 649 2859 ciorum.

485 2979 644 3052 124
687 2977 871 3049 (Vers.
908 2975 996 3042 16,
1051 2975 1164 3047 l7.)
1204 2994 1223 3029 ι
1274 2973 1408 3047 Liga
1461 2974 1793 3040 testimonia,
1827 2975 1984 3046 signa

416 3074 588 3144 legem
622 3073 673 3124 in
700 3069 981 3138 discipulis
1015 3069 1171 3133 meis,
1202 3081 1258 3126 et
1288 3068 1622 3138 exspectabo
1664 3067 1982 3132 Dominum,

419 3165 510 3230 qui
537 3161 820 3218 abscondit
850 3159 1042 3214 faciem
1079 3174 1236 3215 suam
1270 3174 1301 3214 a
1339 3160 1501 3215 domo
1529 3156 1720 3220 Jacob,
1765 3163 1822 3212 et
1850 3169 1989 3227 pras-

421 3256 666 3312 smlahor
695 3269 841 3310 eum.
884 3271 903 3305 ι
948 3250 1060 3308 Vox
1099 3250 1315 3306 Domini
1356 3249 1631 3320 loquentis
1657 3249 1722 3303 ad
1750 3246 1991 3316 Prophe-

417 3359 530 3403 tam
564 3364 580 3405 :
614 3348 765 3418 quia,
797 3346 996 3417 inquit,
1026 3345 1204 3401 factus
1230 3353 1316 3401 est
1352 3344 1618 3399 Dominus
1665 3341 1721 3399 iu
1751 3340 1988 3409 lapidem

417 3439 736 3495 odeusionis
781 3449 836 3494 et
874 3439 926 3492 in
955 3447 1166 3507 petram
1193 3435 1437 3492 scandali
1477 3433 1700 3488 duabus.
1737 3430 1994 3486 domibus

413 3532 604 3594 Israel,
636 3541 689 3586 et
708 3533 935 3586 missum
957 3531 1024 3584 ad
1051 3545 1110 3584 se
1141 3526 1460 3584 Emmanuel
1486 3525 1774 3596 suscipere
1797 3523 1992 3578 uolucc

2070 515 2422 584 evangelicis.

2145 605 2327 677 (Vere.
2362 604 2473 673 l8).
2510 621 2530 656 ι
2562 602 2702 660 Ecce
2732 617 2832 675 ego
2883 612 2940 657 et
2974 604 3124 673 pueri
3161 603 3289 667 mei,
3326 618 3463 673 quos
3497 603 3650 658 dedit

2071 700 2204 756 mihi
2235 699 2495 752 Dominus
2524 696 2576 750 in
2630 697 2781 766 signa
2833 705 2999 766 atque
3059 705 3307 764 portenta
3357 695 3651 762 lsraelis,a

2073 791 2304 846 Domino
2347 787 2682 844 exercituum
2737 787 2829 856 qui
2871 786 3078 841 habitat
3106 785 3158 840 in
3217 797 3400 842 monte
3432 787 3583 840 Sion.
3624 807 3646 838 ο

2073 883 2335 950 Praecepit
2355 881 2510 945 mihi,
2542 880 2619 934 ait
2641 878 2922 944 Dominus,
2949 889 3008 933 ut
3033 879 3252 948 ligarem
3280 878 3646 933 testimonium

2075 975 2132 1031 in
2164 973 2387 1038 .luttteis,
2423 981 2476 1028 et
2499 973 2671 1042 legem
2704 971 2993 1040 discipulis
3015 971 3133 1041 ejus
3159 971 3428 1026 traderem
3482 979 3652 1037 atque

2076 1065 2368 1136 signarem,
2401 1065 2528 1133 quia
2565 1063 2936 1119 abscondisset
2989 1062 3185 1118 faciem
3222 1079 3374 1118 suam
3407 1077 3436 1115 a
3491 1063 3657 1118 domo

2074 1154 2241 1212 Iacob
2273 1156 2436 1214 :ideo
2489 1155 2644 1226 125
2679 1155 3034 1226 praestolabor
3068 1171 3213 1216 eum.
3238 1165 3292 1209 et
3333 1157 3659 1224 exspectabo

2080 1247 2363 1304 Dominum
2410 1262 2614 1314 meum,
2647 1258 2701 1302 et
2737 1262 2844 1302 non
2889 1247 3063 1302 solum
3089 1263 3210 1316 ego,
3237 1249 3329 1303 sed
3363 1256 3416 1303 et
3477 1248 3655 1316 pueri,

2080 1354 2220 1410 quos
2266 1339 2402 1394 mihi
2437 1339 2584 1394 dedit
2640 1338 2927 1401 Dominus,
2960 1339 3052 1394 alii
3085 1340 3332 1394 videlicet
3388 1340 3666 1409 prophetae

2078 1441 2135 1488 et
2163 1431 2256 1486 lilii
2286 1431 2696 1501 pr0phetarum,
2729 1431 2821 1501 qui
2879 1446 2986 1485 non
3041 1447 3106 1488 ex
3146 1431 3421 1487 voluntate
3479 1432 3668 1485 carnis

2079 1533 2134 1580 et
2182 1523 2500 1594 sanguinis,
2531 1523 2624 1578 sed
2672 1538 2738 1578 ex
2790 1521 2902 1578 Deo
2953 1524 3060 1578 nati
3116 1533 3239 1579 sunt
3293 1523 3471 1594 (Joan.
3501 1522 3564 1586 ι).
3591 1523 3670 1577 De

2080 1617 2282 1687 quibus
2299 1625 2352 1672 et
2382 1616 2673 1683 Apostolus
2704 1615 3028 1683 loquebatur
3053 1632 3070 1672 :
3099 1615 3276 1668 Filioli
3295 1617 3394 1669 mei
3423 1615 3670 1683 quosite-

2081 1723 2200 1762 rum
2217 1708 2462 1777 parturio
2481 1708 2643 1760 donec
2672 1705 2915 1761 Christus
2955 1705 3212 1773 formetur
3229 1707 3284 1759 in
3303 1707 3442 1760 vobis
3461 1705 3665 1775 (Galat.

2086 1813 2164 1865 tv,
2197 1798 2264 1854 l9
2289 1797 2335 1868 ).
2359 1797 2454 1853 lsti
2483 1805 2659 1851 autem
2681 1796 2860 1865 pueri,
2891 1794 2945 1848 id
2975 1805 3082 1856 est,
3113 1797 3406 1864 prophetae,
3434 1797 3488 1850 in
3509 1797 3666 1864 signa

2085 1888 2198 1946 dati
2232 1895 2361 1943 sunt
2393 1894 2448 1942 et
2479 1886 2535 1941 in
2568 1894 2815 1963 portenta
2857 1884 3066 1948 lsraeli,
3122 1886 3275 1955 juxta
3339 1886 3469 1939 illud
3523 1885 3670 1952 qttml

2084 1979 2140 2036 in
2172 1977 2454 2034 Ezechiele
2482 1976 2710 2047 legimus
2741 1994 2754 2030 :
2794 1974 2862 2029 Et
2908 1979 3006 2030 erit
3061 1975 3302 2030 Ezechiel
3330 1977 3473 2030 vobis
3520 1981 3574 2028 in
3599 1978 3674 2028 si-

2085 2068 2491 2142 gnum(EzecIt.
2519 2068 2759 2137 χιιν,2ι
2783 2068 2823 2136 ).
2859 2066 2915 2122 1η
2935 2067 3196 2123 Zacharia
3231 2082 3445 2137 quoque
3493 2069 3673 2122 Sancti

2085 2161 2212 2226 viri,
2236 2161 2736 2230 prophetarumque
2761 2157 3012 2227 discipuli
3033 2159 3451 2228 τερατοσκόποι,
3483 2163 3535 2211 id
3560 2168 3669 2219 est.

2088 2260 2470 2320 portentorum
2489 2250 2877 2330 signorumque
2902 2258 3238 2321 spectatores
3256 2253 3604 2324 appellantur
3624 2253 3644 2284 ¹
3659 2291 3676 2318 ,

2088 2355 2152 2422 eo
2184 2342 2329 2412 quod
2378 2356 2594 2410 semper
2620 2331 2900 2412 propheta:
2935 2344 2988 2397 in
3020 2343 3236 2410 signum
3290 2343 3681 2414 praecesserint

2087 2432 2388 2490 futurorum
2413 2431 2600 2504 (Zach.
2630 2449 2712 2500 ιιι,
2741 2434 2818 2506 8).
2851 2435 2961 2491 lloc
2986 2436 3201 2491 interim
3223 2436 3374 2508 juxta
3403 2437 3676 2492 litteram.

2088 2525 2355 2582 Caeterum
2379 2524 2571 2582 beatus
2604 2527 2894 2596 Apostolus
2924 2527 2978 2582 in
3006 2527 3270 2598 Epistula,
3291 2544 3411 2600 quas
3450 2529 3515 2584 ad
3575 2527 3682 2584 He-

2087 2619 2262 2674 braeos
2282 2617 2560 2683 scribitur,
2583 2618 2744 2674 docet
2768 2617 2787 2687 (
2808 2618 2936 2675 licet
2956 2634 3075 2674 eam
3112 2619 3301 2675 Latina
3324 2620 3685 2678 consuetudo

2087 2711 2228 2766 inter
2249 2711 2545 2767 canonicas
2569 2710 2880 2779 Scripturas
2899 2727 3007 2766 non
3031 2711 3278 2780 recipiat)
3309 2713 3412 2766 hoc
3437 2711 3686 2766 testimo-

2088 2801 2236 2856 nium
2276 2817 2342 2856 ex
2375 2817 2606 2870 persona
2631 2801 2827 2857 debere
2849 2802 3074 2872 intelligi
3104 2802 3314 2858 Domini
3358 2802 3682 2859 Salvatoris.

2093 2892 2443 2959 Quamobrem
2471 2911 2570 2949 non
2600 2895 2852 2950 erubescit
2900 2895 3094 2964 fratres
3127 2912 3213 2952 eos
3244 2911 3448 2960 uocare,
3473 2895 3687 2949 dicens:

2088 2983 2426 3039 Annuntiabo
2448 3001 2632 3041 nomen
2651 2997 2800 3040 tuum
2824 2987 3082 3055 fratribus
3128 2988 3276 3050 meis,
3316 2987 3372 3040 in
3395 2987 3565 3040 medio
3582 2986 3689 3040 Ec-

2090 3080 2260 3136 clesia:
2275 3080 2501 3136 laudabo
2520 3090 2566 3136 te
2586 3081 2761 3151 (Hebr.
2788 3099 2846 3146 ιι,
2874 3081 2962 3146 ll,
2999 3081 3111 3150 12).
3129 3079 3196 3136 Et
3216 3082 3407 3136 iterum
3429 3098 3444 3136 :
3467 3080 3578 3150 Ego
3594 3095 3688 3134 ero

2091 3174 2358 3244 conﬁdens
2376 3175 2429 3228 in
2447 3191 2564 3230 eum
2587 3173 2992 3245 (lbid.,l'5);et
3036 3188 3246 3228 rursum
3272 3190 3288 3228 :
3314 3172 3447 3227 Ecce
3500 3188 3594 3242 ego
3631 3178 3685 3226 et

2090 3267 2240 3334 pueri
2293 3267 2414 3333 mei,
2446 3282 2575 3335 quos
2628 3266 2754 3319 mihi
2802 3265 2940 3318 dedit
2975 3265 3112 3319 Deus
3137 3263 3345 3336 (lbid.).
3387 3264 3524 3329 Quia
3555 3278 3688 3332 ergo

2093 3354 2248 3423 pueri
2303 3355 2844 3411 communicaverunt
2903 3355 3056 3408 carni
3088 3364 3144 3408 et
3173 3354 3442 3426 sanguini,
3474 3365 3529 3408 et
3571 3353 3691 3425 ipse

2095 3444 2348 3501 similiter
2371 3447 2642 3516 particeps
2673 3446 2847 3502 factus
2868 3455 2952 3501 est
2988 3447 3304 3500 earumdem
3336 3445 3683 3515 passionum.

2105 3535 2386 3602 Quomodo
2423 3546 2604 3591 autem
2651 3537 2739 3591 isti
2781 3535 2933 3606 pueri
2984 3537 3036 3590 in
3084 3537 3296 3604 signum
3351 3533 3557 3589 fuerint
3605 3543 3688 3588 at-

420 3633 570 3688 runt,
632 3623 759 3692 Liga
799 3621 1106 3678 testimonia
1135 3622 1338 3676 veteris
1364 3618 1741 3684 lnstrumenti,
1763 3626 1820 3674 et
1842 3617 1996 3672 trade
2096 3642 2205 3698 que
2237 3636 2554 3698 portentum
2589 3627 2868 3696 sapientiae
2883 3626 3066 3683 δεουιί
3098 3637 3152 3682 cl
3186 3624 3450 3695 superbiae
3473 3611 3691 3679 Judmo-

419 3716 514 3771 illa
555 3714 846 3785 discipulis
881 3713 1041 3776 meis.
1102 3713 1198 3785 qui
1225 3712 1576 3781 Evangelium
1611 3717 1994 3780 susceperunt.
2097 3735 2240 3784 rum,
2266 3719 2406 3773 idem
2428 3720 2718 3789 Apostolus
2741 3721 2917 3786 docet,
2992 3719 3082 3790 qui
3103 3719 3331 3787 elegisse
3352 3715 3691 3770 tlicilDontio

417 3807 684 3877 apostolis
733 3806 1008 3872 videlicet,
1037 3805 1154 3861 sive
1187 3804 1502 3876 apostolicis
1535 3803 1700 3887 viris.
1721 3801 1816 3858 Vel
1851 3811 1988 3858 certe

2101 3829 2227 3868 num
2263 3812 2622 3876 Salvatorem,
2655 3813 2817 3867 stulta
2854 3813 3033 3879 utundi
3055 3811 3445 3874 etinlirma,ut
3463 3807 3694 3864 confun-

422 3900 507 3956 lex
556 3911 611 3955 et
652 3900 932 3969 prophetia
977 3913 1151 3969 usque
1189 3899 1254 3953 ad
1303 3897 1572 3954 Joannem
1624 3897 1822 3966 ligetur
1857 3896 1988 3966 apud

2105 3905 2258 3959 deret
2282 3906 2554 3973 sapientes
2571 3912 2624 3959 et
2647 3905 2803 3959 fortia
2828 3902 2894 3975 (1
2923 3904 3046 3958 Cor.
3071 3922 3086 3957 ι
3115 3904 3155 3969 ).
3193 3901 3345 3957 Unde
3372 3908 3425 3955 et
3466 3901 3532 3953 ad
3556 3913 3689 3968 apo-

418 4007 520 4048 .eos
563 3991 784 4064 (Matth.
844 3990 948 4062 χι),
992 4001 1048 4046 et
1091 3992 1277 4046 clausa
1319 3990 1392 4046 sit
1428 3998 1592 4060 atque
1645 3997 1880 4060 signata,
1942 3999 1988 4041 ut

2103 3996 2274 4054 stolos
2314 3995 2564 4052 Salvator
2611 3996 2787 4050 aiebat
2819 4013 2833 4051 :
2865 3995 2987 4050 Nisi
3024 3993 3259 4049 conuersi
3301 3993 3504 4062 fueritis
3533 3991 3693 4054 quasi

418 4084 570 4152 quod
593 4083 794 4154 legunt,
821 4098 932 4138 non
985 4081 1318 4152 intelligant.
1350 4083 1458 4139 Pro
1488 4081 1769 4149 discipulis
1829 4079 1988 4144 enim1

2103 4107 2239 4145 unus
2267 4091 2328 4144 de
2357 4091 2559 4160 pueris,
2591 4106 2694 4144 non
2737 4090 3006 4143 iutrnbitis
3058 4089 3114 4142 in
3169 4090 3401 4156 regnum
3439 4085 3692 4140 caelorum

415 4175 582 4246 juxta
601 4174 852 4231 Hebraici
877 4174 1147 4231 sermonis
1177 4173 1616 4244 ambiguitatem,
1641 4187 1928 4242 possumus
1949 4181 2007 4226 et
2104 4182 2124 4252 (
2147 4179 2342 4235 Matth,
2364 4196 2516 4248 ινιιι,
2542 4181 2576 4234 5
2595 4180 2639 4250 ),
2670 4181 2810 4235 Puer
2847 4189 3028 4255 autem
3067 4179 3296 4234 emciluf
3331 4179 3458 4233 novi
3510 4177 3694 4231 Evan-

419 4269 706 4323 doctrinas
755 4267 1124 4338 interpretari.
1160 4267 1314 4322 Unde
1359 4266 1622 4337 propheta
1678 4265 1999 4335 respondit:
2106 4272 2232 4342 gem
2284 4273 2633 4342 pradicator,
2677 4272 2767 4340 qui
2837 4271 3058 4343 deponit
3089 4282 3327 4328 veterem
3387 4269 3692 4332 hominem,

422 4361 563 4431 quia
589 4360 884 4430 Evangelia
907 4361 1260 4424 succedente,
1287 4357 1373 4415 lex
1420 4359 1560 4428 apud
1584 4356 1800 4413 Iudaeos
1826 4357 1988 4411 claus:

2107 4366 2199 4434 qui
2222 4365 2587 4433 corrumpitur
2616 4365 2668 4418 in
2701 4365 2988 4420 desideriis
3017 4362 3370 4425 seductiouis,
3408 4373 3464 4418 et
3519 4361 3698 4416 indui-

425 4460 523 4507 .est
550 4461 713 4520 atque
742 4453 975 4520 signata,
998 4461 1052 4506 et
1072 4452 1230 4523 iubes
1263 4467 1382 4507 eam
1416 4465 1756 4520 nequaquam
1781 4449 2006 4514 Judazis,
2042 4459 2084 4514 ο
2117 4463 2204 4508 ιιιι·
2231 4468 2391 4520 novo,
2420 4454 2513 4524 qui
2548 4463 2842 4509 renovatur
2870 4455 2924 4508 iu
2949 4454 3312 4525 cognitionem
3345 4453 3501 4523 juxta
3553 4452 3694 4505 ima-

427 4545 531 4598 sed
578 4542 828 4612 gentibus
881 4543 1148 4613 assignari
1197 4557 1211 4597 :
1253 4542 1457 4598 idcirco
1519 4557 1621 4610 ego
1681 4544 2006 4610 exspectabo

434 4633 874 4699 Emmanuelem,
910 4649 1073 4705 quem
1107 4635 1384 4706 promittis
1411 4649 1532 4690 esse
1588 4645 1902 4697 venturum,
1941 4633 2008 4685 de

431 4744 544 4798 quo
573 4743 736 4798 supra
779 4727 964 4783 dixisti
1017 4728 1163 4798 quod
1208 4728 1326 4798 ipse
1380 4729 1454 4783 sit
1491 4741 1662 4798 pavor
1694 4737 1902 4790 noster,
1955 4735 2011 4782 et

431 4823 551 4891 ipse
582 4831 757 4878 terror
788 4832 994 4888 noster,
1029 4831 1086 4875 et
1117 4821 1272 4877 nobis
1299 4822 1369 4877 sit
1393 4822 1445 4875 in
1471 4821 1959 4876 sanctillcatiouetn
1992 4837 2006 4886 ;

433 4923 495 4967 et
551 4914 909 4984 praestolabor
961 4913 1252 4968 Dominum
1310 4912 1401 4982 qui
1470 4910 1755 4966 abscondit
1817 4912 2008 4965 faciem

434 5021 593 5060 suam
624 5021 654 5060 a
680 5007 838 5062 domo
861 5005 1052 5071 Jacob,
1085 5005 1188 5061 hoc
1216 5013 1321 5069 est,
1355 5018 1383 5057 a
1439 5002 1668 5069 ludatis,
1711 5002 1837 5072 quia
1885 5018 2010 5056 eum

443 5098 693 5166 recipere
728 5098 1038 5154 noluerunt.
1071 5096 1213 5152 LXX
1245 5097 1390 5152 hunc
1429 5094 1603 5150 locum
1639 5094 1713 5148 ita
1745 5094 2013 5164 interpre-

445 5189 542 5242 tati
563 5199 687 5242 sunt
719 5204 734 5242 :
770 5187 914 5244 Tunc
969 5190 1239 5259 manifesti
1288 5199 1444 5243 erunt
1479 5187 1571 5256 qui
1616 5187 1919 5257 signantur,
1956 5197 2012 5239 ut

443 5297 552 5337 non
569 5281 776 5347 discant
795 5281 978 5352 legem.
998 5283 1153 5350 Quod
1174 5285 1318 5339 hunc
1335 5298 1553 5338 sensum
1575 5282 1733 5336 habet
1762 5297 1777 5334 2
1797 5281 2015 5350 quando

442 5371 746 5428 ceciderint
772 5371 1013 5440 plurimi,
1045 5383 1100 5428 et
1124 5374 1345 5430 contriti
1376 5372 1575 5428 fuerint
1608 5380 1662 5426 et
1692 5370 2016 5438 impegeriut

448 5466 502 5520 in
533 5465 766 5534 lapidem
801 5462 1148 5532 otl‘ensionis,
1176 5476 1227 5521 et
1263 5466 1318 5521 in
1346 5475 1558 5536 petram
1589 5459 1856 5525 scandali,
1892 5469 2018 5514 tunc

449 5556 728 5615 manifesti
755 5567 922 5612 erunt
959 5557 1049 5625 qui
1078 5559 1361 5628 signantur
1389 5561 1440 5613 iu
1475 5556 1692 5627 populo,
1728 5565 1784 5609 ut
1813 5570 2018 5622 nequa-

2111 4545 2293 4617 ginem
2326 4544 2633 4601 Creatoris.
2667 4543 2927 4600 Habitare
2959 4553 3142 4600 autem
3173 4543 3456 4597 Dominum
3479 4538 3692 4594 exerci-

2114 4647 2260 4692 tuttm
2301 4637 2352 4691 itt
2372 4645 2551 4691 monte
2571 4636 2882 4700 Sion,idem
2909 4635 3204 4703 Apostolus
3246 4633 3479 4688 scribit:
3511 4633 3698 4684 Acces-

2115 4729 2263 4784 sistis
2294 4728 2363 4783 ad
2399 4737 2625 4781 montem
2650 4725 2780 4781 Sion
2813 4740 2857 4780 et
2877 4727 3138 4780 civitatem
3158 4725 3254 4777 Dei
3275 4723 3512 4782 uiuentis,
3533 4720 3698 4774 Jeru-

2118 4821 2284 4875 salem
2316 4820 2571 4874 cazlestem
2599 4819 2787 4890 (Hebr.
2812 4836 2904 4882 xu,
2931 4818 3003 4872 22
3033 4819 3076 4887 ).
3101 4816 3257 4872 Unde
3291 4815 3458 4868 miror
3508 4827 3700 4879 quem-

2118 4910 2241 4964 datn
2271 4920 2602 4972 nostrorum,
2640 4922 2834 4976 pnerus
2854 4907 2986 4960 istos
3002 4903 3138 4958 duos
3163 4901 3313 4956 Isaia:
3345 4899 3485 4954 lilios
3534 4897 3699 4951 intel-

2123 5001 2305 5066 ligere,
2341 5014 2478 5067 quos
2514 4999 2579 5051 de
2632 4995 2992 5066 prophetissa:
3044 4993 3286 5047 mulieris
3339 4987 3699 5055 cont‘t‘ptione

2122 5093 2414 5160 geucrarit,
2457 5090 2622 5146 Jasub
2671 5090 2945 5152 videlicet,
2983 5097 3037 5142 et
3073 5084 3387 5140 Emmanuel
3429 5095 3697 5149 :quorum

2124 5187 2274 5254 prior
2306 5185 2357 5238 in
2387 5183 2696 5250 ubjectionc
2720 5179 2916 5248 prioris
2940 5179 3144 5250 populi,
3179 5177 3338 5247 126
3383 5188 3614 5241 sequens
3647 5172 3700 5224 in

2125 5279 2489 5345 assumptione
2507 5274 2741 5346 gentium
2777 5274 3131 5344 praecesserit.
3159 5271 3310 5337 Quod
3343 5269 3436 5337 qui
3466 5266 3699 5334 recipit,

2126 5378 2526 5436 consequenter
2560 5375 2614 5420 et
2671 5365 2807 5420 Osce
2841 5366 3158 5434 prophetam
3185 5377 3310 5417 vere
3353 5360 3701 5414 meretricem

2105 5475 2353 5536 _uxorem
2387 5459 2642 5513 habuisse
2703 5458 2960 5513 lirtnabit.

2201 5551 2394 5619 (Vet's.
2442 5551 2502 5606 19
2553 5555 2746 5618 seqq.)
2784 5570 2801 5602 ι
2860 5550 2917 5602 Et
2981 5566 3102 5604 cunt
3181 5549 3406 5602 dixerint
3467 5545 3528 5599 .nl
3586 5557 3704 5606 vos,

525 5744 538 5773 ¹
571 5743 859 5816 Pcrpet'am
883 5741 1057 5800 Vatic.
1095 5782 1109 5811 ,
1138 5743 1505 5812 signorumque
1561 5744 1787 5814 {uetares
1842 5739 2198 5809 appellantur.
