3980 6200
263 335 367 396 125

985 335 1484 400 COMMENTAR.
1530 338 1611 397 ΙΝ
1661 339 1932 399 lSAIAM
1976 339 2451 400 PROPHETAM
2505 339 2652 400 LIB.
2690 339 2803 404 III.

3423 343 3524 408 126

255 441 505 509 Quaerite
540 457 572 498 a
599 441 934 513 Pythonibus
955 456 1008 500 et.
1043 463 1072 500 a
1112 447 1332 511 divinis,
1386 449 1478 519 qui
1525 452 1760 506 strident
1791 451 1843 503 in
1872 450 1922 507 Α
1950 451 2040 518 qui
2075 451 2194 520 ejus
2218 450 2566 519 Evangelium
2617 449 3079 521 susceperunt.Si
3131 449 3391 518 dixerint,
3440 457 3524 512 in-

254 532 724 591 inctlntationibus
745 537 881 602 suis,
916 539 1178 608 numquid
1238 556 1347 596 non
1397 542 1622 611 populus
1665 559 1693 596 a
1730 544 1838 598 Deo

255 643 359 683 suo
383 629 612 698 requirit
635 643 735 697 pro
765 629 903 684 vivis
931 646 960 680 a
996 633 1272 688 mortuis?
1303 634 1385 689 Ad
1442 635 1612 706 legem
1668 639 1840 706 magis

256 729 312 774 ct
332 720 404 772 ad
446 720 840 775 testimonium.
869 721 1025 786 Quod
1060 724 1102 776 si
1137 740 1242 778 non
1275 727 1515 780 dixerim
1539 728 1696 796 juxta
1721 743 1840 782 ver-

257 809 388 864 bum
423 807 548 872 hoc,
582 824 690 861 non
726 810 806 864 eis
826 812 934 866 erit
983 814 1252 868 matutina
1303 814 1416 869 lux.
1461 813 1530 870 Et
1587 818 1841 872 transibit

258 914 357 967 per
394 913 518 954 eam
551 913 571 966 ;
600 908 840 964 corruet,
906 912 961 954 et
997 903 1204 957 esuriet
1236 913 1331 958 :et
1387 920 1510 958 cum
1560 905 1838 970 esurierit,

260 990 552 1050 insector,
585 997 637 1043 et
673 990 957 1043 tnaledicet
986 993 1095 1061 tegi
1115 1008 1234 1055 suo,
1265 1006 1320 1046 et
1345 993 1454 1046 Deo
1482 1009 1602 1048 suo.
1635 994 1840 1050 Etsus-

259 1081 428 1150 piciet
457 1096 696 1147 sursum,
727 1091 782 1136 et
806 1081 874 1136 ad
911 1093 1110 1138 terram
1147 1085 1470 1151 intuebitur,
1502 1096 1558 1141 et
1592 1102 1721 1142 ecce
1747 1087 1842 1142 tri-

258 1172 468 1227 bulatio
497 1183 551 1227 et
606 1173 858 1235 tenebrae,
909 1175 1216 1243 dissolutio,
1259 1177 1532 1246 angustia,
1569 1189 1623 1231 et
1669 1179 1842 1250 caligo

259 1277 618 1331 persequens,
639 1273 694 1316 et
727 1279 832 1317 non
853 1266 1274 1333 poteritavolare
1287 1265 1351 1320 de
1382 1269 1632 1336 angustia
1659 1284 1779 1324 sua.
1817 1287 1836 1321 ι

259 1355 318 1409 Si
350 1354 508 1409 Isaiae
546 1357 829 1423 propheta:
848 1371 949 1411 vox
975 1364 1080 1419 est,
1108 1365 1167 1410 ut
1191 1355 1360 1411 Judtri
1385 1362 1678 1426 aestimant,
1707 1358 1844 1415 Ecce

255 1464 355 1520 ego
380 1457 432 1501 et
455 1449 603 1514 pueri
629 1449 754 1515 mei,
783 1465 912 1517 quos
935 1449 1065 1504 mihi
1086 1450 1229 1506 dedit
1265 1451 1522 1507 Dominus
1554 1454 1607 1507 in
1635 1454 1841 1525 signum

257 1551 306 1594 et
337 1541 395 1595 in
419 1551 717 1611 portentum
738 1540 974 1608 Israelis,
1003 1550 1057 1598 et
1084 1544 1198 1599 hac
1221 1559 1343 1613 quas
1379 1556 1704 1615 sequuntur,
1728 1547 1843 1616 ipse

258 1633 328 1685 ad
359 1631 654 1701 discipulos
682 1647 811 1688 suos
833 1635 1242 1691 credendus-est
1271 1622 1451 1695 dicere
1485 1653 1500 1693 :
1529 1639 1662 1693 Cum
1689 1640 1842 1695 dixe-

266 1724 402 1784 rint,
435 1725 624 1794 inquit,
664 1725 729 1779 ad
771 1739 867 1781 vos
895 1737 1084 1795 gentes
1108 1737 1159 1782 et
1180 1730 1386 1798 p0puli,
1419 1733 1485 1786 de
1529 1731 1726 1800 quibus
1751 1748 1841 1786 su-

1943 546 2083 612 quit,
2122 555 2306 610 patres
2336 542 2501 597 vestri
2533 557 2671 612 quos
2740 544 3329 615 reliquistiszqnmrite
3393 563 3525 602 ven-

1945 636 2233 705 triloquos,
2265 652 2403 705 quos
2460 639 2728 709 pytltonas
2794 637 3148 704 intelligimus
3176 639 3430 707 (qualem
3471 651 3528 696 et

1943 728 1996 781 in
2020 727 2240 783 Actibus
2272 730 2640 798 apostolorum
2662 729 2914 785 ancillam
2937 731 3166 802 legimus
3190 732 3368 802 (Cap.
3395 734 3524 802 xvi)

1942 833 2063 889 qua:
2084 818 2312 887 quaestui
2342 828 2468 874 erat
2499 819 2737 876 dominis
2769 821 2922 888 suis)
2954 833 3010 876 et
3042 822 3133 890 qui
3167 823 3234 878 de
3273 833 3415 878 terra
3449 823 3528 877 lo-

1944 918 2210 977 quuntur,
2247 909 2394 980 quod
2434 911 2488 967 in
2541 911 2862 967 evocatione
2921 914 3226 966 animarum
3286 913 3427 980 magi
3467 929 3527 969 se

1943 999 2124 1056 facere
2147 1002 2488 1064 pollicentur,
2522 1013 2578 1058 et
2645 1013 2838 1058 caetera
2900 1004 3272 1060 maleﬁcarum
3325 1007 3524 1059 artium

1943 1109 2147 1164 genera
2185 1110 2202 1159 ;
2233 1094 2335 1148 hoc
2363 1098 2505 1149 scire
2537 1095 2768 1160 debetis,
2800 1096 2946 1164 quod
2993 1112 3329 1167 unaquteque
3394 1115 3527 1165 gens

1945 1186 2196 1256 proprios
2228 1187 2485 1241 consulat
2510 1188 2664 1253 deos,
2697 1196 2752 1242 et
2772 1187 2840 1241 de
2871 1189 3120 1242 vivorum
3149 1191 3323 1245 salute
3385 1207 3529 1245 mor-

1949 1287 2073 1334 tuos
2108 1278 2440 1334 sciscitetur.
2489 1279 2656 1335 Vobis
2696 1289 2876 1335 autem
2939 1281 2994 1335 in
3043 1282 3303 1336 auxilium
3351 1282 3524 1350 legem

1944 1367 2094 1424 dedit
2122 1367 2288 1433 Detts,
2313 1377 2375 1423 ut
2401 1369 2625 1439 possitis
2651 1369 2834 1426 dicere
2873 1374 2891 1425 ξ
2927 1385 3036 1426 non
3070 1380 3155 1426 est
3195 1373 3318 1426 talis
3350 1373 3530 1426 ethni-

1945 1474 2138 1516 corum
2159 1461 2450 1528 divinatio,
2486 1462 2579 1530 qui
2629 1462 2873 1517 cultores
2901 1477 3032 1518 suos
3064 1479 3208 1532 saepe
3231 1464 3528 1531 decipiunt,

1947 1556 2090 1612 sicut
2133 1568 2320 1610 nostra
2357 1571 2478 1625 quae
2517 1557 2725 1624 absque
2752 1554 2860 1609 ullo
2891 1570 3114 1610 munere
3135 1556 3409 1624 profertur
3459 1573 3527 1614 ex

1944 1649 2084 1719 lege.
2109 1646 2265 1705 Unde
2284 1649 2624 1718 interpretati
2646 1659 2776 1704 sunt
2794 1647 2939 1703 LXX
2968 1665 2983 1702 :
3023 1647 3146 1704 Non
3167 1651 3301 1704 sicut
3318 1652 3530 1705 verbum

1947 1739 2063 1802 hoc,
2079 1755 2174 1808 pro
2190 1755 2293 1809 quo
2309 1755 2411 1793 non
2431 1747 2506 1793 est
2535 1739 2667 1792 dare
2686 1754 2930 1793 munera.
2951 1736 3132 1793 Gratis
3148 1741 3310 1803 enim,
3329 1741 3528 1810 inquit,

259 1831 373 1886 pra
395 1793 589 1871 lectum
642 1827 748 1880 est,
783 1793 1408 1888 “ﬁrmamina—populi,
1438 1831 1484 1876 et
1526 1793 1796 1877 uincimini
1817 1840 1838 1889 ,'
1872 1793 1913 1850 Β
1940 1793 2235 1899 accepistii,
2261 1832 2428 1900 gratis
2447 1832 2568 1884 date
2589 1831 2608 1902 (
2629 1829 2818 1884 Matth.
2851 1845 2908 1895 x,
2931 1828 3214 1900 8.)Veniet
3235 1793 3422 1884 au'teni

261 1908 398 1978 quid
416 1911 706 1978 prophetas
732 1910 893 1965 vultis
909 1911 1124 1976 audire,
1151 1913 1280 1981 quid
1305 1913 1459 1969 Isaia:
1492 1917 1671 1971 verbis
1693 1916 1840 1972 deci-

264 1998 484 2067 pimini,
511 2008 566 2053 et
599 1999 748 2052 illum
785 1999 988 2067 putatis
1019 2016 1144 2070 qua:
1175 2010 1404 2057 ventura
1443 2012 1575 2058 sunt
1625 2021 1789 2062 nosse
1815 2006 1840 2061 τ

262 2091 500 2156 Ουετίιθ
530 2091 697 2160 magis
724 2106 754 2145 a
789 2092 1142 2162 Pytlmnibus,
1183 2104 1237 2148 et
1278 2111 1306 2148 a
1337 2095 1555 2162 divinis,
1599 2099 1688 2165 qui
1715 2100 1844 2155 stri-

264 2182 395 2237 dent
423 2182 476 2237 iu
506 2183 965 2239 incantationibus
989 2187 1126 2240 suis.
1153 2185 1261 2241 Pro
1291 2189 1490 2257 quibus
1515 2189 1652 2244 LXX
1675 2191 1843 2246 inter-

261 2275 456 2346 pretati
475 2285 599 2330 sunt
621 2291 635 2331 :
653 2275 759 2341 Qui
778 2277 843 2329 de
864 2287 1003 2331 terra
1025 2278 1334 2346 loquuntur,
1350 2281 1440 2350 qui
1459 2281 1523 2334 de
1538 2293 1710 2337 ventre
1732 2284 1845 2337 cta-

263 2368 474 2423 mitant.
489 2367 680 2422 Omnis
700 2368 868 2434 enim,
887 2369 980 2438 qui
1001 2369 1065 2422 de
1084 2381 1227 2424 terra
1249 2379 1350 2438 est,
1361 2372 1426 2427 de
1446 2385 1588 2427 terra
1607 2373 1847 2444 loquitur

263 2461 454 2530 (Joan.
485 2479 566 2526 nt,
603 2460 667 2516 51
698 2461 743 2530 ).
769 2460 836 2515 Et
884 2461 1039 2531 cujus
1061 2461 1199 2517 Deus
1222 2474 1412 2520 venter
1434 2475 1538 2530 est,
1582 2477 1635 2521 et
1677 2466 1846 2538 gloria

261 2554 319 2607 in
336 2552 652 2607 enniusione
666 2552 784 2622 ejus
800 2549 1053 2622 (Philipp.
1077 2569 1160 2618 tu,
1180 2554 1292 2623 l9),
1309 2555 1376 2610 de
1397 2566 1588 2613 ventre
1609 2559 1846 2614 clamare

262 2644 563 2699 credendus
579 2653 680 2698 est.
701 2643 810 2700 Vos
824 2647 1142 2712 respondete
1165 2647 1330 2710 eis,et
1344 2647 1544 2702 dicite:
1572 2646 1846 2720 Numquid

261 2753 362 2790 non
385 2736 613 2806 populus
635 2754 669 2790 α
692 2735 803 2792 Deo
831 2753 927 2792 suo
952 2739 1170 2808 requirit
1197 2755 1292 2807 pro
1329 2742 1460 2796 vivis
1492 2759 1524 2795 α
1569 2745 1796 2797 mortuis
1820 2745 1847 2798 i

263 2829 324 2884 Si
350 2844 466 2894 vos,
497 2828 692 2898 inquit,
737 2843 842 2899 pro
903 2830 1169 2885 varietate
1219 2831 1487 2886 idolorum
1539 2846 1845 2888 vestrorum

262 2921 282 2989 (
300 2937 403 2973 non
432 2919 578 2974 enim
607 2935 798 2984 unum,
819 2920 910 2975 scd
941 2921 1125 2988 plures
1163 2923 1379 2978 habetis
1409 2924 1574 2994 deos)
1603 2940 1698 2982 eos
1718 2941 1848 2982 eon-

258 3013 457 3077 solitis,
490 3027 628 3083 quos
681 3013 814 3068 deos
875 3014 1219 3078 arbitramini
1252 3032 1273 3081 ,-
1309 3025 1362 3070 et
1386 3033 1415 3070 a
1469 3019 1696 3074 mortuis
1735 3019 1849 3074 sive

1943 1922 2366 1992 perincredulos
2382 1922 2556 1978 iatnes
2571 1922 2884 1990 durissima,
2913 1939 3017 1978 non
3039 1923 3208 1978 fames
3229 1923 3409 1991 panis,
3433 1933 3528 1979 aut

1945 2015 2070 2069 sitis
2088 2014 2362 2082 aquas,sed
2392 2011 2566 2067 fames
2583 2013 2836 2068 audiendi
2853 2028 3165 2069 sermonem
3179 2013 3273 2068 Dei
3308 2015 3526 2078 (Amos.

1947 2106 2100 2169 vm).
2124 2105 2329 2160 Etcum
2363 2105 2694 2168 esurieritis,
2717 2105 3209 2169 contristabimini,
3231 2115 3286 2159 et
3309 2106 3536 2161 maledi-

1943 2197 2080 2252 cetis
2109 2197 2341 2266 principi
2362 2206 2543 2251 vestro
2573 2205 2628 2251 et
2642 2197 2885 2265 paternis
2901 2195 3305 2261 traditionibus,
3325 2197 3430 2252 hoc
3446 2212 3508 2253 es

1949 2288 2200 2352 diabolo,
2229 2295 2286 2342 et
2308 2287 2548 2360 antiquis
2567 2286 2870 2341 erroribus.
2912 2283 3030 2340 Hoc
3083 2294 3265 2340 autem
3311 2287 3378 2339 ad
3431 2301 3530 2341 eos

1948 2378 2188 2448 loquitur
2213 2379 2304 2449 qui
2334 2378 2530 2433 fatnem
2560 2379 2704 2447 passi
2731 2375 3226 2439 fuerintveritatis,
3259 2384 3316 2431 et
3349 2377 3534 2444 suspi-

1947 2469 2093 2525 cient
2111 2470 2163 2523 in
2181 2467 2689 2530 ctnlumsursum,et
2705 2468 2758 2520 in
2773 2473 2975 2520 terram
2995 2465 3276 2529 deorsum,
3300 2472 3356 2519 et
3369 2471 3536 2520 erunt

1953 2561 2006 2615 in
2029 2560 2305 2628 angustia,
2342 2559 2396 2612 in
2433 2557 2696 2623 tenebris,
2741 2564 2796 2611 et
2829 2555 2883 2609 in
2906 2555 3255 2611 tribulatione
3288 2566 3385 2610 :ut
3424 2571 3534 2612 non

1948 2652 2172 2706 videant
2210 2664 2385 2720 usque
2411 2649 2479 2704 ad
2503 2657 2735 2718 tempus,
2757 2646 2933 2702 donec
2950 2653 3005 2702 et
3032 2646 3133 2717 ipsi
3154 2647 3218 2700 ad
3240 2645 3531 2702 Dominum

1950 2753 2366 2801 convertantur.
2390 2739 2583 2797 Latam
2604 2739 3042 2808 explanationem
3063 2739 3182 2794 loca
3203 2739 3304 2795 ista
3319 2739 3537 2794 deside-

1951 2846 2102 2893 rant:
2122 2837 2216 2893 sed
2233 2835 2502 2904 parcimus
2521 2835 2783 2889 librorum
2805 2832 3257 2901 magnitudini,ut
3277 2832 3540 2888 tollamus

1952 2931 2234 2989 fastidium
2253 2929 2524 2987 lectionis.
2555 2929 2850 3000 Hacjuxta
2875 2925 3018 2982 LXX
3038 2926 3448 2984 translationem
3461 2942 3536 2983 ex

1953 3033 2110 3096 parte
2134 3023 2577 3093 perstrinximus,
2619 3021 2782 3093 128
2809 3025 2931 3089 quae
2957 3021 3009 3074 in
3034 3019 3308 3090 plerisque
3357 3019 3536 3074 disso-

260 3116 601 3160 ntortuorum
634 3105 911 3160 hominum
931 3106 1264 3175 simulacris,
1292 3109 1358 3164 de
1382 3111 1687 3166 viventibus
1702 3127 1846 3182 (μιξε-
1874 3124 1916 3183 c
1955 3128 2048 3174 nat
2077 3119 2144 3174 ab
2165 3118 2428 3174 Hammo.
2457 3117 2728 3173 Caterum
2777 3112 3021 3171 Νηρίτωί
3057 3112 3189 3186 [ΑΙ.
3222 3112 3488 3168 Nazareni
3509 3111 3541 3185 ]’

258 3197 428 3260 ritis;
461 3203 663 3267 quanto
709 3199 882 3268 magis
917 3213 1016 3252 nos
1068 3199 1233 3254 Deum
1269 3209 1513 3255 nostrum
1563 3218 1661 3272 per
1724 3217 1852 3272 pro-

256 3291 449 3360 pltetas
478 3290 662 3344 audire
688 3290 949 3345 debemus
981 3290 1190 3348 iDocet
1222 3307 1350 3362 ergo
1395 3295 1717 3362 discipulus,
1777 3305 1832 3351 et

268 3380 434 3446 iniert
481 3383 548 3434 atl
606 3381 776 3449 legem
830 3382 1003 3453 magis
1042 3386 1183 3438 clad
1236 3386 1632 3440 testimonium.
1700 3386 1755 3442 Si
1781 3388 1850 3443 de

275 3473 482 3541 aliquo,
504 3473 702 3541 inquit,
741 3473 1026 3540 dubitatis,
1062 3475 1257 3531 scitote
1281 3477 1542 3544 scriptum
1575 3486 1589 3530 ξ
1626 3478 1855 3544 Gentes,

264 3581 402 3630 quas
465 3565 723 3621 Dominus
771 3566 912 3622 Deus
957 3578 1082 3624 tuus
1126 3569 1400 3639 disperdet
1451 3587 1479 3623 a
1534 3571 1672 3625 facie
1717 3581 1828 3638 tua,

261 3660 471 3714 somnia
497 3659 516 3692 ⁸
540 3661 763 3715 audiunt
790 3669 845 3715 et
865 3662 1080 3716 divinos
1110 3679 1125 3729 ;
1155 3662 1250 3716 tibi
1297 3674 1476 3719 autem
1503 3679 1607 3717 non
1635 3664 1710 3720 ita
1741 3676 1849 3718 tra-

261 3751 402 3806 didit
440 3752 700 3806 Dominus
726 3749 1016 3808 Deusmus
1050 3766 1065 3808 :
1104 3751 1430 3822 Prophetam
1481 3757 1626 3810 vobis
1678 3759 1847 3812 susci-

261 3846 393 3900 tabit
424 3843 674 3898 Dominus
701 3845 838 3898 Deus
871 3863 904 3900 υ.
927 3856 1033 3900 ster
1058 3848 1120 3900 de
1142 3849 1396 3918 fratribus
1428 3852 1611 3903 vestris
1637 3853 1656 3883 ³
1674 3892 1689 3914 ,
1711 3852 1850 3904 sicut

259 3955 365 4001 me,
398 3938 547 3990 illum
586 3939 813 3992 audietis
838 3938 1034 4007 (Deut.
1062 3955 1211 4004 xvnt,
1242 3941 1308 3996 15
1329 3943 1369 4010 ).
1402 3942 1550 3998 Unde
1582 3941 1626 3998 si
1686 3945 1849 3999 vultis

269 4047 435 4086 nosse
475 4031 632 4100 127
660 4046 780 4098 qua:
819 4031 982 4085 dubia
1027 4043 1176 4096 sunt,
1199 4033 1375 4102 magis
1400 4049 1500 4091 vos
1536 4035 1656 4106 legi,
1690 4045 1742 4090 et
1771 4046 1850 4090 te-

267 4123 550 4178 stimoniis
609 4122 805 4177 tradite
848 4123 1281 4192 Scripturarum.
1333 4127 1487 4194 Quod
1519 4128 1564 4184 si
1593 4129 1824 4184 noluerit

263 4227 446 4271 vestra
499 4218 852 4288 congregatio
900 4219 1127 4274 verbum
1178 4219 1394 4276 Domini
1449 4237 1717 4292 quaerere,
1737 4236 1844 4277 non

264 4308 486 4363 habebit
520 4311 692 4364 lucem
738 4309 1007 4371 veritatis.
1072 4312 1169 4367 sed
1223 4313 1537 4369 versabitur
1561 4314 1614 4367 in
1656 4327 1846 4368 errore

267 4401 634 4471 tenebrisque.
663 4401 778 4456 Lux
820 4405 1172 4472 pertransibit
1218 4421 1359 4471 eam,
1396 4409 1501 4462 hoc
1543 4417 1650 4472 est,
1708 4421 1840 4462 ροη-

1961 3213 2144 3268 locum
2176 3213 2338 3268 istum
2367 3212 2440 3268 ita
2462 3212 2770 3267 edisserunt
2802 3222 2818 3265 :
2854 3209 2988 3265 Cum
3047 3208 3285 3263 dixerint
3336 3207 3402 3260 ad
3437 3221 3536 3261 vos

1959 3303 2167 3360 Scribat
2196 3313 2250 3358 et
2279 3301 2560 3368 Pharisaei,
2593 3311 2653 3356 ut
2677 3317 2776 3358 eos
2795 3301 3056 3364 audiatis,
3083 3300 3174 3369 qui
3198 3299 3379 3354 omnia
3403 3313 3539 3354 ven-

1961 3396 2062 3449 tris
2089 3410 2249 3449 causa
2279 3393 2522 3461 faciunt;
2563 3403 2622 3449 et
2646 3394 2699 3447 in
2731 3407 2938 3448 morem
2973 3404 3252 3460 magorum
3294 3391 3535 3446 stridunt

1956 3485 2010 3539 in
2044 3485 2510 3540 incantationibus
2533 3483 2672 3548 suis,
2707 3490 2766 3538 ut
2806 3497 2901 3537 vos
2940 3482 3240 3552 decipiant,
3301 3480 3409 3536 hoe
3452 3482 3543 3545 eis.

1954 3576 2286 3646 respondere
2304 3577 2513 3633 debetis
2545 3592 2688 3630 :non
2723 3576 2920 3630 mirum
2945 3575 2990 3629 si
3015 3589 3113 3629 vos
3160 3583 3371 3629 vestras
3421 3582 3549 3629 ιτα-ι.

1954 3668 2196 3724 ditiones
2219 3667 2546 3738 sequamini,
2575 3681 2700 3721 cum
2729 3679 3066 3734 unaquaeque
3095 3678 3229 3734 gens
3268 3679 3365 3719 sua
3400 3678 3546 3718 con-.

1953 3760 2097 3817 sulat
2125 3759 2290 3814 idola.
2315 3757 2458 3829 Ergo
2477 3767 2644 3814 etnos
2663 3773 2694 3812 a
2716 3757 3114 3824 vobiszmortuis
3135 3757 3199 3811 de
3222 3756 3548 3811 viventibus.

1951 3851 2238 3908 consulere
2280 3866 2384 3906 non
2417 3851 2675 3906 debemus
2701 3864 2719 3918 ;
2744 3851 2928 3918 magis
2956 3849 3115 3902 nobis
3141 3849 3306 3903 Deum
3355 3848 3549 3918 legem.

1951 3942 2528 4008 dedit,ettestimonia
2557 3941 3125 4010 Scripturarum,qua2
3161 3940 3206 3994 si
3229 3940 3380 4010 sequi
3431 3955 3549 3994 no-.

1949 4037 2182 4102 lueritis,
2219 4050 2324 4090 non
2348 4033 2622 4089 habebitis
2681 4033 2882 4096 lucem,
2943 4031 3039 4087 sed
3099 4045 3315 4100 semper
3357 4030 3548 4099 caligo.

1949 4129 2510 4198 vosopprimet,qnte
2573 4124 2826 4179 transibit
2875 4139 2971 4193 per
3025 4132 3230 4178 terram
3290 4133 3537 4178 vestram

1952 4229 2116 4290 atque
2161 4219 2461 4275 doctrinam
2492 4224 2586 4272 :ut
2614 4230 2738 4270 cum
2755 4213 2972 4284 decepti
3007 4229 3036 4268 a
3061 4214 3218 4268 vobis
3249 4227 3308 4268 se
3352 4213 3406 4266 in
3438 4227 3532 4267 er-

1947 4327 2072 4367 rore
2088 4311 2489 4381 perspexerint,
2509 4319 2562 4362 et
2586 4306 2862 4364 sustinere
2881 4306 3076 4360 famem
3098 4307 3365 4372 veritatis,
3399 4315 3545 4362 tune.

1953 4405 2375 4467 contristentur,
2405 4403 2522 4456 sive
2552 4399 2881 4465 irascantur,
2922 4409 2978 4453 et
3009 4398 3334 4454 maledicant
3359 4399 3540 4461 vobis,

264 4493 634 4560 gregationem
665 4502 926 4557 vestram,
950 4494 1067 4549 sive
1090 4505 1314 4561 terram,
1350 4505 1406 4551 et
1467 4499 1759 4561 corruetis,
1794 4506 1850 4551 et
1877 4477 1930 4536 D
1956 4511 2094 4567 quos
2110 4495 2269 4564 quasi
2289 4496 2420 4550 deos
2437 4501 2632 4548 suoset
2657 4505 2808 4560 reges
2827 4495 3110 4562 putabant.
3154 4491 3218 4544 Et
3240 4488 3441 4543 frustra
3466 4491 3548 4544 ad.

263 4581 538 4647 esurietis,
569 4591 758 4636 etcum
783 4584 1107 4646 esurieritis,
1137 4586 1477 4653 irascemini,
1541 4589 1844 4643 secundum

265 4674 395 4728 illud
408 4674 553 4743 quod
575 4673 834 4742 scriptum
852 4685 938 4731 est
965 4693 980 4732 :
1013 4675 1080 4730 Et
1108 4694 1226 4732 cum
1246 4694 1350 4734 non
1374 4679 1571 4748 fuerint
1592 4681 1844 4744 saturati,

264 4767 668 4821 murmurabant
696 4766 866 4837 (Psal.
899 4783 1052 4832 mu,
1081 4770 1172 4840 16)
1215 4786 1230 4836 ;
1282 4782 1336 4827 et
1367 4772 1708 4826 maledicetis
1737 4773 1848 4826 Deo

266 4857 374 4925 regi
404 4867 604 4923 vestro,
642 4860 771 4913 etin
829 4861 1244 4917 necessitatibus
1301 4878 1518 4918 sursum
1568 4865 1847 4932 aspicietis

262 4949 317 5002 in
341 4949 567 5013 ctelum,
597 4950 721 5004 etin
758 4961 958 5006 terram
979 4953 1233 5008 deorsum
1267 4970 1283 5020 ;
1317 4963 1371 5008 et
1397 4969 1528 5010 ecce
1565 4958 1848 5012 tribulatio

263 5052 320 5096 et
359 5043 615 5106 tenebrae,
648 5043 934 5098 dissolutio
950 5040 1212 5114 genuum,
1247 5055 1303 5099 et
1325 5047 1522 5101 mentis
1571 5049 1846 5118 angustia,

262 5142 318 5187 et
349 5133 524 5196 caligo
545 5133 849 5197 oculorum,
885 5145 940 5189 et
974 5151 1079 5189 non
1112 5137 1354 5205 poteritis
1397 5139 1516 5193 erui
1577 5142 1643 5194 de
1675 5155 1844 5208 angu-

259 5225 388 5279 stia.
419 5222 711 5294 Hoccjuxta
739 5225 1013 5281 Haabreos.
1066 5225 1334 5282 Cat-terum
1373 5235 1434 5282 ut
1500 5244 1662 5297 supra
1703 5231 1846 5284 dixi-

261 5333 409 5381 mus,
441 5319 486 5370 si
521 5333 747 5386 pcrsona
783 5319 980 5374 Christi
1013 5330 1094 5376 est
1125 5321 1384 5387 dicentis,
1433 5320 1567 5376 Ecce
1619 5339 1732 5392 ego,
1795 5331 1844 5374 et

256 5411 412 5481 pueri
435 5411 554 5468 mei.
579 5427 707 5480 quos
747 5413 876 5465 mihi
906 5413 1200 5467 deditDeus
1221 5429 1242 5468 :
1264 5417 1424 5468 etiam
1476 5417 1588 5470 haec
1616 5419 1729 5484 ipse
1765 5417 1846 5470 lo-

251 5507 451 5572 quitur
486 5506 552 5555 ad
593 5507 868 5572 apostolos
903 5518 956 5558 et
1015 5507 1082 5558 ad
1137 5505 1424 5562 credentes
1456 5521 1518 5560 ex
1567 5509 1840 5577 gentibus,

336 5683 350 5711 ¹
387 5680 492 5733 Prn
513 5681 716 5734 swnm’a
742 5681 1024 5741 legendum
1057 5682 1234 5735 omnia
1260 5684 1537 5738 contendit
1571 5683 1844 5742 Victorius

255 5767 326 5806 ex
361 5751 473 5805 Dcu
501 5751 759 5804 eruamini.
790 5760 959 5804 tcatu.

1959 4589 2155 4644 caelum
2185 4598 2496 4656 terramque
2527 4585 2843 4653 respiciant,
2877 4599 3001 4639 cum
3054 4598 3266 4653 semper
3287 4584 3341 4637 in
3380 4591 3546 4636 tene-v

1957 4682 2070 4736 bris
2105 4681 2241 4741 sint,
2262 4689 2317 4734 et
2343 4694 2452 4733 non
2481 4679 2690 4748 possint
2712 4675 2780 4731 de
2805 4677 3004 4730 vestris
3055 4676 3270 4729 avolare
3295 4675 3539 4730 insidiis.

2032 4773 2187 4842 (Cap.
2209 4769 2579 4826 lX.—Vers.l
2601 4769 2807 4838 seqq.)t
2829 4768 3010 4823 Primo
3033 4776 3272 4837 tempore
3285 4766 3541 4820 alleviata.

1956 4880 2040 4924 est
2071 4879 2214 4920 terra
2237 4863 2501 4925 Zabulon,
2525 4872 2580 4916 et
2617 4871 2759 4914 terra
2806 4858 3092 4928 Nephthali
3120 4874 3135 4910 :
3159 4865 3212 4912 et
3234 4856 3538 4910 novissimo

1967 4969 2262 5032 aggravata
2303 4967 2385 5010 est
2421 4959 2504 5008 via
2565 4954 2732 5008 maris
2787 4961 2938 5006 trans
2966 4948 3257 5003 Iordanem
3297 4947 3538 5002 Calilaaae

1956 5052 2217 5122 gentium.
2250 5047 2486 5116 Populus
2509 5044 2600 5115 qui
2640 5041 2954 5097 ambulabat
2985 5040 3038 5093 in
3087 5037 3350 5102 tenebris,
3393 5038 3530 5091 vidit

1957 5143 2131 5197 lucem
2187 5155 2432 5209 magnam
2472 5156 2486 5190 :
2521 5134 2888 5191 habitantibus
2943 5131 2996 5184 in
3049 5130 3268 5202 regione
3325 5129 3540 5183 umbrze

1956 5233 2275 5295 mortis,qu
2297 5241 2412 5284 orta
2432 5228 2630 5283 esteis.
2657 5245 2675 5278 ι
2721 5222 2865 5280 LXX
2895 5239 2911 5277 :
2938 5241 2956 5274 t
2991 5221 3099 5276 Hoc
3130 5221 3362 5292 primum
3380 5221 3542 5283 bibe.

1956 5325 2215 5380 velociter
2233 5324 2313 5376 iac
2337 5323 2487 5391 regio
2523 5318 2791 5384 Zabulon,
2826 5326 2968 5370 terra
2997 5314 3425 5383 Nepltthalin,et
3447 5328 3533 5366 re-

1954 5414 2108 5482 liqui,
2136 5416 2223 5483 qtti
2261 5414 2410 5483 juxta
2452 5426 2600 5465 mare
2623 5411 2754 5464 estis
2796 5415 2946 5462 trans
2977 5405 3268 5462 Jordanem
3301 5405 3540 5461 Galiizem

1955 5509 2221 5579 gentium.
2255 5504 2513 5572 Populus,
2547 5501 2636 5572 qui
2674 5502 2983 5555 ambulabat
3008 5501 3060 5554 in
3087 5500 3349 5564 tenebris,
3397 5495 3540 5555 vidit

2029 5694 2045 5721 ²
2083 5687 2250 5741 V’atit‘.
2282 5728 2295 5751 ,
2337 5684 2654 5753 I’rnphctam
2680 5685 2741 5738 dc
2777 5684 2934 5746 vobis,
2959 5693 3061 5737 ctc.
