3980 6200
418 337 520 405 127

1594 338 1654 398 S.
1697 338 1894 400 EUSE
1908 337 2016 398 Bll
2059 338 2110 397 Il
2125 336 2358 398 IERON
2370 337 2508 397 YMI

3589 333 3694 398 128

416 454 594 510 lucem
626 467 874 524 magnam
912 471 927 510 :
963 455 1056 524 qui
1088 454 1351 510 habitatis
1379 453 1434 508 in
1470 454 1692 522 regione
1717 463 1772 508 et
1803 454 1991 507 umbra
2025 457 2069 511 Α
2100 467 2264 522 agere
2306 453 2709 522 paenitentiam.
2735 448 2843 504 Pro
2907 448 3134 504 Catilina
3186 447 3440 513 gentium,
3496 449 3690 518 Aquila

414 549 630 610 mortis.
687 547 779 602 lux
813 547 1020 602 orietur
1065 549 1241 602 vobis.
1281 564 1301 599 ι
1369 546 1647 611 Duplicem
1706 547 1990 614 posuimus

417 640 736 704 editionem,
760 638 885 706 quia
911 639 1188 706 vulgatum
1222 647 1305 691 est
1333 638 1728 700 testimonium,
1751 647 1804 691 et
1837 652 1996 690 usur-

421 746 602 801 patum
650 734 717 786 ab
748 732 1082 800 evangelista
1124 730 1419 786 Matthteo:
1474 740 1534 784 ut
1557 731 1638 784 vel
1698 730 1992 785 diversitas

423 826 911 892 interpretationis,
955 824 1038 877 vel
1067 824 1368 878 similitudo
1402 832 1679 876 noscatur.
1746 824 1823 875 Ac
1878 822 1993 890 pri-

422 933 569 971 lllttZtl
608 919 903 970 notandum
930 917 1074 984 quod
1105 917 1480 970 testimonium
1508 915 1992 981 liOC’Evaugelista

419 1007 701 1059 Matthmus
721 1021 824 1057 non
839 1005 994 1074 juxta
1014 1003 1276 1066 LXX,sed
1295 1005 1445 1073 juxta
1465 1003 1717 1057 Hebraeos
1735 1003 1992 1071 posuerit.

418 1097 560 1150 Dicit
585 1097 725 1148 enim
750 1112 930 1149 sermo
945 1097 1297 1163 Evangelicus
1319 1111 1334 1149 :
1359 1095 1592 1150 Audiens
1616 1107 1794 1148 autem
1812 1093 1991 1156 Iesus,

418 1190 559 1255 quod
576 1187 813 1242 Joannes
844 1198 977 1241 esset
1011 1188 1260 1248 traditus,
1286 1190 1495 1241 secessit
1529 1189 1581 1240 in
1610 1187 1912 1247 Galilaeam,
1945 1193 1993 1238 et

417 1284 782 1348 derelinquens
807 1279 1097 1341 Nazareth,
1143 1281 1280 1334 venit
1310 1293 1354 1332 et
1399 1279 1652 1333 habitavit
1677 1281 1731 1332 in
1754 1276 1994 1343 Caphar-

420 1391 579 1427 naam
609 1391 725 1443 qnw
749 1374 998 1439 estjttxta
1040 1388 1184 1426 mare
1215 1372 1268 1424 in
1295 1372 1487 1437 ﬁnibus
1511 1371 1750 1424 Zabulon
1795 1381 1842 1423 et
1888 1369 1998 1422 Ne-

417 1467 674 1536 phthniim
697 1483 716 1520 :
741 1476 794 1519 ut
844 1465 1150 1534 impleretur
1169 1465 1305 1529 quod
1344 1465 1536 1516 dictum
1573 1474 1650 1517 est
1679 1479 1769 1531 per
1792 1463 1996 1516 Isaiam

417 1559 747 1629 prophetam,
763 1558 1056 1610 dicentem:
1073 1557 1235 1609 Terra
1252 1555 1296 1608 Ζ
1300 1557 1490 1608 abnlon
1507 1565 1556 1610 et
1577 1567 1716 1610 terra
1735 1557 1785 1608 Ν
1792 1557 2000 1623 ephtha-

417 1647 530 1707 lim.
555 1649 637 1702 via
659 1648 819 1700 maris
841 1657 985 1699 trans
1016 1646 1306 1699 Iordanem
1333 1647 1569 1701 Galilaaa’
1587 1650 1818 1718 gentium
1850 1664 1868 1701 :
1905 1664 1999 1715 po-

414 1729 572 1803 pulus
595 1737 686 1806 qui
710 1736 917 1789 sedebat
963 1736 1018 1788 in
1060 1738 1302 1800 tenebris,
1337 1739 1463 1791 vidit
1496 1739 1662 1790 lucem
1707 1754 1995 1807 magnam;

2096 545 2247 603 θῖνας
2271 545 2526 614 gentium,
2563 543 2922 613 Symmachus
2983 553 3239 596 terminos
3301 542 3538 610 gentium
3602 544 3692 596 in-

2099 636 2374 706 terpretati
2403 646 2567 702 sunt;
2616 635 2768 696 οἴνας
2813 645 2994 690 autem
3055 634 3282 687 tumulos
3336 635 3691 704 intelligimus

2101 745 2413 790 arenarum,
2445 729 2535 796 qui
2572 727 2652 782 vel
2686 727 2737 780 in
2775 726 3075 791 littoribus,
3108 725 3193 779 vel
3239 727 3293 779 in
3347 726 3480 794 ripis
3527 735 3689 782 sunt.

2097 819 2211 872 lleb
2244 818 2309 873 rei
2341 819 2626 874 credentes
2643 819 2696 871 in
2716 817 3176 882 Cbristum,hunc
3211 818 3391 872 locum
3425 819 3494 871 ita
3534 820 3686 872 edis-

2099 921 2308 964 sernnt.
2337 910 2525 964 Primo
2547 919 2786 977 tempore
2818 911 2899 964 lue
2942 909 3062 963 dum
3117 909 3290 962 tribus
3348 908 3592 963 Zabulon
3626 920 3686 964 et

2098 1001 2386 1069 Nephthali
2411 1003 2478 1054 ab
2499 1001 2742 1071 Assyriis
2769 1009 2942 1068 captae
2975 999 3134 1069 130
3177 1011 3322 1065 sunt,
3374 1010 3431 1054 et
3504 1001 3686 1055 dnctze

2099 1093 2152 1145 in
2187 1093 2436 1146 hostilem
2467 1101 2666 1147 terram
2698 1090 2805 1160 (IV
2836 1090 2962 1162 Reg.
2989 1093 3116 1159 xv);
3141 1100 3195 1144 et
3221 1090 3435 1145 Galilaea
3462 1092 3680 1146 deserta

2097 1195 2202 1249 est,
2237 1201 2399 1254 quam
2436 1200 2576 1238 nunc
2616 1184 2880 1253 propheta
2913 1183 3044 1238 dicit
3077 1184 3371 1238 relevatam
3407 1198 3549 1248 esse,
3613 1197 3687 1238 eo
3777 1219 3792 1226 ι

2099 1278 2241 1346 quod
2276 1287 2492 1343 peccata
2525 1277 2704 1344 populi
2734 1275 3055 1330 sustineret.
3112 1274 3306 1330 Postea
3353 1286 3530 1330 autem
3573 1291 3685 1329 non

2099 1370 2270 1424 solum
2307 1371 2424 1423 duae
2447 1369 2644 1432 tribus,
2685 1371 2778 1423 sed
2811 1379 2865 1422 et
2894 1369 3139 1438 reliquze,
3201 1385 3320 1437 quie
3361 1368 3688 1424 habitabant

2099 1471 2250 1516 trans
2271 1459 2563 1515 Iordanem
2591 1469 2646 1514 et
2675 1461 2727 1514 in
2763 1459 3036 1524 Samaria,
3075 1460 3254 1514 ductae
3282 1469 3411 1514 sunt
3443 1459 3497 1513 in
3532 1475 3678 1528 cap~

2102 1553 2366 1606 tivitatem
2403 1549 2526 1620 (IV
2545 1550 2671 1620 Reg.
2699 1567 2808 1605 xvii
2840 1561 2895 1605 et
2919 1566 3050 1605 xvttt
3080 1550 3122 1619 ).
3155 1550 3219 1604 Et
3249 1551 3370 1615 hoc,
3407 1550 3684 1620 inquiunt,

2103 1639 2385 1708 Scr‘ptura
2423 1653 2571 1693 nunc
2599 1641 2756 1703 dicit,
2827 1642 2975 1709 quod
3027 1641 3177 1709 regio
3241 1640 3395 1709 cujus
3452 1642 3686 1710 populus

2106 1731 2319 1800 primus
2352 1734 2549 1788 ductus
2581 1746 2664 1788 est
2730 1735 2785 1787 in
2837 1733 3234 1801 captivitatem,
3283 1744 3339 1788 et
3367 1731 3684 1805 Babyloniis

413 1802 708 1882 sedentibus
729 1828 782 1879 in
803 1829 1005 1896 regione
1025 1828 1222 1881 umbrae
1241 1830 1444 1893 mortis,
1469 1829 1560 1882 lux
1583 1840 1697 1882 orta
1714 1833 1902 1883 esteis.
1921 1832 2003 1883 Ea:
2035 1802 2075 1856 Β
2107 1823 2316 1878 SerVil‘e
2339 1825 2525 1893 coepit,
2563 1835 2616 1879 ct
2649 1840 2771 1893 quae
2797 1824 2947 1893 prius
2980 1825 3033 1879 in
3061 1825 3304 1879 tenebris
3363 1826 3688 1881 versabatur

415 1935 472 1971 eo
494 1931 718 1984 tempore
741 1919 888 1986 cazpit
908 1919 1062 1972 Iesus
1089 1921 1379 1987 prtedicare
1414 1934 1460 1974 et
1479 1922 1651 1974 dicere
1668 1936 1688 1975 :
1711 1925 2002 1991 Appropin-

413 2011 588 2077 quavit
619 2027 835 2078 regnum
884 2011 1130 2063 caelorum
1167 2011 1386 2078 (Matth.
1412 2028 1485 2073 tv,
1534 2013 1600 2067 12
1632 2022 1680 2065 et
1708 2013 1875 2084 seqq).
1937 2013 2000 2066 Et

414 2099 652 2156 Joannes
669 2103 994 2172 evangelista
1019 2103 1182 2156 refert
1201 2104 1340 2172 quod
1360 2105 1516 2174 129
1530 2104 1684 2159 Iesus
1697 2121 1818 2159 cum
1839 2105 2002 2161 disci-

422 2195 562 2261 pulis
624 2196 734 2247 suis
756 2196 806 2247 itt
829 2194 972 2249 Cana
1010 2194 1242 2249 Galilane
1266 2197 1522 2250 invitatus
1543 2199 1608 2251 ad
1629 2200 1860 2266 nuptias.
1887 2199 2000 2267 pri-

420 2303 564 2339 mum
586 2288 653 2340 ibi
682 2287 890 2356 signum
913 2287 1121 2349 fecerit,
1141 2304 1309 2357 aquas
1328 2292 1376 2343 in
1395 2291 1578 2344 vinum
1597 2292 1994 2346 convertenda:

421 2373 537 2428 Hoc
555 2377 678 2444 fecit
691 2375 1005 2443 principium
1025 2379 1290 2447 signorum
1308 2381 1464 2435 Jesus
1483 2383 1535 2435 in
1555 2380 1697 2437 Cana
1722 2381 1958 2438 Galiltea'
1975 2398 1994 2437 .'

419 2477 463 2516 et
497 2467 847 2534 manifestavit
868 2467 1091 2535 gloriam
1140 2485 1290 2521 suam
1317 2482 1335 2520 :
1361 2481 1408 2523 et
1441 2472 1773 2526 crediderunt
1793 2475 1846 2526 in
1877 2490 1996 2526 eum

418 2557 662 2624 discipuli
689 2557 804 2625 ejus
828 2558 1008 2623 (Joan.
1042 2573 1102 2624 tt,
1131 2561 1242 2628 1|).
1265 2562 1416 2618 Unde
1438 2575 1491 2617 et
1519 2564 1570 2616 in
1597 2562 1737 2617 LXX
1761 2565 1993 2619 dicitur:

423 2644 534 2701 Hoc
559 2651 789 2716 primum
824 2651 958 2710 bibe,
988 2652 1230 2706 velociter
1261 2653 1348 2720 fac
1374 2667 1392 2705 :
1435 2655 1558 2722 quia
1583 2664 1724 2709 terra
1750 2654 1994 2711 Zabulon

418 2748 473 2792 et
502 2747 645 2793 terra
669 2739 952 2808 Nephtltali
979 2743 1150 2808 prima
1173 2744 1372 2798 Christi
1405 2747 1590 2801 videre
1617 2745 1874 2802 miracula
1900 2767 1912 2801 :
1939 2756 1996 2801 nt

419 2833 591 2902 prima
619 2833 827 2886 biberet
851 2833 970 2886 ﬁdei
1009 2836 1302 2902 potionem,
1329 2851 1448 2905 quae
1469 2841 1642 2903 prima
1661 2840 1870 2896 viderat
1893 2841 1996 2898 Do-

419 2921 624 2975 minum
657 2921 812 2990 signa
831 2921 1142 2979 facientem.
1163 2923 1248 2984 Et,
1270 2925 1420 2994 juxta
1444 2925 1790 2989 llebraicum,
1819 2929 1995 2996 primo

423 3022 668 3081 tempore
719 3014 953 3068 relevata
996 3030 1119 3072 esse
1170 3016 1370 3072 dicitur
1414 3033 1582 3074 onere
1614 3029 1985 3086 peccatorum,

2103 1917 2329 1982 erroris,
2360 1919 2477 1985 ipsa
2527 1919 2758 1986 primum
2825 1917 3002 1971 lucem
3071 1919 3422 1987 prazdicantis
3483 1921 3684 1975 viderit

2101 2007 2330 2085 Christi,
2369 2018 2424 2062 et
2446 2023 2512 2062 ex
2543 2023 2606 2063 ea
2640 2009 2692 2061 in
2725 2008 3006 2062 universas
3023 2017 3212 2078 gentes
3234 2011 3304 2064 sit
3328 2009 3681 2080 Evangelium

2101 2098 2452 2152 seminatnm.
2515 2098 2782 2163 Nazaraei,
2846 2114 3078 2168 quorum
3129 2099 3440 2167 opinionem
3501 2098 3671 2169 supra

2099 2189 2275 2258 posui,
2305 2189 2447 2252 hunc
2483 2188 2664 2242 locum
2705 2190 2776 2242 ita
2832 2190 3119 2256 exiilanare
3151 2199 3420 2245 conantur
3451 2205 3467 2245 :
3506 2191 3685 2247 Adve-

2101 2282 2286 2344 niente
2341 2280 2561 2336 Christo
2613 2290 2665 2335 et
2707 2282 3096 2352 praedicatione
3142 2281 3288 2337 illius
3325 2295 3676 2352 coruscante,

2099 2373 2271 2442 prima
2304 2382 2445 2428 terra
2485 2373 2731 2429 Zabulon
2779 2384 2833 2428 et
2873 2383 3010 2429 terra
3052 2376 3330 2442 Nephthali
3365 2379 3676 2434 Scribarum

2097 2475 2150 2519 et
2168 2463 2564 2524 Pharisaeorum
2603 2474 2682 2520 est
2724 2467 3002 2522 erroribus
3067 2469 3315 2537 liberata,
3353 2479 3406 2523 et
3468 2472 3681 2539 gravis-

2098 2560 2294 2613 simum
2341 2557 2689 2613 traditionum
2739 2557 3085 2613 Iudaicarum
3122 2561 3307 2630 jngum
3338 2561 3578 2617 excussit
3612 2563 3681 2617 de

2103 2649 2410 2704 cervicibus
2447 2650 2580 2704 suis.
2617 2650 2806 2706 Postea
2832 2663 3010 2707 autem
3048 2669 3144 2723 per
3165 2652 3510 2725 Evangelium
3541 2669 3678 2724 apo-

2096 2740 2221 2793 8toli
2262 2738 2436 2804 Pauli,
2475 2742 2567 2810 qui
2621 2743 2946 2798 novissimus
3013 2745 3380 2812 apostolorum
3435 2745 3677 2799 omnium

2096 2829 2220 2896 fuit,
2245 2832 2522 2900 ingravata
2543 2842 2648 2898 est,
2684 2832 2736 2887 id
2758 2845 2860 2899 est,
2921 2835 3273 2904 multiplicata
3328 2837 3668 2904 praedicatio,

2099 2929 2155 2974 et
2189 2921 2240 2974 in
2278 2922 2546 2978 terminos
2603 2925 2840 2992 gentium
2893 2934 2947 2978 et
3007 2939 3148 2978 vtam
3217 2925 3454 2981 universi
3508 2928 3680 2982 maris

2105 3009 2310 3065 Christi
2329 3011 2679 3080 Evangelium
2707 3013 3001 3079 splenduit.
3064 3015 3304 3085 Denique
3322 3016 3502 3070 omnis
3529 3017 3684 3070 orbis

425 3104 553 3172 quia
575 3105 626 3156 in
654 3105 964 3171 regionibus
988 3106 1216 3161 quarum
1241 3108 1478 3163 tribuum
1510 3110 1748 3180 primum
1801 3111 1991 3165 salva-
2021 3139 2064 3197 ο
2095 3099 2184 3166 qui
2223 3111 2350 3155 ante
2375 3102 2705 3165 ambulabat,
2731 3103 2816 3158 vel
2852 3103 3147 3159 sedebatin
3196 3104 3461 3170 tenebris,
3481 3105 3647 3197 etido

427 3207 509 3249 tur
530 3195 878 3266 Evangvlium
904 3199 1238 3264 prmdicavit.
1285 3199 1436 3255 Unde
1484 3211 1538 3254 et
1567 3203 1619 3254 in
1653 3205 1996 3272 sexagesimo

426 3289 660 3352 septimo
684 3287 898 3343 Psaltno
921 3287 1124 3343 dicitur
1169 3307 1183 3343 :
1241 3290 1539 3346 Benedicite
1599 3293 1881 3348 Dominum
1936 3295 1999 3349 de

426 3379 655 3449 fontibus
681 3378 871 3433 Israel.
902 3379 986 3434 Ibi
1024 3381 1306 3450 Benjamin
1333 3385 1762 3450 adolescentior;
1796 3386 1999 3442 Paulus

426 3470 700 3538 apostolus
733 3470 874 3536 (Act.
905 3471 1002 3534 lli),
1028 3473 1080 3526 in
1103 3473 1286 3526 utentis
1311 3475 1558 3542 :excessu
1607 3477 1780 3545 (Psal.
1824 3492 1996 3542 vatt,

427 3563 520 3621 97.
548 3563 640 3631 '28)
686 3565 822 3630 :qui
862 3572 915 3617 et
953 3564 1081 3618 alibi
1131 3565 1474 3634 loquebatur,
1523 3569 1630 3622 sive
1682 3580 1853 3624 mente
1911 3585 2002 3624 ex-

423 3656 676 3719 cedimus,
734 3654 838 3708 Deo
867 3653 954 3725 (Il
1011 3655 1136 3712 Cor.
1171 3659 1378 3728 v,13);
1422 3657 1693 3728 Principes
1733 3660 1998 3725 Zabulon,

425 3750 685 3816 principes
714 3747 993 3817 Nephthali
1025 3749 1181 3802 duces
1229 3767 1452 3814 eorum;
1514 3753 1638 3820 quia
1683 3754 1735 3807 in
1769 3755 1851 3808 liis
1907 3756 1999 3809 tri-

426 3839 603 3892 bubus
626 3839 839 3892 fuerunt
863 3838 1044 3903 viculi,
1080 3841 1145 3896 de
1175 3841 1374 3910 quibus
1403 3842 1569 3898 duces
1617 3846 1791 3900 nostri
1843 3861 2002 3916 apos—

429 3930 524 3983 tuli
556 3931 927 3985 crediderunt.
956 3930 1022 3984 Et
1044 3932 1391 3987 crediderunt
1426 3933 1580 4002 juxta
1609 3936 1999 4006 Symmachum

428 4021 693 4082 velociter,
721 4034 775 4075 ut
807 4021 1112 4086 audientes,
1154 4021 1351 4088 Venite,
1375 4035 1425 4079 et
1487 4027 1682 4095 faciant
1737 4043 1827 4081 vos
1879 4029 2003 4096 pis-

429 4125 632 4168 ratores
665 4115 933 4168 hominum
959 4115 977 4184 (
999 4113 1194 4169 .llatth.
1219 4131 1293 4183 tv,
1327 4115 1448 4186 19),
1481 4117 1666 4171 statim
1701 4125 1756 4172 et
1789 4130 2000 4188 patrem

431 4207 804 4273 relinquerent
829 4217 882 4260 et
912 4208 1237 4263 naviculam.
1275 4209 1579 4264 Novissimo
1643 4221 1824 4266 autem
1869 4223 2004 4265 tem-

435 4308 564 4361 pore
597 4307 884 4364 aggravata
921 4307 1002 4350 est
1035 4296 1166 4350 ﬁdes
1195 4312 1381 4352 eorum
1409 4298 1656 4366 plurimis
1689 4299 2001 4356 Iudaeorum

438 4385 488 4437 in
518 4401 705 4439 errore
757 4387 1220 4455 permanentibus.
1263 4387 1410 4442 Mare
1467 4402 1644 4445 autem
1698 4392 1784 4446 hic
1827 4392 2000 4447 lacum

2101 3192 2328 3247 lolutria:
2361 3209 2423 3248 ac
2443 3196 2633 3250 mortis
2666 3195 2899 3251 vinculis
2926 3196 3236 3263 tenebatur,
3255 3196 3463 3250 clarum
3503 3193 3679 3250 Evano

2100 3285 2226 3353 gelii
2261 3286 2443 3340 lumen
2478 3289 2703 3354 aspexit.

2173 3376 2352 3446 (Vers.
2390 3379 2531 3448 2-4.)
2567 3399 2587 3432 ι
2620 3380 2994 3451 Multiplicasti
3039 3395 3275 3453 gentem,
3319 3401 3427 3440 non
3451 3386 3670 3456 magni-

2103 3469 2274 3525 ﬁcasti
2307 3471 2547 3525 laetitiam
2578 3471 2902 3529 laetabuntur
2947 3491 3132 3532 coram
3180 3489 3252 3542 te,
3296 3477 3440 3533 sicut
3483 3479 3673 3534 laetan-

2103 3572 2191 3617 tur
2219 3564 2275 3617 in
2315 3579 2514 3629 messe,
2549 3565 2688 3618 sicut
2716 3567 2995 3622 exsultant
3022 3569 3258 3625 victores
3287 3579 3447 3639 capta
3471 3571 3676 3640 praeda,

2101 3657 2320 3723 quando
2351 3656 2603 3711 dividunt
2631 3658 2826 3726 spolia.
2880 3658 3074 3727 Iugum
3114 3661 3258 3715 enim
3313 3663 3496 3717 oneris
3538 3664 3678 3733 ejus,

2102 3757 2156 3800 et
2183 3747 2332 3813 virga
2383 3747 2596 3801 humeri
2631 3748 2798 3813 illius,
2835 3760 2887 3802 et
2937 3760 3212 3820 sceptrum
3247 3753 3521 3809 exaetoris
3561 3754 3682 3824 ejus

2106 3838 2406 3906 superasti,
2432 3837 2572 3893 sicut
2603 3839 2656 3892 in
2685 3838 2774 3893 die
2807 3839 3046 3895 Madian.
3077 3841 3213 3907 Quia
3237 3843 3416 3898 omnis
3445 3845 3680 3901 violenta

2104 3928 2364 3997 praedatio
2418 3943 2538 3982 cum
2585 3931 2815 3986 tumultu
2849 3945 2866 3986 ε
2895 3941 2950 3986 et
3002 3933 3382 3988 vestimentum
3447 3936 3673 3992 mixtum

2103 4022 2363 4090 sanguine
2380 4020 2483 4076 erit
2505 4025 2556 4076 in
2580 4024 3012 4078 combustionem
3033 4034 3088 4080 et
3104 4025 3257 4080 cibus
3275 4027 3435 4096 ignis.
3450 4046 3468 4077 ι
3493 4027 3634 4082 LXX
3660 4047 3675 4086 ε

2110 4130 2130 4164 ι
2155 4109 2450 4170 Plurimam
2473 4129 2680 4187 partem
2706 4119 2886 4188 pepuli
2903 4118 3176 4174 deduxisti
3201 4122 3252 4174 in
3271 4121 3452 4176 laetitia
3473 4131 3561 4176 tua
3589 4139 3603 4180 :
3629 4133 3682 4176 et

2102 4205 2428 4262 lmtabuntur
2453 4211 2503 4263 in
2527 4219 2823 4280 conspectu
2864 4221 2987 4277 tuo,
3010 4214 3150 4268 sicut
3191 4215 3360 4269 liBlal'i
3413 4216 3589 4269 solent
3628 4217 3680 4270 in

2106 4313 2303 4364 messe,
2340 4309 2397 4354 et
2433 4301 2577 4355 sicut
2626 4303 2676 4355 bi
2703 4304 2794 4372 qui
2849 4285 3097 4360 dividunt
3130 4306 3482 4375 spolia:quia
3532 4307 3677 4362 abla-

2105 4397 2220 4444 tum
2251 4401 2333 4445 est
2357 4390 2543 4461 jugqu
2594 4397 2746 4464 quod
2805 4411 2962 4464 supra
3001 4397 3148 4466 ipsos
3200 4407 3317 4451 erat
3346 4402 3599 4468 positum,
3627 4407 3682 4455 et

431 4475 665 4544 appellat
687 4475 1042 4541 Genesaretti,
1074 4477 1164 4547 qui
1229 4476 1470 4534 Iordane
1535 4481 1791 4537 inﬂuente
1837 4482 2005 4538 ellici-
2039 4492 2082 4547 ι)
2113 4484 2261 4548 virga
2302 4485 2368 4538 de
2399 4485 2538 4540 collo
2572 4502 2782 4541 eorum.
2813 4489 2970 4557 Virga
2995 4490 3138 4544 enini
3169 4500 3484 4545 exactorunt
3551 4492 3674 4546 dis-

436 4577 522 4616 tur
555 4581 569 4628 ;
603 4565 655 4617 itt
686 4565 840 4630 cujus
871 4566 1052 4620 littore
1109 4567 1512 4635 Capharuaum,
1573 4583 1628 4624 et
1657 4570 1924 4638 Ttbbrias,
1950 4584 2003 4628 et

435 4655 742 4718 Betltsaida,
773 4670 824 4712 et
845 4657 1168 4712 Cltiirozaim
1200 4661 1316 4714 sitse
1356 4673 1503 4722 sunt,
1532 4664 1582 4717 in
1626 4680 1728 4733 qua
1767 4665 1848 4718 vel
1891 4682 2005 4720 ma-

435 4749 577 4805 xime
600 4751 816 4818 regione
850 4749 1104 4804 Dominus
1143 4765 1510 4808 connuorntus
1536 4767 1617 4810 est
1654 4773 1669 4822 ;
1705 4760 1777 4810 ita
1829 4771 1882 4811 ιιι
1913 4774 2006 4827 po-

439 4844 619 4905 pulus.
656 4845 747 4910 qui
783 4841 863 4895 vel
882 4843 1129 4906 sedebat,
1160 4846 1242 4898 vel
1286 4845 1597 4900 ambulabat
1623 4847 1675 4900 in
1747 4850 2004 4914 tenebris,

433 4931 606 4985 linem
632 4933 855 4996 videret,
883 4947 1219 5002 nequaquam
1275 4949 1518 5004 parvam,
1551 4937 1848 4990 utaliorutu
1883 4953 2010 5007 pro-

436 5024 743 5098 phetarum,
785 5028 877 5078 sed
910 5041 1180 5094 magnam,
1219 5035 1276 5078 nt
1306 5026 1422 5094 ejus
1455 5027 1552 5094 qui
1608 5027 1660 5080 in
1709 5027 2004 5098 Evangelia

436 5115 672 5183 loptitur
706 5132 720 5170 :
749 5115 860 5184 Ego
891 5135 1007 5171 sum
1032 5118 1123 5171 lux
1157 5119 1339 5172 mundi
1365 5121 1383 5191 (
1411 5119 1570 5173 Joan.
1611 5135 1727 5182 vui,
1782 5121 1904 5191 12).
1938 5123 2005 5178 Et

435 5225 471 5278 q
497 5209 528 5261 ii
573 5207 886 5263 habitabant
919 5209 970 5262 in
1006 5211 1224 5279 regione
1275 5212 1476 5266 umbrae
1531 5212 1741 5277 mortis,
1775 5213 1859 5267 lux
1889 5226 2008 5269 orta

436 5311 522 5356 est
557 5301 655 5355 eis.
698 5301 845 5353 inter
871 5312 1096 5356 mortem
1128 5315 1181 5358 et
1205 5305 1448 5358 umbram
1482 5307 1697 5372 mortis,
1727 5308 1830 5361 hoc
1887 5322 2009 5362 esse

439 5401 592 5462 puto,
618 5393 760 5462 quod
793 5408 938 5447 mors
959 5407 1143 5448 eorum
1162 5405 1267 5458 est,
1299 5396 1390 5464 qui
1418 5410 1547 5450 cum
1574 5399 1831 5465 operibus
1863 5415 2009 5453 mor-

439 5487 549 5539 tuis
578 5486 641 5537 ad
669 5484 868 5538 inferos
905 5497 1256 5552 perrexerunt
1285 5503 1298 5542 :
1328 5489 1518 5541 Anima
1560 5490 1716 5552 enim,
1751 5506 1867 5559 (μίαν
1893 5507 2011 5558 pec-

437 5577 652 5642 caverit,
681 5577 794 5643 ipsa
859 5578 1150 5646 morietur(
1179 5577 1365 5632 Ezech.
1416 5595 1572 5643 XVIII,
1604 5580 1673 5636 20
1698 5581 1716 5651 )
1743 5598 1756 5645 ;
1817 5582 2008 5635 umbra

445 5678 623 5724 autem
655 5669 843 5723 mortis
875 5685 1059 5724 eorum
1084 5679 1186 5732 est.
1211 5673 1302 5740 qui
1338 5688 1460 5726 cum
1496 5687 1740 5740 peccent,
1780 5675 2007 5727 necdum

445 5764 515 5818 de
546 5763 651 5817 vita
689 5761 786 5816 ista
815 5761 1016 5833 egressi
1051 5776 1212 5829 sunt;
1246 5776 1464 5833 possunt
1493 5766 1633 5820 enim
1660 5767 1702 5820 si
1744 5766 2011 5820 voluerint

2104 4575 2389 4642 sipabitur,
2425 4577 2563 4632 sicut
2587 4578 2638 4632 in
2671 4579 2757 4633 die
2785 4577 3018 4634 Mattian.
3057 4581 3192 4648 Quia
3235 4597 3451 4637 omnem
3482 4583 3676 4637 stolam

2109 4679 2490 4736 congregatatn
2518 4669 2663 4736 dolo,
2710 4681 2766 4724 et
2802 4671 3179 4727 vestimentum
3235 4673 3679 4728 connuutationis

2107 4757 2394 4813 restituent
2438 4776 2452 4814 :
2503 4770 2558 4814 et
2598 4759 2818 4831 cupient
2868 4763 2989 4832 igne
3041 4777 3164 4818 esse
3239 4763 3532 4818 combusti.
3565 4782 3584 4815 ι
3618 4763 3680 4819 In

2106 4851 2354 4904 obscuris
2409 4851 2543 4907 locis
2621 4863 2920 4923 utramque
2953 4855 3246 4909 editionem
3287 4856 3558 4925 ponimus,
3623 4867 3681 4911 ut

2106 4955 2365 5009 quantum
2440 4961 2469 5000 a
2507 4949 2721 5001 caeteris
2787 4948 3120 5004 editionibus
3181 4961 3237 5004 et
3297 4949 3366 5003 ab
3422 4949 3682 5004 llebraica

2113 5035 2343 5090 veritate
2379 5037 2543 5091 distet
2593 5038 2820 5107 Vulgata
2873 5041 3179 5107 translatio,
3234 5044 3464 5111 diligens
3511 5044 3684 5099 lector

2111 5136 2392 5192 agnoscat.
2432 5126 2510 5180 Ad
2562 5127 2735 5181 lucem
2785 5131 2977 5198 ipsam,
3010 5147 3129 5200 quae
3183 5135 3431 5200 apparuit
3483 5136 3684 5202 popqu

2111 5216 2164 5270 in
2211 5217 2450 5272 tenebris
2481 5221 2799 5286 constituto,
2828 5221 2878 5276 id
2935 5234 3038 5288 est,
3069 5224 3134 5277 ad
3159 5223 3440 5278 Dominum
3493 5225 3682 5280 Salva-

2113 5319 2282 5362 torem
2304 5309 2732 5382 litapostropha.
2763 5313 2828 5367 Et
2851 5314 3044 5369 dicitur
3071 5317 3134 5369 ad
3156 5334 3317 5372 eum:
3353 5319 3502 5388 131
3540 5319 3680 5373 Mul-

2115 5401 2370 5469 iiplicasti
2398 5411 2623 5471 gentem,
2679 5405 2778 5459 hoc
2800 5416 2903 5470 est,
2972 5409 3188 5477 replesti
3247 5425 3437 5464 omnes
3473 5425 3681 5477 gentes

2112 5496 2303 5547 notitia
2357 5495 2462 5559 tui;
2501 5496 2598 5549 sed
2644 5514 2745 5550 non
2803 5501 3155 5566 ntagniftcasti
3208 5501 3478 5555 ltetitiain.
3520 5503 3679 5557 quta

2113 5585 2254 5650 quod
2284 5584 2574 5653 Aposmlus
2610 5604 2894 5642 niternrein
2930 5591 3030 5642 sibi
3057 5592 3187 5644 dicit
3218 5607 3339 5646 esse
3369 5605 3680 5661 perpetuum

2115 5692 2209 5744 pro
2253 5678 2506 5733 fratribus
2542 5682 2658 5734 suis
2705 5683 2793 5748 qui
2824 5694 2947 5734 sunt
2989 5682 3238 5736 Israelita:
3289 5685 3460 5748 (llam.
3494 5687 3588 5755 tit).
3618 5686 3680 5737 Et

2116 5766 2279 5823 Jonas
2317 5773 2690 5839 contristatur,
2733 5771 2877 5843 quod
2905 5774 2979 5827 ita
3013 5775 3198 5828 salvati
3262 5777 3367 5830 sint
3422 5775 3674 5830 Nltlii‘lld'.
