3980 6200
289 310 392 374 1'29
489 347 528 382 ο

1003 306 1506 368 (IOMMENTAR.
1553 304 1632 365 ΙΝ
1674 304 1940 366 ISAIAM
1984 305 2452 368 PROPHETAM
2490 307 2643 372 Ll'B.
2687 309 2806 369 Ill.

3451 315 3555 381 130

285 422 467 493 (lance
530 419 626 489 tv),
691 427 746 472 ut
782 416 1086 480 cucurbita,
1157 416 1272 469 sive
1351 429 1562 469 CICEION
1616 413 1706 483 (τν
1745 413 1869 498 ΡῬ)
1904 419 1946 474 Α
1978 421 2140 481 palus
2166 414 2334 476 illius,
2372 425 2424 467 et
2455 416 2603 484 pacis
2629 425 2839 472 nonest
2879 415 3168 483 terminus,
3203 433 3374 489 super
3400 419 3555 477 thro-

287 512 514 566 arnerit.
553 511 618 564 Et
663 511 780 580 ipse
839 509 1100 563 Dominus
1159 509 1400 576 loquitur
1426 508 1478 559 in
1534 508 1869 575 Evangelio:

286 605 406 659 Non
440 604 555 657 ueni
581 605 683 655 nisi
709 603 776 655 ad
804 619 919 655 oves
961 601 1198 670 perditas
1231 602 1416 653 donius
1448 598 1617 652 Israel
1651 596 1871 667 (Matth.

285 713 378 760 xv,
405 695 523 765 24).
560 693 630 748 Et
690 694 743 747 in
782 692 1086 746 Passione:
1148 689 1331 755 Pater,
1402 693 1448 744 si
1488 692 1630 758 ﬁeri,
1676 691 1872 756 inquit,

286 799 475 857 potest,
503 795 742 841 transeat
771 787 913 838 calix
941 787 1035 838 iste
1062 801 1093 837 a
1116 801 1194 836 me
1227 784 1437 851 (Matth.
1466 798 1612 846 uri,
1631 782 1741 848 59).
1771 781 1870 844 Qui

288 879 440 930 locus
479 877 622 929 hunc
669 889 889 928 sensum
923 871 1122 926 habet:
1162 871 1216 924 Si
1270 881 1444 940 potest
1477 870 1613 934 ﬁeri,
1661 879 1716 922 ut
1754 872 1872 924 sine

287 966 515 1019 interitu
554 961 868 1017 Iuda-orum
903 960 1100 1014 credat
1129 960 1365 1029 gentium
1405 959 1710 1021 multitudo,
1749 974 1871 1024 pas-

285 1058 497 1111 sionem
546 1071 768 1111 recuso.
823 1056 920 1108 Sin
976 1064 1155 1107 autem
1214 1053 1290 1106 illi
1372 1053 1676 1106 excarcandi
1720 1062 1868 1115 sunt,

281 1163 478 1202 omnes
521 1157 710 1218 gentes
756 1145 1016 1200 videant:
1053 1147 1167 1205 liat.
1226 1144 1407 1207 Pater,
1455 1143 1703 1196 voluntas
1759 1153 1868 1196 tua.

280 1239 421 1295 Cum
439 1257 572 1310 ergo
597 1239 850 1295 Christus
882 1237 1179 1301 advenerit,
1206 1246 1259 1289 ct
1281 1235 1711 1289 Christianorum
1737 1249 1869 1302 grus

286 1337 356 1389 de
383 1336 652 1389 universis
684 1335 936 1402 gentibus
967 1331 1130 1386 fuerit
1155 1337 1480 1398 coagregata
1515 1345 1528 1380 :
1556 1336 1680 1379 tunc
1717 1328 1868 1378 laeta-

281 1432 490 1482 buntur
522 1427 776 1496 apostoli,
804 1427 946 1478 sicut
977 1436 1244 1477 messores
1271 1422 1518 1475 laetantur
1570 1420 1621 1472 in
1666 1434 1864 1482 messe,

280 1521 350 1573 de
377 1520 574 1588 quibus
601 1520 864 1572 Dominus
893 1518 1212 1586 loquebatur
1237 1530 1252 1568 :
1287 1512 1472 1566 Messis
1492 1512 1699 1583 quidem
1731 1514 1870 1563 ntul-

279 1608 603 1676 ta,operarii
622 1618 796 1660 autem
811 1609 966 1675 pauci
983 1605 1186 1676 (Matth.
1215 1621 1291 1666 ix,
1307 1603 1422 1672 57).
1438 1605 1496 1654 Et
1521 1604 1662 1656 sicut
1678 1601 1865 1655 exsul-

281 1711 398 1754 tant
414 1706 671 1764 victores,
689 1701 1004 1768 qnicaptam
1023 1699 1273 1752 dividunt
1289 1697 1545 1765 praedam.
1566 1695 1700 1747 Cum
1716 1695 1861 1747 enim

280 1795 437 1848 [ortis
453 1802 643 1861 captus
663 1793 831 1844 fuerit
847 1801 900 1845 et
919 1791 1142 1860 ligatus,
1167 1788 1350 1842 omnis
1367 1787 1561 1841 domus
1589 1785 1704 1852 ejus
1732 1785 1867 1838 diri-

281 1887 452 1955 pitur,
483 1897 534 1938 et
566 1884 881 1939 dividuntur
919 1883 1090 1951 spolia
1126 1875 1624 1952 (Mattlt.1ttt;Luc.
1653 1874 1752 1944 si).
1787 1873 1866 1927 Tu

279 1989 486 2041 autem,
539 1976 767 2031 Domine
789 1985 954 2044 atque
987 1971 1258 2037 Salvator,
1281 1972 1466 2040 jngtttn
1521 1968 1701 2022 oneris
1724 1967 1864 2036 ejus,

281 2070 385 2123 hoc
415 2079 498 2123 est
519 2067 742 2132 diaboli,
777 2069 867 2135 qui
906 2068 1056 2135 prius
1085 2064 1397 2120 exsultabat
1429 2063 1479 2114 in
1513 2061 1735 2124 mundo,
1765 2059 1861 2128 qui

279 2161 494 2214 cunctis
525 2159 776 2230 gentibus
834 2157 1158 2226 imperabat,
1186 2155 1278 2223 qui
1328 2152 1651 2224 gravissimo
1695 2149 1866 2204 servi-

281 2252 416 2306 tutis
446 2252 576 2321 jugo
631 2250 767 2305 colla
839 2249 1083 2302 omnium
1125 2246 1501 2315 deprimebat;
1543 2253 1598 2297 et
1658 2241 1860 2310 virgam

280 2359 390 2412 qua
425 2342 764 2411 percutiebat
834 2341 1143 2401 universos,
1179 2348 1232 2391 et
1265 2347 1489 2406 peccata
1536 2335 1640 2388 sibi
1707 2335 1861 2403 quasi

278 2434 549 2502 quoddam
584 2432 850 2486 tributum
890 2429 1116 2484 reddere
1164 2425 1548 2495 compellebat,
1577 2424 1860 2479 detraxisti

280 2525 352 2578 de
374 2525 614 2578 humeris
642 2537 827 2577 eorum
864 2538 880 2576 :
913 2532 966 2575 et
1000 2521 1094 2593 tibi
1139 2521 1396 2572 liberatos
1451 2517 1654 2571 servire
1685 2515 1864 2570 fecisti

283 2617 491 2685 absque
518 2615 630 2669 ullo
655 2614 899 2671 exercitu
931 2623 984 2666 et
1016 2613 1224 2680 absque
1257 2611 1520 2666 effusione
1581 2609 1860 2678 sanguinis

282 2710 338 2762 in
365 2708 678 2763 abscondita
714 2722 881 2760 manu
912 2721 928 2759 :
965 2706 1110 2760 sicut
1143 2705 1416 2773 quondam
1451 2704 1556 2757 sub
1610 2703 1862 2756 Gedeone

283 2801 482 2869 populo
519 2801 725 2864 Israel,
775 2802 840 2852 de
878 2797 1189 2851 Madianilis
1219 2797 1235 2828 ¹
1264 2798 1547 2849 victoriam
1579 2795 1862 2865 praebuisti

282 2891 509 2962 (ludit.
577 2890 713 2961 vn).
776 2889 1061 2955 Quomodo
1125 2889 1271 2942 enim
1333 2890 1524 2951 vestis,
1582 2903 1701 2957 quae
1762 2889 1863 2941 hu-

282 3000 444 3038 mano
468 2985 729 3054 sanguine
763 2991 1044 3037 cruentata
1103 2979 1215 3052 [Αἱ.
1271 2984 1524 3050 cruenta]
1550 2988 1654 3044 est,
1691 2980 1859 3033 lavari

1979 522 2104 558 nnm
2151 507 2313 564 David
2343 518 2391 560 et
2429 523 2653 575 regnum
2711 509 2852 578 ejus,
2891 518 2950 563 ut
3011 509 3250 578 corrigat
3310 511 3464 575 illud,
3499 521 3555 566 et

1978 598 2272 650 auxilictur
2321 600 2370 650 in
2427 599 2636 668 judicio
2693 613 2748 654 et
2793 602 3035 671 justitia,
3085 620 3147 658 ex
3192 604 3294 658 hoc
3332 619 3476 658 nunc
3499 617 3555 659 et

1982 706 2156 758 nsque
2181 693 2234 744 in
2271 692 2551 746 saeculum.
2611 693 2772 749 Zelus
2831 695 3048 750 Domini
3101 697 3331 750 sabaollt
3389 696 3552 750 faciet

1979 784 2113 836 lucc.
2150 801 2169 834 ι
2214 782 2339 836 ldeo
2372 785 2637 850 diabolus,
2666 796 2720 840 et
2766 789 2942 842 omnis
2974 788 3092 858 ejus
3129 789 3366 844 violenta
3407 806 3551 860 pra:-

1977 873 2144 934 tlatio,
2181 889 2284 941 qua
2338 875 2634 930 humanum
2689 890 3042 948 oppresserat
3101 896 3293 948 genus,
3329 891 3382 936 et
3417 897 3550 934 san-

1974 963 2192 1029 guinem
2223 965 2472 1033 sanguini
2504 979 2815 1034 tntscuerat,
2853 971 2957 1024 erit
2987 971 3041 1023 in
3073 973 3539 1030 combustionem.

1975 1066 2030 1106 et
2091 1054 2248 1108 cibus
2295 1057 2442 1125 ignis
2505 1061 2694 1113 a-terni
2735 1077 2749 1114 :
2787 1063 2910 1130 quia
2952 1073 3114 1116 natus
3166 1074 3250 1116 est
3289 1064 3446 1118 nobis
3477 1066 3545 1117 de

1977 1143 2194 1214 Virgine
2227 1162 2382 1214 puer,
2409 1151 2476 1204 de
2509 1166 2616 1218 quo
2651 1167 2812 1218 supra
2847 1155 3048 1208 dictum
3073 1165 3156 1208 est
3191 1171 3205 1209 :
3247 1158 3551 1226 Antequam

1973 1237 2108 1290 sciat
2150 1254 2280 1303 puer
2308 1242 2585 1306 reprobare
2617 1245 2814 1296 malum
2846 1253 2896 1300 et
2937 1246 3128 1316 eligere
3163 1245 3355 1300 bonum
3409 1247 3548 1318 (lsa.

1975 1342 2070 1392 vn,
2133 1328 2244 1395 16),
2306 1341 2360 1384 et
2400 1343 2586 1400 postea
2644 1336 2695 1388 in
2732 1338 3086 1405 generatione
3123 1337 3488 1406 PrOphetisste
3527 1355 3543 1392 :

1971 1415 2267 1486 Antequam
2292 1421 2427 1473 sciat
2459 1438 2589 1488 puer
2612 1441 2800 1479 vocare
2831 1439 3033 1494 patrem
3058 1444 3212 1481 suum
3245 1441 3298 1482 et
3329 1441 3551 1482 matrem

1970 1524 2121 1560 suam
2159 1509 2297 1579 (Isti.
2339 1530 2452 1578 \‘lll,
2477 1517 2554 1584 4).
2598 1517 2717 1574 Iste:
2753 1519 2917 1587 igitur
2943 1535 3096 1585 puer,
3141 1521 3232 1589 qui
3269 1533 3427 1576 natus
3467 1533 3552 1574 cst

1973 1601 2038 1652 tle
2076 1598 2317 1672 Virgine,
2345 1607 2643 1673 appellatur
2669 1608 3008 1677 Emmanuel,
3031 1612 3080 1664 id
3111 1625 3216 1674 cst,
3275 1613 3545 1666 uobiscum

1975 1692 2137 1760 Deus,
2180 1705 2235 1748 et
2266 1698 2332 1749 de
2375 1697 2750 1768 Pmphetissa,
2781 1703 2882 1756 hoc
2908 1715 3012 1767 est,
3058 1705 3127 1759 de
3165 1715 3356 1761 sancto
3388 1723 3550 1774 gene-

1971 1795 2124 1838 ratus
2155 1785 2383 1858 Spiritu,
2410 1803 2753 1860 nuncupatus
2773 1805 2875 1860 est,
2899 1797 3156 1862 accelera,
3181 1799 3352 1864 spolia
3370 1800 3550 1851 detra-

1967 1876 2052 1942 Iie,
2099 1878 2289 1946 festina
2317 1882 2549 1948 prtedari
2572 1898 2591 1936 :
2627 1901 2771 1940 nunc
2803 1889 2987 1942 multis
3027 1890 3337 1942 nominibus
3365 1892 3550 1960 appel-
3607 1946 3618 1956 ,

1967 1967 2133 2022 lator.
2187 1969 2248 2024 Et
2278 1972 2404 2027 licet
2433 1988 2499 2028 ex
2532 1991 2596 2030 eo
2631 1980 2781 2043 quod
2813 1995 2980 2047 supra
3046 1981 3283 2047 dixerat,
3317 1983 3544 2036 Emma-

1968 2062 2116 2126 nuel,
2168 2061 2219 2115 id
2275 2073 2378 2130 est,
2443 2067 2714 2121 nobiscum
2772 2069 2934 2137 Deus,
2997 2071 3165 2127 Deum
3223 2073 3374 2127 illum
3426 2089 3550 2129 esse

1967 2158 2354 2210 monstraverit
2391 2171 2407 2211 :
2443 2169 2622 2214 tamen
2647 2177 2792 2217 nunc
2817 2166 2946 2217 dicit
2979 2163 3179 2220 factum
3218 2167 3361 2222 illius
3394 2171 3546 2238 prin-

1964 2244 2207 2312 eipatum
2270 2263 2437 2317 super
2497 2251 2787 2308 humerum
2840 2256 2982 2324 ejus,
3021 2257 3104 2310 vel
3139 2259 3282 2326 quod
3317 2275 3537 2313 crucem

1966 2349 2118 2389 suam
2155 2337 2270 2404 ipse
2298 2344 2621 2408 portaverit,
2674 2348 2756 2400 vel
2794 2361 2890 2415 per
2923 2348 3211 2402 humerum
3247 2351 3547 2407 ostendens

1965 2427 2171 2482 brachii
2198 2431 2602 2500 fortitudinem,
2632 2440 2823 2492 eodem
2853 2441 2989 2495 Isaia
3022 2443 3241 2497 dicente
3284 2460 3298 2498 :
3329 2443 3544 2498 Rere/a-

1965 2524 2038 2574 vit
2087 2524 2106 2552 ²
2167 2524 2422 2581 Dominus
2451 2528 2590 2582 Deus
2625 2533 2900 2587 brachium
2925 2545 3167 2588 sanctum
3192 2553 3343 2590 suum
3375 2540 3549 2591 omni-

1965 2615 2059 2668 bus
2114 2617 2356 2686 gentibus
2411 2619 2544 2690 (Ira.
2579 2638 2675 2689 LII,
2734 2625 2844 2694 10).
2880 2627 2948 2681 Ει
2980 2643 3197 2682 rursum
3236 2646 3250 2682 :
3297 2629 3542 2694 Domine,

1963 2706 2083 2776 quis
2122 2709 2346 2762 credidit
2375 2711 2587 2766 auditui
2619 2725 2802 2768 nostro
2835 2732 2856 2779 ;
2911 2729 2960 2770 et
3014 2717 3291 2772 brachium
3331 2720 3543 2774 Domini

1967 2799 2052 2851 cui
2105 2800 2390 2854 revelatum
2435 2815 2510 2856 est
2567 2803 2707 2874 (Isa.
2764 2823 2882 2872 LIII,
2916 2810 2968 2878 1)
3005 2808 3028 2861 ?
3069 2809 3367 2864 Vocabitur
3414 2828 3546 2881 ergo

1966 2901 2090 2961 post
2117 2893 2223 2946 duo
2255 2895 2495 2962 nomina,
2550 2913 2644 2953 sex
2681 2900 2802 2954 aliis
2835 2903 3168 2967 nominibus,
3231 2906 3543 2960 Admirabi-

1965 2983 2054 3050 lis,
2080 2983 2464 3053 Consiliarius,
2515 2991 2676 3056 Deus,
2720 2994 2875 3064 133
2910 2994 3110 3061 Fortis,
3149 2996 3306 3051 Pater
3367 2997 3538 3053 futuri

278 3093 389 3130 non
421 3085 640 3145 potest;
672 3077 766 3130 sed
800 3074 1000 3128 inlecta
1030 3071 1313 3141 sanguine,
1341 3073 1462 3140 igne
1497 3072 1859 3133 comburitur,
1885 3092 1931 3155 ο
1966 3078 2176 3140 amenti,
2226 3078 2487 3150 Princeps
2556 3084 2726 3151 pacis.
2793 3085 2910 3140 Non
2967 3088 3136 3152 enim,
3167 3099 3223 3141 nt
3290 3089 3538 3158 plerique

281 3182 341 3224 ut
368 3170 598 3224 macula
624 3185 748 3223 cum
780 3170 1105 3223 vestimento
1139 3167 1268 3221 findi
1300 3167 1511 3219 cruoris
1548 3166 1854 3218 intereant:
1910 3194 1914 3202 ·

278 3264 360 3316 sic
397 3261 596 3316 diaboli
631 3261 868 3315 violenta
903 3259 1162 3329 praedatio
1186 3268 1240 3312 et
1265 3257 1527 3312 tumultus
1571 3271 1635 3311 ac
1665 3257 1854 3321 turbae,

279 3354 479 3422 quibus
507 3355 802 3408 humanum
831 3353 933 3406 sibi
990 3351 1298 3420 subjecerat
1351 3364 1544 3420 genus,
1601 3349 1858 3418 gehenme

278 3444 494 3515 ignibus
524 3445 795 3514 deputata:
828 3452 977 3498 sunt.
1009 3442 1150 3496 LXX
1198 3458 1303 3497 non
1333 3457 1546 3515 omnes,
1609 3441 1704 3496 sed
1736 3455 1860 3510 par-

281 3547 388 3591 tem
409 3537 700 3605 quamdam
744 3535 925 3606 populi
985 3535 1285 3589 credidisse
1345 3534 1693 3604 signiiicant:
1730 3534 1857 3588 licet

279 3642 380 3697 pro
405 3642 469 3683 eo
496 3629 639 3697 quod
671 3628 749 3682 illi
791 3620 1069 3690 dixerunt,
1131 3627 1404 3680 deduxisti
1435 3629 1490 3680 in
1527 3627 1735 3689 latitia,
1762 3626 1856 3680 alii

277 3721 620 3789 interpretati
675 3721 788 3775 sint
856 3719 1234 3788 magni/icasti.
1265 3719 1334 3772 Et
1373 3735 1494 3773 cum
1544 3720 1598 3772 in
1633 3717 1856 3787 reliquis

279 3815 526 3868 eumdem
550 3828 768 3868 sensum
794 3821 1041 3878 teneant,
1075 3812 1268 3867 stolam
1288 3818 1672 3881 congregatam
1708 3809 1854 3873 dolo,

277 3914 332 3957 et
368 3905 751 3958 vestimentum
804 3913 1220 3969 commutatum,
1266 3918 1389 3958 eum
1442 3902 1704 3972 adjiciunt
1737 3903 1857 3957 red-

277 3996 540 4061 diturum,
590 3995 643 4050 id
677 4007 782 4061 εει,
835 3995 1157 4066 diabolum:
1212 3995 1355 4064 quod
1411 3995 1623 4050 scilicet
1664 4008 1856 4048 onmcs

276 4089 506 4151 animas,
557 4088 716 4158 132
759 4105 896 4156 quas
951 4087 1045 4143 Dei
1104 4088 1306 4141 auxilio
1364 4088 1680 4149 nudaverat,
1730 4101 1852 4140 cum

275 4181 615 4235 ornamentis
638 4181 886 4248 pristinis
912 4181 1225 4235 redditurus
1247 4179 1353 4234 sit:
1387 4195 1494 4233 non
1520 4179 1694 4234 solum
1719 4180 1852 4248 ipse,

274 4274 372 4326 sed
399 4281 455 4328 et
475 4274 738 4329 satellites
754 4275 871 4344 ejus
889 4275 1161 4329 daemones
1181 4292 1195 4328 :
1221 4273 1420 4342 quibus
1440 4272 1483 4326 si
1508 4272 1655 4338 optio
1671 4270 1852 4336 datur,

276 4365 678 4435 magis,eligant
695 4367 874 4434 perire
891 4365 1150 4434 ﬂaminis,
1171 4379 1332 4434 quam
1354 4364 1589 4434 praedam
1605 4364 1850 4433 perdere.

345 4453 530 4524 (Vers.
554 4455 634 4525 6.)
665 4474 684 4508 ι
720 4456 988 4513 Parvulas
1007 4460 1154 4513 enim
1187 4466 1352 4512 natus
1384 4466 1470 4513 est
1496 4455 1679 4521 nobis,
1707 4456 1851 4511 ﬁlius

277 4548 437 4606 datus
451 4559 536 4605 est
552 4549 710 4606 nobis
729 4569 741 4604 :
763 4562 820 4606 et
841 4554 1016 4607 iactus
1031 4561 1115 4608 est
1133 4551 1471 4621 principatus
1486 4567 1648 4621 super
1668 4550 1860 4606 hume-

277 4657 398 4694 rum
416 4642 570 4709 ejus;
591 4652 646 4698 et
661 4643 944 4699 vocabitur
967 4658 1164 4698 nomen
1182 4644 1301 4712 ejus
1316 4645 1692 4712 Adtnirabilis,
1715 4644 1856 4699 Con-

271 4733 541 4800 siliarius,
568 4733 733 4804 Deus,
758 4735 960 4804 Fortis,
986 4735 1144 4790 Pater
1167 4735 1336 4790 futuri
1368 4738 1569 4801 saaculi,
1597 4734 1858 4806 Princeps

274 4829 446 4894 pacis.
467 4827 915 4900 Multiplicabitur
932 4829 1050 4896 ejus
1070 4831 1379 4898 imperium,
1394 4840 1448 4884 et
1457 4831 1606 4899 pacis
1629 4846 1735 4884 non
1753 4832 1859 4885 erit

273 4920 398 4973 ﬁnis
459 4935 623 4990 super
679 4923 875 4977 solium
904 4920 1098 4988 David,
1124 4933 1361 4992 etsuper
1386 4937 1611 4991 regnum
1638 4924 1776 4994 ejus,
1796 4933 1853 4978 ut

271 5010 563 5065 conﬁrmet
587 5012 720 5067 illud
750 5023 806 5068 et
841 5013 1160 5069 corroboret
1198 5015 1252 5068 in
1286 5015 1493 5083 judicio
1528 5023 1583 5068 et
1614 5015 1848 5084 justitia,

268 5104 466 5158 antodo
482 5115 536 5159 et
554 5121 725 5175 usque
757 5107 814 5160 in
845 5108 1254 5176 sempiternum.
1278 5104 1438 5163 Zelus
1468 5105 1679 5162 Domini
1697 5125 1850 5164 exer-

267 5193 476 5248 cituum
500 5198 660 5253 faciet
679 5199 801 5252 hoc.
829 5219 848 5251 ι
874 5197 1050 5252 LXX:
1079 5218 1098 5250 ι
1121 5197 1258 5264 Quia
1294 5200 1553 5268 parvulus
1583 5211 1740 5256 natus
1766 5209 1851 5256 est

265 5290 450 5354 nobis,
473 5289 615 5345 [ilius
644 5292 802 5345 datus
824 5292 1112 5354 est,nobis,
1141 5293 1294 5360 cujus
1306 5292 1642 5361 principatus
1673 5294 1848 5352 lactus

261 5393 351 5440 est
380 5400 551 5455 super
576 5388 866 5442 humerum
921 5386 1064 5457 ejus,
1099 5401 1153 5442 et
1186 5399 1412 5443 vocatur
1467 5406 1661 5446 nomen
1728 5395 1848 5463 ejus

259 5479 450 5548 magni
490 5481 703 5536 consilii
739 5483 984 5537 nuntius.
1052 5482 1330 5536 Adducam
1358 5484 1504 5537 enim
1533 5501 1721 5554 paceni
1755 5503 1845 5541 su-

256 5589 361 5642 per
388 5575 686 5646 principes,
730 5587 784 5631 et
808 5577 1101 5630 sanitatem
1134 5578 1253 5645 ejus
1287 5592 1304 5630 :
1348 5594 1577 5648 magnus
1633 5585 1844 5652 princi-

337 5690 590 5768 ‘gYitiose
640 5702 761 5768 erat
826 5693 1031 5761 absque
1082 5702 1146 5746 de
1211 5697 1594 5768 prtepositione
1643 5702 1839 5760 Israeli

256 5760 602 5818 Hadiauitis.
637 5763 767 5821 Mss.
807 5760 1115 5820 emendant.

1972 3178 2188 3238 putant,
2221 3172 2346 3227 bina
2365 3173 2647 3244 jnngenda
2695 3189 2822 3230 sunt
2875 3179 3120 3245 nomina,
3157 3191 3214 3234 ut
3270 3181 3542 3252 legamus,

1960 3261 2315 3317 Admirabilis
2335 3266 2698 3331 consiliarius,
2715 3280 2767 3321 et
2783 3285 3024 3334 rursum,
3045 3270 3184 3326 Deus
3207 3271 3364 3327 fortis
3388 3275 3543 3341 ;scd,

1959 3351 2316 3409 Admirabilis
2332 3354 2619 3424 legendum
2657 3362 3242 3432 estseparatim,qnod
3279 3361 3546 3418 Hebraice

1960 3444 2161 3499 dicitur
2195 3461 2365 3500 rnELt-z
2400 3450 2583 3519 (ωε),
2639 3462 2694 3505 et
2729 3453 3082 3525 Consiliarips
3139 3471 3409 3522 seorsum,
3445 3459 3539 3523 qui

1959 3535 2142 3606 lingua
2166 3543 2671 3632 eorutnappcllatur
2701 3549 3035 3632 IOES(VY1’),
3075 3562 3127 3602 et
3153 3552 3294 3604 Deus
3318 3567 3543 3620 separa-

1964 3630 2077 3690 tim,
2111 3631 2200 3698 qui
2236 3631 2501 3689 llebraice
2529 3651 2596 3690 ει.
2624 3622 2740 3707 (5N)
2786 3622 3006 3694 dicitur.
3060 3641 3302 3711 Denique
3339 3646 3541 3699 incun-

1959 3722 2316 3789 sequcntibus
2351 3727 2438 3779 ubi
2465 3726 2715 3795 leginms,
2751 3729 2829 3782 Tu
2871 3748 2924 3783 es
2955 3733 3092 3783 enim
3131 3733 3292 3795 Deus.
3323 3745 3372 3788 et
3416 3751 3535 3788 nes-

1959 3817 2262 3886 ciebamus;
2296 3821 2566 3875 etileruni
2601 3821 2752 3894 :Ego
2783 3803 2900 3878 sum
2927 3826 3064 3880 Deus
3097 3839 3145 3882 et
3172 3839 3375 3882 nonest
3401 3831 3541 3883 alius

1957 3923 2152 3983 praeter
2180 3930 2261 3968 nte
2288 3914 2429 3986 (Isa.
2463 3931 2588 3980 XLV,
2611 3917 2691 3987 5),
2731 3929 2785 3974 et
2819 3921 2983 3973 multa
3017 3921 3104 3976 his
3160 3923 3360 3976 similia
3392 3939 3408 3979 ;
3444 3940 3541 3993 pro

1957 4020 2023 4060 eo
2046 4008 2189 4076 quod
2214 4009 2264 4062 iii
2284 4007 2479 4062 Latino
2495 4009 2697 4064 dicitur
2725 4011 2883 4076 Deus,
2912 4016 2964 4067 in
2988 4014 3258 4070 Hebraico
3289 4032 3352 4070 El.
3369 4019 3542 4088 sci-ip-

1958 4108 2072 4154 tum
2099 4109 2202 4156 est.
2235 4101 2499 4172 Quodque
2530 4107 2795 4174 sequitur,
2817 4105 3027 4174 Fortis,
3060 4108 3324 4164 llebraice
3345 4125 3538 4166 GIBBOR

1959 4195 2139 4262 (anns)
2170 4197 2506 4264 appellatur.
2554 4195 2712 4252 Unde
2735 4211 2788 4252 et
2813 4201 2864 4251 in
2889 4215 2953 4253 eo
2982 4202 3098 4254 loco
3125 4203 3212 4255 ubi
3246 4203 3387 4257 idem
3416 4219 3539 4272 pro‘

1958 4292 2118 4352 pheta
2149 4301 2544 4344 connnemorat
2581 4305 2597 4342 :
2658 4290 2832 4346 Erunt
2871 4295 3195 4362 conﬁdentes
3244 4312 3403 4365 super
3432 4298 3539 4352 Deo

1955 4390 2138 4434 sancto
2163 4377 2338 4436 Israel
2358 4383 2414 4436 in
2441 4385 2660 4440 veritate
2683 4402 2703 4441 :
2727 4398 2774 4440 et
2800 4390 2940 4457 quod
2964 4391 3237 4444 residuum
3258 4401 3334 4444 est
3364 4389 3537 4446 Iacob

1953 4489 2112 4544 super
2138 4473 2249 4528 Deo
2271 4475 2403 4546 forti
2432 4477 2568 4548 (Ira.
2593 4495 2650 4544 ι,
2673 4479 2765 4544 20,
2791 4480 2905 4552 21),
2935 4498 3032 4552 pro
3057 4485 3165 4538 Deo
3188 4484 3314 4538 forti
3349 4487 3400 4539 in
3435 4485 3540 4540 llo-

1956 4567 2142 4621 braico
2169 4569 2429 4637 scriptum
2457 4569 2619 4624 habet
2652 4587 2718 4625 BL
2747 4587 2957 4628 GlBBOii.
2984 4572 3202 4629 Patrem
3242 4583 3422 4630 autem
3450 4576 3538 4630 fn-

1955 4659 2062 4712 turi
2083 4659 2268 4714 szeculi
2283 4667 2338 4716 et
2358 4665 2796 4732 resurrectionis,
2817 4669 2958 4736 quod
2978 4671 3029 4722 in
3051 4683 3233 4725 nostra
3255 4669 3538 4724 νυριιιίοςιυ

1955 4753 2292 4822 completur;
2330 4767 2382 4808 et
2410 4756 2708 4827 principem
2762 4762 2937 4828 pacis,
2967 4763 3059 4830 qui
3106 4761 3321 4816 locutus
3354 4773 3433 4814 ρει
3469 4760 3536 4811 ad

1958 4845 2236 4912 apostolos
2266 4862 2285 4898 :
2304 4846 2499 4902 Pacem
2521 4866 2690 4903 meam
2712 4851 2780 4906 do
2799 4853 2964 4915 vobis,
2982 4869 3162 4921 pacem
3188 4869 3354 4907 meam
3377 4852 3536 4906 relin-

1955 4953 2060 5007 quo
2090 4939 2228 4994 vobis
2258 4937 2444 5009 (Joau.
2479 4957 2590 5009 xiv,
2617 4943 2709 5014 27)
2733 4961 2748 4999 :
2771 4960 2876 4999 non
2907 4945 3195 5009 dubitabit,
3226 4945 3316 5014 qui
3349 4962 3534 5014 paceni

1965 5042 2202 5086 nostram
2220 5033 2375 5103 juxta
2391 5033 2616 5092 Paulum
2643 5031 2942 5109 apestolum
2965 5038 3154 5107 legerit
3170 5038 3532 5098 Salvatorem.

1956 5124 2070 5191 Qua
2104 5129 2386 5183 nominum
2426 5131 2711 5199 majestate
2745 5133 3063 5202 perterritos
3088 5131 3231 5186 LXX
3262 5149 3384 5189 reor
3425 5151 3531 5188 non

1956 5231 2078 5271 esse
2109 5231 2274 5274 ausos
2306 5221 2372 5274 de
2395 5237 2564 5290 puero
2605 5223 2809 5289 dicere,
2851 5227 2994 5294 quod
3041 5237 3231 5293 aperte
3270 5226 3409 5281 Deus
3437 5245 3534 5295 ap«

1953 5311 2240 5377 pellaudus
2258 5315 2352 5378 sit,
2386 5327 2437 5370 et
2470 5327 2667 5371 caetera
2694 5332 2710 5372 :
2739 5319 2831 5374 sed
2863 5334 2960 5388 pro
2989 5321 3072 5374 his
3099 5336 3191 5375 sex
3223 5323 3533 5376 nominibus

1955 5406 2383 5476 posuisse,quod
2411 5409 2465 5461 in
2493 5409 2760 5463 ilebraico
2779 5427 2886 5464 non
2921 5413 3168 5479 habetur,
3197 5419 3377 5484 magni
3408 5433 3532 5469 Cott-

1953 5497 2063 5551 silii
2093 5500 2360 5566 angelum,
2395 5510 2442 5554 et
2483 5501 2748 5554 adducam
2792 5519 2974 5569 pacem
3028 5521 3184 5575 super
3229 5509 3526 5577 principes,

1951 5601 1999 5647 et
2027 5595 2303 5645 sanitatem
2335 5595 2472 5662 ejus.
2515 5593 2670 5660 Quod
2699 5597 2843 5650 hunc
2888 5600 3020 5653 mihi
3067 5616 3288 5657 sensum
3327 5603 3529 5656 habere

2021 5713 2041 5742 '
2069 5710 2144 5764 Ex
2169 5709 2358 5769 Graeco
2380 5715 2723 5789 ἀποκαλύψει
2757 5720 2957 5777 Victor.
2993 5726 3204 5793 reponit
3236 5723 3525 5782 Ret'elabt't.
