3962 6192
477 328 575 395 131

1647 323 1705 381 S.
1748 316 2069 382 EUSEBII
2120 317 2569 379 IIIERONYMI

2945 230 2974 253 Ω

3658 320 3758 382 13"2

476 441 699 495 videtur
733 457 748 496 ε
785 439 961 511 Magni
996 439 1209 495 ροηεῑιῃ
1252 434 1477 504 angelus
1526 442 1629 500 εει,
1662 434 1754 503 qui
1793 432 2061 486 nuntiavit
2090 429 2140 489 Α
2173 427 2236 479 («It
2261 428 2543 482 multitudo
2564 427 2909 496 paris,donec
2947 427 3371 499 auferaturluna
3402 430 3762 501 (Psal.t.ni,

477 535 638 590 nobis
667 532 1030 603 ahjiciendum
1053 547 1151 602 pro
1174 542 1415 600 tempore
1433 528 1625 592 Israel,
1650 535 1703 581 et
1727 536 1919 592 gentes
1942 538 2061 578 esse

478 626 771 678 salvandas
804 640 817 678 :
853 623 1106 692 deditque
1145 635 1331 692 pacem
1392 618 1733 687 principibus
1768 616 1905 678 suis,
1939 627 2064 681 apo-

480 718 639 772 stolis
671 727 724 771 et
760 716 1078 786 apostolicis
1118 714 1271 774 viris,
1311 711 1470 783 134
1510 724 1565 765 et
1622 710 1911 766 Sanitatem
1950 708 2063 763 do-

479 819 722 878 gmatum
756 822 974 861 suorum
1004 800 1351 861 credentibus
1372 802 1677 871 dereliquit.
1698 799 1851 866 Quod
1881 812 2060 851 autem

482 901 750 964 sequitur,
819 897 1268 964 Multiplicubitur
1318 895 1432 963 ejus
1485 895 1787 964 imperium,
1829 901 1878 945 et
1918 891 2061 959 pacis

480 1003 582 1039 non
611 987 705 1039 erit
745 985 915 1053 ﬁnis:
958 1000 1055 1054 pro
1107 1002 1215 1055 quo
1255 983 1398 1039 LXX
1460 982 1861 1039 transtulerunt
1898 997 1914 1039 :
1947 981 2063 1034 Μα-

478 1094 610 1146 guns
646 1078 980 1142 principatus
1012 1077 1126 1145 ejus
1161 1092 1181 1131 :
1212 1078 1357 1130 scire
1383 1077 1640 1130 debemus
1666 1074 1813 1143 quod
1837 1075 2061 1127 verbum

480 1166 802 1220 Ilebraicum
825 1183 998 1221 ιιεςιιλ
1016 1169 1239 1237 (mm)
1264 1174 1319 1221 et
1336 1166 1420 1219 hic
1438 1174 1491 1217 et
1509 1179 1670 1232 supra
1697 1161 1836 1216 LXX
1862 1162 2061 1232 ἀρχὴν,

482 1260 533 1312 id
562 1269 665 1323 est,
690 1261 1053 1328 principatum
1086 1261 1101 1290 ⁸
1138 1256 1473 1327 interpretati
1508 1266 1654 1310 sunt.
1692 1256 1793 1310 Pro
1830 1270 1937 1323 quo
1964 1270 2064 1309 nos

492 1369 657 1420 supra
693 1355 1071 1422 principatum,
1114 1353 1202 1405 hic
1235 1352 1512 1419 imperium
1552 1354 1837 1403 vertimus.
1871 1347 2063 1415 Aquila

482 1456 665 1497 autem
716 1445 864 1497 verbi
906 1443 1264 1512 ambiguitate
1294 1444 1552 1510 deceptus
1602 1441 1822 1510 μέτρον,
1874 1438 1925 1492 id
1956 1446 2061 1502 est,

480 1552 787 1588 mensuram
826 1537 1214 1604 interpretatus
1245 1542 1352 1595 est,
1384 1549 1503 1603 quae
1532 1531 1863 1587 etHehraice
1883 1541 1935 1585 et
1964 1520 2106 1593 ιιι-ί

482 1626 597 1679 tino
622 1626 641 1656 ‘
664 1630 852 1679 eodem
879 1628 1183 1695 appellatur
1205 1626 1443 1680 nomine.
1468 1623 1578 1679 Nec
1598 1624 1852 1678 dubitare
1866 1623 2065 1689 poterit
2100 1628 2106 1633 '

481 1718 549 1770 de
581 1719 867 1787 multiplici
899 1718 1195 1772 Salvatoris
1229 1717 1456 1785 imperio
1495 1726 1550 1771 et
1608 1732 1740 1785 pace
1773 1715 1910 1784 ejus.
1942 1731 2062 1782 quae

478 1825 585 1863 non
611 1811 807 1865 habeat
832 1813 1017 1875 finem,
1044 1813 1137 1881 qui
1170 1812 1225 1865 in
1254 1809 1484 1866 Psalmis
1506 1810 1698 1878 legerit
1734 1826 1749 1864 :
1785 1807 2006 1863 Postulo
2030 1824 2062 1860 a

394 1932 406 1943 -
477 1918 581 1963 me,
612 1911 660 1956 et
691 1902 825 1956 dabo
862 1904 951 1956 tibi
986 1913 1162 1973 gentes
1192 1902 1551 1957 hwreditatcm
1581 1912 1749 1964 tuam,
1773 1909 1819 1953 et
1847 1916 2059 1965 posses-

476 1992 678 2044 sionem
705 2003 851 2045 tuum
870 1994 1123 2047 terminos
1149 2002 1302 2046 terra:
1322 1991 1648 2061 (Ps.alt|,8)
1670 2007 1691 2057 ,'
1714 1998 1769 2045 et
1798 2005 2013 2045 rursum
2049 2008 2063 2047 :

556 2130 573 2201 ξ
609 2128 667 2201 In
697 2128 893 2194 Vatic.,
924 2131 981 2183 id
1011 2140 1087 2184 est
1118 2129 1463 2201 principium.

556 2200 577 2228 ’
610 2199 877 2254 Ileliraice
906 2210 1137 2260 Πηπζγγειο
1171 2199 1425 2269 ,mesura,
1461 2199 1687 2266 dicitur,
1722 2215 1844 2269 qua:
1875 2214 1974 2253 vox
2008 2209 2067 2252 ut

482 2270 598 2323 fere
619 2270 809 2322 cadent
826 2282 909 2324 est
938 2286 1059 2325 cunt
1084 2287 1333 2323 ntensura
1350 2268 1691 2335 Latinorum,
1729 2272 1799 2324 ita
1832 2286 1859 2321 a
1886 2279 2068 2328 mm

482 2355 605 2409 quae
639 2338 691 2392 in
728 2348 878 2394 textu
929 2350 1033 2403 est,
1067 2350 1121 2395 et
1148 2341 1504 2409 principatum
1563 2350 1743 2405 sonat,
1780 2340 2064 2393 minimum

2167 521 2243 588 7),
2267 520 2317 572 id
2346 529 2450 584 est,
2475 535 2647 591 usque
2676 521 2740 575 ad
2762 524 3293 577 consummationem
3315 523 3526 579 saeculi.
3549 523 3759 577 Princi-

2167 622 2323 681 patus
2348 624 2528 666 autem
2558 612 2706 668 illius
2746 622 2803 667 et
2831 614 3118 682 imperium
3145 614 3248 668 erit
3275 630 3441 684 super
3472 614 3675 670 solium
3704 624 3761 671 et

2166 720 2389 774 regnum
2421 704 2613 768 David,
2645 706 2789 775 quod
2825 714 2948 774 post
2982 706 3354 776 captivitatem
3389 707 3755 776 Baliylmiiam

2167 795 2343 850 fuerat
2374 795 2716 864 dissipatum,
2747 806 2807 851 ut
2839 797 3128 852 conlirtnet
3152 797 3283 851 illud
3314 807 3370 851 et
3398 799 3758 861 corroboret,

2165 896 2219 940 et
2254 889 2449 942 doceat
2477 902 2598 959 esse
2630 899 2953 958 perpetuum
2989 890 3010 920 ³
3040 897 3132 953 (ne
3155 902 3312 944 cassa
3331 889 3423 943 Dei
3463 890 3759 957 promissio

2166 978 2468 1048 videretur)
2508 982 2574 1035 ab
2600 982 3001 1036 Incarnationis
3032 992 3280 1052 tempore
3311 998 3490 1051 usque
3518 983 3574 1037 in
3607 999 3754 1039 sem-

2168 1074 2459 1140 piternum.
2497 1073 2787 1141 Propterea
2824 1084 3005 1128 autem
3041 1074 3215 1143 zelus,
3244 1074 3298 1129 id
3333 1084 3439 1141 est,
3476 1075 3756 1130 aemulatio

2169 1162 2379 1215 Domini
2406 1165 2755 1217 exercituum
2782 1163 3048 1231 fecithoc,
3078 1167 3203 1234 quia
3227 1167 3328 1236 ipsi
3348 1181 3477 1221 eum
3498 1166 3566 1220 ad
3586 1181 3759 1220 emu-
3800 1230 3811 1237 .

2169 1253 2420 1307 lationem
2459 1263 2896 1321 provocaverunt
2927 1256 2981 1308 in
3016 1255 3101 1308 his
3130 1255 3221 1322 qui
3247 1269 3354 1309 non
3391 1264 3552 1309 erant
3583 1256 3681 1318 dii,
3702 1265 3758 1310 et

2169 1346 2255 1400 ille
2282 1361 2374 1399 eos
2393 1351 2709 1415 pravocavlt
2732 1349 2799 1401 ad
2827 1349 3189 1403 aanmlandum
3215 1350 3266 1403 in
3290 1357 3475 1418 gente,
3501 1366 3629 1419 qua:
3652 1367 3757 1405 non

2166 1445 2284 1489 erat
2301 1451 2432 1507 gens
2450 1435 2631 1508 (Deut.
2649 1438 2843 1507 χχιιι).
2856 1437 3048 1507 Cmpta
3066 1439 3437 1495 Emmanuelis
3454 1451 3511 1495 et
3526 1457 3764 1496 nascen-

2169 1529 2235 1583 tis
2249 1531 2401 1599 pueri
2419 1530 2486 1584 de
2509 1531 2727 1601 Virgine
2741 1532 3122 1602 prophetia,ex
3139 1547 3207 1587 eo
3227 1533 3350 1589 loco
3364 1534 3454 1588 ubi
3472 1532 3682 1587 dicitur
3694 1534 3762 1588 ad

2167 1624 2350 1676 Achaz
2385 1636 2400 1677 :
2444 1622 2567 1677 Pete
2589 1624 2680 1676 tibi
2695 1624 2899 1695 signum
2918 1642 2949 1677 a
2968 1624 3195 1679 Domino
3218 1624 3325 1679 Deo
3348 1635 3465 1690 tuo,
3485 1626 3764 1680 versiculo

2171 1717 2278 1769 isto
2300 1718 2445 1768 tinita
2470 1728 2688 1784 est,qno
2709 1716 2975 1769 infertur:
3012 1716 3169 1769 Zelus
3189 1717 3405 1771 Domini
3427 1719 3763 1770 exercituum

2172 1809 2329 1870 faciet
2358 1807 2790 1875 hoc(lsa.tx,7;
2830 1824 3033 1872 xxxvii,
3067 1808 3183 1875 52).
3230 1808 3386 1864 Nunc
3432 1810 3501 1864 ad
3551 1812 3764 1879 reliqua

2173 1909 2386 1953 transeat
2396 1916 2534 1953 mus.

2180 2130 2293 2183 lere
2325 2130 2511 2185 distat.

2246 2202 2267 2232 ³
2298 2201 2525 2254 Rursum
2576 2202 2772 2263 Vait.c.,
2826 2217 2938 2254 esse
2969 2204 3305 2270 prop/retain,
3341 2219 3406 2256 ne
3433 2221 3596 2257 cassa
3632 2223 3762 2272 pro-

2175 2272 2354 2325 missio
2392 2274 2601 2340 Deijud
2625 2285 2789 2325 cetur.

1607 2568 1975 2658 LIBER
2050 2569 2656 2674 QUARTUS-

565 2826 1757 2905 135Inmqualesdictamuslibros‘,etpro
1777 2826 2095 2885 diversitate
2179 2830 2436 2886 Romeliae
2494 2845 2587 2885 rex
2634 2829 2800 2886 Israel
2849 2832 2900 2886 in
2927 2831 3250 2898 Jerusalem,
3279 2845 3338 2888 ut
3384 2846 3772 2904 expugnarent

486 2928 761 2983 visionum
780 2939 844 2979 ac
861 2937 1142 2986 sensuum,
1165 2921 1303 2975 alius
1326 2918 1691 2984 contrahitur,
1717 2919 1859 2975 alius
1881 2929 2066 2975 exten-
2095 2920 2139 2980 ϐ
2171 2938 2311 2979 eam.
2349 2923 2414 2976 Et
2446 2923 2584 2994 (Isa.
2624 2928 2717 2993 vn)
2742 2926 2886 2994 quod
2924 2927 3126 2981 missus
3156 2928 3231 2982 sit
3261 2926 3434 2982 Isaias
3490 2931 3771 2998 propheta

484 3021 653 3073 ditur.
684 3017 868 3086 Itaque
918 3014 1071 3068 linito
1118 3012 1280 3067 tertio
1315 3011 1610 3078 volumine,
1650 3010 1953 3068 transimus
1991 3010 2058 3065 ad

486 3122 764 3181 quartum,
798 3108 886 3178 qui
920 3107 1078 3161 tertia
1103 3120 1359 3160 mensura
1386 3117 1642 3158 versuum
1667 3102 1848 3171 priore
1880 3103 2059 3157 minor

483 3214 590 3268 est,
621 3200 921 3271 pra‘sertim
946 3213 1071 3251 cum
1101 3198 1349 3265 quintus,
1371 3210 1531 3263 quem
1556 3195 1679 3250 huic
1704 3195 1848 3251 libro
1878 3196 2061 3265 subje-

484 3297 682 3361 cimus,
716 3292 988 3349 historica:
1009 3290 1410 3359 explanationis
1438 3291 1528 3353 sit,
1555 3299 1610 3344 et
1627 3303 1760 3357 pene
1792 3289 2059 3359 duplicem

488 3403 773 3443 numerum
818 3386 1035 3440 habeat.
1072 3382 1207 3437 Dum
1241 3383 1385 3437 enim
1434 3381 1688 3438 nolumus
1716 3382 2012 3452 conjuncta
2043 3386 2064 3416 ³

486 3479 751 3541 dividere,
782 3488 835 3533 et
858 3478 985 3532 olim
1018 3476 1381 3545 interpretata
1437 3474 1694 3537 transire,
1723 3474 1875 3542 quasi
1924 3475 2064 3530 inter

486 3576 621 3627 duas
650 3571 815 3626 maris
839 3568 1046 3625 Pontici
1072 3566 1474 3638 συμπληγάδας
1493 3567 1795 3621 naviculam
1821 3576 2060 3621 nostram

485 3664 822 3728 direximus,
863 3677 984 3732 quae
1015 3660 1181 3715 ﬂante
1234 3657 1439 3729 Spiritu
1474 3669 1687 3721 sancto,
1721 3668 1776 3713 et
1836 3657 2063 3712 Domino

486 3753 771 3808 Salvatore
804 3752 1025 3806 curSuhi
1082 3750 1356 3819 dirigente
1398 3760 1670 3810 nostrmn,
1726 3746 1960 3801 elabitur
2009 3748 2061 3800 in

487 3844 728 3914 pelagus,
758 3843 973 3896 dicente
1012 3848 1087 3903 te.
1118 3840 1268 3911 virgo
1299 3838 1506 3895 Christi
1565 3838 1916 3893 Eustochium
1950 3856 1963 3891 :
2018 3839 2053 3890 Α

484 3947 711 4005 quatuor
732 3922 896 3989 ventis
918 3933 1033 3987 caeli
1062 3934 1199 3998 veni,
1219 3933 1461 4001 spiritus,
1483 3941 1531 3986 et
1564 3941 1772 3985 mortua
1798 3947 1918 3985 ossa
1938 3931 2065 3985 vivi-

486 4028 589 4096 [ica
619 4024 836 4095 (Eucti.
876 4039 1083 4088 xxxvii,
1113 4024 1168 4093 9)
1208 4040 1225 4079 :
1262 4032 1321 4077 ut
1381 4037 1503 4092 qua:
1535 4022 1790 4089 iacebant
1818 4021 1871 4076 in
1906 4032 2065 4078 terra:

484 4122 727 4189 pulvere,
764 4117 1006 4185 spirante
1054 4116 1303 4181 Domino,
1339 4116 1698 4169 suscitentur.

557 4211 687 4277 Cap.
750 4208 842 4262 IX.
872 4207 1173 4277 —(Vers.
1240 4207 1274 4261 8
1324 4204 1502 4274 seqq.)
1555 4224 1575 4257 ι
1626 4205 1861 4263 Verbum
1911 4207 2062 4265 misit

487 4305 747 4358 Dominus
782 4304 834 4357 in
868 4300 1055 4368 Jacob,
1088 4310 1144 4356 et
1187 4302 1386 4357 cecidit
1412 4302 1466 4357 in
1497 4300 1677 4357 Israel.
1705 4302 1769 4356 Et
1802 4304 1938 4358 sciet
1970 4318 2064 4373 ρος
2102 4285 2147 4342 Ῑ)

485 4396 643 4465 polus
673 4395 853 4450 omnis
890 4394 1149 4463 Ephraim
1179 4402 1233 4449 et
1290 4393 1602 4449 habitantes
1647 4394 1973 4461 Samariam,
2011 4396 2067 4451 in

483 4486 741 4556 superbia
776 4495 831 4538 et
866 4485 1241 4553 magnitudine
1279 4486 1478 4552 contis,
1515 4485 1760 4542 dicentes
1798 4504 1812 4541 :
1843 4485 2067 4544 Lateres

482 4579 824 4643 ceciderunt,
882 4576 976 4630 sed
1031 4574 1254 4644 quadris
1310 4575 1578 4646 lapidibus
1629 4576 2063 4634 ardifteabimhs:

478 4684 806 4743 sycomoros
852 4669 1228 4735 succiderunt,
1264 4670 1360 4723 sed
1407 4668 2065 4725 cedrosimnmtabimus.

478 4767 549 4819 lit
580 4762 813 4819 elevabit
846 4761 1114 4815 Dominus
1164 4760 1349 4814 hostes
1383 4759 1548 4814 Itasiu
1600 4774 1766 4830 super
1818 4774 1965 4828 eum,
2012 4770 2069 4817 et

478 4856 736 4909 inimicos
790 4852 913 4923 ejus
975 4853 1026 4904 in
1120 4849 1410 4904 tumultum
1472 4858 1665 4917 vertet,
1722 4848 1939 4921 Syriam
2000 4852 2068 4904 ab

479 4946 730 5009 Oriente,
774 4953 830 4998 et
887 4940 1225 4996 Philisthiim
1255 4941 1323 4994 ab
1377 4939 1689 5006 Occidente,
1746 4951 1801 4996 et
1839 4941 2066 4995 devora.

487 5036 622 5090 bunt
683 5033 848 5089 Israel
913 5042 1025 5089 toto
1083 5046 1203 5087 ore.
1261 5026 1320 5085 In
1375 5032 1633 5086 omnibus
1686 5030 1771 5084 his
1820 5047 1924 5085 non
1980 5039 2065 5086 est

482 5143 714 5182 aversus
769 5128 922 5182 furor
998 5127 1154 5197 ejus,
1224 5125 1320 5180 sed
1410 5123 1590 5177 adhuc
1677 5138 1873 5178 manus
1946 5125 2067 5195 ejus

483 5228 759 5283 extenta,
849 5228 904 5273 et
994 5217 1230 5289 populus
1309 5230 1419 5270 non
1500 5228 1586 5270 est
1658 5231 1912 5272 reversus
1999 5214 2068 5270 ad

483 5315 873 5383 parturientem
938 5328 1030 5380 se,
1098 5323 1153 5367 et
1212 5310 1503 5365 Dominum
1576 5310 1909 5364 exercituum
1957 5323 2065 5363 non

481 5406 862 5475 inquisierunt.
920 5424 940 5458 ι
1036 5405 1295 5476 Legimus
1376 5420 1540 5473 supra
1597 5401 1698 5472 (IV
1766 5402 1896 5472 Reg.
1950 5402 2064 5472 xvr)

480 5500 623 5568 quod
656 5500 707 5551 in
748 5498 940 5552 diebus
972 5497 1153 5551 Achaz
1188 5498 1281 5551 ﬁlii
1316 5495 1569 5561 .Ioathan,
1602 5495 1694 5550 [iiii
1743 5492 1889 5550 Ozias
1921 5497 2065 5563 regis

474 5593 639 5655 Juda,
668 5591 980 5646 ascenderit
1009 5589 1177 5644 Rasin
1218 5605 1309 5645 rev
1353 5589 1547 5660 Syrias,
1576 5599 1632 5643 et
1678 5586 1890 5643 Phacee
1921 5586 2064 5644 ﬁlius

2176 3015 2229 3070 in
2264 3030 2549 3070 occursum
2581 3017 2760 3071 Achaz
2792 3031 2917 3072 cum
2947 3016 3117 3073 .lasub
3154 3018 3265 3073 lilio
3290 3035 3408 3086 suo,
3442 3030 3500 3072 ut
3526 3021 3577 3073 ei
3610 3022 3775 3075 dice-

2181 3116 2281 3171 ret,
2331 3120 2399 3161 ne
2445 3109 2680 3172 timeret,
2713 3118 2767 3162 et
2798 3123 2894 3163 cor
2930 3108 3074 3165 illius
3104 3127 3170 3165 ne
3201 3111 3522 3167 formidaret
3559 3128 3591 3166 a
3627 3113 3777 3168 «ιω.

2181 3196 2286 3252 bus
2312 3198 2502 3252 caudis
2538 3198 2793 3252 titionum
2822 3199 3226 3270 lnmigantinm,
3264 3217 3329 3257 co
3363 3203 3507 3271 quod
3542 3205 3599 3257 in
3632 3208 3773 3272 ipsis

2177 3299 2324 3345 esset
2354 3288 2524 3360 Syria:
2549 3301 2599 3346 et
2634 3290 2801 3347 Israel
2835 3292 3119 3360 imperium
3152 3293 3474 3350 ﬁniendum.
3503 3296 3629 3360 Quo
3660 3312 3771 3351 non

2182 3380 2461 3435 credente
2501 3390 2725 3451 propter
2791 3381 2869 3435 rei
2930 3383 3359 3452 magnitudinem
3409 3394 3466 3439 et
3516 3400 3771 3454 praesens

2178 3472 2504 3540 periculum,
2559 3473 2782 3541 jubetur
2840 3486 2898 3527 ut
2950 3474 3052 3528 sibi
3110 3475 3347 3543 postulet
3404 3477 3655 3544 signum.
3702 3477 3776 3533 Et

2182 3562 2306 3631 quia
2368 3563 2650 3618 idololatra
2700 3571 2841 3627 erat,
2878 3564 2978 3620 hoc
3022 3581 3240 3636 quoque
3284 3565 3468 3622 facere
3528 3568 3716 3622 noluit
3753 3588 3769 3623 :

2177 3664 2461 3724 propterea
2501 3657 2765 3711 Dominus
2817 3672 3157 3728 nequaquam
3206 3660 3311 3727 ipsi
3358 3662 3491 3729 n-gi,
3532 3668 3637 3715 sed
3675 3669 3777 3715 d0-

2180 3749 2289 3802 mui
2319 3747 2484 3803 David
2516 3749 2608 3804 dat
2640 3751 2855 3820 signum
2886 3751 2979 3808 tiIii
3014 3752 3097 3805 sui
3126 3752 3192 3807 de
3222 3752 3440 3821 Virgine
3468 3754 3771 3822 nasrituri,

2176 3842 2242 3895 ad
2274 3840 2428 3910 cujus
2455 3841 2848 3897 invocationem
2886 3844 2993 3898 sint
3020 3845 3326 3899 imminenti
3384 3846 3636 3916 petit:qu
3698 3849 3774 3902 Ii-

2177 3933 2430 4000 bcrandi,
2483 3943 2537 3989 et
2576 3944 2775 3990 uetera
2827 3950 2949 4005 qua:
2985 3951 3162 4006 usque
3212 3939 3278 3991 ad
3314 3949 3649 4006 prasentetn
3687 3943 3773 3993 In-

2175 4038 2299 4078 cum
2337 4026 2680 4095 interpretati
2709 4043 2920 4083 sumus.
2983 4027 3167 4083 Multis
3214 4044 3346 4100 ergo
3393 4033 3682 4101 mysmriis
3716 4035 3774 4087 in

2179 4118 2361 4171 medio
2389 4118 2602 4188 positis,
2638 4134 2781 4174 nunc
2815 4120 3113 4174 revertitur
3168 4122 3236 4175 ad
3273 4122 3326 4176 id
3378 4124 3521 4192 quod
3581 4139 3781 4193 cmpe-

2177 4219 2282 4273 rat,
2321 4218 2376 4262 et
2419 4209 2759 4265 eversionem
2797 4208 2963 4265 Rasin
3023 4211 3184 4282 136
3232 4221 3286 4265 et
3337 4212 3632 4281 prraim,
3666 4215 3779 4270 hoc

2173 4310 2275 4365 est,
2314 4298 2485 4369 Syria:
2518 4311 2575 4354 et
2625 4299 2887 4355 Samaria;
2947 4304 3327 4358 vaticinatur:
3379 4302 3630 4366 Verbum,
3691 4304 3783 4356 in-

2171 4392 2386 4460 quiens,
2422 4393 2568 4446 misit
2602 4392 2860 4447 Dominus
2894 4395 2947 4447 in
2975 4394 3162 4457 Jacob,
3187 4402 3238 4447 et
3259 4395 3445 4448 recidit
3467 4394 3524 4446 in
3562 4394 3780 4448 Israel.

2171 4486 2327 4554 Apud
2388 4483 2644 4541 Hebraeos
2714 4502 2883 4542 ωειλ
2933 4489 3092 4559 (In),
3128 4487 3272 4557 quod
3338 4502 3433 4556 per
3486 4497 3605 4539 tres
3680 4488 3778 4540 lit-

2172 4583 2316 4631 teras
2366 4577 2625 4633 scribitur
2677 4590 3047 4635 consonantes
3093 4592 3306 4633 DALBTII
3363 4593 3498 4631 seru
3541 4587 3598 4632 et
3640 4593 3780 4642 ass,

2172 4682 2267 4736 pro
2303 4669 2543 4723 locorum
2595 4670 2876 4739 qualitate,
2924 4672 2968 4726 si
3018 4671 3229 4741 legatur
3285 4685 3473 4729 nausa.
3536 4674 3777 4725 verbum

2170 4759 2463 4827 signiﬁcat,
2494 4776 2684 4827 ossea,
2727 4774 2973 4827 mortem,
3003 4770 3059 4817 et
3124 4765 3508 4831 pestilentiam.
3573 4759 3776 4827 Quam

2169 4850 2241 4904 ob
2273 4865 2491 4905 causam
2529 4852 2772 4922 plerique
2804 4856 3074 4909 sermonis
3122 4855 3473 4926 ambiguitate
3506 4844 3782 4923 decepti.

2170 4956 2277 4994 non
2310 4945 2521 4995 verbum
2554 4942 2739 4997 dicunt
2780 4942 3005 4998 missum
3045 4959 3185 5008 esse,
3234 4947 3329 4998 sed
3373 4958 3627 4999 mortem.
3666 4946 3783 5000 Mi-

2169 5034 2240 5087 sit
2289 5048 2419 5105 ergo
2450 5033 2711 5089 Dominus
2744 5035 2967 5089 verbum
3019 5035 3074 5090 in
3100 5033 3293 5099 Jaoob.
3352 5044 3408 5091 et
3452 5036 3673 5090 cecidit
3716 5040 3778 5093 in

2172 5123 2361 5179 Israel.
2402 5123 2654 5191 Regnare
2690 5125 2860 5179 voluit
2889 5123 3107 5192 Jndatn,
3141 5138 3198 5180 ut
3253 5125 3425 5182 Jacob
3454 5131 3781 5197 prephetat

2171 5220 2224 5272 in
2256 5216 2452 5272 Genesi
2490 5219 2655 5287 (cap.
2684 5215 2837 5290 χιιι)
2871 5235 2886 5273 :
2934 5228 2988 5274 et
3029 5217 3215 5284 Israel,
3270 5219 3372 5274 hoc
3418 5228 3528 5284 est,
3565 5223 3781 5280 decem

2172 5311 2345 5365 tribus
2398 5310 2500 5366 sibi
2552 5310 2839 5379 imperium
2875 5310 3243 5376 vindicarunt,
3276 5310 3347 5367 de
3398 5310 3613 5381 quibus
3644 5314 3785 5370 dic-

2172 5411 2284 5456 tum
2314 5411 2399 5457 cst
2432 5400 2574 5469 :lpsi
2607 5412 2972 5471 regnaverunt,
2998 5413 3044 5455 et
3074 5418 3176 5455 non
3206 5418 3299 5465 per
3317 5417 3397 5455 me
3428 5399 3617 5470 (Osee,
3646 5417 3781 5472 nrt,

2170 5494 2250 5566 4).
2289 5495 2504 5564 Imperii
2539 5509 2671 5566 ergo
2704 5494 2960 5563 dignitas,
2994 5509 3113 5564 qua!
3146 5495 3198 5548 in
3236 5494 3494 5551 unctione
3524 5494 3791 5554 Samue-

2168 5588 2237 5643 lis
2267 5601 2387 5657 post
2420 5588 2695 5658 abiectum
2732 5587 2859 5643 Saul
2888 5598 3130 5658 eruperat
3162 5588 3216 5643 in
3264 5587 3454 5654 David,
3484 5589 3660 5644 missa
3718 5590 3788 5655 in

552 5708 569 5737 ¹
610 5707 809 5772 Vatic.,
836 5706 1095 5758 dictamus
1127 5703 1499 5772 explanatione
1525 5702 1737 5774 libros;
1786 5709 1844 5756 et
1907 5717 2033 5759 mox
2067 5713 2426 5770 transeamus,
2466 5719 2565 5774 pro
2614 5704 2925 5759 transimus.

554 5778 575 5809 ⁸
603 5776 772 5845 Idem,
805 5782 927 5831 dum
963 5774 1380 5847 enintrvolumus
1411 5773 1721 5842 conjuncta,
1758 5782 1877 5827 etc.
