3980 6200
328 331 431 395 I33

1043 327 1540 390 COMIIEN'I‘AR.
1588 327 1667 388 IN
1724 325 1986 387 ISAIAM
2034 322 2495 385 PROPHETAM
2539 318 2686 383 LIB.
2737 319 2835 382 IV.

3501 313 3604 378 1η

327 444 518 507 Jacob,
577 440 679 497 hoc
729 449 835 507 est,
887 443 941 495 iu
1001 441 1284 495 duodecim
1349 442 1540 502 tribus,
1591 454 1712 506 (jth
1751 437 1918 492 Jacob
1949 449 1992 502 Α
2023 439 2236 499 turrim,
2273 446 2323 488 et
2366 435 2632 503 faciamus
2670 432 2816 483 nol/:3-
2855 445 3038 482 nomen
3083 441 3364 498 antequam
3403 425 3606 494 disper-

329 536 457 590 olim
511 533 874 596 vocabantur,
922 533 1117 588 cecidit
1177 535 1228 585 in
1266 533 1480 586 Israel:
1535 546 1641 585 non
1679 539 1737 584 ut
1781 529 1916 582 LXX

329 625 750 689 transtulerunt,
777 624 913 677 venit
967 638 986 677 :
1017 623 1217 678 cecidit
1245 623 1388 677 enim
1423 624 1474 676 in
1505 623 1688 690 impiis
1718 637 1735 674 :
1770 621 1913 689 quod

332 727 593 771 statutum
627 716 694 769 ad
749 721 975 769 sanctos
1033 715 1304 768 directum
1358 724 1495 769 erat.
1557 713 1706 767 Sciet
1751 713 1916 782 igitur

331 808 566 880 populus
618 808 874 877 Epltraim
934 816 990 861 et
1047 805 1352 860 habitantes
1409 805 1738 868 Samariam,
1822 803 1913 871 qui

333 910 556 970 prOpter
584 898 980 952 multitudinem
1012 898 1292 967 eriguntur
1358 899 1408 951 in
1465 897 1808 966 superbiam,
1862 906 1917 948 et

333 992 522 1046 dicunt
552 1003 568 1044 :
606 987 843 1044 Parvum
876 997 960 1044 est
992 1001 1212 1058 regnum
1246 987 1418 1052 Juda',
1449 997 1504 1042 et
1538 988 1713 1042 nostri
1765 1001 1916 1042 com-

334 1083 616 1151 paratione
649 1081 996 1136 vilissimum.
1027 1080 1217 1150 Itaque
1270 1081 1380 1136 illis
1432 1080 1717 1138 ruentibus
1762 1078 1914 1148 quasi

337 1175 623 1240 lateribus,
694 1187 792 1228 nos
843 1172 1052 1243 quadro
1143 1173 1324 1240 lapide
1417 1173 1749 1228 acditicemus
1825 1184 1916 1225 no-

336 1269 418 1321 bis
461 1266 707 1322 domum.
761 1263 978 1319 Illorum
1040 1266 1341 1336 sycomoris
1387 1279 1510 1334 quae
1575 1264 1720 1335 ligna
1788 1273 1918 1319 sunt

335 1359 502 1421 vilia,
577 1355 765 1412 hostili
870 1356 1180 1411 incursione
1250 1355 1502 1418 succisis,
1603 1370 1709 1409 non
1813 1356 1916 1408 im-

334 1453 542 1520 periun
650 1458 941 1506 mstrum‘
1014 1454 1198 1508 ce-lris
1291 1465 1696 1516 exstruemus,
1793 1465 1914 1518 qua

337 1543 696 1612 imputribiles
773 1553 920 1609 sunt,
1003 1552 1063 1600 ut
1108 1559 1334 1613 regnum
1422 1543 1729 1610 signiﬁcent
1767 1555 1918 1596 seut-

337 1638 628 1703 piternum.
715 1633 864 1690 Sciat
955 1651 1084 1704 ergo
1175 1637 1404 1704 populus
1503 1634 1661 1705 137
1739 1632 1915 1686 omnis

335 1727 589 1797 Ephraim
631 1734 686 1780 et
713 1727 1023 1782 habitantes
1053 1725 1384 1792 Samariam,
1411 1729 1581 1795 "quod
1624 1725 1797 1794 Syrus
1822 1723 1912 1793 qui

336 1832 479 1873 nunc
503 1818 554 1872 ei
585 1818 790 1871 auxilio
824 1826 928 1881 est,
957 1819 1008 1872 in
1051 1819 1258 1873 hostem
1314 1827 1574 1872 transeat.
1631 1814 1726 1870 Vel
1767 1824 1916 1869 certe

337 1920 525 1964 contra
574 1910 754 1979 ipsum
799 1908 1021 1980 Syrum,
1055 1911 1233 1964 subita
1295 1908 1728 1966 abversariorum
1778 1907 1916 1961 bella

335 2011 688 2070 consurgant,
734 2010 786 2056 et
840 2016 1032 2056 omnes
1063 2010 1341 2055 vertantur
1370 2000 1423 2054 in
1453 2000 1738 2056 tumultum
1775 2016 1788 2052 :
1845 2001 1916 2051 ita

337 2101 393 2146 ut
440 2102 634 2146 contra
669 2091 835 2146 Israel
883 2091 1038 2162 Syria
1067 2091 1134 2144 ab
1173 2088 1418 2160 Oriente,
1454 2099 1508 2145 et
1560 2089 1914 2155 Philisthiim,

337 2185 436 2238 hoc
489 2193 598 2248 est,
660 2181 935 2237 Palaestini
989 2182 1056 2238 ab
1118 2183 1411 2238 Occidente
1460 2194 1830 2250 moveantur;
1865 2192 1918 2236 et

336 2276 495 2330 simul
553 2276 816 2330 devorent
861 2273 1141 2330 Israelem.
1193 2275 1443 2346 Cumque
1492 2275 1605 2330 haec
1658 2274 1914 2339 fecerint,

339 2367 694 2422 nihilominus
721 2381 918 2420 manus
952 2381 1070 2421 mea
1118 2376 1364 2430 extenta,
1417 2366 1534 2420 sive
1567 2366 1781 2419 excelsa
1833 2375 1918 2420 est

339 2474 501 2532 super
530 2459 720 2524 Israel,
751 2465 808 2514 et
835 2473 928 2513 eos
975 2457 1146 2512 ferire
1180 2473 1286 2512 non
1331 2467 1540 2513 cessat.
1594 2457 1842 2528 Cassique
1884 2471 1915 2510 a

339 2552 448 2606 Deo
482 2566 588 2605 non
618 2559 961 2606 revertentur
991 2551 1056 2604 ad
1084 2551 1486 2622 percutientem
1543 2566 1626 2615 se,
1669 2565 1771 2605 nec
1805 2549 1914 2604 Do-

339 2645 542 2698 minum
573 2653 820 2712 quaerent
872 2645 1236 2709 exercituum,
1290 2646 1488 2700 vitulos
1551 2659 1748 2699 aureos
1785 2643 1917 2698 ado-

338 2744 522 2788 rantes
550 2749 650 2804 pro
691 2735 821 2788 Deo.
885 2732 1050 2788 Juxta
1091 2747 1373 2804 anagogen
1409 2734 1552 2788 hunc
1581 2732 1762 2787 locum
1816 2749 1915 2788 no-

338 2826 435 2878 stri
483 2825 558 2877 ita
611 2826 920 2878 edisserunt
975 2838 988 2876 :
1030 2823 1342 2879 MisitDeus
1396 2823 1590 2878 Filium
1653 2838 1811 2878 suum
1849 2824 1915 2877 ad

333 2913 526 2978 Jacob,
553 2916 655 2970 hoc
690 2924 796 2980 est,
827 2917 890 2968 ad
926 2913 1146 2971 Judacos
1180 2930 1194 2969 :
1228 2924 1282 2970 et
1310 2917 1461 2970 venit
1505 2917 1571 2970 ad
1603 2913 1787 2980 Israel,
1813 2914 1916 2967 hoc

333 3017 438 3072 est,
469 3007 537 3061 ad
595 3006 837 3077 gentium
870 3008 1150 3075 populum,
1196 3022 1333 3077 quos
1387 3019 1438 3063 et
1488 3007 1774 3076 Apostolus
1823 3022 1918 3076 ap-

2020 523 2394 596 gamur(6en.
2432 539 2509 588 xt,
2570 522 2676 590 4):
2743 519 2905 590 138
2967 519 3194 572 Domino
3251 517 3612 586 impugnante

2019 619 2278 682 solvetur,
2333 627 2388 670 et
2439 617 2791 684 dissipabitur
2848 627 3149 668 consensus
3207 624 3401 665 eorum
3442 609 3490 674 ',
3546 615 3604 662 et

2021 706 2216 774 lingua:
2259 720 2446 759 eorum
2498 714 2685 758 contra
2737 718 2798 759 se
2851 703 3084 757 invicem
3134 699 3474 763 dividentur,
3533 711 3607 751 ne

2019 797 2424 852 consentientes
2465 797 2678 866 pejores
2731 796 2885 860 liant,
2917 796 3011 849 sed
3058 809 3088 846 a
3124 807 3186 848 se
3226 791 3461 847 invicem
3509 789 3609 843 de-

2022 899 2336 946 atruantur.
2365 886 2610 954 Cumque
2652 886 2725 940 ita
2755 888 2999 955 pet-russi
3045 886 3174 952 sint,
3218 895 3273 938 et
3319 884 3388 938 ab
3439 881 3609 937 hosti-

2020 983 2117 1037 bus
2152 980 2419 1047 devorati,
2451 990 2631 1034 tamen
2666 995 2772 1033 non
2797 989 3139 1034 revertentur
3169 979 3236 1032 ad
3271 977 3554 1031 Dominum
3585 991 3600 1030 :

2019 1075 2114 1130 sed
2154 1075 2331 1128 adhuc
2372 1087 2571 1126 manus
2641 1072 2786 1126 illius
2845 1073 2909 1124 ad
2970 1071 3378 1141 percutiendum
3416 1079 3604 1138 parata

2019 1177 2122 1231 est,
2159 1167 2312 1236 juxta
2361 1164 2490 1218 illud
2549 1164 2694 1234 quod
2754 1164 2980 1232 legimus
3036 1165 3088 1217 in
3139 1163 3380 1218 Jeremia
3420 1177 3434 1216 :
3479 1159 3608 1214 Sine

2017 1278 2180 1315 causa
2209 1261 2441 1329 percussi
2467 1259 2606 1328 ﬁlios
2637 1269 2834 1312 vestros
2861 1274 2878 1312 :
2927 1256 3266 1325 disciplinam
3318 1270 3422 1307 non
3459 1269 3607 1307 rere-

2019 1355 2167 1422 pistis
2195 1356 2409 1422 (Jercm.
2442 1369 2502 1417 Il,
2531 1352 2646 1419 30,.

2093 1445 2273 1516 (Veis.
2307 1446 2374 1499 l4
2409 1446 2590 1514 seqq.)
2633 1463 2650 1496 ι
2698 1443 2765 1498 Et
2813 1443 3091 1513 disperdet
3132 1441 3396 1498 Dominus
3433 1439 3500 1494 ab
3529 1438 3609 1494 Is-

2020 1540 2133 1594 rael
2174 1548 2335 1607 caput
2393 1548 2448 1592 et
2495 1538 2721 1593 caudam
2779 1537 3161 1591 incurvantem
3196 1544 3251 1588 et
3301 1535 3607 1603 depravan-

2021 1641 2128 1685 tem
2161 1631 2214 1684 in
2252 1631 2340 1685 die
2368 1645 2497 1684 una.
2534 1629 2840 1698 Longtevus
2875 1639 2928 1683 et
2963 1625 3324 1692 ltonorahilis,
3353 1627 3470 1693 ipse
3518 1631 3606 1676 est

2021 1732 2223 1792 eaput;
2274 1733 2327 1776 et
2372 1725 2634 1791 propheta
2691 1720 2893 1774 docens
2940 1719 3304 1783 mendacium,
3370 1717 3484 1784 ipse
3523 1722 3609 1766 est

1953 1795 1994 1852 Β
2023 1815 2218 1869 cauda.
2247 1814 2312 1868 Et
2345 1826 2503 1868 erunt.
2535 1813 2623 1882 qui
2651 1813 2866 1868 beatum
2897 1812 3085 1867 dicunt
3120 1809 3372 1879 populum
3409 1812 3607 1870 istum,

2023 1907 2375 1970 seducentes,
2408 1915 2459 1960 et
2487 1907 2581 1975 qui
2614 1905 2754 1958 beati
2786 1903 3062 1966 dicuntur,
3101 1900 3442 1970 praecipitati.
3472 1897 3607 1952 Pro-

2019 2010 2140 2072 pter
2173 2001 2274 2055 hoc
2305 2015 2468 2070 Super
2515 1997 2935 2055 adolescentulis
2987 1995 3108 2066 ejus
3163 2007 3272 2048 non
3331 1991 3606 2048 lzetabitur

2021 2093 2302 2157 Dominus,
2353 2103 2407 2146 et
2459 2091 2799 2162 pupillormn
2865 2089 3008 2144 illius
3041 2098 3096 2144 et
3149 2087 3435 2142 viduarum
3497 2097 3607 2138 non

2021 2189 2388 2253 miserebitur,
2425 2191 2548 2254 quia
2591 2185 2770 2241 omnis
2804 2184 3085 2254 hypocrita
3114 2191 3196 2238 est
3240 2193 3293 2236 et
3342 2194 3605 2246 nequam,

2017 2289 2070 2334 et
2125 2279 2439 2332 universum
2477 2292 2539 2331 os
2594 2276 2837 2331 locutum
2886 2282 2971 2328 est
3023 2272 3333 2328 stultitiam.
3383 2269 3439 2325 In
3480 2283 3602 2324 omo

2020 2371 2180 2424 nibus
2229 2368 2316 2421 his
2360 2383 2466 2421 non
2516 2376 2601 2422 est
2647 2379 2870 2421 aversus
2925 2363 3077 2416 furor
3123 2361 3244 2430 ejus
3275 2403 3291 2428 ,
3357 2362 3450 2414 sed
3509 2360 3606 2412 ad-

2019 2461 2126 2515 huc
2169 2473 2360 2513 manus
2381 2461 2501 2526 ejus
2541 2467 2782 2512 extenta.
2819 2455 3097 2509 Succensa
3133 2463 3220 2508 est
3268 2453 3412 2506 enim
3447 2449 3606 2521 quasi

2021 2553 2438 2624 ignisimpietas
2477 2567 2492 2604 :
2537 2564 2755 2617 veprem
2787 2557 2842 2600 et
2871 2547 3083 2617 spinam
3118 2544 3352 2607 vorabit,
3388 2553 3445 2597 et
3474 2556 3606 2596 suc-

2019 2648 2280 2700 cendetur
2305 2645 2355 2696 in
2390 2641 2664 2697 densitate
2703 2640 2906 2704 saltus,
2935 2648 2991 2694 et
3028 2635 3384 2693 convolvetur
3410 2635 3462 2688 in
3511 2649 3607 2690 su-

2021 2735 2205 2804 perbia
2234 2735 2393 2789 fumi.
2428 2733 2485 2787 In
2521 2731 2602 2786 ira
2640 2731 2852 2787 Domini
2900 2729 3240 2785 exercituum
3271 2725 3604 2782 contremuit

2021 2835 2186 2888 terra,
2224 2831 2275 2878 et
2316 2823 2420 2877 erit
2471 2821 2710 2892 populus
2764 2819 2918 2887 quasi
2954 2832 3078 2870 esca
3114 2817 3279 2886 ignis.
3328 2813 3425 2868 Vir
3450 2813 3604 2867 fratri

2019 2934 2123 2973 suo
2162 2933 2269 2971 non
2329 2924 2541 2986 parcet,
2579 2925 2634 2968 et
2683 2913 3066 2968 declinalutad
3094 2913 3362 2976 dextram,
3395 2919 3450 2965 et
3479 2923 3605 2964 esu-

2017 3011 2146 3074 riet,
2181 3019 2236 3062 et
2265 3009 2513 3062 comedet
2542 3005 2610 3058 ad
2642 3004 2948 3067 sinistram,
2988 3012 3043 3057 et
3075 3017 3183 3055 non
3213 3000 3554 3055 saturabitur
3587 3015 3599 3025 ·

337 3101 525 3166 pellari
583 3100 714 3155 dicit
760 3099 924 3154 Israel
953 3098 1130 3171 (Rom.
1191 3103 1289 3168 is).
1322 3099 1428 3154 Alii
1461 3113 1591 3154 vero
1618 3099 1738 3153 ita:
1782 3099 1914 3153 Ver-
1943 3133 1986 3191 ο
2022 3101 2394 3170 unusquisque
2439 3113 2663 3154 carnem
2712 3097 2921 3152 brachii
2979 3096 3061 3150 sui
3117 3095 3348 3150 vorabit.
3392 3094 3606 3148 Manas-

339 3196 461 3245 bnm
523 3205 684 3245 suum
750 3192 901 3246 misit
968 3190 1228 3246 Dominus
1291 3191 1354 3245 ad
1411 3191 1736 3256 Ecclesium,
1792 3206 1914 3260 qua:

339 3284 582 3352 priorem
616 3282 874 3352 populum
903 3281 1288 3350 supplantavit,
1329 3291 1383 3336 et
1425 3283 1621 3337 cecidit
1644 3282 1697 3336 in
1729 3280 1914 3347 Israel,

339 3378 440 3428 hoc
469 3382 575 3438 est,
609 3374 662 3426 in
695 3373 1005 3438 haereticos,
1038 3373 1128 3442 qui
1165 3371 1336 3425 Deum
1375 3373 1557 3425 videre
1595 3385 1655 3426 se
1681 3371 1911 3441 jactant.

339 3464 527 3520 Sciant
579 3466 758 3534 itaque
816 3465 1088 3534 principes
1155 3477 1344 3518 eorum
1363 3505 1382 3532 ,
1437 3473 1493 3517 et
1561 3461 1915 3531 omnes,qui

339 3558 585 3611 habitant
649 3557 703 3612 in
762 3557 1047 3622 Samaria,
1111 3555 1213 3610 hoc
1261 3566 1380 3622 est,
1432 3559 1526 3625 qui
1589 3553 1681 3609 Dei
1743 3553 1915 3621 legem

337 3652 610 3702 custodire
664 3663 724 3702 se
784 3647 994 3710 dicunt,
1049 3655 1104 3702 et
1174 3648 1228 3701 in
1285 3648 1532 3703 ubertate
1573 3659 1693 3700 esse
1747 3645 1920 3699 virtu-

339 3751 478 3805 tum,
523 3751 580 3794 et
612 3740 824 3794 lructus
872 3739 1068 3795 aﬂerre
1097 3740 1319 3810 justitiaa
1357 3740 1484 3811 (hoc
1544 3740 1688 3792 enitn
1748 3737 1918 3792 inter-

339 3843 581 3902 pretatur
614 3832 916 3902 Ephraitn),
946 3833 1040 3902 qui
1081 3833 1419 3901 insuperbia
1451 3834 1632 3886 cordis
1672 3829 1759 3885 sui
1819 3829 1916 3884 de-

341 3927 582 3996 spiciunt
658 3926 979 3993 Ecclesiam,
1035 3937 1092 3980 et
1147 3926 1550 3995 simplicitatem
1603 3925 1722 3996 ejus
1772 3923 1922 3978 arbi-

343 4033 547 4077 trantes
582 4022 934 4092 imperitiam,
974 4021 1166 4076 dicunt
1215 4032 1229 4074 :
1288 4035 1388 4090 pro
1436 4018 1698 4075 lateribus
1754 4017 1918 4082 illius,

340 4114 560 4180 quadris
614 4113 882 4181 lapidibus
932 4122 1099 4182 atque
1150 4111 1470 4168 fortissimis
1517 4110 1920 4167 aadilieabimus

343 4204 616 4261 Ecclesias
669 4215 907 4272 nostras,
970 4215 1026 4260 et
1061 4221 1159 4277 pro
1219 4204 1576 4260 infructuosi:
1633 4205 1921 4260 arboribus

342 4299 561 4366 citoque
603 4299 888 4367 perituris,
954 4298 1149 4353 cedros
1193 4298 1615 4354 sublimissimas
1677 4305 1926 4350 exstrue-

343 4407 488 4457 mus,
538 4405 676 4460 quas
715 4401 961 4445 conteret
1016 4392 1300 4456 Dominus,
1345 4399 1399 4445 et
1432 4404 1567 4460 quas
1603 4390 1781 4457 justus
1821 4386 1922 4442 sub

2021 3209 2110 3250 ses
2158 3191 2445 3262 Ephraim,
2503 3201 2557 3243 et
2610 3188 2870 3258 Ephraim
2918 3187 3232 3250 Manassen,
3287 3189 3447 3241 simul
3500 3188 3600 3256 ipsi

2019 3297 2209 3344 contra
2243 3285 2458 3340 .Iudam.
2539 3286 2593 3338 In
2646 3283 2900 3339 omnibus
2941 3284 3023 3337 his
3075 3298 3180 3336 non
3233 3293 3318 3337 est
3374 3296 3604 3337 aversus

2019 3379 2171 3434 furor
2199 3377 2346 3447 ejus,
2375 3377 2467 3431 sed
2491 3375 2670 3429 adhuc
2709 3391 2902 3429 manus
2944 3375 3061 3444 ejus
3112 3383 3355 3428 extenta.
3409 3391 3429 3426 ›
3482 3371 3601 3427 Νοη

2020 3471 2196 3526 solum
2249 3467 2514 3523 Dominus
2550 3468 2737 3521 hostes
2787 3465 2954 3520 Rasin
2988 3466 3436 3521 elevabitcoutra
3477 3481 3602 3519 eum

2019 3571 2076 3617 et
2114 3560 2368 3616 inimicos
2404 3559 2522 3629 ejus
2559 3566 2735 3614 vertet
2785 3557 2840 3612 in
2878 3557 3191 3622 tumultum,
3258 3555 3476 3626 Syriam
3533 3558 3605 3609 ab

2020 3653 2267 3718 Oriente,
2303 3661 2359 3707 et
2413 3651 2744 3706 I’hilisthiim
2780 3649 2850 3704 ab
2879 3649 3196 3714 Occidente,
3233 3659 3292 3703 ut
3333 3647 3604 3703 devorent

2021 3748 2186 3806 Israel
2237 3757 2352 3802 toto
2398 3761 2546 3800 ore:
2600 3746 2697 3800 sed
2752 3744 2879 3813 quia
2941 3757 3048 3796 non
3102 3751 3188 3797 est
3233 3755 3488 3796 reversus
3535 3746 3604 3794 ad

2023 3841 2418 3914 perrutientem
2471 3854 2555 3905 se,
2609 3853 2710 3893 nec
2738 3837 3025 3906 requisivit
3055 3835 3342 3890 Dominum
3391 3837 3606 3890 exet-ci-

2023 3945 2199 3999 tuum,
2243 3935 2504 3988 extendet
2542 3945 2763 3986 manum
2813 3930 2882 3983 'ad
2917 3929 3351 3997 percutiendum,
3401 3936 3457 3980 ut
3490 3926 3606 3981 dis-

2023 4028 2216 4099 perdat
2246 4029 2314 4084 de
2356 4027 2522 4082 Israel
2546 4032 2731 4096 caput,
2758 4033 2815 4080 et
2859 4025 3086 4079 caudam
3115 4023 3494 4078 incurvantem
3549 4031 3606 4074 et

2023 4123 2434 4192 depravantem,
2501 4133 2626 4174 eum
2669 4115 2946 4179 videlicet,
2994 4113 3089 4185 qni
3134 4122 3282 4168 recta
3344 4113 3609 4181 pervellit

2025 4214 2237 4286 (Jerem.
2292 4214 2373 4281 ιι).
2426 4211 2527 4277 Qui
2563 4210 2636 4265 sit
2677 4217 2859 4264 autem
2894 4216 3080 4275 caput,
3115 4209 3231 4275 ipse
3281 4204 3609 4274 interpreta‘

2027 4316 2114 4361 lus
2153 4316 2256 4367 est,
2283 4307 2546 4372 longaevus
2592 4310 2641 4354 et
2672 4298 3022 4356 honorabilis.
3059 4297 3125 4352 Et
3173 4297 3268 4366 qui
3301 4297 3374 4350 sit
3405 4297 3604 4359 cauda,

2026 4401 2316 4470 Propheta,
2373 4397 2572 4466 inquit,
2629 4397 2719 4466 qui
2765 4401 2912 4449 docet
2969 4393 3324 4460 mendacium,
3388 4392 3441 4446 id
3495 4401 3607 4455 est,

344 4499 575 4552 persona
629 4481 782 4553 impii
825 4482 1025 4538 vidisse
1075 4499 1136 4538 se
1180 4491 1390 4550 narrat,
1426 4492 1481 4536 et
1508 4496 1615 4536 non
1644 4482 1918 4534 inventum

2032 4491 2525 4564 pseudopropheta.
2570 4489 2715 4543 Dixit
2755 4489 2818 4542 de
2869 4487 3230 4558 principibus,
3271 4500 3418 4540 nunc
3470 4483 3612 4553 epti-

346 4576 524 4631 locum
585 4592 773 4636 earum
809 4576 986 4648 (Psal.
1041 4579 1253 4646 xxxvi).
1290 4575 1428 4630 Dicit
1461 4589 1592 4646 ergo
1634 4574 1922 4637 Dominus,

348 4674 491 4740 quod
527 4672 716 4734 llasin,
749 4673 839 4741 qui
895 4673 1284 4738 interpretatur
1313 4671 1575 4740 sapientia
1626 4669 1923 4736 serutaris,

349 4766 502 4835 cujus
539 4765 815 4834 ,Ephrsim
860 4766 1116 4820 utebatur
1169 4764 1392 4830 auxilio,
1454 4772 1699 4817 vertatur
1735 4771 1923 4816 contra

345 4873 469 4912 eum
514 4869 570 4913 et
629 4871 819 4912 omnes
865 4856 1073 4911 inimici
1101 4855 1220 4926 ejus
1272 4855 1288 4886 ³
1327 4857 1618 4908 adversum
1651 4853 1800 4907 illum
1840 4854 1923 4906 di-

345 4954 565 5016 micent,
599 4963 653 5006 et
677 4962 788 5005 tam
827 4953 894 5005 ab
938 4949 1182 5016 Oriente,
1223 4965 1388 5018 quam
1423 4950 1489 5002 ab
1517 4947 1812 5003 Occidente
1832 4962 1926 5000 ex-

347 5053 639 5112 pugnetur,
669 5041 1053 5096 etdevoratnri
1082 5043 1194 5095 sint
1226 5040 1482 5095 Israelem
1513 5050 1625 5095 toto
1655 5052 1768 5092 ore.
1821 5036 1926 5092 Pro

345 5136 543 5205 quibus
575 5135 916 5204 interpretati
955 5146 1083 5188 sunt
1113 5133 1255 5188 LXX
1304 5151 1320 5190 ε
1352 5133 1423 5188 Et
1469 5133 1790 5202 a’diﬁcemus
1831 5148 1926 5185 no-

343 5231 422 5283 bis
460 5231 646 5283 turrim
681 5246 699 5285 .'
739 5238 789 5282 et
832 5229 1020 5281 allidet
1050 5228 1189 5282 Deus
1230 5229 1321 5298 qui
1360 5239 1690 5298 consurgunt
1744 5239 1926 5280 contra

343 5332 575 5375 montem
624 5321 778 5388 Sion,
805 5330 851 5375 et
899 5321 1145 5375 inimicos
1178 5321 1324 5372 illius
1358 5321 1654 5386 dissipabit.
1690 5317 1928 5386 Cupiunt

341 5417 491 5471 enim
551 5416 702 5471 etin
737 5415 1151 5470 similitudinem
1201 5411 1417 5482 Templi
1475 5413 1590 5478 Dei,
1652 5412 1926 5465 tedilicare

343 5508 448 5561 sibi
484 5506 740 5575 templum
789 5507 844 5562 in
888 5506 1171 5571 Samaria;
1222 5507 1316 5561 sed
1360 5507 1612 5576 quamvis
1657 5505 1928 5560 moverint

344 5601 512 5668 pedes
536 5600 604 5655 ab
635 5599 878 5667 Oriente,
921 5612 976 5654 et
1028 5601 1264 5654 dixerint
1294 5614 1312 5654 :
1373 5597 1576 5662 Venite,
1606 5597 1927 5667 mdiﬁcemus

421 5718 439 5747 ¹
494 5717 819 5771 Econtrario
858 5715 1034 5772 Vatic.
1088 5726 1134 5770 et
1165 5731 1342 5770 unt-tes
1388 5716 1548 5770 amici
1575 5717 1690 5786 cjus
1726 5733 1744 5770 :
1803 5730 1924 5770 mox

346 5802 565 5860 suoque
595 5790 849 5842 devorant
887 5803 983 5858 pro
1015 5788 1320 5844 devoraturi
1341 5787 1468 5841 sint.

2034 4587 2266 4641 matibus
2300 4583 2482 4653 jungit
2535 4591 2590 4636 et
2615 4581 2895 4651 populum,
2949 4579 3096 4650 quod
3151 4589 3208 4634 et
3263 4578 3506 4646 magistri
3555 4583 3616 4629 et

2033 4677 2316 4748 discipuli,
2346 4689 2398 4730 et
2431 4676 2661 4740 eruditi,
2693 4684 2746 4730 et
2778 4675 2968 4744 vulgus
2999 4675 3278 4729 indoctum
3320 4672 3478 4744 139
3509 4686 3612 4740 pa-
3674 4679 3683 4687 '

2030 4772 2163 4827 riter
2192 4779 2437 4840 pareant.
2473 4769 2575 4834 Qui
2606 4767 2750 4822 enim
2779 4761 2996 4821 beatam
3026 4765 3280 4826 dicebant
3321 4765 3612 4833 populum,

2029 4865 2346 4918 seductores
2391 4862 2564 4929 sunt;
2611 4869 2668 4914 et
2711 4859 2802 4929 qui
2831 4858 2974 4912 beati
3024 4856 3450 4928 appellabantur,
3501 4870 3615 4909 nou-

2029 4963 2250 5026 propter
2277 4954 2554 5018 virtutem,
2590 4953 2686 5008 sed
2737 4962 2959 5022 propter
2991 4964 3246 5015 munera,
3301 4950 3616 5019 praecipita—

2030 5050 2230 5104 buntur
2264 5048 2315 5101 in
2338 5057 2591 5102 mortem.
2612 5045 2770 5102 Unde
2802 5057 2855 5101 et
2882 5059 3042 5112 supra
3063 5043 3292 5114 legimus
3319 5059 3334 5098 :
3371 5041 3613 5114 Populus

2029 5157 2196 5206 meus,
2228 5140 2319 5211 qui
2341 5143 2550 5194 beatum
2593 5149 2641 5193 te
2674 5141 2875 5203 dicunt,
2916 5137 3175 5190 seducunt
3205 5147 3274 5203 te,
3305 5146 3356 5192 et
3395 5138 3613 5192 semitas

2028 5230 2218 5298 pedum
2241 5241 2453 5284 tuorum
2485 5227 2828 5298 supplantant
2851 5225 2986 5296 (Isa.
3024 5243 3112 5291 ιιι.
3142 5227 3252 5298 12).
3281 5228 3338 5282 In
3381 5228 3470 5281 tali
3515 5245 3616 5297 po-

2031 5325 2157 5394 pnlo
2192 5323 2392 5378 nullius
2431 5337 2677 5393 persona-
2698 5320 3045 5375 miserehitur
3078 5320 3248 5376 Deus:
3271 5336 3376 5375 non
3401 5320 3619 5391 pupilii,

2033 5433 2138 5471 non
2163 5417 2354 5480 viduae,
2378 5416 2502 5486 quia
2520 5414 2702 5470 omnis
2722 5417 3001 5486 hypocrita
3025 5424 3129 5475 est,
3148 5413 3297 5469 aliud
3321 5416 3616 5479 simulans,

2032 5519 2084 5565 ct
2116 5511 2262 5564 aliud
2318 5509 2878 5580 ageuszpromitteus
2936 5509 3270 5573 castitatem,
3320 5517 3373 5561 et
3425 5508 3622 5562 vivens

2035 5602 2318 5656 luxuriose
2350 5617 2366 5654 :
2396 5600 2692 5670 praelereus
2721 5611 3120 5672 paupertatem,
3145 5607 3201 5655 et
3231 5599 3443 5669 replens
3469 5615 3614 5652 mar-

2105 5719 2126 5748 ³
2165 5715 2337 5778 Idem,
2391 5714 2741 5784 dissipabitur
2786 5732 2966 5770 sensus
2995 5732 3197 5783 eorum,
3250 5715 3392 5771 unde
3419 5723 3469 5770 et
3501 5729 3625 5768 scu-

2035 5787 2236 5856 tientes,
2271 5802 2366 5858 pro
2397 5787 2774 5842 consentientes
2814 5789 2999 5843 habet.
