3962 6192
395 321 495 387 135

1554 318 1614 378 S.
1657 315 1966 376 EUSEBII
2009 315 2454 377 HIERONYMI

3519 311 3621 375 136

388 435 621 504 supium.
675 431 830 487 Unde
863 431 1056 502 jungit,
1103 439 1156 484 et
1203 428 1334 485 dicit
1382 443 1397 484 :
1445 426 1513 482 Et
1557 431 1852 482 universum
1895 443 1952 481 os
1979 432 2029 492 Α
2055 425 2208 480 simis
2246 425 2618 480 inmrorantes.
2669 424 2914 491 dumque
2956 433 3169 488 semper
3209 419 3433 473 sinistra
3473 420 3624 474 inve-

390 526 624 579 locutum
663 532 738 578 est
765 523 1071 575 stultitiam.
1101 520 1330 588 Propter
1377 518 1490 573 base
1533 519 1714 572 omnia
1775 520 1954 572 Domi-

395 635 501 674 nus
546 634 653 673 non
705 628 880 671 cessat
938 614 1120 675 irasci,
1166 615 1258 666 sed
1314 611 1490 665 adhuc
1537 610 1601 663 ad
1651 611 1953 679 percutien-

395 711 520 766 dum
550 710 725 764 elevat
771 721 1008 761 manum.
1065 703 1130 756 Et
1186 704 1308 769 quia
1363 700 1464 753 ista
1511 700 1775 765 fecerunt,
1831 715 1955 755 suc-

393 800 656 856 cendetnr
703 799 858 867 quasi
906 798 1042 865 ignis
1099 793 1374 862 impietas,
1431 803 1490 845 ut
1556 808 1663 846 non
1742 792 1950 846 cultum

395 902 602 958 agrum,
641 885 730 939 sed
781 897 970 951 vepres
1019 890 1068 934 et
1103 879 1290 947 spinas
1317 879 1562 942 devoret,
1595 891 1692 931 nec
1722 876 1952 945 frugife-

397 993 483 1031 ras
514 978 754 1038 arbores,
777 975 870 1028 sed
906 973 1300 1026 infructuosum
1352 969 1572 1032 saltum,
1622 967 1675 1020 in
1706 981 1812 1035 quo
1859 967 1959 1020 ha-

397 1067 568 1119 bitant
619 1063 823 1128 bestiae,
860 1061 1077 1130 rapiens
1134 1061 1151 1092 ¹
1189 1060 1400 1114 ﬂamma
1441 1065 1748 1113 consumat.
1780 1055 1956 1123 Quam

393 1155 463 1208 ob
501 1169 616 1208 rem
672 1152 868 1206 dicitur
901 1153 1042 1218 quod
1078 1148 1315 1214 densitas
1364 1146 1534 1200 saltus
1574 1145 1699 1213 igne
1748 1157 1952 1212 suppo-

394 1245 519 1307 sito,
546 1241 675 1294 fumi
699 1238 950 1309 superbia
976 1248 1031 1292 et
1055 1237 1338 1291 altitudine
1378 1232 1751 1288 convolvatur.
1785 1231 1958 1286 Omne

395 1335 538 1388 enim
575 1331 718 1402 quod
766 1330 1038 1385 excelsum
1093 1336 1193 1391 est,
1243 1336 1295 1380 et
1355 1326 1407 1379 in
1456 1323 1687 1379 sublime
1731 1336 1959 1376 consur-

397 1439 550 1493 gens,
577 1421 870 1492 superbum
905 1418 1161 1486 appellari
1215 1425 1410 1486 potest.
1465 1413 1571 1469 Pro
1621 1429 1729 1482 quo
1777 1413 1960 1468 nescio

397 1517 524 1584 quid
581 1515 824 1566 volentes
870 1508 1007 1563 LXX
1067 1505 1456 1561 transtulerunt
1498 1514 1546 1559 et
1602 1503 1870 1558 devorabit
1909 1505 1960 1557 in

396 1602 621 1654 circuitu
651 1599 863 1653 collium
920 1599 1118 1652 omnia.
1178 1595 1332 1652 Unde
1360 1605 1414 1649 et
1442 1594 1508 1649 ad
1561 1593 1696 1647 iram
1749 1595 1961 1648 Domini

399 1701 538 1744 terra
572 1691 914 1755 contremuit,
963 1698 1017 1743 et
1057 1687 1286 1758 populus
1340 1685 1480 1758 ignis
1524 1685 1701 1740 factus
1756 1695 1838 1738 est
1868 1700 1962 1754 pa-

395 1780 605 1844 bulum,
637 1779 761 1849 quia
800 1785 946 1832 tanta
977 1776 1077 1831 fuit
1105 1779 1154 1830 in
1186 1791 1250 1830 eo
1282 1775 1598 1840 crudelitas,
1655 1783 1712 1827 ut
1740 1789 1808 1826 ne
1835 1774 1963 1827 cha-
1993 1769 2035 1824 Β

395 1872 611 1925 rissimo
641 1871 859 1939 quidem
914 1867 1290 1939 germanitatis
1320 1865 1524 1919 nomini
1559 1872 1824 1934 parceret,
1862 1862 1958 1917 sed

397 1965 640 2017 dextram
705 1962 961 2015 deserens
991 1967 1155 2028 atque
1197 1967 1574 2016 contemnens,
1621 1966 1961 2010 saturaretur

398 2055 452 2106 in
493 2053 576 2105 liis
625 2065 742 2120 qua.
773 2050 996 2106 sinistra
1029 2060 1186 2104 erant
1241 2064 1257 2103 :
1313 2049 1438 2103 dum
1497 2049 1852 2116 voluptatum,
1905 2055 1960 2099 et

399 2145 664 2199 malorum
722 2143 921 2210 patitur
975 2143 1194 2205 famem,
1237 2148 1292 2194 et
1343 2154 1560 2208 semper
1625 2140 1773 2207 cupit
1801 2138 1960 2192 malis

402 2235 584 2306 pejora
617 2234 848 2291 sociare.
886 2234 986 2304 Ipsi
1017 2247 1230 2302 quoque
1259 2231 1559 2294 Manasses,
1592 2240 1646 2284 et
1682 2230 1960 2300 Ephraim,

401 2327 491 2394 qui
528 2326 594 2380 de
621 2339 727 2380 uno
760 2323 873 2377 nati
916 2333 1041 2376 sunt
1081 2331 1256 2386 utero,
1287 2329 1342 2375 et
1373 2320 1440 2374 de
1498 2321 1686 2374 eodem
1737 2331 1962 2388 parente

399 2417 665 2484 generati,
705 2415 762 2468 in
805 2422 1007 2466 tantam
1057 2413 1257 2466 rabiem
1292 2418 1674 2481 proruperunt,
1698 2419 1754 2462 ut
1781 2410 1962 2464 hostili

399 2507 526 2560 odio
561 2507 700 2560 inter
737 2520 794 2560 se
829 2504 1174 2559 dissiderent.
1209 2502 1474 2570 Legamus
1524 2500 1727 2570 Regum
1763 2509 1818 2554 et
1865 2499 1962 2552 Pa-

401 2600 774 2664 ralipomenon
831 2596 1130 2660 volumina,
1191 2605 1244 2648 et
1317 2593 1657 2649 inveniemus
1698 2591 1962 2646 Satnarim

399 2689 541 2742 inter
578 2704 636 2741 se
687 2687 822 2740 bella
875 2687 1079 2750 civilia,
1118 2683 1240 2739 dum
1294 2685 1387 2738 alii
1433 2699 1530 2754 pro
1583 2685 1704 2736 aliis
1745 2683 1964 2752 regibus

403 2783 689 2843 dimicant,
717 2785 770 2831 et
805 2779 1077 2846 quomodo
1124 2777 1237 2830 suis
1286 2774 1502 2845 regibus
1558 2774 1884 2840 interfectis,
1913 2777 1964 2828 in

400 2870 552 2926 Judaa
583 2871 1040 2941 expugnationem
1094 2867 1448 2921 concordent.
1501 2866 1812 2922 Secundum
1863 2878 1971 2920 tro-

404 2959 933 3032 pologiam,auieret
971 2957 1232 3014 Dominus
1272 2968 1432 3027 caput
1465 2968 1519 3011 et
1566 2961 1817 3021 caudam,
1853 2975 1967 3010 ma-

2054 517 2225 582 niant,
2279 529 2458 572 tamen
2509 516 2624 570 suis
2675 529 2950 583 nunquam
3012 513 3286 567 satiantur
3315 511 3622 574 erroribus,

2052 615 2305 659 vorantes
2349 620 2566 661 carnem
2606 605 2811 658 brachii
2841 603 2946 667 sui,
2981 610 3035 656 et
3092 604 3378 654 adversum
3431 600 3625 657 Eccle-

2054 698 2188 752 siam
2234 697 2358 766 pari
2410 696 2590 752 studio
2644 694 2989 750 dimicantes.
3045 691 3275 760 Propter
3331 691 3627 755 luxuriam,

2055 795 2111 840 et
2158 787 2487 855 voluptates,
2539 794 2594 839 et
2632 785 2780 838 lucra
2804 783 2871 836 de
2917 780 3130 850 populis
3164 781 3308 833 inter
3341 793 3400 832 se
3425 779 3631 832 habent

2057 873 2410 938 discordiam,
2476 884 2533 926 ut
2583 873 2647 927 de
2681 887 2786 926 una
2823 870 3016 924 haeresi
3062 869 3183 923 dua:
3216 867 3368 932 ﬁant,
3409 878 3465 922 et
3507 883 3628 920 rur-

2058 979 2204 1030 sum,
2237 965 2364 1033 ipsa:
2418 963 2727 1019 dividantur
2766 963 2819 1015 itt
2861 970 3066 1030 partes,
3111 968 3172 1014 ut
3226 959 3477 1028 proprios
3523 959 3628 1011 ab-

2059 1057 2263 1111 ducant
2308 1071 2494 1127 greges
2541 1063 2594 1110 et
2649 1057 2914 1109 devorent
2973 1051 3162 1104 domos
3217 1050 3526 1112 viduarum,
3565 1058 3626 1102 et

2062 1146 2352 1201 mulierum
2384 1147 2766 1214 peccatricum,
2791 1155 3003 1209 semper
3027 1139 3372 1201 discentium,
3403 1148 3456 1192 et
3490 1153 3631 1191 nun-

2059 1253 2223 1306 quam
2243 1237 2307 1291 ad
2332 1236 2614 1293 Scientiam
2642 1233 2888 1288 veritatis
2919 1229 3344 1300 pervenientium
3371 1227 3422 1297 (1
3437 1225 3460 1280 ι
3483 1226 3624 1281 Tim.

2063 1331 2170 1398 tu).
2212 1327 2269 1382 in
2294 1327 2546 1382 omnibus
2600 1325 2688 1380 his
2724 1339 2826 1378 non
2885 1331 3162 1377 avertetur
3217 1319 3370 1374 furor
3411 1318 3627 1374 Domini

2062 1433 2394 1474 consumens
2447 1416 2600 1483 vitia,
2663 1426 2826 1484 atque
2871 1414 3232 1477 subvertens;
3297 1409 3392 1465 sed
3423 1419 3631 1479 quanto

2064 1505 2138 1558 illi
2180 1506 2471 1575 proficiunt
2522 1505 2588 1558 ad
2641 1504 3001 1574 peccandum,
3040 1510 3188 1555 tanto
3233 1499 3336 1554 iste
3387 1497 3629 1568 amplius

2064 1612 2279 1650 manum
2310 1612 2463 1651 suam
2489 1596 2731 1650 extendit
2759 1594 2845 1649 ad
2867 1608 3074 1664 ptenas.

2135 1689 2290 1759 (Cap.
2319 1689 2388 1742 Χ.
2415 1718 2485 1731 --
2515 1691 2536 1740 1
2590 1688 2766 1756 seqq.)
2788 1716 2842 1726 —
2900 1704 2918 1737 t
2960 1685 3046 1739 Vae
3083 1683 3175 1752 qui
3209 1681 3451 1736 condunt
3477 1681 3631 1750 leges

2065 1782 2301 1850 iniquas,
2348 1791 2400 1834 et
2449 1771 2752 1855 scribentes
2778 1779 3510 1853 injustitiamscripserunt,
3569 1787 3634 1830 ut

2063 1871 2442 1939 opprimerent
2489 1869 2541 1922 in
2591 1869 2798 1938 judicio
2845 1883 3130 1938 pauperes,
3161 1879 3215 1924 et
3257 1871 3362 1922 vim
3387 1866 3636 1923 facerent

2063 1976 2239 2026 causai
2270 1962 2552 2015 humilium
2581 1960 2759 2031 populi
2783 1961 2926 2027 mei;
2959 1971 3012 2013 ut
3037 1972 3220 2015 essent
3248 1961 3418 2015 vidua:
3450 1963 3632 2029 przeda

2062 2065 2275 2114 eorum,
2299 2060 2351 2105 et
2379 2052 2608 2120 pupillos
2638 2052 2956 2118 diriperent.
2991 2050 3130 2116 Quid
3181 2051 3391 2105 facietis
3453 2051 3505 2104 in
3537 2052 3635 2105 die

2065 2143 2414 2204 visitatiouis.
2451 2151 2505 2196 et
2549 2143 2869 2197 calamitatis
2917 2143 2982 2197 de
3029 2143 3185 2210 longe
3220 2143 3529 2198 venientis?
3563 2145 3633 2197 ad

2063 2233 2213 2299 cujus
2258 2234 2581 2304 confugietis
2635 2235 2894 2288 auxilium
2945 2235 3050 2288 ?et
3106 2236 3192 2289 ubi
3247 2227 3638 2303 derelinq'uetis

2068 2325 2220 2396 141
2245 2326 2468 2396 gloriam
2502 2335 2756 2387 vestram,
2785 2341 2849 2379 ne
2891 2326 3242 2379 incurvemini
3271 2327 3370 2380 sub
3392 2327 3636 2390 vinculo,

2064 2431 2118 2473 et
2173 2433 2297 2472 cum
2356 2417 2657 2472 interfectis
2716 2417 2965 2472 cadatis?
3021 2417 3196 2487 Super
3235 2419 3487 2472 omnibus
3551 2422 3639 2472 his

2067 2522 2174 2561 non
2203 2517 2286 2561 est
2325 2523 2544 2562 aversus
2597 2505 2752 2562 furor
2782 2507 2920 2577 ejus,
2953 2506 3048 2561 sed
3078 2507 3251 2562 adhuc
3290 2523 3479 2563 manus
3515 2508 3638 2578 ejus

2066 2610 2308 2654 extenta.
2349 2617 2368 2650 ι
2403 2598 2530 2654 Haec
2577 2590 2825 2669 plerique
2868 2600 3047 2653 adhuc
3097 2609 3290 2653 contra
3324 2602 3507 2654 decem
3539 2601 3640 2654 tri-

2068 2693 2168 2747 bus
2219 2690 2324 2746 dici
2369 2691 2725 2756 arbitrantur,
2767 2706 2886 2760 qua:
2932 2690 3251 2744 habitabant
3280 2690 3332 2743 in
3366 2691 3638 2755 Samaria,

2067 2782 2208 2850 quod
2235 2783 2299 2835 ad
2334 2781 2512 2852 priora
2537 2781 2743 2837 scelera
2773 2781 2936 2836 etiam
2973 2785 3073 2836 ista
3110 2781 3371 2836 sociarint
3404 2781 3518 2852 (At.
3555 2796 3642 2836 re-

2069 2872 2384 2945 sociarent].
2432 2873 2602 2929 Nobis
2660 2883 2844 2929 autem
2906 2875 3120 2928 videtur
3172 2882 3359 2930 contra
3421 2873 3641 2942 judices

2072 2965 2244 3018 tribus
2265 2965 2434 3032 Judte,
2469 2977 2523 3021 et
2545 2966 2868 3030 Jerusalem,
2898 2965 3117 3021 Scribas
3154 2966 3405 3021 videlicet
3438 2979 3489 3020 et
3517 2967 3643 3019 δευ-

399 3054 576 3124 jorem
639 3053 841 3122 pariter
885 3065 950 3104 ac
1001 3050 1286 3103 minorem.
1345 3049 1583 3103 Caudam
1667 3051 2348 3154 appellans,ccspmra‘t;,
2414 3073 2592 3112 sermo
2661 3059 3009 3128 propheticus
3069 3059 3429 3120 conclamare,
3494 3061 3640 3128 quod

406 3160 512 3200 non
543 3145 808 3208 homines,
843 3145 933 3197 sed
958 3143 1226 3215 jumenta,
1261 3143 1547 3198 haereticos
1589 3157 1708 3197 esse
1747 3145 1969 3197 demon-

406 3246 566 3300 strat,
601 3249 720 3304 qua:
738 3234 840 3288 hoc
871 3235 1116 3288 membro
1153 3243 1377 3287 utuntur
1403 3236 1469 3288 ad
1509 3243 1750 3287 stercora
1792 3244 1973 3302 prote-

406 3331 597 3400 genda,
629 3336 683 3381 et
709 3329 774 3381 ad
806 3326 1038 3381 arcenda
1081 3342 1245 3394 parva
1295 3325 1569 3379 animalia.
1610 3323 1677 3378 Et
1713 3334 1835 3392 post
1886 3340 1974 3379 ca-

405 3429 520 3490 put,
559 3419 716 3490 ιω
748 3429 802 3472 et
856 3418 1084 3472 caudam
1142 3417 1516 3470 incurvantem
1563 3415 1741 3484 jungit
1795 3425 1848 3469 et
1878 3419 1973 3470 de-

409 3526 743 3583 pravantem,
794 3509 934 3578 quod
987 3508 1120 3576 legis
1202 3515 1467 3576 praecepta
1518 3507 1859 3573 subvertant,
1924 3517 1977 3562 et

411 3614 615 3657 rectam
673 3603 969 3672 depraveut
1019 3602 1175 3653 viam.
1226 3599 1548 3668 Longaavum
1595 3613 1826 3667 quoque,
1853 3601 1976 3668 quia

415 3707 578 3765 caput
625 3707 705 3750 est
747 3696 769 3727 ³
806 3705 860 3747 et
915 3693 1440 3762 pscudoprotibetam
1471 3691 1558 3759 qui
1591 3692 1642 3744 in
1675 3693 1845 3745 cauda
1878 3705 1978 3760 po-

410 3791 578 3852 nitur,
624 3787 920 3856 disperdet,
963 3794 1020 3840 et
1080 3786 1370 3854 magistros
1417 3783 1644 3854 pariter,
1708 3793 1761 3836 et
1815 3782 1978 3837 disci-

412 3879 766 3950 pttlos;alios
818 3878 909 3946 qui
947 3887 1166 3944 propter
1212 3890 1433 3928 munera
1461 3873 1682 3928 laudant
1735 3883 1980 3942 peccato-

410 3987 499 4027 res
552 3988 567 4025 :
614 3970 750 4023 alios
785 3971 875 4037 qui
927 3969 1123 4021 laudati
1156 3982 1250 4021 sua
1283 3968 1423 4019 mala
1459 3981 1564 4020 non
1597 3966 1856 4030 sentiunt,
1881 3982 1979 4019 nec

409 4072 574 4130 agunt
625 4061 1019 4131 paenitentiam.
1067 4058 1293 4128 Propter
1325 4059 1428 4112 hoc
1463 4059 1512 4110 in
1557 4059 1848 4123 juvenibus
1889 4073 1978 4109 eo-

412 4170 532 4208 rum
593 4169 696 4206 non
746 4153 1016 4206 laetabitur
1075 4149 1336 4203 Dominus
1391 4165 1404 4202 :
1463 4147 1548 4202 Va:
1593 4149 1729 4202 enim
1783 4149 1981 4201 civitati

411 4246 564 4314 cujus
615 4260 706 4297 rea:
747 4244 1050 4297 adolescens
1077 4241 1277 4309 (Eccle.
1313 4256 1367 4305 x,
1420 4240 1502 4308 16)
1533 4241 1546 4293 !
1582 4239 1646 4291 Et
1681 4240 1772 4308 qui
1815 4241 1977 4294 Deum

413 4339 650 4404 Patrem,
720 4337 802 4392 vel
863 4337 1149 4392 Dominum
1200 4350 1384 4388 verum
1448 4335 1815 4402 perdiderunt,
1877 4349 1978 4387 non

2045 3149 2364 3202 adversum
2417 3150 2587 3220 legem
2649 3150 2740 3204 Dei
2786 3152 2998 3220 iniquas
3045 3152 3364 3220 scripserint
3393 3151 3563 3220 leges,
3585 3161 3644 3207 et

2075 3240 2452 3295 traditionibus
2509 3242 2622 3296 suis
2668 3245 3036 3297 subvenerint
3084 3243 3275 3312 judicii
3333 3249 3642 3298 veritatem.

2074 3328 2187 3383 Deo
2241 3332 2386 3384 enim
2427 3331 2638 3386 dicente
2675 3348 2688 3384 :
2728 3332 2947 3386 Honora
2996 3343 3200 3401 putrem
3245 3341 3413 3400 tuum,
3442 3344 3492 3386 et
3531 3350 3647 3386 ma-

2074 3430 2206 3473 trem
2242 3423 2437 3487 (Exocl.
2484 3438 2577 3487 xx,
2629 3422 2714 3488 12)
2742 3439 2757 3478 ;
2790 3423 2864 3475 illi
2927 3440 2957 3476 e
3011 3422 3287 3477 contrario
3316 3432 3648 3476 monuerunt

2074 3509 2214 3564 ﬁlios
2246 3513 2562 3579 parentibus
2595 3512 2778 3566 dicere
2815 3529 2829 3566 :
2857 3513 3064 3566 Donum
3096 3512 3441 3581 quodcunque
3484 3522 3649 3566 estea:

2077 3620 2177 3666 me,
2214 3606 2303 3658 tibi
2333 3606 2582 3673 proderit,
2636 3621 2698 3680 ne
2738 3606 2987 3659 honorent
3025 3604 3135 3676 [AL
3171 3605 3512 3674 ltonorarentj
3545 3620 3647 3668 pa-

2080 3705 2231 3761 trem,
2269 3707 2316 3749 et
2341 3705 2556 3750 matrem
2581 3697 2796 3767 (Matth.
2825 3713 2912 3761 xv,
2933 3699 3073 3762 5,6;
3111 3695 3389 3757 Moram.
3418 3696 3504 3762 li,
3532 3696 3648 3763 l2),

2077 3797 2130 3840 et
2162 3799 2355 3840 caetera
2392 3787 2476 3841 his
2507 3787 2724 3841 similia.
2763 3787 3058 3856 Propterea
3084 3799 3266 3840 autem
3310 3789 3650 3855 scripserunt
3673 3822 3686 3825 -

2079 3877 2221 3948 luges
2247 3880 2525 3944 pessimus,
2554 3892 2609 3933 ut
2633 3883 3004 3948 opprimerent
3037 3892 3297 3947 pauperes
3325 3887 3378 3931 et
3411 3878 3652 3930 humiles

2079 3970 2278 4038 populi,
2310 3982 2364 4022 ut
2397 3969 2602 4039 praedas
2640 3979 2863 4037 agerent
2895 3977 2960 4022 de
2991 3970 3187 4034 viduis,
3221 3977 3274 4021 et
3305 3967 3536 4040 pupillos
3563 3971 3650 4018 di-

2080 4063 2340 4128 riperent.
2369 4061 2467 4124 Qui
2516 4062 2917 4127 interrogantur
2964 4061 3091 4128 quid
3140 4059 3331 4114 facturi
3362 4061 3489 4124 sint,
3522 4075 3650 4112 cum

2079 4153 2163 4205 vel
2194 4153 2541 4221 captivitatis,
2577 4153 2658 4205 vel
2687 4152 2877 4218 jndicii
2913 4152 3028 4206 dies
3057 4152 3355 4214 advenerit,
3397 4160 3453 4205 ei.
3497 4154 3652 4205 cala-

2082 4245 2283 4297 mitatis
2306 4245 2370 4297 de
2407 4245 2562 4313 longe
2591 4245 2876 4309 venientis,
2902 4260 3020 4313 qua:
3063 4249 3231 4298 multo
3275 4254 3518 4314 tempore
3549 4255 3653 4300 aut

2082 4336 2332 4402 praedicta
2371 4346 2473 4389 est.
2524 4336 2604 4388 Ad
2630 4337 2805 4405 cujus,
2860 4337 3056 4406 inquit,
3108 4335 3329 4406 fugietis
3357 4339 3651 4402 auxilium,

413 4431 778 4498 impetrabunt
834 4424 1278 4480 tnisericordiam.
1333 4422 1519 4476 Omnis
1568 4423 1709 4476 enim
1750 4422 1980 4487 (ltzereti-
2010 4441 2203 4498 Deum
2268 4425 2603 4480 olienderitis
2656 4427 2847 4493 Deum,
2888 4428 2977 4496 qui
3033 4441 3190 4482 verus
3229 4428 3518 4482 auxiliator
3541 4441 3650 4493 est,

413 4537 508 4576 cus
544 4520 824 4590 hypocrita
879 4526 982 4582 est,
1010 4517 1152 4569 aliud
1178 4530 1368 4586 agens,
1399 4525 1452 4570 et
1509 4514 1653 4568 aliud
1695 4514 1974 4581 simulans,

413 4623 468 4668 et
500 4611 756 4682 quidquid
787 4610 1051 4679 loquitur,
1091 4608 1216 4660 licet
1243 4608 1492 4660 videatur
1533 4620 1657 4659 esse
1687 4607 1975 4673 sapientia,

415 4717 591 4760 tanten
621 4701 846 4758 stultitia
884 4711 988 4755 est.
1052 4698 1280 4766 Propter
1316 4699 1432 4751 hinc
1477 4697 1722 4751 extendit
1765 4711 1976 4749 manum

413 4815 565 4855 suam
603 4797 670 4850 ad
706 4794 1090 4864 g‘pttnkudutn,
1127 4803 1181 4845 et
1209 4805 1401 4845 omnes
1435 4790 1741 4858 impietates
1765 4803 1976 4854 eorum,

413 4893 566 4965 quasi
619 4890 805 4959 spinas
876 4900 1042 4941 vorax
1093 4883 1309 4938 ﬂamma
1358 4891 1663 4937 consumet.
1707 4881 1775 4934 Et
1816 4881 1978 4935 verba

415 4987 621 5051 absque
653 4981 961 5046 virtutibus,
996 4992 1114 5048 qua:
1161 4975 1498 5030 infructuose
1550 4973 1710 5028 saltui
1758 4987 1979 5041 compa-

417 5085 636 5138 rantur,
669 5074 1008 5127 involvantur
1058 5069 1188 5123 fumi
1217 5055 1489 5136 superbia.
1529 5065 1608 5120 Ad
1644 5079 1830 5118 eorum
1867 5079 1978 5130 pm-

419 5180 547 5220 nam
597 5167 974 5217 contremiscet
1009 5161 1186 5215 omnis
1213 5161 1433 5222 humus,
1483 5165 1536 5210 et
1566 5157 1772 5226 decepti
1800 5157 1980 5224 p0puli

419 5256 638 5312 aeternis
670 5255 946 5307 tradentur
974 5253 1278 5315 ardoribus,
1301 5250 1392 5320 qui
1423 5248 1595 5318 turpis
1627 5248 1759 5300 lucri
1787 5249 1980 5314 gratia,

423 5365 491 5404 ne
525 5347 638 5402 suis
692 5345 904 5413 quidem
951 5354 1198 5412 parcunt,
1235 5342 1329 5397 sed
1359 5341 1606 5395 certatim
1635 5339 1703 5393 de
1735 5339 1982 5408 deceptis

419 5442 632 5512 populis
657 5440 864 5508 praedas
895 5449 1076 5508 agunt,
1106 5438 1466 5505 relinquentes
1498 5435 1656 5500 bona,
1689 5443 1741 5487 et
1768 5432 1822 5486 in
1862 5446 1978 5501 pes-

494 5578 510 5606 ¹
545 5576 715 5631 Vatic.
769 5573 1007 5628 secunda
1061 5590 1220 5626 manu
1247 5575 1481 5640 stericus,
1541 5575 1689 5642 prius
1723 5581 1842 5626 erat
1891 5587 1983 5624 ta-

459 5664 537 5700 wn
553 5669 585 5699 ε.

459 5665 585 5700 teni.

421 5665 452 5717 Ρ
494 5722 512 5749 ²
553 5715 862 5790 Perpert‘ttn,
911 5732 1072 5794 atque
1105 5719 1276 5774 inutili
1314 5731 1474 5775 sensu
1503 5717 1688 5785 legunt
1716 5713 1974 5768 Martian.

2081 4528 2136 4570 et
2177 4517 2265 4571 ubi
2313 4517 2695 4585 derelinquetis
2744 4519 2966 4586 gloriam
3012 4518 3284 4572 vestram?
3333 4519 3450 4571 Non
3502 4522 3650 4572 enim

2080 4611 2363 4678 proderunt
2424 4611 2617 4664 divitiae
2671 4612 2724 4664 in
2760 4611 2848 4666 die
2899 4613 3094 4680 furoris
3134 4611 3314 4680 (Prov.
3348 4628 3422 4676 xt,
3454 4613 3531 4681 4),
3581 4627 3651 4667 ne

2082 4703 2292 4753 vinctos
2351 4701 2406 4753 in
2475 4700 2719 4754 hostilem
2774 4709 2975 4754 terram
3031 4701 3189 4754 ducat
3241 4703 3520 4771 Assyrius,
3577 4718 3651 4758 ne

2082 4795 2349 4847 corruatis
2394 4795 2445 4846 in
2484 4795 2687 4860 praelio.
2741 4793 2803 4847 Et
2838 4795 2905 4848 ad
2945 4803 3244 4847 extremum
3285 4794 3424 4848 sicut
3467 4795 3520 4847 in
3551 4810 3650 4849 su-

2084 4885 2393 4954 perioribus
2446 4896 2632 4939 contra
2703 4885 3002 4940 Samariam
3058 4888 3248 4939 crebro
3293 4887 3548 4938 dixerat:
3583 4885 3652 4938 lu

2084 4975 2323 5029 omnibus
2357 4975 2436 5029 Itis
2479 4992 2582 5029 non
2636 4986 2710 5030 est
2769 4993 2977 5030 aversus
3015 4979 3166 5046 [uror
3192 4977 3328 5044 ejus,
3359 4980 3447 5030 sed
3477 4978 3654 5031 adhuc

2085 5089 2272 5126 manus
2302 5073 2414 5141 ejus
2450 5083 2685 5140 extenta,
2731 5073 2895 5125 etiam
2941 5081 3130 5126 contra
3161 5068 3352 5123 Jttdam
3387 5071 3651 5138 loquitur,

2084 5164 2226 5232 quod
2256 5178 2360 5217 non
2386 5165 2451 5216 sit
2485 5165 2606 5217 linis
2629 5165 2754 5216 mali
2785 5161 2901 5230 (Al.
2929 5159 3168 5233 malitiae]
3190 5175 3376 5215 eorum
3408 5167 3653 5214 extrema

2085 5255 2392 5324 captivitas,
2419 5257 2510 5310 sed
2539 5256 2702 5309 etiam
2766 5255 2818 5308 in
2882 5254 3062 5308 hostili
3112 5265 3257 5308 terra
3303 5252 3512 5306 Domini
3557 5267 3655 5304 eos

2088 5344 2301 5413 gladius
2327 5355 2706 5414 persequatur.
2733 5345 2893 5399 Juxta
2935 5360 3237 5414 anagogen,
3273 5346 3450 5398 omnis
3480 5345 3658 5398 hatre—

2089 5438 2230 5494 ticus
2278 5439 2468 5493 scribit
2519 5440 2876 5508 iniquitatem,
2935 5449 2992 5492 ut
3044 5415 3306 5506 p’auperes
3332 5445 3387 5491 et
3421 5437 3658 5490 humiles

2089 5577 2286 5644 ali’que
2339 5579 2429 5645 qui
2481 5591 2663 5641 captus
2707 5587 2804 5640 est,
2838 5593 2936 5643 pro
2969 5579 3095 5648 quia
3126 5589 3282 5645 caput
3318 5588 3420 5641 est,
3455 5591 3659 5646 quem-

2091 5648 2384 5700 admodum
2431 5662 2498 5702 ex
2533 5665 2661 5701 mss.
2711 5652 2774 5701 ad
2812 5649 2981 5717 ipsius
3014 5648 3324 5717 Hieronymi
3393 5657 3657 5708 mentem,

2091 5727 2251 5786 thtIc
2280 5719 2542 5773 orationis
2577 5720 2768 5773 seriem
2802 5719 3152 5788 t-aStigamus.
