3980 6200
384 258 491 322 137

989 255 1491 316 COMMEX'I‘AR.
1539 259 1611 317 ΙΝ
1661 259 1918 317 15AM.“
1964 261 2420 322 Pnorzttz'ran
2461 265 2607 325 ΗΒ.
2651 268 2746 338 1V,
2791 268 2945 328 CAP.
2981 268 3050 330 Χ.

3544 264 3648 329 13$

384 375 569 444 νδμιιιί
605 370 860 440 decipiat,
920 370 1110 423 viduas
1163 380 1218 425 et
1265 371 1492 440 pupillos
1569 371 1808 442 diripiat.
1861 374 1964 440 Qui
1999 384 2038 439 Α
2070 377 2264 447 populo
2305 396 2422 432 meo
2475 381 2804 450 przecipiam,
2869 394 2921 436 nt
2975 383 3137 438 faciat
3170 385 3360 453 spolia,
3393 388 3636 458 et153

381 467 530 521 enim
562 464 716 518 dives
742 472 850 528 est,
890 462 957 516 de
985 477 1094 531 quo
1118 462 1376 530 legimus.
1440 462 1744 532 Redemptio
1771 467 1964 521 anima:

384 558 486 612 uiri
520 559 753 625 propria:
818 555 1022 607 divitia:
1075 552 1260 622 (Prov.
1321 571 1436 619 xm,
1483 555 1562 626 8),
1597 571 1704 610 non
1731 549 1965 612 Sustinet

385 648 870 703 cozntninatimiem
902 646 941 710 ί,
971 658 1080 698 ηοιι
1121 643 1228 697 cito
1276 645 1344 698 ab
1375 645 1456 698 eis
1493 645 1724 713 capitur.
1753 645 1965 716 Pauper

384 749 596 801 autem,
645 745 700 792 et
747 735 836 806 qui
886 735 1103 790 luiinilts
1147 746 1229 788 cst
1289 745 1343 790 et
1392 751 1592 802 parvus
1628 737 1680 790 in
1723 739 1961 808 pupulis,

383 832 494 887 cito
529 831 602 884 ab
635 829 716 884 eis
759 827 1184 882 scandalizatur.
1244 826 1414 882 Vidua
1465 845 1700 898 quoque,
1732 847 1854 901 qua:
1887 834 1967 884 vi-

388 940 508 980 rum
541 922 842 993 perdiderit
874 920 1066 987 Deum,
1097 931 1151 976 et
1188 923 1423 992 pupillus
1463 925 1556 993 qui
1591 938 1798 991 patrem
1823 925 1961 978 ami-

385 1018 517 1074 serit
547 1016 886 1080 Creatorem,
916 1015 984 1071 de
1040 1030 1148 1084 quo
1199 1017 1458 1083 scriptum
1481 1027 1567 1072 est
1597 1034 1611 1070 :
1653 1016 1837 1079 Deum.
1869 1019 1962 1085 qui

387 1123 437 1166 te
471 1111 676 1181 genuit,
723 1110 1077 1177 dcreliqsisti,
1125 1119 1176 1162 et
1218 1110 1411 1162 oblitus
1449 1126 1502 1164 es
1559 1107 1652 1164 Dei
1682 1112 1962 1166 nutritam

388 1206 464 1257 tui
497 1204 681 1272 (Deut.
729 1219 901 1267 xxxii,
971 1203 1082 1272 18),
1135 1201 1294 1257 facile
1347 1205 1791 1272 sopplantautur.
1825 1206 1962 1272 Quid

388 1295 550 1362 igitur
585 1293 782 1347 facient
813 1294 865 1346 in
898 1295 986 1347 die
1017 1294 1229 1362 judieii,
1263 1308 1386 1348 cum
1419 1302 1596 1348 tantos
1629 1297 1961 1362 deceperint,

391 1386 548 1456 142
575 1397 625 1439 et
655 1387 981 1440 calamitatis
1017 1389 1081 1438 de
1115 1385 1270 1456 longe
1297 1386 1608 1440 venientis?
1640 1388 1792 1440 Sit-nt
1817 1388 1961 1441 enim

385 1483 450 1532 ad
481 1481 686 1546 justum
746 1496 916 1532 \'.fllttt
958 1481 1176 1543 dicitur,
1221 1481 1392 1544 Prope
1436 1490 1513 1533 est
1554 1499 1587 1533 υ.
1611 1484 1758 1534 ιιειιιιι
1791 1484 1852 1533 ,ἠ
1874 1497 1962 1532 ore

385 1585 500 1634 tuo,
531 1586 578 1626 et
610 1576 665 1625 iu
708 1574 864 1626 corde
905 1584 994 1625 tuo
1039 1571 1214 1640 (Rom.
1269 1590 1322 1636 ιι,
1369 1574 1461 1640 8);
1489 1586 1541 1627 et
1572 1575 1623 1627 in
1653 1573 1756 1627 alio
1788 1573 1906 1626 loco
1944 1589 1958 1625 :

387 1665 620 1736 Regnum
667 1665 755 1718 lle:
783 1665 922 1718 intra
957 1682 1044 1718 vos
1072 1676 1143 1718 est
1169 1663 1320 1733 (Luc.
1350 1681 1482 1730 xm,
1515 1666 1641 1729 il);
1678 1665 1756 1718 sic
1789 1666 1961 1719 ba're-

2071 475 2328 538 praedam,
2359 480 2416 526 et
2440 474 2718 528 conculcet
2742 477 3014 538 civitates,
3039 484 3094 530 et
3123 487 3286 542 ponat
3311 493 3404 532 eas
3439 479 3492 532 in
3529 487 3646 548 pul-

2068 578 2294 618 verem:
2335 564 2446 633 ipse
2486 576 2668 620 autem
2720 583 2827 621 non
2874 570 2954 622 sic
2983 569 3263 640 cogitavit,
3313 581 3366 625 et
3412 587 3516 625 non
3569 575 3640 628 ita

2068 655 2363 710 arbitratus
2431 667 2554 723 est;
2610 658 2704 712 sed
2765 669 2822 712 ιιι
2881 673 3146 728 conterat,
3212 678 3369 718 mens
3425 665 3562 730 ejus,
3591 678 3648 720 et

2068 746 2341 813 disperdat
2366 757 2554 814 geiitcs
2585 749 2868 816 plurimas.
2899 750 3052 815 Quod
3083 752 3127 804 si
3157 751 3395 808 dixerint
3428 754 3477 808 ci
3509 773 3522 808 :
3562 755 3640 807 Tu

2067 839 2213 892 solus
2236 853 2296 895 es
2332 840 2605 908 princeps,
2641 841 2986 910 respondebit
3031 860 3048 897 :
3090 842 3208 898 Non
3240 845 3332 898 tttli
3365 846 3636 913 regionem

2065 948 2187 1001 qua!
2217 944 2300 987 est
2349 947 2509 1002 supra
2558 933 2909 1006 Babylonem,
2949 947 3004 993 et
3046 925 3442 1006 Clialaue,-ubi
3476 943 3643 998 turris

2067 1024 2330 1080 aedificata
2364 1034 2466 1080 est.
2504 1027 2623 1080 Tuli
2673 1039 2854 1083 autem
2887 1029 3164 1097 Arabiam,
3200 1040 3255 1086 et
3287 1033 3638 1098 Damascum,

2065 1125 2119 1170 et
2148 1115 2451 1170 Samariam
2487 1132 2500 1167 :
2529 1117 2674 1171 sicut
2719 1119 2817 1174 bas
2854 1120 2976 1186 tuli,
3015 1121 3096 1178 sic
3127 1123 3307 1177 omnia
3351 1138 3511 1194 regna
3547 1139 3642 1180 ca-

2067 1207 2236 1276 piam.
2270 1207 2486 1262 Ululate
2517 1209 2784 1278 sculptilia
2828 1211 2880 1264 in
2915 1211 3242 1273 Jerusalem.
3267 1224 3317 1268 et
3355 1215 3642 1279 Samaria;

2066 1301 2207 1355 sicut
2243 1301 2384 1354 enim
2413 1301 2514 1356 feci
2551 1302 2830 1368 Samarim,
2861 1314 2916 1360 et
2947 1305 3106 1360 idolis
3134 1305 3274 1373 ejus,
3308 1307 3389 1362 sic
3442 1308 3634 1363 faciam

2065 1390 2362 1444 Jerusalem
2397 1402 2450 1445 et
2489 1393 2797 1447 simulacris
2828 1395 2992 1450 illius.
3024 1414 3043 1447 ι
3081 1396 3321 1451 Primum
3357 1399 3640 1453 sciendum

2063 1494 2148 1538 cst
2174 1485 2314 1551 quod
2355 1485 2406 1535 in
2444 1483 2706 1539 llebrairo
2749 1502 2854 1540 nou
2890 1486 3049 1540 habet
3092 1488 3354 1554 Chalane,
3382 1493 3474 1546 sed
3513 1509 3642 1548 cna-

2064 1587 2240 1626 LANSO
2281 1575 2348 1644 (υ
2398 1557 2504 1640 z7:).
2531 1573 2729 1628 Ultima
2783 1575 2930 1630 enim
2969 1579 3207 1633 nominis
3257 1581 3416 1650 hujus
3460 1584 3640 1638 littera

2068 1679 2170 1714 non
2206 1673 2287 1716 est
2323 1679 2432 1730 too,
2460 1675 2515 1716 ut
2541 1664 2614 1717 ilii
2640 1675 2984 1733 putaverunt,
3024 1669 3120 1724 sed
3155 1684 3277 1731 vas,
3309 1688 3428 1739 qua:
3451 1673 3640 1728 littera:

387 1759 618 1812 ticorum
652 1757 932 1810 calamitas
958 1759 1022 1809 dc
1048 1759 1203 1824 longe
1259 1759 1460 1822 veniet,
1514 1762 1684 1811 multo
1717 1762 1795 1812 eis
1823 1770 1956 1810 ιιιιιι-
1993 1747 2032 1800 Β
2063 1754 2174 1808 sola
2213 1756 2354 1808 inter
2403 1772 2461 1809 se
2505 1757 2710 1810 distant
2771 1759 3163 1827 Inztguitudine.
3223 1762 3416 1818 Turris
3453 1780 3638 1818 autem

389 1868 520 1920 pure
565 1859 884 1919 prmparata.
918 1850 997 1902 Ad
1039 1865 1197 1918 que'n
1240 1850 1591 1918 confugient,
1623 1866 1742 1903 cum
1779 1850 1959 1903 (ictum

391 1944 622 1995 habeant
674 1941 873 1994 Deum?
925 1941 1024 1996 Cui
1083 1943 1297 1996 tiadent
1343 1943 1570 2011 gloriam
1620 1959 1798 2008 suam,
1840 1957 1963 1997 cum

387 2035 636 2086 simulata
678 2033 785 2084 sint
815 2034 1044 2086 omnia?
1081 2031 1188 2087 Nec
1239 2043 1490 2102 poterunt
1517 2038 1748 2088 evadere
1777 2035 1966 2086 τιμε-ιι-

388 2125 522 2183 lum,
553 2141 659 2194 quo
692 2124 954 2193 plurimos
1008 2124 1328 2193 ligaverunt.
1387 2123 1541 2179 Unde
1591 2134 1645 2179 ct
1670 2125 1722 2178 in
1755 2124 1964 2180 tisioue

387 2220 540 2272 vallis
562 2219 716 2279 Sion,
745 2232 861 2285 quae
895 2216 988 2270 Dei
1046 2218 1332 2272 altitudine
1371 2219 1647 2282 derelicta,
1697 2228 1752 2272 et
1792 2217 1964 2272 lucre-

384 2313 493 2364 tica
550 2309 858 2364 humilitate
909 2313 1130 2380 decepta
1173 2321 1280 2374 est,
1321 2310 1522 2364 dicitur
1567 2313 1634 2365 dc
1687 2311 1960 2379 magistris

381 2405 501 2458 falsi
555 2407 793 2459 noniini-s
831 2406 1073 2458 scientiae
1103 2418 1121 2456 ς’
1156 2403 1348 2456 Omnes
1395 2406 1660 2472 principes
1703 2405 1779 2456 tui
1813 2404 1959 2473 fuge-

387 2506 534 2561 runt,
576 2510 622 2548 et
655 2498 746 2565 qui
774 2498 913 2564 capti
947 2505 1088 2559 sunt,
1141 2498 1270 2548 (Iure
1315 2495 1467 2564 ligati
1496 2508 1615 2546 ιιυιι
1649 2494 1781 2564 (ha.
1821 2511 1953 2559 nti,

385 2591 442 2658 5)
478 2606 494 2644 :
527 2591 780 2658 quodque
807 2605 926 2642 cum
952 2588 1180 2656 singulis
1230 2586 1536 2641 interfectis
1562 2587 1782 2652 cadant,
1816 2599 1873 2640 et
1901 2588 1953 2641 in

383 2684 612 2735 aliorum
641 2698 774 2735 nece
808 2682 906 2749 ipsi
948 2688 1193 2748 pereant,
1223 2689 1277 2733 et
1301 2696 1427 2734 cum
1455 2680 1619 2733 multa
1653 2691 1744 2746 pat
1767 2691 1950 2745 antur,

378 2775 601 2844 diesque
655 2775 978 2828 visitationis
1027 2773 1333 2839 advenerit,
1377 2788 1481 2826 non
1511 2772 1578 2827 sit
1619 2774 1740 2827 linis
1769 2788 1952 2826 eorum

380 2869 634 2921 interitus
676 2885 690 2920 :
741 2869 832 2921 sed
879 2882 1092 2936 semper
1145 2868 1248 2921 sibi
1303 2867 1700 2936 impendentem
1731 2883 1951 2919 manuni

382 2958 594 3011 Duuiini
628 2959 1062 3025 pcrtrem‘srant.
1108 2955 1401 3024 iiut-usque
1452 2965 1642 3009 contra
1683 2956 1871 3009 decem
1902 2967 1954 3010 ct

377 3051 514 3104 duas
544 3052 738 3114 tribus,
793 3050 844 3102 id
889 3061 994 3112 est,
1050 3057 1241 3102 contra
1291 3050 1695 3113 Saii.arianu,‘et
1733 3047 1952 3102 Jerusa-

2064 1847 2326 1900 militi-ata
2362 1859 2437 1901 est
2476 1848 2527 1900 in
2567 1864 2757 1917 campo
2782 1849 3047 1914 Setiuaur,
3077 1853 3127 1906 in
3160 1870 3270 1922 quo
3315 1864 3474 1909 erant
3499 1859 3638 1911 Arce

2063 1940 2170 2012 [ΑΙ.
2215 1939 2401 2011 Arce],
2427 1943 2598 2001 Acad.
2626 1951 2682 1996 et
2724 1942 3024 2011 Chalanne,
3057 1957 3109 2001 rt
3141 1946 3401 2018 Babylon,
3429 1967 3548 2020 quae.
3573 1968 3641 2006 ex

2063 2035 2382 2090 roulu~ione
2446 2036 2752 2102 linguarum
2809 2052 3004 2093 nomen
3069 2040 3279 2110 accepit
3334 2041 3488 2107 (Cm.
3537 2044 3637 2112 at).

2063 2119 2264 2181 Arabia
2299 2138 2478 2181 autem
2516 2144 2622 2182 non
2656 2131 2884 2184 habetur
2909 2129 2961 2183 in
3029 2131 3277 2199 Hebraeo,
3298 2136 3392 2188 sed
3419 2132 3635 2203 Eniatli,

2059 2236 2220 2287 quam
2245 2219 2365 2287 Syri
2399 2236 2570 2290 usque
2605 2222 2766 2276 liudic
2790 2222 2960 2292 Epipb
2983 2225 3145 2278 mium
3179 2237 3395 2282 vocant.
3419 2226 3641 2283 Ululate

2059 2328 2278 2381 quoque
2307 2314 2582 2374 scutptilia
2609 2313 2663 2365 in
2692 2312 3007 2377 Jerusalem,
3039 2316 3106 2370 de
3148 2333 3246 2370 suo
3287 2317 3636 2375 addiderunt.

2061 2405 2324 2472 Quodque
2353 2419 2516 2474 supra
2539 2405 2804 2474 scriptum
2837 2421 2868 2459 e
2903 2406 3288 2462 t:Si-dia;erint
3318 2410 3387 2476 ei,
3411 2421 3467 2464 tu
3493 2413 3639 2467 salus

2061 2512 2113 2549 es
2146 2496 2404 2562 princeps,
2437 2497 2784 2560 respmrlebit,
2825 2514 2927 2550 non
2967 2499 3063 2550 tuli
3097 2501 3357 2568 regionem
3383 2502 3557 2567 illam,
3584 2514 3641 2556 et

2058 2588 2229 2648 illaut,
2252 2586 2345 2640 sed
2373 2586 2470 2638 tuli
2497 2586 2776 2647 Arabiam,
2797 2601 2843 2640 et
2870 2587 3215 2652 Damascum,
3237 2603 3282 2642 et
3303 2589 3634 2655 Samariam,

2057 2680 2206 2732 hunc
2235 2679 2469 2746 suggerit
2494 2693 2710 2732 sensum
2733 2679 2918 2742 :Cum,
2946 2681 3135 2750 inquit.
3159 2682 3392 2736 dixeiint
3417 2688 3637 2754 Assyrio

2055 2771 2148 2839 qui
2174 2768 2317 2839 rapti
2342 2780 2490 2836 sunt,
2521 2770 2602 2824 'l'u
2637 2769 2884 2840 piiuceps
2933 2787 2991 2826 rs
3031 2774 3292 2835 omnium,
3331 2773 3421 2827 ille
3460 2777 3638 2828 adhuc

2059 2864 2329 2918 iniit-mum
2365 2879 2424 2918 se
2453 2875 2574 2917 esse
2595 2864 2854 2930 sentiens,
2893 2866 3231 2932 respondebit
3257 2864 3349 2938 [Al
3401 2882 3626 2936 respon-

2057 2958 2156 3029 dit]
2202 2976 2217 3011 ι
2249 2958 2536 3024 Quomodo
2573 2975 2658 3012 me
2685 2960 2890 3014 vocatis
2923 2960 3247 3031 principem,
3279 2977 3399 3015 cum
3425 2972 3630 3016 tantum

2057 3051 2338 3116 Arabiam,
2369 3062 2421 3106 et
2463 3051 2805 3118 Damascum,
2841 3062 2897 3105 ct
2929 3052 3237 3107 Samariam
3287 3056 3555 3124 ceperim,
3581 3071 3638 3111 et

378 3146 508 3208 lum,
562 3144 657 3195 Dci
713 3143 1068 3196 comminatio
1122 3153 1224 3206 est,
1283 3156 1402 3210 qua:
1461 3156 1721 3208 regimine
1771 3123 2028 3195 adbueC
2061 3146 2220 3212 longe
2273 3145 2476 3214 positas
2519 3145 2771 3199 nationes
2823 3157 2973 3199 trans
3021 3123 3372 3215 Baliylourn’i,
3405 3149 3633 3202 necdum

372 3239 439 3291 Δί
461 3245 582 3300 n.1,
633 3245 798 3304 ru-pit
846 3237 897 3288 in
938 3233 1134 3304 pupillo
1167 3251 1180 3286 :
1221 3235 1289 3288 de
1317 3233 1514 3302 quibus
1547 3235 1666 3286 dum
1697 3246 1753 3286 ct
1786 3233 1951 3288 semis

375 3331 548 3383 tribus
578 3332 681 3383 sub
711 3348 774 3382 eo
805 3342 976 3395 capta:
1012 3339 1160 3393 sant,
1197 3341 1251 3382 et
1283 3328 1505 3394 reliquae
1556 3327 1658 3381 sub
1698 3326 1951 3392 Eziecltia,

373 3427 466 3494 qui
501 3423 682 3477 Acbaz
715 3422 972 3475 successit
999 3419 1050 3473 in
1095 3435 1316 3488 regnum
1349 3418 1397 3490 (I
1418 3416 1454 3471 V
1492 3417 1616 3488 Reg.
1647 3434 1756 3483 xu,
1794 3417 1948 3489 xvii).

371 3521 616 3584 δεηθείης
648 3516 926 3584 ιιιυιιιειιιι
962 3525 1148 3567 contra
1181 3514 1437 3584 AsSyl'iUS
1467 3514 1741 3567 scribitur.

448 3605 626 3676 (Vera.
676 3606 712 3660 5
756 3619 932 3674 seqq.)
971 3623 989 3655 ι
1031 3603 1120 3659 Va:
1155 3607 1344 3670 Assur,
1375 3607 1524 3674 virga
1581 3605 1781 3658 futuris
1824 3607 1948 3670 mei,

374 3709 430 3753 ct
482 3703 706 3753 baculus
755 3702 871 3767 ipse
932 3710 1038 3761 cst,
1099 3699 1152 3751 in
1205 3713 1364 3752 manu
1411 3713 1601 3752 eorum
1652 3695 1949 3766 indignatio

376 3810 515 3846 inea.
542 3791 624 3845 Ad
683 3803 895 3856 gentem
949 3793 1192 3845 fallacem
1243 3791 1450 3844 mittam
1482 3805 1632 3853 eum,
1666 3799 1722 3842 et
1753 3800 1945 3841 contra

375 3885 625 3954 pupulum
651 3883 852 3937 furoris
884 3885 983 3937 mei
1021 3881 1289 3936 mandabo
1314 3881 1413 3948 illi,
1439 3897 1495 3935 ιιι
1521 3884 1732 3938 auferat
1754 3883 1948 3954 spolia,

373 3993 427 4031 et
460 3979 680 4046 diripiat
708 3975 968 4044 praedam,
1001 3985 1056 4027 et
1089 3985 1254 4045 ponat
1295 3975 1444 4030 illum
1495 3977 1546 4031 iu
1577 3978 1949 4031 conculcatio-

375 4087 494 4124 nem
528 4070 684 4136 quasi
711 4071 881 4122 lttluttt
910 4071 1232 4136 platearum.
1261 4070 1384 4136 Ipse
1408 4079 1587 4123 autem
1611 4085 1717 4123 non
1751 4070 1831 4124 sic
1854 4085 1939 4124 ar-

374 4165 603 4216 bitratus
635 4174 738 4224 est,
769 4174 824 4216 ct
853 4179 946 4216 cor
990 4162 1108 4231 ejus
1140 4177 1246 4216 non
1291 4163 1362 4216 ita
1411 4163 1724 4227 astimavit,
1758 4165 1852 4218 sed
1877 4163 1945 4217 ad

371 4257 762 4309 cuutereudum
825 4255 932 4308 erit
983 4269 1079 4310 cor
1123 4254 1242 4324 ejus
1298 4269 1355 4309 et
1397 4253 1463 4308 ad
1522 4254 1944 4310 internecionem

370 4353 609 4418 gentium
669 4348 1048 4416 plurimarum.
1099 4346 1241 4402 Dicit
1289 4347 1476 4412 enim,
1544 4346 1787 4416 nunquid
1835 4362 1942 4401 non

371 4444 639 4512 principes
683 4447 788 4496 mei
832 4441 990 4495 simul
1033 4455 1188 4510 reges
1220 4440 1384 4494 sunt?
1422 4441 1695 4511 Numquid
1726 4455 1834 4495 non
1883 4449 1943 4494 ut

369 4534 706 4595 Charcamis,
741 4534 818 4586 sic
870 4530 1148 4587 Cbalanno
1191 4529 1302 4602 [AL
1331 4530 1536 4586 Cbalau
1573 4539 1629 4584 et
1667 4527 1937 4598 A'pliatj,

365 4639 419 4680 et
450 4636 507 4679 ut
557 4627 800 4692 Arpliad,
859 4623 942 4681 εἰς
993 4622 1236 4677 Ematli?
1290 4621 1553 4690 numquid
1589 4637 1694 4675 nou
1745 4630 1803 4675 ut
1839 4621 1942 4674 Da-

369 4733 582 4771 mascus
603 4717 684 4770 sic
716 4715 1004 4769 Samaria?
1033 4714 1316 4780 Quomodo
1359 4715 1563 4768 invenit
1595 4729 1787 4767 manus
1823 4729 1940 4768 mea

368 4825 529 4877 regna
561 4809 711 4870 idoli,
747 4823 826 4861 sic
860 4815 912 4860 et
972 4807 1262 4860 simulacra
1309 4822 1494 4860 eorum
1523 4811 1586 4860 de
1615 4805 1938 4871 Jetusalcm,

364 4912 420 4953 et
442 4904 506 4953 de
534 4897 798 4953 Samaria.
827 4895 1100 4966 Numquid
1123 4915 1228 4952 non
1261 4900 1403 4951 sicut
1435 4897 1538 4954 feci
1582 4899 1862 4966 Sumat-ise,
1887 4911 1943 4955 et

367 4991 524 5046 idolis
571 4991 708 5058 ejus,
765 4991 846 5044 sic
905 4989 1100 5043 faciam
1143 4988 1466 5051 Jerusalem,
1527 5002 1582 5044 ct
1632 4993 1941 5046 simulatris

368 5083 528 5153 ejus?
563 5103 582 5135 ι
619 5082 896 5138 Ponamus
925 5085 976 5137 in
1010 5083 1114 5137 hoc
1138 5083 1256 5137 loco
1286 5086 1304 5114 ⁸
1341 5085 1743 5138 translationem
1771 5084 1935 5149 LXX,

366 5180 458 5246 qui
481 5177 550 5231 ab
579 5175 847 5230 llcbraico
871 5173 1145 5229 discordat
1180 5174 1234 5227 iu
1263 5174 1530 5242 plurimis.
1575 5175 1756 5231 LXX:
1790 5195 1808 5228 ι
1852 5175 1938 5231 \ta:

366 5269 606 5339 Assyriis
642 5285 656 5321 :
691 5268 838 5336 virga
892 5265 1094 5320 furoris
1152 5266 1258 5320 mei
1307 5267 1420 5334 ipse
1465 5267 1637 5321 estin
1687 5269 1938 5324 manibus

361 5376 572 5428 eorum,
601 5362 736 5414 iram
768 5373 942 5414 meam
988 5359 1045 5413 iu
1093 5369 1311 5428 gentem
1355 5359 1594 5429 iniquam
1621 5363 1852 5426 mittam,
1884 5374 1938 5417 et

437 5522 451 5552 ¹
492 5521 724 5590 Conjicit
750 5521 1016 5577 Victorius
1047 5517 1404 5575 aniovendam
1436 5520 1664 5588 negandi
1693 5519 1937 5588 particu-

361 5592 490 5657 lam,
525 5595 919 5661 lebendumque
943 5596 1034 5664 qui
1052 5601 1226 5646 autem
1246 5591 1389 5642 dives
1415 5603 1516 5656 est,
1545 5593 1769 5644 sustinet
1791 5608 1934 5645 com-

357 5680 400 5713 ιιι
413 5677 701 5718 matronam
712 5701 726 5717 .

429 5737 450 5766 '
483 5735 697 5797 lstluce,
756 5731 1025 5786 Ponantu:
1072 5734 1123 5786 iu
1164 5739 1259 5792 hoc
1316 5739 1452 5806 loco,
1504 5744 1634 5804 cte.,
1667 5751 1838 5808 usque
1873 5738 1931 5791 in

664 5831 937 5893 Punou.
980 5833 1214 5897 XXlV.

2059 3253 2192 3293 mea:
2231 3237 2567 3294 subdiderim
2595 3238 3034 3307 potestati?Quo
3073 3240 3233 3293 modo
3275 3249 3458 3295 autem
3492 3243 3629 3294 Ara-

2055 3331 2200 3386 biam
2259 3332 2398 3399 cepi,
2448 3329 2796 3397 Damascum,
2841 3339 2896 3386 et
2947 3329 3272 3396 Samariam,
3316 3332 3397 3388 sic
3445 3333 3630 3388 omnia

2057 3424 2188 3477 milii
2231 3437 2394 3492 regna
2457 3425 2828 3479 substernam.
2870 3415 3238 3480 Transeamus
3283 3427 3350 3480 ad
3401 3424 3630 3482 Hebrai-

2053 3530 2202 3580 cum,
2235 3515 2442 3586 etquid
2488 3516 2643 3570 nobis
2697 3515 2966 3577 videatur,
3009 3517 3246 3571 breviter
3276 3528 3630 3590 annolemus.

2068 3607 2158 3662 Vte
2190 3607 2432 3677 Assyrio,
2491 3607 2547 3661 id
2607 3617 2715 3675 est,
2771 3607 3170 3673 Senuaclicrib,
3224 3611 3349 3679 quia
3395 3612 3508 3681 ipse
3545 3623 3631 3667 est

2056 3700 2226 3769 virga,
2258 3711 2312 3752 ct
2359 3698 2582 3753 baculus
2640 3697 2839 3754 furoris
2885 3700 3014 3766 mei,
3045 3701 3096 3754 in
3143 3717 3301 3755 manu
3337 3703 3477 3757 enim
3508 3706 3627 3772 ejus

2053 3791 2356 3856 indignatio
2389 3805 2530 3854 mea,
2559 3801 2612 3845 et
2638 3807 2734 3858 per
2765 3792 2912 3846 illum
2942 3796 3244 3862 percutiam
3277 3807 3490 3864 gentem
3527 3800 3629 3852 fal—

2053 3885 2407 3948 lacissimam,
2441 3898 2562 3952 qua:
2614 3884 2754 3938 inter
2797 3899 2882 3938 me
2913 3899 3128 3953 semper
3167 3897 3220 3941 et
3253 3887 3393 3942 idola
3422 3890 3630 3945 claudi-

2050 3979 2215 4040 cavit,
2247 3991 2368 4046 quae
2407 3987 2678 4046 praecepta
2720 3992 2837 4032 mea
2873 3992 2932 4034 se
2964 3978 3369 4038 facturamcsse
3400 3985 3624 4046 mentita

2049 4082 2157 4136 est,
2193 4080 2248 4126 et
2271 4083 2462 4125 contra
2492 4070 2752 4140 populum
2790 4071 2994 4126 furoris
3028 4073 3132 4126 mei
3161 4073 3260 4142 ipsi
3292 4076 3626 4146 praecipiam,

2049 4175 2110 4220 ut
2137 4148 2486 4233 spoliet'eum
2517 4173 2681 4231 atque
2726 4165 3016 4233 praedetur,
3066 4175 3122 4220 et
3160 4168 3372 4236 redigat
3423 4169 3475 4222 in
3509 4172 3628 4240 pul—

2049 4273 2258 4323 verem,
2284 4266 2340 4312 et
2369 4258 2655 4312 conculcet
2683 4258 2837 4326 quasi
2874 4257 3046 4312 lutum
3077 4259 3401 4329 platearum,
3431 4264 3481 4316 id
3517 4275 3624 4326 est,

2049 4363 2104 4407 ut
2130 4351 2397 4421 percutiat
2425 4365 2572 4413 eum,
2597 4360 2652 4405 et
2689 4364 2794 4404 non
2826 4350 3142 4418 interficiat,
3182 4363 3239 4406 ut
3268 4353 3537 4418 vulneret,
3568 4371 3624 4411 et

1973 4477 2018 4534 ι)
2050 4460 2156 4499 non
2189 4443 2427 4498 animam
2465 4441 2700 4499 auferat.
2757 4442 2880 4514 Ipse
2927 4453 3108 4499 autem
3163 4446 3380 4502 modum
3414 4449 3626 4504 iracun-

2047 4537 2151 4590 diaa
2181 4550 2316 4592 mete
2344 4550 2600 4602 egressus
2635 4544 2737 4603 est,
2769 4547 2824 4592 et
2849 4553 2957 4593 non
2995 4537 3169 4593 solum
3213 4553 3402 4594 contra
3433 4540 3619 4607 Israel,

2045 4627 2112 4683 ad
2157 4643 2319 4696 quem
2378 4628 2616 4684 directus
2662 4631 2858 4696 fuerat,
2911 4631 3007 4685 sed
3045 4631 3097 4684 in
3147 4643 3333 4699 gentes
3365 4633 3624 4702 plurimas

2044 4723 2412 4778 debacchatus
2435 4733 2537 4788 est,
2576 4722 2735 4795 1M
2783 4733 2840 4778 ut
2872 4727 3050 4779 omnia
3087 4741 3182 4794 per
3211 4725 3497 4779 circuitum
3533 4741 3625 4780 rc-

2044 4831 2148 4887 gna
2174 4826 2501 4881 contereret,
2533 4828 2588 4871 et
2609 4833 2782 4886 usque
2814 4818 2882 4871 ad
2914 4818 3338 4872 internecionem
3372 4817 3613 4885 gentium

2039 4909 2403 4978 plurimarum
2447 4907 2593 4962 illius
2627 4925 2819 4963 mucro
2849 4911 3090 4964 saeviret.
3128 4908 3354 4962 Erectus
3391 4909 3536 4962 enim
3567 4909 3618 4962 iu

2043 5002 2380 5070 superbiam,
2410 5001 2524 5055 haec
2555 5017 2724 5056 ausus
2746 5012 2834 5056 est
2864 5002 3047 5056 dicere
3086 5013 3102 5054 :
3134 4999 3306 5055 Duces
3335 5000 3438 5054 mei
3478 5001 3617 5054 alia-

2044 5112 2161 5150 rum
2183 5097 2422 5163 gentium
2457 5111 2612 5167 reges
2651 5103 2801 5161 sunt,
2851 5102 2908 5148 et
2945 5093 3077 5148 mihi
3121 5095 3375 5162 subjecti,
3407 5095 3617 5150 cunctis

2043 5187 2358 5244 nationibus
2396 5188 2754 5256 imperabunt.
2801 5186 3085 5252 Quomodo
3117 5188 3233 5256 cepi
3276 5188 3610 5253 Ctiarcamis,

2041 5282 2122 5337 sic
2153 5283 2268 5350 cepi
2293 5290 2345 5336 et
2373 5279 2688 5345 Cbalanno;
2718 5280 2990 5350 quomodo
3031 5281 3274 5349 Arpliad,
3293 5281 3374 5334 sic
3399 5281 3609 5336 obtinui

2040 5366 2095 5428 et
2131 5373 2322 5429 Etnatb
2346 5389 2363 5441 ;
2395 5374 2663 5444 quomodo
2709 5374 3051 5440 Damascum,
3107 5377 3188 5430 sic
3227 5376 3356 5429 milii
3401 5373 3610 5443 subjeci

2038 5531 2284 5600 plurimis
2328 5531 2491 5586 verba
2535 5547 2654 5599 qua:
2690 5532 3037 5586 Martianwns
3076 5535 3140 5586 ad
3180 5531 3338 5584 liuent
3383 5530 3612 5599 Septua.

2038 5601 2378 5672 gintaviralis
2434 5603 2906 5670 interpretationis
2966 5604 3102 5657 male
3157 5602 3461 5665 distulerat,
3505 5602 3611 5655 huc

2041 5675 2107 5726 ad
2136 5676 2298 5727 linem
2337 5688 2438 5727 ms.
2482 5675 2817 5742 pestliniiuio
2846 5677 3180 5729 reduximus.

3291 5832 3328 5892 5
