3980 6200
356 248 454 314 πὶθ

1496 251 1581 312 ‘S.
1597 247 1928 311 "EUS’Ellll
1972 248 2408 315 ῘΠΕἷὶΓιΝῩΜῐ

3514 259 3615 325 τιτι

350 381 402 419 e:
440 362 1087 429 Samariam.Quomodo
1123 372 1316 418 eartcra
1373 378 1559 433 regna,
1593 380 1713 429 quae
1756 364 1927 416 idolu—

2039 377 2259 421 t‘trrrcta‘s
2295 367 2499 421 vicerit
2560 366 2828 429 nationes,
2890 378 2939 420 et
2998 368 3301 423 inrrmlilrili
3348 373 3613 436 sapientia

351 475 471 511 rum
504 458 671 510 cultui
714 457 1043 520 serviebant,
1081 458 1219 511 meis
1250 456 1455 525 subjeci
1483 457 1733 525 pedibus,
1764 458 1843 509 sic
1870 466 1925 510 et

349 547 673 610 Jerusalem,
697 558 749 599 et
771 547 1097 612 Samariam,
1139 549 1190 600 in
1227 562 1329 617 qna
1366 548 1552 601 eadem
1590 548 1729 601 idola
1780 558 1923 612 sunt,

353 658 486 695 meae
519 641 802 709 subjiciam
834 640 1105 708 potestati.
1134 639 1251 705 Quo
1283 641 1440 693 modo
1472 640 1586 708 cepi
1620 638 1780 693 Sima
1818 641 1922 692 izrrn

352 750 476 786 cum
526 733 680 787 idolis
728 732 863 793 suis,
922 732 1001 786 sic
1053 742 1108 785 et
1160 731 1461 786 Jerusalem
1521 734 1754 800 capiam,
1797 732 1922 801 quia

354 832 572 885 eosdem
605 838 897 883 veneratur
921 827 1074 880 deos.
1104 825 1205 878 Pro
1225 826 1542 879 Charcamis
1570 836 1747 878 autem
1783 824 1921 878 LXX

2039 458 2283 511 ninnium
2318 460 2623 528 possederit
2673 462 2954 515 terminos.
3008 462 3073 514 Ιίι
3100 462 3251 531 juxta
3284 461 3422 517 LXX
3452 474 3617 518 tanta:

2040 549 2290 615 potentia:
2353 550 2552 617 frrerit,
2608 561 2666 605 ut
2730 551 3053 607 bellatorum
3114 556 3391 610 hominum
3455 558 3618 610 urbes

2041 641 2280 697 funditus
2327 643 2637 710 subrtrerit,
2694 653 2976 714 totumque
3021 646 3204 700 orlrem
3234 650 3390 717 quasi
3434 649 3616 703 nidum

2041 734 2481 801 apprehendi-rit,
2525 746 2579 790 et
2615 737 2768 804 quasi
2834 738 3091 793 derelicta
3123 754 3221 792 ova
3267 754 3293 791 a
3328 741 3613 806 matribus,

2039 827 2092 879 in
2130 843 2281 881 suam
2323 829 2559 896 praedam
2591 831 2835 884 verterit.
2869 830 2935 884 Et
2967 833 3092 899 quia
3135 833 3301 886 semel
3334 837 3623 902 metapho-

284 953 313 985 ,μ
354 921 615 974 addentes
648 919 714 972 de
745 933 863 975 suo.
907 918 1166 985 regionem
1222 928 1368 968 trans
1415 913 1732 983 Babylonem
1760 913 1932 965 inter-

352 1011 545 1082 pretati
601 1020 725 1064 sunt
753 1050 767 1073 ,
810 1020 858 1063 et
909 1007 1167 1073 Clrolune,
1204 1007 1290 1059 ubi
1344 1006 1607 1066 a'rliﬁrata
1642 1013 1716 1057 est
1745 1004 1933 1066 turris,

290 1093 567 1172 "Arphad
630 1101 850 1169 penitus
914 1101 1307 1168 relinquentes.
1375 1096 1671 1151 Possumus
1743 1103 1927 1149 autem

2042 935 2155 972 ram
2189 921 2257 974 ab
2284 921 2487 975 avibus
2512 921 2641 976 nido
2692 933 2741 975 et
2775 924 2891 975 ovis
2929 934 3255 989 sumpserat,
3290 928 3527 980 servavit.
3563 928 3617 980 in

2040 1012 2286 1080 reliquis,
2317 1020 2375 1066 nt
2432 1014 2630 1069 diceret
2661 1014 2817 1078 ;Non
2846 1015 2949 1081 fuit
3004 1019 3096 1085 qui
3126 1030 3344 1074 moveret
3369 1034 3618 1086 pennam,

2038 1112 2087 1154 et
2112 1105 2343 1170 aperiret
2380 1120 2457 1170 os,
2503 1115 2658 1175 atque
2694 1109 2969 1177 ganniret.
3004 1106 3235 1173 Tantus,
3268 1111 3461 1181 inquit,
3506 1124 3621 1165 tero

342 1198 496 1267 iuxta
564 1194 968 1249 translationem
1029 1207 1236 1255 eorum,
1276 1200 1347 1244 et
1404 1189 1738 1257 tropologiac,
1772 1189 1929 1241 dnm-
1976 1224 1983 1229 -

256 1330 263 1334 -
350 1288 510 1342 modo
539 1288 622 1356 pia
662 1287 751 1346 sit,
796 1284 1122 1354 iiiiﬂl‘ltllelll,
1157 1297 1219 1333 ex
1263 1296 1326 1333 eo
1361 1278 1502 1347 quod
1535 1279 1633 1342 ait,
1660 1286 1708 1331 et
1738 1280 1929 1348 popu'o

349 1398 461 1434 meo
500 1378 824 1446 prrec’pium,
853 1386 908 1427 ut
939 1375 1102 1443 faciat
1149 1372 1397 1442 spolio-et
1432 1369 1686 1435 pra'dant,
1719 1378 1767 1421 et
1802 1383 1930 1420 con-

349 1472 514 1525 culcet
540 1470 805 1528 civitates,
843 1476 890 1519 et
918 1477 1079 1532 ponat
1115 1480 1204 1517 eos
1235 1466 1290 1517 in
1319 1460 1604 1528 pulverem,
1630 1459 1793 1513 etiam
1823 1459 1929 1512 huc

318 1555 553 1628 'dieere,
589 1561 732 1631 quod
785 1559 1024 1626 quotidie
1060 1555 1253 1626 poprrlo
1292 1568 1392 1607 suo
1430 1551 1707 1621 prmcipiat
1740 1550 1929 1604 Domi-

348 1672 474 1716 nus,
544 1663 600 1706 ιιι
666 1652 1103 1705 adversariorum
1163 1647 1412 1700 civitates
1470 1659 1589 1713 quae
1639 1643 1926 1711 eriguntur

350 1758 542 1800 contra
580 1745 865 1799 srientiarn
896 1741 1008 1805 Dei,
1046 1751 1097 1793 et
1128 1738 1507 1793 lra‘reticornm
1544 1734 1710 1789 rrinrio
1746 1735 1932 1788 labore

347 1843 679 1891 constructa:
715 1845 861 1893 sunt,
896 1833 949 1885 in
996 1829 1274 1900 pulverem
1312 1827 1546 1895 redigat,
1573 1835 1625 1880 et
1653 1824 1785 1879 nihil
1812 1840 1933 1877 esse

348 1935 707 1983 demonstret.
746 1926 847 1990 Qui
881 1924 1191 1991 intelligens
1220 1921 1588 1974 irrlirmitatem
1617 1919 1794 1973 cordis
1828 1917 1926 1970 hu-

350 2021 521 2085 nrarri,
577 2031 629 2076 et
690 2019 833 2088 qrrod
897 2016 1111 2070 mortali
1169 2029 1333 2069 carne
1383 2011 1777 2076 circumdatus,
1828 2028 1932 2064 non

350 2114 828 2184 possitpcrfectam
864 2112 1120 2167 virtuturu
1151 2109 1345 2161 habere
1365 2105 1669 2171 victoriam,
1701 2119 1803 2158 nec
1820 2120 1937 2156 our-

350 2224 445 2263 nes
482 2219 671 2279 gentes
714 2220 925 2274 capere,
978 2202 1100 2256 licet
1132 2216 1256 2255 cum
1281 2198 1371 2252 alii
1395 2198 1750 2258 admirentur,
1782 2208 1830 2250 et
1856 2196 1935 2249 di-

349 2297 584 2352 cant:Tu
612 2296 755 2351 solus
775 2312 827 2347 es
846 2294 1112 2362 princeps,
1155 2290 1479 2361 espondcbit
1501 2289 1615 2344 eis:
1636 2287 1796 2342 Multa
1810 2298 1937 2342 sunt

349 2410 471 2460 qua:
500 2392 780 2445 destruere
833 2387 1023 2450 debeo,
1077 2394 1131 2438 et
1168 2384 1343 2438 adhuc
1382 2385 1663 2437 destruere
1706 2397 1813 2436 non
1842 2399 1934 2451 pn-

347 2487 425 2540 tni
461 2484 616 2537 :‘scio
640 2483 782 2552 quod
844 2479 1104 2533 ιιι-εείςιιιι.
1150 2476 1216 2529 Ει
1269 2491 1579 2545 quanquam
1638 2476 1803 2528 inulta
1842 2474 1936 2528 ad-

348 2578 713 2629 vers:rriorunt
751 2580 1069 2640 argumenta
1124 2568 1491 2637 superaverint
1530 2582 1546 2619 :
1586 2575 1767 2619 tamen
1801 2574 1934 2620 sunt

349 2673 630 2742 plcrapre,
686 2681 809 2736 qva:
863 2664 1040 2716 adhuc
1084 2660 1392 2730 superanda
1445 2668 1590 2714 sunt.
1648 2658 1933 2728 Simulque

353 2778 450 2831 spc
482 2762 793 2815 futurorum
834 2773 899 2810 ex
942 2757 1047 2819 bis,
1086 2770 1207 2823 qua:
1236 2753 1536 2821 superavit,
1576 2750 1741 2805 etiam
1774 2761 1935 2805 caete-

358 2872 539 2910 tnrurn
573 2853 675 2907 sibi
732 2849 1018 2904 victoriam
1076 2844 1417 2914 repromittit.
1464 2841 1729 2897 Juhentur
1754 2851 1931 2897 autem

353 2948 563 3001 ululare
612 2945 903 2999 simulacra
962 2936 1287 3002 Jerusalem,
1349 2944 1405 2989 et
1455 2934 1717 2989 Samaria
1767 2953 1782 2989 :
1823 2948 1930 2989 non

351 3044 469 3113 ipsa
502 3055 621 3110 quae
650 3039 774 3091 ficta
804 3044 930 3089 sunt
966 3051 980 3088 :
1011 3032 1104 3087 sed
1138 3031 1189 3085 bi
1223 3029 1350 3099 quia
1383 3043 1445 3082 ea
1470 3027 1749 3081 ﬁnxerunt
1781 3044 1797 3083 ξ
1828 3043 1930 3095 με-

2043 1210 2135 1247 rnr
2190 1193 2292 1251 fuit
2332 1195 2687 1252 sfortitudinis
2745 1214 2879 1253 mete
2931 1210 3093 1269 atque
3146 1202 3410 1268 victoriae,
3464 1216 3521 1258 ut
3556 1221 3622 1260 ne

2040 1287 2222 1341 fictum
2250 1289 2466 1357 quidem
2502 1299 2556 1344 et
2588 1291 2845 1361 gemitum
2904 1292 3026 1347 victi
3064 1292 3248 1349 ’lilnrre
3294 1297 3611 1364 proderent.

2034 1380 2175 1435 Sunt
2210 1383 2300 1449 qui
2337 1380 2452 1435 haec
2486 1383 2813 1451 generaliter
2860 1395 3050 1439 contra
3110 1402 3332 1453 regnum
3366 1387 3619 1459 Assyrio-

2039 1485 2156 1522 rum
2199 1471 2301 1524 diei
2336 1472 2693 1537 arbitrentur,
2743 1476 2885 1542 qrrod
2939 1486 3223 1547 postquam
3268 1481 3617 1550 compleverit

2039 1562 2302 1618 Dominus
2332 1575 2528 1619 cuncta
2562 1582 2726 1635 opera
2771 1585 2867 1623 sua
2895 1569 2944 1623 iu
2981 1580 3162 1626 monte
3184 1572 3326 1626 δίου
3358 1585 3411 1624 et
3444 1575 3493 1625 in
3518 1573 3619 1626 Je-

2040 1655 2304 1715 rusalem,
2332 1656 2435 1711 hoc
2460 1667 2565 1719 est,
2610 1667 2893 1728 postquam
2924 1661 3184 1716 subversa
3210 1663 3373 1717 fuerit
3392 1662 3619 1717 Jerusa-

2034 1747 2163 1809 lem,
2200 1748 2551 1819 Assyriorum
2593 1752 2879 1821 imperium
2905 1756 3239 1810 destruatur.
3279 1756 3405 1810 ΜΛιί
3434 1768 3615 1812 autem

2034 1848 2101 1887 cx
2135 1836 2217 1890 his
2245 1854 2365 1906 (tua:
2392 1852 2713 1910 sequuntur,
2752 1845 2967 1914 proprie
3015 1856 3204 1901 eorrtra
3243 1848 3618 1902 Sennaelrerib

2035 1939 2215 1995 regem
2248 1929 2592 2000 Assyriorum
2630 1935 2845 1988 videtur
2877 1938 3271 1992 comminatio.
3300 1939 3471 2004 Quod
3516 1955 3620 1994 au-

2028 2026 2145 2070 tem
2194 2019 2271 2073 ait
2328 2020 2664 2094 :Poslquam
2733 2028 3064 2098 compleverit
3120 2029 3376 2085 Dominus
3425 2043 3615 2086 cuncta

2029 2126 2194 2179 opera
2225 2129 2324 2165 sua
2352 2116 2408 2167 in
2446 2126 2618 2170 monte
2648 2116 2772 2171 Sion
2815 2130 2863 2173 et
2896 2122 2950 2175 in
2973 2121 3313 2188 Jerusalem,
3349 2138 3452 2178 non
3484 2125 3615 2178 sub-

2039 2204 2345 2260 versioncrn
2378 2208 2531 2262 turbis
2573 2209 2866 2278 significat,
2891 2213 2982 2266 sed
3004 2214 3369 2279 obsidionem,
3396 2219 3616 2286 quando

2037 2295 2486 2354 venititahsaces
2529 2301 2632 2353 dux
2669 2300 3062 2372 Sennarlterib,
3095 2316 3151 2360 et
3196 2321 3257 2360 ea
3287 2305 3462 2361 fecit"
3496 2326 3616 2378 qua:

2029 2389 2089 2442 iu
2124 2392 2520 2457 posterioribus
2552 2394 2691 2447 idem
2746 2396 3004 2463 propheta
3036 2411 3424 2455 commemorat
3473 2400 3613 2467 (Isa.

2038 2481 2812 2549 xxxrtynxvir).Secundum
2860 2487 3381 2557 trepolugiam,cnrn
3423 2494 3616 2546 Sattia-

2040 2575 2118 2627 ria
2146 2584 2200 2628 et
2224 2573 2543 2629 Jerusalem-
2562 2576 2770 2632 Domini
2794 2580 2957 2652 146
2982 2586 3115 2635 iram
3144 2585 3528 2651 sustinuerint,
3561 2598 3617 2641 et

2038 2666 2092 2719 in
2119 2665 2473 2723 fabricatione
2500 2670 2765 2725 idolorum
2812 2689 3029 2728 errasse
3053 2689 3111 2730 se
3136 2680 3408 2733 senserint
3439 2697 3453 2733 :
3482 2690 3614 2735 tunc

2033 2758 2347 2815 destruetur
2393 2776 2587 2817 sensus
2631 2779 2881 2833 magnus,
2927 2768 3183 2840 Assyrius
3212 2770 3322 2843 [ΑΙ.
3355 2774 3610 2844 Assyrio-

2034 2852 2201 2923 rum].
2231 2857 2322 2922 qui
2368 2853 2427 2908 in
2468 2864 2672 2911 tantam
2719 2870 2906 2914 contra
2953 2860 3238 2917 Doruiurrrn
3288 2868 3615 2923 iuliatuscst

2035 2943 2371 3011 superbiam,
2423 2954 2482 2999 ut
2536 2947 2823 3016 sapientia:
2871 2967 2981 3007 sua:
3010 2955 3379 3010 astinraverit
3421 2972 3614 3015 cuncta

2036 3049 2278 3100 cessura,
2312 3049 2367 3091 et
2408 3040 2615 3108 quaevis
2664 3042 2882 3097 excelsa
2939 3044 3216 3115 dogmata,
3251 3049 3611 3105 elidialectica

520 3094 533 3110 ,
1241 3094 1255 3099 -
1832 3094 1838 3095 κ
2265 3094 2275 3100 .
2426 3094 2444 3108 ,
2678 3094 2687 3095 κ
2748 3094 2762 3096 -
2944 3094 3216 3115 ποίμνη,
3252 3094 3609 3105 ---._...-.....

350 3131 679 3203 τωνυμιαῶς
708 3130 762 3183 lli
792 3126 881 3196 qui
917 3127 1189 3187 ἴεεθΐυιιιν
1225 3138 1322 3192 Per
1350 3137 1413 3176 8-1
1438 3136 1559 3190 quae
1586 3119 1728 3174 fama
1751 3131 1880 3174 ειιυι
1912 3135 1928 3185 ;
1960 3094 2003 3152 C
2036 3140 2156 3183 arte
2181 3131 2411 3195 monita,
2451 3135 2836 3198 concutienda.
2880 3148 2934 3192 et
2979 3140 3198 3208 penitus
3237 3142 3561 3197 destruenda
3595 3163 3609 3199 :

355 3242 412 3285 ιιι
442 3245 546 3283 non
579 3227 751 3280 solum
787 3224 839 3277 hi
896 3220 985 3289 qui
1043 3219 1096 3273 in
1142 3214 1444 3271 hmresibus
1494 3213 1635 3268 idola
1670 3212 1921 3287 fabricati

352 3335 502 3390 sunt,
535 3323 628 3377 sed
652 3321 745 3391 qui
777 3321 832 3373 iu
854 3315 1234 3383 *ECCICSiD'DQI‘
1262 3310 1620 3383 ignorantiam
1642 3308 1935 3365 defendunt

350 3416 710 3488 prove-ritate
744 3410 1117 3474 mendacium,
1154 3407 1364 3461 ululatu
1404 3413 1462 3459 et
1514 3403 1839 3473 poniitentia
1874 3416 1934 3456 se

348 3526 567 3567 errasse
599 3515 888 3562 ιυειοιιιιιτ.

427 3602 608 3675 (γωδ.
646 3598 855 3667 12-14;)
876 3613 916 3648 οι
962 3596 1026 3650 Ει
1056 3595 1165 3650 erit
1196 3608 1322 3647 cum
1350 3589 1708 3661 compleverit
1734 3586 1933 3642 Domi-

351 3710 458 3751 nus
481 3703 674 3748 cuncta
698 3704 860 3760 opera
911 3704 1007 3741 sua
1040 3688 1090 3741 in
1152 3696 1333 3741 monte
1373 3686 1523 3749 Sion,
1553 3695 1605 3737 et
1636 3683 1689 3737 in
1713 3681 1934 3737 Jerusa-

348 3788 480 3850 lem,
507 3784 665 3857 145
705 3784 937 3837 visitabo
973 3795 1136 3850 super
1168 3778 1406 3833 fructum
1453 3774 1720 3847 magnifici
1752 3774 1934 3827 cordis

351 3879 498 3949 regis
536 3879 728 3943 Assur,
753 3884 807 3928 et
843 3889 1007 3943 super
1042 3872 1268 3941 gloriam
1298 3870 1603 3924 altitudinis
1641 3868 1926 3921 oculorum

352 3970 494 4039 ejus.
536 3968 680 4021 Dixit
710 3968 882 4029 enim,
924 3965 998 4018 ~|u
1044 3961 1362 4017 fortitudine
1394 3976 1595 4016 manus
1623 3974 1777 4012 quea:
1807 3956 1932 4016 feci,

353 4072 412 4118 et
443 4066 495 4116 in
531 4060 794 4131 sapientia
850 4072 966 4111 inea
1018 4056 1279 4121 intellexi,
1328 4064 1384 4109 et
1433 4053 1629 4108 abstuli
1673 4052 1934 4105 terminos

352 4156 697 4228 populorum,
725 4163 778 4207 et
808 4151 1104 4221 «principes
1128 4161 1344 4203 ~eorum
1402 4146 1747 4215 deprscdalus
1784 4159 1930 4205 sum,

352 4260 409 4305 et
443 4247 663 4304 detraxi"
688 4247 839 4315 qrrasi
897 4254 1092 4314 puteus
1132 4242 1185 4294 in
1224 4238 1458 4294 sublimi
1509 4237 1841 4302 residentes;
1879 4245 1935 4291 et

355 4341 563 4398 invenit
594 4338 749 4410 quasi
792 4339 977 4391 nidum
1015 4348 1211 4387 manus
1256 4346 1382 4385 mea
1412 4330 1809 4384 ‘fortitudinem
1840 4344 1935 4399 po-

2037 3220 2396 3278 intautumut
2421 3225 2472 3278 in
2499 3226 2906 3282 similitudinem
2943 3230 3211 3299 pulloruru
3267 3234 3448 3287 avium
3494 3252 3612 3293 non

2038 3314 2253 3370 valeant
2282 3316 2333 3371 in
2376 3318 2988 3390 sublime~conwrgere,
3021 3334 3072 3378 et
3109 3327 3340 3382 necdum
3374 3329 3611 3385 animata

2039 3406 2374 3463 inserrsibilia
2409 3425 2531 3466 esse
2557 3421 2720 3481 atque
2756 3416 3048 3484 torpentia,
3084 3420 3226 3487 quod
3265 3436 3489 3476 ovorum
3521 3425 3613 3479 de-

2041 3508 2313 3553 monstrat
2346 3504 2681 3571 exeurplmu,
2705 3512 2851 3559 etne
2877 3509 3074 3561 mntire
3104 3510 3343 3578 quidem,
3375 3522 3429 3567 et
3464 3530 3616 3569 corn-

2033 3604 2260 3646 movere
2309 3592 2551 3663 linguam
2602 3604 2794 3650 contra
2844 3597 3107 3654 rationem
3147 3610 3200 3656 et
3240 3602 3613 3662 fortitudinem

2036 3684 2121 3736 sui
2158 3685 2426 3739 sermonis
2456 3687 2664 3742 arrdire.
3442 3676 3443 3679 Ἴ

2110 3775 2290 3846 (Vers.
2325 3779 2393 3832 15
2418 3783 2485 3849 )-‹
2534 3782 2788 3852 Nunquid
2846 3785 3167 3853 gloriabitur
3196 3789 3404 3845 securis
3426 3802 3615 3847 contra

2035 3884 2160 3923 eum
2199 3871 2294 3940 qui
2331 3882 2483 3927 secat
2519 3875 2571 3928 in
2605 3892 2697 3940 ea,
2738 3889 2829 3931 aut
2866 3879 3201 3935 esaltabitur
3235 3897 3383 3938 serra
3424 3900 3612 3940 contra

2036 3977 2157 4015 eum
2211 3980 2239 4015 a
2273 3981 2379 4033 quo
2433 3967 2708 4022 trahitur?
2744 3970 3029 4035 Quomodo
3080 3974 3124 4026 si
3178 3974 3415 4029 elevetur
3468 3978 3615 4047 virga

2035 4070 2224 4111 centra
2254 4058 2520 4115 levantem
2553 4076 2629 4126 se,
2662 4074 2716 4116 et
2737 4064 3004 4117 exaltetur
3031 4066 3271 4133 baculus,
3306 4071 3394 4139 qui
3430 4073 3507 4125 utri
3530 4089 3616 4138 pre

2027 4149 2239 4218 lignum
2295 4162 2396 4207 est.
2449 4172 2469 4205 ι
2520 4155 2719 4209 Contra
2776 4157 3164 4222 Scunaeherib,
3204 4162 3319 4217 sive
3357 4174 3415 4217 ut
3466 4167 3618 4218 multi

2037 4253 2250 4312 putant,
2275 4244 2771 4301 Nabuchodonosor
2789 4250 3107 4319 gloriantem
3133 4267 3293 4321 atque
3312 4258 3579 4311 dicentem
3603 4276 3617 4314 :

2030 4334 2098 4388 ειη
2134 4337 2444 4404 fortitudine
2486 4355 2673 4392 manus
2706 4357 2831 4394 utea:
2850 4343 2981 4408 «ei,
3015 4345 3066 4396 in
3092 4348 3355 4412 sapientia
3386 4365 3503 4402 mea
3539 4351 3618 4404 ia-

356 4435 605 4505 pulorarn
632 4438 740 4499 ;et
789 4429 938 4483 sicut
978 4424 1478 4494 tcoliigunturova,
1524 4437 1647 4492 «pne
1672 4422 1928 4477 derelicta

2042 4428 2235 4492 reﬂexi,
2274 4440 2329 4484 et
2364 4432 2587 4501 reliqua,
2632 4445 2853 4489 sanctus
2892 4430 3154 4506 propheta
3211 4443 3489 4510 respondit
3539 4445 3559 4473 ²
3604 4461 3619 4500 z

354 4533 516 4590 sunt;
553 4524 634 4577 sic
665 4519 975 4573 universam
1006 4526 1205 4572 terram
1232 4530 1332 4585 ego
1365 4515 1712 4585 eorrgregavi,
1744 4524 1801 4570 et
1829 4530 1932 4567 non

358 4613 577 4682 fuitqui
636 4619 884 4664 moveret
942 4622 1197 4677 pennam,
1248 4616 1303 4661 et
1360 4609 1599 4676 aperiret
1648 4616 1936 4675 os,-atque

358 4715 626 4776 ganrnret.
673 4724 689 4755 ι
734 4700 878 4757 LXX
926 4717 1026 4772 pro
1077 4701 1282 4764 fruetu,
1324 4716 1559 4763 sensum,
1588 4699 1669 4752 vel
1716 4712 1937 4751 mentem

357 4816 607 4871 magnam
673 4796 1019 4867 interpretati
1053 4804 1211 4848 stunt.
1249 4793 1389 4848 Post
1439 4794 1806 4861 captivitatem
1837 4791 1940 4844 Sa-

361 4892 569 4954 marita,
592 4902 644 4945 et
669 4888 1021 4959 Assyriorum
1084 4886 1394 4950 victoriam,
1450 4894 1506 4937 et
1558 4882 1940 4963 comminatio-

362 4998 486 5037 ncm
515 4982 805 5037 adversum
858 4978 1186 5043 Jerusalem,
1233 4977 1358 5046 quia
1401 4975 1694 5031 simulacra
1728 4975 1940 5030 imitata

365 5076 649 5138 Samaria,
698 5076 862 5129 simili
927 5074 999 5128 sit
1050 5072 1291 5128 ferienda
1340 5070 1646 5135 sententia;
1680 5083 1823 5122 nunc
1851 5068 1944 5121 ad-

370 5184 585 5222 versum
628 5168 805 5237 ipsum
860 5166 1143 5237 Assyrium
1195 5165 1285 5233 qui
1331 5160 1504 5216 elatus
1534 5172 1617 5215 cst
1672 5161 1724 5215 in
1755 5176 1946 5228 super—

373 5258 539 5324 biam,
570 5268 625 5312 et
657 5272 767 5311 sua:
805 5255 1143 5310 fortitudinis
1191 5253 1400 5322 putavit
1440 5265 1559 5305 esse
1616 5252 1761 5321 quod
1791 5251 1944 5313 vicit,

374 5353 636 5424 prOplteta
695 5348 956 5418 loquitur.
1012 5345 1157 5400 Dixit
1213 5346 1359 5400 enim
1417 5344 1721 5415 Assyrius.
1770 5343 1951 5398 cordis

375 5456 588 5498 tumore
620 5456 677 5496 se
702 5441 938 5509 jactaus,
972 5438 1113 5508 qrrod
1144 5438 1197 5491 in
1237 5437 1550 5490 fortitudine
1584 5450 1775 5489 manus
1814 5450 1947 5499 suat,

444 5580 460 5609 ¹
492 5579 660 5633 Antea
696 5585 814 5629 erat
844 5584 892 5628 et
926 5575 980 5627 in
1015 5590 1077 5627 ea
1110 5573 1230 5638 fecit
1295 5583 1402 5627 etc.

442 5652 464 5681 ’
500 5650 691 5702 Graeca
726 5659 854 5699 sunt
901 5635 1138 5699 Eusebii.
1170 5635 1238 5695 Ὠ
1290 5650 1509 5697 παιτων
1553 5644 1950 5714 ἀφρονέστατε.

368 5721 431 5774 οὐ
471 5721 721 5789 συνορᾷς,
761 5722 841 5769 ὅτι
892 5718 1013 5769 θῦτε
1064 5716 1232 5778 nam;
1284 5718 1474 5767 ἐα-ιςόν
1529 5733 1659 5768 ποτε
1733 5720 1949 5786 κινήσει

2034 4520 2456 4579 0-stuhissime
2513 4530 2861 4594 llltrHaiiIIm,
2916 4532 3006 4585 Dei
3034 4532 3201 4598 iram,
3254 4545 3398 4587 tuaur
3461 4547 3622 4605 putas

2038 4631 2157 4669 esse
2190 4618 2533 4684 sapientiam,
2570 4630 2623 4673 et
2656 4622 2799 4675 illius
2825 4624 3127 4691 jnSsionern
3165 4628 3230 4678 ad
3265 4638 3410 4681 trram
3451 4628 3622 4683 refers

2042 4709 2456 4764 lortitudinern?
2484 4714 2766 4778 Quomodo
2805 4716 2847 4768 si
2883 4717 3093 4770 sec-uris
3132 4719 3394 4786 glorietur
3430 4734 3620 4776 contra

2042 4817 2165 4853 errrrr
2194 4803 2285 4870 qui
2318 4806 2552 4857 securim
2586 4815 2751 4869 tenet,
2788 4817 2840 4859 et
2870 4822 3018 4861 serra
3052 4820 3239 4863 contra
3274 4812 3419 4863 ilhrrrr
3452 4828 3480 4864 a
3512 4828 3622 4880 quo

2047 4892 2300 4957 trahitur,
2337 4902 2390 4947 et
2423 4894 2631 4960 dicant,
2671 4907 2868 4950 cuneta
2901 4912 3064 4966 opera
3102 4915 3222 4966 qua:
3255 4916 3349 4970 per
3385 4905 3618 4957 securim

2044 4990 2098 5034 et
2126 4996 2333 5035 serram
2364 4984 2515 5051 fiunt,
2552 5001 2648 5038 sua
2677 4996 2792 5039 arte
2822 4990 3078 5054 perfccta.
3113 4990 3178 5044 Et
3205 4993 3248 5046 si
3274 4993 3443 5047 elevet
3473 4994 3628 5062 quis-

2036 5078 2192 5143 .piaru
2238 5074 2462 5144 virgam,
2502 5090 2555 5129 et
2587 5079 2787 5132 exalt-ct
2823 5080 3074 5135 baculum
3115 5086 3179 5136 ad
3219 5086 3624 5151 percutiendum

2049 5181 2212 5233 quem
2248 5166 2495 5232 voluerit,
2538 5178 2592 5221 et
2623 5169 2735 5237 ipsa
2770 5171 2919 5239 virga
2954 5186 3017 5225 ac
3049 5174 3272 5227 baculus
3303 5175 3626 5243 glorientur,

2049 5268 2105 5311 et
2143 5259 2327 5312 dicant
2359 5275 2387 5311 a
2425 5274 2483 5313 se
2518 5276 2833 5327 pereussum
2891 5278 3010 5316 esse
3043 5268 3134 5333 qui
3172 5280 3465 5333 percussus
3495 5279 3579 5322 est
3611 5283 3627 5321 :

2044 5352 2131 5405 sic
2151 5360 2205 5405 et
2230 5362 2282 5404 tu
2309 5368 2431 5407 cum
2453 5368 2717 5421 organum
2746 5358 2837 5408 Dei
2866 5356 3030 5410 fueris
3062 5360 3377 5423 voluntatis,
3402 5360 3631 5431 erigeris

2056 5443 2108 5496 itr
2135 5444 2461 5513 snperbiam,
2486 5457 2537 5499 ct
2569 5459 2761 5500 cuncta
2786 5463 2904 5517 quae
2932 5460 3212 5518 geruntur,
3250 5461 3351 5506 tuae
3381 5452 3632 5523 gloriaris

2032 5582 2149 5657 ini.
2178 5580 2352 5651 xonipr
2388 5582 2569 5657 ξύλῳ,
2606 5583 2678 5652 μὴ
2701 5584 2893 5650 ἑτέρου
2932 5584 3285 5657 ἐνεργοῦντος
3309 5627 3324 5652 ,
3353 5599 3483 5654 etc.,
3514 5601 3635 5657 qua:

2061 5655 2112 5704 to
2150 5669 2260 5705 t'cttt
2296 5669 2448 5707 attain
2476 5654 2693 5708 lltct‘on.
2722 5655 3016 5710 transtulit.
