3980 6200
325 353 422 420 NI
958 347 1454 411 COMMENTAR.
1507 349 1580 408 ΚΝ
1623 347 1880 407 15AM.“

2031 346 2386 407 OPiiii'i'.\.-\i
2431 345 2580 406 LAB.
2627 346 2723 418 iV,
2779 343 2937 409 CAP.
2975 346 3046 408 X.
3499 345 3603 410 142

323 487 448 529 esse
470 472 570 526 vir!
618 468 707 524 tis.
741 464 1011 535 Quidquid
1061 472 1239 518 autem
1273 463 1500 535 Assyrio
1526 464 1743 526 dicitur,
1771 470 1826 516 et
1847 461 1912 515 ad
1946 471 1987 525 Α
2019 471 2303 531 postquam
2340 460 2704 516 ecclesiastica
2739 462 2987 514 doctrina
3026 459 3263 514 illuserit
3284 501 3298 522 ,
3328 473 3382 515 et
3410 475 3602 516 omnes

326 570 708 624 Inereticnrum
741 559 1074 630 superbiam,
1107 567 1166 612 et
1201 559 1268 612 ad
1299 555 1572 610 diabolum
1602 555 1793 609 referri
1821 567 1890 620 po
2020 569 2104 608 eo:
2125 569 2213 606 um
2246 553 2512 624 decipqu
2544 557 2844 625 patucrint,
2880 563 3012 608 tunc
3045 558 3111 606 ad
3151 564 3354 607 tantam
3385 555 3608 609 veniam

327 671 454 724 test,
504 658 598 729 qui
638 656 868 717 securis,
912 662 962 706 et
1011 667 1182 713 serra,
1235 658 1289 703 et
1322 649 1470 717 virga
1525 649 1576 700 in
1623 646 1917 715 Scriptuiis
2019 647 2393 708 solitudinem,
2421 656 2479 701 ut
2511 647 2578 702 de
2606 649 2746 702 saliu
2779 657 2833 701 et
2863 647 3218 702 iul‘rurtuosis
3244 647 3533 701 arboribus
3555 659 3612 700 et

326 754 655 823 appellatur,
691 763 756 802 eo
795 745 934 814 quod
976 759 1070 811 per
1106 743 1252 796 illum
1293 742 1643 794 infructuosa:
1692 740 1918 793 arbores
2021 736 2406 791 innumerabili
2463 752 2649 791 eorum
2703 737 3067 802 multitudine,
3131 753 3292 804 quam
3355 737 3609 791 haeretica

330 842 707 903 succidantur,
742 847 797 890 ct
832 833 1164 894 dividantur,
1199 843 1362 900 atque
1394 837 1638 884 serretur
1667 830 1919 883 incretlu-
2020 827 2209 882 fraude
2247 827 2600 897 deceperant,
2643 829 2727 880 vix
2768 829 2922 895 pauci
2963 829 3238 882 resideant
3275 827 3369 894 qui
3422 841 3613 881 eorum

329 938 504 989 lorum
545 929 765 994 duritia,
801 937 855 980 et
896 923 1269 995 percutiantur
1307 920 1452 989 virga
1487 923 1576 990 qui
1619 935 1726 975 non
1781 919 1920 973 reci-
2021 931 2318 988 sequantur
2338 935 2602 974 errorem.
2635 919 2740 974 Pro
2767 920 2989 985 eoquod
3013 935 3110 974 nos
3129 923 3415 985 vertimus,
3440 921 3614 974 Mitte!

333 1027 485 1096 piunt
531 1022 898 1091 disciplinam.
951 1017 1200 1071 Haemtici
1243 1030 1458 1086 quoque
1491 1031 1722 1085 quorum
1760 1030 1824 1069 os
1866 1016 1918 1068 in
2023 1014 2278 1069 Dominus
2303 1013 2356 1066 in
2386 1013 2801 1083 pinguibusejns
2828 1016 3174 1080 tenuitatem,
3204 1012 3344 1067 LXX
3382 1026 3616 1068 transtu-

335 1121 533 1174 emtum
573 1115 818 1185 ponitur,
855 1121 909 1166 et
943 1111 1125 1182 lingua
1157 1124 1348 1162 eorum
1391 1108 1684 1177 pertransit
1725 1109 1776 1159 in
1813 1117 1923 1161 ter-
2023 1111 2224 1176 lerunt,
2253 1109 2420 1165 Uittet
2448 1109 2701 1164 Dominus
2725 1111 2779 1163 in
2803 1111 3053 1165 honorem
3082 1123 3224 1163 tuum
3252 1111 3618 1180 ignominiam.

338 1228 472 1274 rain,
499 1222 548 1263 et
581 1224 742 1262 sensu
772 1203 934 1275 quem
966 1219 996 1257 a
1033 1204 1137 1256 lico
1165 1202 1216 1254 in
1241 1201 1436 1254 bonam
1464 1214 1669 1269 partem
1699 1213 1922 1268 act'epe-
2025 1201 2092 1256 Et
2132 1217 2228 1271 pro
2269 1218 2332 1256 eo
2375 1203 2518 1272 quod
2561 1217 2660 1257 nos
2698 1203 2937 1256 diximus
2984 1223 2996 1258 :
3033 1203 3098 1256 Et
3143 1216 3358 1257 sanctus
3407 1203 3520 1272 ejus
3567 1204 3617 1254 in

339 1313 483 1362 runt.
520 1303 814 1352 abutuntur
842 1297 893 1349 in
927 1294 1262 1348 contrarium
1291 1303 1454 1360 atque
1477 1306 1818 1360 perversum,
1869 1299 1926 1343 nt
2027 1293 2268 1362 ﬂamma,
2305 1292 2378 1346 illi
2407 1302 2688 1347 verterunt
2719 1311 2733 1349 :
2760 1293 2830 1348 Et
2858 1294 3208 1362 sanctiﬁcabit
3232 1283 3432 1348 enm’iu
3462 1295 3580 1364 igne
3603 1334 3617 1348 .

341 1398 628 1464 loquamur
660 1399 848 1445 contra
884 1403 1006 1442 eum
1042 1403 1069 1439 a
1107 1402 1213 1456 quo
1244 1386 1446 1440 conditi
1486 1394 1634 1447 sunt,
1677 1383 1836 1455 147
1873 1391 1927 1437 ct
2027 1399 2126 1454 per
2159 1386 2301 1451 quod
2334 1384 2559 1453 quidam
2597 1385 2824 1456 intelligi
2862 1387 3050 1440 volunt
3086 1402 3273 1456 pinnas
3313 1398 3473 1456 atque
3513 1395 3620 1441 tor-

341 1486 533 1556 lingua:
585 1481 970 1541 ministerium,
1017 1493 1122 1546 quo
1171 1475 1473 1531 laudandus
1515 1485 1601 1530 est
1645 1475 1926 1539 Dominus,
2031 1489 2216 1529 menta
2251 1478 2316 1527 ad
2349 1477 2449 1529 hoc
2479 1476 2726 1530 adhiberi
2757 1480 3156 1547 peccatoribus,
3201 1489 3256 1531 ut
3290 1479 3477 1532 divino
3503 1481 3621 1547 igne

345 1582 556 1630 vertant
581 1576 634 1627 in
664 1569 1055 1640 blasphemiam
1087 1567 1259 1636 (Psal.
1283 1567 1474 1636 miti).
2031 1578 2356 1636 purgentur.
2391 1566 2657 1636 Quodque
2693 1585 2791 1623 nos
2822 1570 3057 1624 diximus
3095 1587 3109 1627 ;
3143 1569 3209 1624 Et
3241 1569 3418 1640 gloria
3453 1573 3622 1624 mlius

415 1667 594 1732 (Ἶρι-ε.
636 1665 701 1718 I6
739 1664 913 1732 seqq.)
952 1679 970 1711 ι
1015 1661 1240 1728 Propter
1273 1659 1374 1712 hoc
1411 1661 1589 1711 mittet.
1625 1656 1933 1710 dominator
2031 1659 2244 1728 eius,“
2271 1657 2504 1714 Carmeli
2531 1659 2645 1729 ejus
2671 1677 2691 1714 :
2715 1661 2787 1716 illi
2823 1662 3160 1730 interpretati
3197 1673 3325 1717 sunt
3361 1681 3374 1718 :
3410 1661 3622 1717 Exstin—

345 1763 602 1815 Domiuus
643 1756 975 1811 exercituum
1017 1754 1070 1806 in
1104 1750 1394 1822 pinguibus
1429 1751 1548 1818 ejus
1584 1749 1929 1812 tenuitatem,
1966 1819 2001 1825 ῌ
2031 1763 2260 1823 guentur
2282 1762 2505 1820 utentes,
2533 1765 2583 1807 et
2611 1753 2790 1819 colles,
2814 1764 2866 1808 et
2893 1755 3088 1818 saltus,
3121 1771 3234 1825 quo
3263 1757 3442 1810 omnis
3465 1756 3624 1824 Assy-

347 1863 400 1905 ct
431 1854 623 1904 subtus
647 1848 874 1918 gloriam
906 1843 1017 1924 [τυ.
1043 1839 1246 1914 gloriae]
1272 1840 1393 1910 ejus
1430 1855 1692 1898 succensa
1721 1838 1936 1892 ardebit
1966 1819 2008 1878 Β
2036 1819 2243 1899 riornm
2277 1819 2499 1901 claritas
2529 1854 2587 1901 et.
2618 1847 2902 1918 superbia,
2938 1857 2994 1902 et
3036 1819 3328 1902 mal-titulo
3372 1819 3624 1905 liuiuilie-

349 1945 503 2014 quasi
535 1940 840 1996 combustio
872 1937 1032 2008 ignis.
1067 1935 1131 1989 Et
1159 1934 1265 1989 erit.
1294 1934 1476 1988 lumen
1504 1931 1668 1986 Israel
1702 1932 1754 1984 in
1791 1930 1934 2000 igne,
2042 1947 2128 1990 tur
2151 1937 2443 1992 exstincta.

350 2048 402 2089 ct
434 2045 656 2088 sanctus
686 2031 804 2102 ejus
833 2031 885 2084 in
915 2029 1129 2081 Ilatnma
1163 2044 1178 2083 :
1208 2035 1265 2080 et
1291 2023 1654 2080 succendetur
1687 2032 1740 2076 et
1769 2023 1937 2077 devo-

351 2134 556 2184 rabitur
591 2128 747 2198 spina
789 2123 932 2194 ejus,
971 2132 1024 2178 et
1058 2135 1252 2191 vepres
1291 2121 1347 2174 in
1379 2120 1466 2174 die
1506 2133 1635 2173 una.
1671 2119 1738 2172 Et
1765 2117 1938 2188 gloria
2106 2119 2289 2187 (Vas.
2314 2120 2386 2176 20
2422 2124 2602 2192 seqq.)
2639 2141 2656 2174 ι
2696 2121 2758 2177 Et
2792 2123 2896 2178 erit
2929 2123 2981 2177 in
3011 2123 3098 2178 die
3131 2122 3242 2189 illa,
3270 2139 3380 2180 non
3413 2123 3630 2196 adiiciet

347 2223 516 2279 saltus
554 2220 694 2289 ejus,
731 2229 788 2274 et
807 2216 1044 2273 Carmeli
1067 2215 1188 2286 ejus
1221 2214 1290 2268 ab
1315 2213 1496 2268 anima
1525 2225 1699 2280 usque
1725 2209 1793 2264 ad
1818 2224 1938 2262 caro
2041 2217 2319 2266 residuum
2343 2213 2531 2273 Israel.
2553 2225 2605 2267 et
2627 2215 2680 2268 hi
2710 2217 2800 2284 qui
2829 2215 3023 2270 salvati
3055 2214 3257 2271 fuerint
3279 2220 3344 2270 de
3372 2218 3530 2272 domo
3549 2216 3625 2272 ιιι

349 2333 470 2372 nem
489 2323 861 2376 constituetur,
884 2318 937 2364 et
955 2310 1062 2364 erit
1086 2320 1294 2364 terrore
1315 2304 1600 2375 profugus,
1624 2313 1677 2357 et
1699 2301 1944 2369 reliquae
2043 2306 2166 2368 cob,
2197 2304 2351 2359 inuiti
2384 2321 2551 2376 super
2575 2321 2644 2362 eo
2677 2307 2767 2376 qui
2799 2311 3034 2378 percutit
3065 2308 3172 2378 (Al.
3201 2310 3486 2380 percutiet)
3519 2323 3633 2376 eos,

349 2408 475 2476 ligni
529 2404 700 2464 saltus
753 2401 873 2472 ejus
919 2414 1031 2470 prae
1073 2398 1343 2468 paucitate
1387 2395 1840 2455 munerabantur.
1889 2401 1944 2445 et
2041 2402 2139 2452 sed
2168 2399 2428 2454 innitetur
2449 2415 2614 2469 super
2641 2400 3383 2458 Dominumsanctumlsrael
3410 2409 3462 2457 in
3494 2402 3634 2458 veri-

351 2515 485 2568 puer
523 2499 721 2553 scribet
752 2511 866 2548 eos.
911 2513 930 2546 ι
974 2493 1107 2560 Quia
1151 2491 1252 2546 ista
1299 2489 1500 2551 iecisti,
1541 2497 1595 2541 et
1638 2487 1854 2542 lticltllts
1887 2500 1945 2537 es
2044 2500 2178 2544 ιυιθ,
2208 2489 2477 2560 Reliquis
2513 2502 2926 2557 convertentur,
2963 2495 3232 2563 reliquias,
3270 2495 3513 2564 Inquam,
3547 2496 3633 2553 δε-

350 2608 653 2663 ιιιιίιεδιψτει
673 2589 1206 2658 narravi,pt'0p1erea
1226 2587 1394 2639 mittet
1419 2583 1676 2636 Dominus
1694 2578 1943 2648 angi-luit
2046 2584 2170 2649 θυι),
2209 2587 2274 2638 ω
2322 2585 2608 2640 υυιηίιιιιιιι
2654 2584 2878 2640 forte"),
2921 2587 2980 2641 Si
3019 2586 3164 2641 enim
3203 2587 3367 2642 [ηρτίι
3405 2589 3637 2656 pupula,-

353 2700 536 2747 snuui,
568 2692 622 2733 et
651 2694 752 2732 una
782 2691 942 2734 nocte
963 2688 1181 2733 centum
1208 2675 1485 2743 octoginta
1513 2674 1756 2744 quinque
1781 2668 1945 2722 millia
2051 2687 2174 2732 ina,-
2212 2677 2376 2732 ιεηνι
2411 2680 2564 2747 quasi
2608 2695 2773 2732 arena
2813 2679 2998 2740 meris,
3037 2679 3279 2748 reliquiae
3309 2691 3638 2736 converten-

356 2772 424 2824 de
445 2781 537 2824 tuo
567 2769 865 2824 morientur
893 2766 1133 2820 exercitu
1169 2781 1183 2820 :
1217 2764 1289 2818 ita
1319 2775 1374 2818 ut
1409 2762 1774 2834 potentissimi
1817 2763 1944 2831 qtti-
2051 2779 2138 2822 tur
2164 2784 2228 2822 cit
2259 2785 2347 2825 eo.
2375 2768 2790 2823 Coosninmatio
2818 2769 3133 2823 abbreviata
3166 2771 3453 2824 inundabit
3472 2772 3638 2840 justi-

361 2880 493 2933 que,
518 2863 896 2931 quospingues
918 2858 1180 2929 appellat,
1209 2857 1600 2927 rediganturin
1624 2857 1942 2912 tenuitatem
2051 2861 2204 2916 tiam.
2263 2860 2804 2916 Consummationem
2861 2862 3008 2915 enim
3071 2874 3126 2916 et
3179 2863 3640 2918 abbreviationem

356 2965 413 3008 et
449 2957 501 3008 in
530 2954 681 3007 nihili
719 2969 734 3006 :
773 2966 828 3006 et
861 2952 1004 3005 sicut
1039 2949 1248 3006 Hebraei
1284 2951 1525 3016 tradunt,
1570 2951 1751 3006 illtesis
1783 2952 1948 3005 vesti-
2053 2953 2315 3008 Dominus
2365 2953 2506 3008 bons
2543 2953 2880 3007 exercituum
2925 2955 3088 3008 faciet
3131 2954 3182 3007 in
3240 2956 3416 3009 ntedio
3467 2955 3642 3010 omnis

360 3045 464 3099 bus
487 3046 1104 3114 Assyriornm,corpora
1128 3041 1343 3098 occulto
1366 3053 1679 3098 crementur
1703 3043 1948 3098 ardore;
2055 3054 2232 3100 terra}.
2276 3063 2296 3096 ι
2339 3043 2441 3100 υ.ιί
2483 3045 2535 3098 in
2576 3044 2771 3099 Graeco
2803 3043 2996 3098 dicitur
3035 3059 3050 3098 :
3091 3043 3474 3100 Conmtentar
3518 3047 3644 3100 reli-

361 3149 489 3192 tuue
527 3138 705 3190 lumen
745 3135 906 3191 Israel
938 3147 992 3190 et
1025 3147 1272 3198 sanctus,
1303 3137 1406 3189 ltoc
1433 3144 1536 3196 est.
1568 3135 1816 3206 angelus,
1848 3139 1953 3189 erit
1982 3176 2022 3231 Γ
2054 3139 2197 3209 quia:
2248 3137 2416 3191 Jacob
2470 3137 2540 3192 ad
2587 3137 2753 3191 Deum
2801 3140 3036 3207 fortem,’
3076 3153 3174 3206 pro
3225 3139 3334 3194 Deo
3387 3139 3534 3206 forti,
3591 3140 3645 3195 in

359 3232 418 3286 in
454 3235 575 3300 igne
596 3242 647 3282 et
675 3231 726 3282 in
746 3228 984 3294 ﬂamma,
1007 3238 1064 3282 et
1083 3243 1272 3284 omnes
1295 3229 1464 3297 spina:
1481 3241 1546 3280 ac
1571 3241 1760 3296 vepres
1784 3231 1953 3297 Assy-
1982 3215 2024 3233 ’δ
2058 3233 2286 3286 IIebmo
2308 3231 2570 3301 scriptum
2597 3230 2758 3285 habet
2783 3245 2847 3284 BI.
2874 3245 3067 3286 ctuuon
3101 3235 3250 3301 (312:
3273 3215 3390 3302 ’93).
3414 3234 3521 3287 dno
3552 3249 3647 3286 no-

365 3338 596 3384 rtorutn.
635 3322 686 3375 id
718 3331 818 3386 est,
847 3321 1047 3374 malitia
1089 3330 1459 3386 consutnetur,
1487 3336 1593 3375 non
1632 3322 1790 3391 longo
1817 3331 1953 3375 tein-
2059 3327 2208 3377 mina
2247 3323 2316 3376 de
2351 3337 2445 3376 Sex
2483 3320 2817 3382 nominibus,
2859 3322 3056 3389 quibus
3102 3324 3386 3390 parvulum
3427 3336 3648 3391 puerum

366 3434 518 3486 pore,
541 3417 635 3470 sed
659 3431 766 3469 uno
795 3415 880 3468 die
904 3423 1065 3484 atque
1090 3422 1384 3467 momento.
1414 3411 1763 3482 Eiquomodo
1785 3413 1957 3468 stltus
2060 3427 2114 3471 et
2148 3415 2342 3475 lilium.
2375 3417 2466 3484 qui
2499 3415 2656 3468 datus
2681 3422 2768 3468 est
2796 3414 2974 3478 nobis,
3015 3428 3175 3482 supra
3209 3413 3437 3482 legimus
3469 3415 3649 3484 appel-

366 3522 425 3565 et
468 3510 772 3575 Carmelus,
818 3510 907 3577 qui
951 3517 1035 3562 est
1080 3522 1237 3561 mons
1291 3507 1340 3560 in
1381 3505 1600 3561 Galil-tea
1647 3507 1957 3560 nemoribus
2061 3509 2252 3563 latum.
2283 3507 2350 3562 Et
2383 3523 2482 3577 pro
2513 3522 2579 3562 eo
2613 3511 2753 3573 quot
2787 3508 3048 3574 scriptum
3077 3520 3163 3559 est
3195 3521 3210 3559 :
3247 3503 3500 3574 Reliquiae
3530 3523 3628 3560 con

369 3602 638 3666 censitus,
665 3602 951 3670 supposito
978 3600 1100 3666 igne
1137 3599 1398 3653 velociter
1426 3607 1810 3652 Concrematnr
1837 3613 1853 3653 :
1879 3600 1958 3654 sic
2061 3613 2346 3669 uertentur,
2390 3618 2486 3672 pro
2516 3618 2584 3657 eo
2615 3601 2817 3656 dicitur
2850 3604 2900 3652 in
2943 3597 3170 3654 Ηυιιηιιο
3200 3613 3363 3653 "uiue
3397 3616 3429 3653 ο
3461 3601 3652 3668 sing“-

369 3696 441 3746 ab
468 3696 647 3747 anima
671 3710 842 3762 usque
866 3693 934 3747 ad
955 3707 1176 3747 carnem
1202 3692 1378 3746 omnis
1402 3691 1609 3761 Assyrii
1633 3692 1802 3760 gloria
1825 3708 1961 3746 conm
2063 3697 2187 3762 lari,
2213 3698 2352 3766 quod
2390 3694 2651 3763 reliquum
2697 3701 2775 3747 est
2821 3701 3168 3753 convertatur,
3204 3691 3254 3743 id
3289 3699 3392 3755 est,
3439 3691 3498 3742 τὸ
3523 3691 3653 3742 ὑπό·

371 3797 641 3840 sinuetur.
702 3785 852 3839 'l‘unc
914 3784 1174 3852 spoliatus
1226 3783 1507 3839 exercitus
1559 3783 1755 3854 fugiet.
1814 3785 1958 3854 quod
2062 3791 2277 3860 λειμμα
2322 3789 2668 3858 ἐπιστρέψει,
2709 3787 2763 3840 in
2799 3785 3024 3840 llebraeo
3065 3786 3326 3840 scribitur
3358 3799 3458 3840 san
3498 3800 3655 3840 usus

372 3881 518 3932 idem
545 3882 595 3930 in
619 3881 1075 3948 consequentibus
1099 3881 1359 3948 propheta
1389 3885 1639 3943 testatur,
1671 3888 1726 3933 et
1753 3877 1821 3932 de
1852 3892 1958 3931 tant
2065 3884 2219 3952 (νων
2249 3882 2426 3951 ήκω),
2466 3879 2534 3934 Et
2561 3896 2626 3934 ex
2660 3880 2763 3933 hac
2807 3895 2937 3931 occa
2976 3878 3101 3932 ioue
3147 3879 3416 3933 sermonis
3461 3889 3656 3948 putant

374 3969 761 4024 innumerabili
819 3972 1167 4028 multitudine
1215 3987 1336 4042 quae
1377 3971 1631 4026 Carmelo
1689 3980 1744 4026 et
1798 3970 1959 4024 saltui
2065 3974 2233 4030 Jasub
2265 3975 2432 4028 lilium
2463 3973 2618 4028 Isaia:
2653 3971 2946 4041 insignum
2976 3970 3218 4024 Salvanili
3257 3985 3322 4024 ex
3364 3971 3527 4024 Israel
3562 3987 3656 4041 po-

376 4071 696 4133 cau‘nparata
737 4074 841 4129 est,
880 4065 950 4118 ad
1005 4073 1209 4120 tantam
1268 4065 1450 4120 veniet
1497 4065 1846 4136 paucitatem,
1905 4072 1963 4116 ut
2068 4070 2179 4138 puli
2251 4067 2612 4137 przecessisse.
2665 4065 2896 4130 Quando
2951 4079 3082 4135 ergo
3123 4063 3307 4118 lumen
3360 4063 3546 4128 Israel,
3602 4074 3659 4118 et

378 4174 515 4227 put-r
558 4158 811 4226 parvulus
863 4173 959 4214 eos
1001 4159 1172 4228 possit
1205 4173 1493 4214 numerare
1533 4169 1589 4213 et
1631 4157 1959 4212 describere.
2069 4172 2292 4217 sanctus
2330 4160 2564 4215 Carmeli
2595 4159 2770 4213 saltus
2810 4172 3112 4228 vepresqne
3145 4157 3574 4228 consumpSerit,
3601 4167 3658 4211 et

376 4249 628 4302 Tradunt
657 4267 801 4304 cnnn
831 4249 1062 4315 Hebraei,
1104 4253 1292 4306 decem
1323 4261 1532 4304 tantum
1565 4253 1629 4303 de
1656 4253 1776 4316 ejus
1805 4264 1936 4304 exer
2073 4270 2164 4308 rex
2212 4254 2469 4324 Assyrius
2526 4268 2648 4306 cum
2699 4251 2888 4320 paucis
2934 4250 3130 4319 fugerit
3196 4265 3212 4304 :
3275 4237 3428 4304 tunc!
3457 4248 3657 4305 residui

376 4346 491 4395 citu
519 4343 882 4405 remansisse;
910 4355 1221 4397 nostrorum
1248 4342 1468 4412 quidam
1492 4345 1683 4394 volunt
1715 4344 1855 4394 hunc
1878 4355 1960 4393 re-
2072 4347 2260 4409 lsi-net,
2302 4345 2394 4415 qui
2443 4360 2564 4399 cum
2620 4344 2851 4398 Ezecliia
2915 4342 3158 4412 principe
3212 4343 3402 4413 captis'
3445 4342 3660 4397 (ueteris

380 4451 501 4504 gem
531 4448 712 4504 typum
735 4449 857 4489 esse
877 4435 1202 4488 adversaria:
1229 4434 1580 4488 fortitudinis.
1611 4432 1676 4486 Et
1697 4432 1968 4501 quomodo
2072 4438 2270 4494 ludum
2323 4438 2548 4492 urbibus
2591 4431 2753 4508 15,9
2795 4435 3185 4490 obsidebantur
3226 4435 3278 4488 in
3337 4433 3658 4498 Jerusalem,

380 4531 437 4583 in
479 4531 697 4584 Daniele
736 4531 880 4600 (cap.
918 4531 972 4602 ιι)
1011 4530 1242 4602 legimus
1292 4530 1562 4599 principes
1597 4529 1750 4596 regni
1774 4525 1968 4581 Persa-
2007 4519 2050 4573 Ι)
2083 4545 2430 4602 nequaquam
2464 4529 2738 4584 conﬁdent
2761 4531 2810 4581 in
2837 4527 3058 4596 Assyrio
3085 4543 3099 4580 :
3124 4526 3262 4580 sicut
3291 4541 3431 4579 nunc
3459 4525 3667 4579 faciunt

387 4644 532 4690 rnui,
561 4639 616 4679 et
652 4627 799 4690 regni
837 4623 1137 4686 Medorum,
1171 4634 1224 4676 et
1263 4624 1409 4693 regni
1443 4621 1778 4686 Graecorum,
1809 4623 1887 4674 sic
1915 4629 1970 4674 et
2075 4627 2177 4681 sub
2212 4624 2392 4677 Achaz
2429 4637 2574 4692 rege,
2612 4623 2701 4690 qni
2745 4622 2890 4676 misit
2925 4622 3144 4674 nuntios
3177 4619 3242 4673 ad
3280 4633 3456 4687 regem
3492 4617 3668 4688 Assy—

383 4718 688 4790 principem
721 4731 840 4771 esse
871 4717 1241 4786 Assyriorum,
1277 4715 1368 4784 qui
1409 4724 1630 4784 propter
1660 4713 1970 4782 superbiam
2078 4722 2280 4776 riornm
2321 4717 2504 4772 dieas
2554 4731 2569 4771 :
2625 4713 2816 4768 Servus
2853 4723 2972 4766 tuus
3019 4729 3110 4783 ego
3159 4729 3296 4774 sum,
3349 4709 3566 4762 ascende
3617 4715 3670 4759 ιι

389 4827 587 4866 sensus
627 4825 852 4882 magnus
889 4822 1132 4874 vocetur,
1174 4819 1228 4862 et
1267 4811 1320 4862 in
1361 4810 1448 4863 die
1483 4807 1672 4878 jndicii
1713 4807 1972 4874 gehennae
2078 4812 2244 4864 libera
2287 4825 2367 4862 me
2400 4807 2464 4860 de
2505 4822 2665 4859 manu
2709 4806 2844 4874 regis
2881 4804 3075 4874 Syr-iw,
3123 4811 3173 4856 et
3216 4805 3278 4854 de
3321 4815 3480 4852 manu
3532 4803 3669 4867 regis

391 4907 636 4956 tradatur
659 4901 966 4966 ardoribus,
996 4917 1115 4971 qn:e
1143 4912 1442 4970 praeparata
1465 4911 1546 4955 est
1568 4901 1780 4954 diabolo
1801 4909 1854 4955 et
1877 4911 1976 4952 an—
2083 4900 2277 4962 Israel,
2297 4899 2388 4970 qui
2406 4909 2845 4952 consurrexerunt
2871 4902 3146 4949 adversum
3175 4890 3372 4960 metIV
3400 4891 3525 4960 lleg.
3552 4907 3664 4954 xvi,

386 4998 525 5067 gelis
571 4997 709 5064 ejus.
754 4994 822 5048 Et
867 4995 1046 5048 lumen
1092 4994 1254 5049 Israel
1293 5003 1348 5049 et
1389 5003 1662 5056 sanctum,
1721 4995 1824 5046 hoc
1869 5001 1976 5058 est,
2085 4993 2426 5062 7):quando
2447 4991 2573 5044 tulit
2593 5005 2786 5042 aurum
2807 5000 2860 5042 et
2885 4997 3188 5057 argentum,
3214 4983 3358 5053 quod
3389 4986 3665 5037 inventum

386 5090 569 5158 ipsum
593 5088 875 5142 Dominum
896 5087 1228 5141 succendere
1248 5103 1438 5156 vepres
1459 5101 1523 5140 ac
1540 5088 1724 5156 spinas
1745 5085 1976 5154 Assyrii,
2083 5097 2168 5142 est
2197 5089 2249 5140 in
2285 5087 2404 5139 thes
2423 5087 2553 5139 turis
2577 5083 2774 5139 domus
2805 5080 3040 5144 Domini,
3069 5091 3125 5132 et
3151 5079 3202 5130 in
3233 5077 3395 5131 domo
3427 5077 3592 5145 regia,
3614 5086 3669 5128 et

387 5195 718 5247 omnemque
741 5181 884 5233 illius
908 5181 1205 5249 potentiam
1229 5187 1283 5232 et
1305 5178 1730 5233 innumerabiles
1756 5178 1980 5248 pupillos
2087 5179 2236 5234 misit
2273 5179 2384 5247 regi
2418 5176 2767 5246 Assyriorum
2797 5185 3043 5236 munera,
3082 5169 3388 5239 audivitque
3419 5184 3538 5222 eum
3576 5183 3668 5222 rex

390 5273 463 5326 ad
491 5272 643 5325 nihili
670 5271 1034 5326 deducendos.
1053 5268 1206 5326 Tunc
1228 5287 1350 5326 eum
1376 5271 1572 5326 timore
1601 5274 1978 5340 perterritum,
2085 5269 2368 5341 Assyrius,
2404 5277 2460 5322 et
2493 5268 2642 5322 venit
2678 5267 2730 5320 in
2772 5265 3116 5328 Damascum,
3159 5272 3214 5316 ct
3251 5264 3392 5329 cepit
3426 5277 3567 5324 eam,
3617 5270 3674 5313 ct

389 5363 547 5431 quissi
571 5361 854 5414 colubrum
887 5371 1187 5417 tortuosum
1212 5372 1268 5416 et
1297 5363 1605 5432 lugitivum,
1634 5363 1982 5416 imminentes
2089 5361 2388 5424 transtulit,
2429 5369 2484 5414 et
2524 5358 2692 5412 Rasin
2727 5354 3036 5422 interiecit;
3070 5357 3164 5410 sed
3201 5355 3411 5409 liberati
3452 5356 3517 5406 ab
3555 5355 3670 5421 ipso

392 5467 584 5523 pinnas
639 5452 774 5506 velle
814 5454 1006 5506 vitare.
1047 5454 1147 5519 Qui
1192 5463 1373 5507 autem
1415 5453 1483 5508 de
1521 5454 1661 5507 saltu
1705 5465 1762 5506 et
1821 5450 1985 5522 148
2089 5454 2310 5524 Assyrio
2354 5466 2699 5520 percussore,
2749 5449 2841 5518 qui
2897 5449 3047 5518 prius
3096 5449 3325 5510 amit-us,
3382 5457 3435 5501 ct
3484 5458 3668 5515 postea

390 5549 716 5602 confusione
733 5547 852 5616 ejus
872 5549 1139 5618 [ignisque
1162 5551 1423 5618 perituris
1441 5548 1984 5617 potnerintevadere,
2093 5547 2264 5600 hostis
2302 5546 2606 5606 exstiterat,
2651 5543 2952 5620 iunitentur
2991 5553 3154 5612 atque
3192 5539 3467 5596 coulldeut
3506 5552 3674 5607 snper

391 5653 493 5694 eos
533 5641 724 5707 dignos
771 5639 1030 5703 existere,
1062 5640 1151 5708 qui
1205 5649 1555 5694 numerentur
1587 5648 1640 5692 et
1669 5639 1987 5693 describau-
2093 5640 2378 5694 Dominum
2416 5650 2658 5691 sanctum
2697 5636 2882 5702 Israel,
2925 5652 3267 5707 nequaquam
3305 5633 3539 5697 falso,nt
3573 5635 3678 5688 sub

395 5741 487 5785 tur
521 5750 548 5781 a
585 5748 774 5800 puero,
805 5732 960 5800 cujus
999 5731 1333 5799 principatus
1368 5732 1419 5784 in
1457 5730 1697 5785 humeris
1728 5734 1846 5798 ejus
1882 5738 1986 5783 est.
2095 5731 2621 5803 prioribusfecerant
2651 5731 2885 5801 regibus,
2910 5733 3003 5787 sed
3036 5733 3087 5784 in
3113 5731 3362 5783 veritate.
3398 5730 3548 5791 Quod
3576 5725 3680 5779 sub

396 5825 513 5881 Hoc
558 5829 738 5895 ipsum
777 5835 828 5879 et
883 5827 950 5880 ad
1009 5826 1291 5881 liazrcticos
1323 5824 1511 5882 referri
1560 5833 1732 5895 potest
1777 5842 1789 5878 :
1844 5824 1988 5894 (ιιι-ιι
2095 5825 2325 5879 Ειιειιιιὶιι
2344 5823 2543 5878 factum
2570 5823 2797 5893 legimus
2829 5841 2842 5878 :
2871 5826 2941 5879 ita
2969 5822 3208 5879 uti.lolis
3230 5821 3524 5880 derelictis.
3549 5832 3680 5873 con-
