3980 6200
363 325 477 393 145
955 330 1366 393 COMMENTP.
1386 333 1459 391 Β.
1505 332 1894 395 INJSAIAM
1929 332 1964 394 Γ

2079 335 2396 399 ΡΙΙΕΤΛΜ
2450 338 2593 409 LIB.
2627 344 2729 415 ιν,
2768 346 2928 407 CAP.
2968 347 3040 409 Χ.
3543 347 3647 427 ii'i

364 444 738 501 Trans?cruut
768 444 967 497 cursim
995 444 1178 525 Cabee
1206 444 1364 505 sedes
1395 456 1579 502 nostra
1607 447 1735 517 (sive
1757 458 1811 501 ut
1837 447 1963 503 alibi
1993 454 2036 513 Α
2068 440 2337 507 Πόὶιηιῑρο
2371 468 2477 507 non
2507 454 2760 513 habetur.
2799 458 2862 513 Et
2894 471 3037 515 tanta
3068 461 3169 516 erit
3201 461 3456 533 htgientis
3482 465 3649 532 trepi—

362 535 622 605 scriptum
670 532 957 599 repetimus
988 551 1007 589 :
1043 536 1323 592 mansione
1372 541 1713 608 manserunt)
1742 555 1756 604 ;
1784 539 1961 610 152
2063 543 2235 606 datio,
2273 556 2331 599 ut
2379 547 2447 602 ibi
2496 565 2715 606 manere
2760 570 2867 611 non
2924 555 3140 620 audeat,
3174 532 3277 610 sed
3310 556 3561 610 [l‘allsillil
3592 546 3653 609 iri

362 628 649 695 obstupuit
685 626 876 692 liama,
903 625 1050 681 Caba
1087 626 1264 682 Saulis
1297 627 1450 699 fugit.
1483 628 1646 684 lliuni
1686 620 1812 685 voce
1852 644 1960 698 ltta,

367 721 475 775 ﬁlia
511 720 749 786 Gallint;
780 720 1023 782 attende.
1055 720 1235 787 Laisa,
1272 725 1602 795 paupercula
1635 724 1912 779 Attalltotlt
1942 738 1957 778 :

370 811 625 879 migravit
675 810 1027 879 Medemena;
1068 814 1406 871 habitatores
1451 817 1640 872 Cebim
1689 817 1965 873 conforta-

368 905 529 956 mni.
575 905 768 959 Adhuc
817 906 932 959 dies
979 915 1084 970 est,
1119 918 1178 960 ut
1225 907 1279 961 in
1326 907 1443 963 Nob
1487 921 1699 979 stetur;
1738 910 1967 982 agitabit

371 1013 592 1050 manum
626 1013 781 1051 suam
832 1014 996 1068 super
1031 1011 1265 1055 montem
1308 1004 1427 1058 lilia:
1463 1004 1616 1069 Sion,
1646 1005 1840 1059 eollem
1876 1005 1964 1060 Je—

373 1091 632 1143 rusalem.
672 1108 690 1141 ι
725 1089 863 1144 LXX
896 1110 909 1145 :
945 1111 963 1142 ι
997 1091 1187 1147 Veniet
1217 1094 1362 1148 enim
1392 1096 1442 1150 in
1473 1097 1747 1151 civitatem
1775 1098 1964 1170 Aggai,

370 1194 423 1232 et
460 1181 713 1235 transibit
744 1183 798 1235 in
827 1182 1088 1254 Magetldo
1118 1203 1131 1239 :
1164 1195 1222 1240 et
1250 1187 1303 1240 ιιι
1336 1189 1612 1243 litat-lunas
1645 1200 1803 1258 pauet
1837 1208 1964 1245 vasa

371 1290 505 1339 sua;
539 1285 594 1327 et
630 1275 884 1330 transibit
919 1276 1135 1342 vallem,
1165 1288 1219 1330 et
1251 1283 1428 1333 veniet
1462 1280 1515 1332 itt
1550 1281 1738 1349 Aggai.
1777 1280 1967 1334 Timor

371 1366 737 1433 apprehendet
804 1366 971 1423 [lauta
1037 1370 1310 1424 civitatem
1379 1371 1561 1425 Saul:
1621 1372 1789 1443 fugiet
1859 1373 1987 1429 lilia'

372 1459 607 1523 Callim;
642 1462 863 1518 attende
893 1461 1091 1530 Laisa;
1119 1464 1370 1517 audietur
1400 1463 1450 1517 in
1479 1464 1745 1532 Anathot;
1782 1466 1967 1519 obsut-

372 1554 488 1623 pnit
519 1552 862 1620 Medentena,
895 1566 949 1608 et
982 1554 1317 1610 habitatores
1349 1556 1559 1610 Gcbim.
1596 1556 1964 1612 Cunsolamini

374 1647 535 1700 hodie
565 1647 619 1700 in
652 1646 759 1708 via,
791 1629 851 1700 tit
888 1659 1145 1702 maneat:
1178 1648 1535 1703 consulamini
1572 1657 1809 1702 montem
1845 1646 1966 1701 filia:

374 1740 532 1801 Sion,
570 1747 624 1793 et
664 1736 854 1792 collem
889 1737 1213 1793 Jerusalem.
1252 1758 1271 1790 ι
1316 1738 1538 1794 Multum
1591 1740 1643 1794 itt
1693 1740 1798 1794 hoc
1849 1738 1966 1794 loco

2068 633 2341 706 Magedtlo,
2375 654 2536 706 quam
2573 650 2626 695 et
2660 642 2773 708 ipSa
2808 642 3085 714 Scriptura
3135 662 3239 698 non
3278 645 3539 699 continet.
3582 643 3649 698 Et

2066 727 2190 796 quia
2234 730 2465 785 sarcinis
2509 734 2620 786 suis
2667 737 2993 804 prmpedilus
3030 738 3267 793 velocius
3310 738 3495 808 fugere
3538 752 3646 790 nou

2066 820 2292 891 poterit,
2322 823 2556 893 deponet
2589 842 2712 880 vasa
2744 826 2795 880 in
2828 827 3128 887 Mathutas.
3155 841 3203 883 et
3233 829 3402 892 gradu
3433 829 3650 884 concilo

2070 912 2327 966 transibit
2352 914 2567 979 vallem,
2594 932 2754 985 quant
2780 928 2828 971 et
2856 919 3025 988 ipsam
3055 919 3311 973 llebrtcus
3336 936 3516 974 Sermo
3543 918 3650 974 uoti

2069 1020 2207 1057 resot
2231 1013 2285 1059 at
2314 1023 2327 1057 :
2362 1015 2415 1058 et
2450 1024 2662 1062 rursmu
2699 1010 2878 1065 veniet
2906 1015 2957 1066 in
2989 1013 3177 1083 Aggai,
3204 1030 3322 1083 quze
3353 1013 3436 1067 bis
3465 1015 3516 1068 i'u
3546 1013 3650 1067 hoc

2069 1095 2186 1148 luco
2217 1096 2457 1164 ponitur,
2488 1108 2541 1152 et
2575 1101 2624 1151 in
2662 1100 2927 1156 llebrair-o
2960 1120 3066 1157 non
3103 1105 3349 1161 habetur.
3392 1104 3467 1158 Αμι
3503 1105 3653 1158 soni-

2069 1195 2179 1239 lttm
2206 1186 2341 1257 fuga:
2364 1189 2479 1257 ejus
2503 1191 2880 1247 contremiscet
2903 1191 3089 1257 nauta,
3108 1196 3298 1247 civitas
3318 1194 3448 1249 Saul
3471 1213 3484 1249 :
3505 1194 3649 1266 quod

2069 1275 2355 1344 perspicue
2398 1276 2592 1331 falsunt
2637 1290 2743 1334 est.
2777 1280 2980 1333 Civitas
3010 1283 3153 1335 enim
3186 1284 3316 1335 Saul
3352 1283 3653 1352 appellatur

2067 1365 2239 1432 Caba,
2276 1381 2333 1422 ttt
2382 1369 2434 1422 itt
2470 1367 2744 1426 ilebraico
2779 1373 3109 1433 continetur,
3159 1374 3357 1429 Deinde
3387 1378 3558 1429 veniet
3597 1376 3657 1427 in

2068 1457 2263 1513 Callim
2300 1478 2313 1514 :
2354 1462 2538 1516 audiet
2589 1462 2780 1530 Laisa,
2837 1465 3021 1520 audiet
3077 1466 3386 1531 Auatboth,
3439 1477 3654 1522 contre-

2070 1554 2266 1610 ntiscet
2314 1555 2647 1612 Metlemena.
2709 1557 3055 1615 Habitatores
3112 1573 3292 1615 autem
3348 1562 3539 1617 Cebim
3600 1572 3655 1615 et

2068 1647 2256 1713 colles,
2283 1663 2404 1716 quae
2433 1645 2552 1703 sunt
2585 1650 2637 1703 itt
2666 1650 2992 1716 JeruSaIem,
3019 1653 3069 1707 id
3099 1664 3201 1719 est,
3225 1655 3423 1710 excelsi
3452 1656 3654 1726 quiquo

2072 1739 2197 1803 viri,
2235 1750 2600 1811 provocantur
2635 1743 2700 1796 ad
2736 1743 3125 1798 ransolantlam
3161 1745 3460 1801 Jerusalem
3491 1763 3506 1800 :
3539 1761 3648 1798 uota

375 1831 513 1886 LXX
544 1832 612 1885 ab
642 1833 907 1889 iiebraico
934 1832 1243 1901 discrepant
1270 1850 1285 1886 :
1311 1848 1476 1902 quam
1506 1832 1576 1887 ob
1604 1848 1716 1886 rem
1749 1842 1957 1886 utratu-
1995 1822 2035 1881 Β
2068 1831 2227 1900 longo
2260 1844 2379 1903 post
2413 1845 2679 1902 tempore,
2712 1835 2804 1890 sed
2833 1835 2885 1889 in
2917 1838 3348 1904 pra‘sentiarum,
3374 1846 3427 1891 et
3456 1840 3646 1891 eadem

374 1937 479 1992 que
526 1924 827 1980 editionem
875 1912 1196 1994 posuimus,
1233 1933 1291 1975 ut
1336 1923 1463 1994 quid
1512 1923 1670 1980 nobis
1714 1923 1961 1978 videatur

376 2016 431 2068 in
461 2016 717 2083 singulis,
745 2015 985 2081 Christo,
1009 2016 1052 2070 si
1084 2017 1443 2069 meruerimus
1474 2014 1585 2088 [AL
1616 2014 1961 2090 meruimus],

374 2108 700 2176 inSpirante,
735 2108 1004 2163 dicamus.
1059 2105 1332 2162 Describit
1382 2123 1562 2162 sermo
1612 2109 1964 2177 propheticus

372 2200 585 2272 Assyrii
617 2201 724 2255 iter.
746 2216 1113 2273 pompamque
1139 2200 1417 2254 redeuntis
1448 2199 1515 2254 de
1544 2198 1777 2273 IEgypm
1808 2200 1966 2256 lcru-

374 2293 567 2358 salem,
602 2302 656 2347 et
695 2303 903 2364 quanto
943 2292 1175 2363 strepitu
1219 2304 1535 2363 quantoque
1566 2309 1728 2347 cursu
1767 2295 1832 2348 ad
1867 2309 1965 2362 op-

376 2386 725 2456 pugnandum
762 2400 881 2440 eam
916 2384 1113 2439 veniet.
1161 2385 1227 2438 Et
1262 2387 1520 2455 prinmm,
1553 2385 1754 2456 inquit,
1788 2388 1966 2440 ven'et

376 2480 433 2533 ιιι
485 2477 643 2531 Aiuth
696 2477 808 2549 [ΑΙ.
852 2476 1059 2550 Aiath],
1100 2477 1188 2531 ubi
1238 2493 1345 2545 pra:
1398 2476 1744 2531 festinatione
1798 2479 1962 2531 nimia

378 2569 570 2624 uolens
600 2585 843 2635 manere,
878 2570 1130 2624 transibit
1162 2571 1213 2621 iu
1247 2567 1491 2639 Magrun,
1528 2576 1841 2638 tantamque
1870 2584 1963 2623 ca-

376 2661 587 2730 piendae
643 2659 794 2715 urbis
836 2660 1056 2715 habebit
1102 2659 1385 2722 fiduciam,
1412 2670 1465 2713 ut
1515 2661 1655 2730 apud
1690 2659 1964 2715 Macltmas

375 2758 725 2807 commendet
759 2754 1008 2808 sarcinas
1042 2770 1189 2820 suas,
1219 2736 1374 2824 quasi
1407 2753 1516 2809 cito
1545 2753 1803 2807 subversa
1834 2756 1965 2808 urbe

381 2845 695 2898 rediturus:
729 2845 925 2914 quibus
966 2844 1251 2913 depositis,
1288 2844 1542 2898 trattsibit
1582 2858 1700 2897 eam
1736 2844 1960 2907 cursim,

378 2938 524 2990 etin
564 2936 747 2991 Gabee
800 2936 1022 2991 habebit
1071 2935 1473 3003 diversorium;
1526 2952 1633 3007 quo
1686 2936 1963 3004 paululum

384 3030 507 3083 ibidt
533 3046 584 3083 tn
619 3029 975 3094 subsistente,
1012 3038 1067 3083 ttt
1110 3030 1313 3085 lassum
1359 3028 1601 3084 refoveat
1639 3031 1963 3095 exercitam,

384 3120 553 3174 ltama
588 3124 718 3175 urbs
749 3122 926 3175 vicina
962 3122 1278 3190 tenebitur;
1309 3120 1455 3175 Gaha
1488 3120 1666 3176 Saulis
1695 3124 1964 3191 quondam

383 3215 577 3267 civitas
618 3213 811 3281 fugiet.
857 3209 1008 3266 Tunc
1039 3221 1094 3265 et
1133 3213 1239 3266 tilia
1279 3210 1502 3279 Galliut,
1545 3228 1668 3284 quatI
1704 3211 1969 3267 ilebraice

384 3307 582 3360 dicitur
607 3321 746 3359 seru
776 3320 967 3361 eam!
1002 3288 1153 3375 (Dis:
1179 3307 1304 3375 n3),
1333 3304 1406 3358 ita
1437 3303 1683 3376 ejulabit,
1710 3310 1767 3357 ut
1798 3318 1967 3381 equo-

382 3418 503 3456 rum
552 3388 838 3456 arbitreris
887 3401 1180 3455 hinnitum.
1218 3399 1398 3461 Unde.
1434 3414 1468 3453 ο
1507 3397 1688 3462 [ιιιίειι.
1731 3407 1786 3454 et
1830 3413 1969 3465 pau-

375 3471 614 3564 percula,
648 3493 731 3548 vel
781 3494 1051 3557 obediens,
1079 3495 1194 3549 sive
1219 3492 1429 3548 Immitis
1451 3490 1732 3546 Anathoth
1773 3489 1967 3561 (tribus

377 3585 526 3639 enim
557 3584 728 3640 modis
749 3585 1091 3656 interpretari
1121 3585 1347 3655 potest),
1369 3583 1655 3654 diligenter
1679 3581 1963 3645 attendite,

378 3688 436 3731 et
467 3677 735 3731 declinato
767 3675 1038 3731 currentis
1068 3676 1349 3744 bupetum,
1374 3676 1419 3729 si
1442 3673 1679 3755 potestis
1713 3690 1731 3732 ;
1765 3672 1968 3742 migra-

383 3772 461 3823 vit
491 3771 634 3825 enim
664 3769 777 3839 jam
812 3771 878 3823 de
914 3768 1136 3824 sedibus
1171 3769 1283 3823 suis
1327 3768 1455 3822 urbs
1487 3766 1821 3822 Medenteua.
1862 3763 1969 3819 Vos

385 3874 566 3916 autem
605 3863 703 3931 qui
738 3861 996 3916 habitatis
1023 3861 1080 3916 in
1114 3859 1367 3923 collibus,
1400 3858 1543 3930 quod
1579 3859 1973 3927 interpretatur

384 3953 591 4021 Cebitn,
619 3955 716 4008 tuti
745 3954 986 4009 locorum
1015 3952 1323 4011 altitudine.
1351 3949 1754 4016 confortantini,
1781 3950 1832 4002 id
1860 3959 1967 4012 est,

380 4063 532 4103 arma
577 4048 867 4118 corripite.
911 4046 1104 4099 Adhuc
1152 4054 1361 4097 tantum
1413 4051 1699 4113 supererat
1746 4041 1874 4102 diei,
1910 4049 1970 4096 ιιι

380 4150 536 4194 stans
564 4139 620 4193 in
649 4138 906 4209 oppidulo
936 4135 1076 4200 Nob,
1104 4145 1157 4190 et
1187 4134 1375 4206 procul
1404 4135 1589 4188 urbem
1618 4131 1971 4203 conspiciens

379 4231 708 4297 Jerusalem,
735 4230 965 4301 agitaret
992 4245 1211 4284 manum
1244 4242 1421 4290 suam,
1448 4234 1614 4296 atque
1644 4233 1967 4280 concuteret

382 4341 546 4397 super
577 4336 815 4379 montem
849 4321 1002 4389 Sion,
1033 4320 1117 4375 vel
1152 4318 1460 4391 despiciens
1490 4332 1611 4372 eam
1643 4326 1806 4386 atque
1831 4330 1967 4369 eon-

381 4427 653 4483 temnens,
686 4414 769 4470 vel
806 4414 1076 4468 insultans
1106 4420 1162 4466 et
1189 4411 1552 4472 comminans,
1580 4417 1635 4463 et
1666 4407 1963 4468 admirans,

2067 1925 2155 1980 die
2183 1924 2311 1979 dum
2352 1927 2404 1979 in
2445 1927 2528 1979 via
2568 1937 2650 1981 est
2684 1926 2986 1999 Assyrius;
3024 1939 3081 1981 ttt
3127 1939 3379 1983 maneant
3418 1929 3470 1984 in
3512 1931 3655 1984 lucis

2066 2019 2200 2081 suis,
2225 2026 2277 2071 et
2325 2019 2627 2087 perturbati
2677 2019 2871 2074 timore
2901 2036 3240 2089 nequa-gnam
3273 2021 3504 2092 fugiant.
3532 2022 3648 2076 llol:

2062 2106 2214 2176 juxta
2249 2106 2507 2162 litteram.
2542 2109 2809 2164 Caeterum
2851 2106 3074 2181 quida‘m
3111 2111 3164 2164 itt
3211 2113 3317 2167 isto
3353 2114 3492 2180 loco,
3525 2128 3647 2168 cum

2068 2197 2331 2254 falsorum
2363 2199 2637 2254 nominum
2658 2199 2812 2269 juxta
2844 2200 2981 2256 LXX
3011 2202 3372 2271 ἐτυμηλογίσς
3402 2202 3650 2257 invenire

2072 2306 2177 2344 non
2220 2291 2410 2361 possit,
2447 2307 2547 2347 nec
2578 2307 2637 2348 se
2670 2293 2721 2347 itt
2758 2294 2895 2347 libro
2926 2293 3312 2349 "ebrairurttm
3358 2294 3663 2349 Nominatus

2069 2383 2312 2454 reperire
2346 2385 2588 2456 potuisse
2630 2396 2882 2451 sostetur,
2923 2387 3081 2442 mittit
3122 2401 3221 2442 nos
3258 2387 3322 2440 ad
3354 2386 3646 2450 incertum,

2069 2486 2128 2529 ut
2160 2475 2303 2530 dicat
2334 2475 2388 2530 in
2421 2486 2666 2532 extremo
2702 2476 2887 2531 mundi
2924 2486 3191 2549 tempore,
3219 2488 3273 2531 ct
3305 2481 3357 2532 ιιι
3390 2494 3651 2533 consum-

2069 2566 2306 2622 matione
2350 2567 2512 2638 hujus
2541 2569 2726 2622 δινουιὶ
2758 2570 2959 2622 immint
2982 2572 3168 2625 utiltus
3198 2572 3396 2641 patriis,
3426 2586 3644 2626 Sensum

2070 2675 2351 2733 maguum,
2380 2660 2679 2732 principem
2708 2662 3051 2733 Assyriorm'n
3077 2680 3199 2718 esse
3223 2662 3519 2730 fugiturum
3551 2679 3567 2720 :
3594 2674 3665 2718 et.

2069 2769 2167 2824 per
2200 2755 2411 2809 diversa
2446 2753 2560 2809 loca
2594 2756 2877 2825 vat-ioSque
2913 2755 3187 2827 profectus
3224 2757 3409 2827 fugere
3450 2772 3649 2825 cupere

2069 2849 2136 2899 ab
2170 2847 2247 2901 ira
2284 2847 2399 2901 Dei.
2431 2847 2675 2918 Cumque
2701 2848 2791 2903 ille
2821 2848 3041 2919 fugerit,
3071 2850 3401 2906 habitatores
3431 2849 3657 2913 Cebim,

2070 2938 2120 2990 id
2155 2948 2259 3003 est,
2291 2938 2537 2994 excelsas
2572 2952 2814 3009 quasque
2859 2941 3088 2996 virtutes
3123 2957 3375 2998 sermone
3417 2942 3651 3015 prophe-

2069 3029 2177 3084 tico
2208 3031 2519 3101 provocari,
2548 3040 2608 3085 ut
2639 3032 2992 3088 consolentur
3034 3032 3351 3105 fugientem,
3392 3035 3649 3090 doceant-

2071 3137 2178 3193 que
2205 3138 2273 3178 ne
2300 3121 2489 3194 fugiat,
2519 3121 2614 3177 sed
2650 3132 2864 3178 maneat
2888 3125 2942 3179 in
2969 3124 3077 3191 via,
3109 3135 3161 3181 et
3188 3126 3279 3180 θεῖ
3310 3127 3653 3196 ρι’ωειοιιιιυιε

2078 3216 2544 3279 misericordiam;
2580 3227 2632 3270 et
2671 3232 2776 3270 non
2807 3217 2983 3272 solum
3015 3220 3307 3274 consolari»
3336 3213 3649 3290 fugientem,

2069 3319 2164 3359 seu
2194 3305 2249 3359 in
2281 3305 2437 3360 bonis
2471 3306 2729 3377 Operibus
2773 3304 2935 3362 tiliam
2967 3305 3098 3363 Sion
3137 3322 3392 3363 revocare
3419 3325 3448 3362 a
3477 3308 3652 3373 luctu,

2068 3411 2122 3451 ct
2166 3396 2233 3451 ad
2279 3397 2507 3453 salutem
2556 3398 2888 3469 pmttitetttim
2939 3414 3257 3469 provocare.
3296 3414 3352 3455 et
3390 3401 3491 3456 bos
3532 3417 3653 3456 esse

2069 3487 2234 3541 colles
2273 3486 2325 3541 itt
2357 3483 2657 3541 Jerusalem
2704 3487 2773 3543 de
2813 3490 3009 3560 quibus
3052 3488 3106 3545 in
3150 3492 3457 3562 posteriore
3496 3506 3657 3563 parte

2072 3578 2234 3651 154
2269 3577 2430 3650 ‘Jujus
2475 3580 2749 3649 propheta:
2784 3581 3015 3652 legimus
3046 3598 3063 3638 :
3101 3580 3480 3649 Consolantini,
3518 3600 3650 3638 con-

2068 3671 2316 3724 solamim'
2343 3671 2593 3741 populum
2615 3690 2805 3740 meum,
2827 3676 3123 3730 sacerdotes
3140 3676 3535 3747 ,‘loquiminiad
3563 3696 3653 3733 cor.

2066 3761 2412 3818 Jerusalem‘
2449 3764 2586 3834 (Isa.
2625 3782 2709 3831 ιι..
2747 3765 2815 3835 l).
2856 3764 2980 3821 llaec
3026 3766 3183 3833 dixit,
3216 3768 3341 3838 quia
3390 3771 3466 3823 rei
3512 3773 3653 3827 reri-

2072 3866 2179 3911 tate
2208 3855 2536 3911 constrictus
2564 3857 2710 3912 aliud
2742 3858 2883 3928 quod
2913 3859 3117 3915 diceret
3147 3874 3254 3916 non
3283 3860 3542 3918 habebat.

2146 3967 2167 4001 ι
2204 3949 2343 4004 Ecce
2383 3949 2696 4005 dominator
2734 3951 3367 4009 Donniuusexomituum
3404 3953 3651 4009 confrin-

2072 4053 2161 4113 get
2188 4042 2529 4115 lagunculam
2566 4044 2619 4098 iu
2652 4052 2881 4112 terrore,
2911 4056 2968 4101 et
2996 4045 3196 4102 excelsi
3227 4056 3434 4102 statura
3464 4048 3647 4103 succi-

2071 4134 2290 4202 dentur,
2315 4144 2369 4189 et
2394 4134 2657 4190 sublimes
2694 4135 3234 4204 humiliabnnturyet
3259 4139 3649 4194 subvertente»-

2072 4225 2347 4280 condensa
2382 4227 2555 4283 saltus
2597 4227 2763 4293 ferro,
2795 4237 2848 4283 et
2880 4225 3118 4285 Libauns
3145 4245 3267 4283 cum
3296 4230 3527 4285 excelsis
3554 4246 3645 4284 ca.

2070 4319 2185 4373 det.
2217 4335 2237 4370 ι
2273 4316 2486 4373 Putant
2501 4319 2719 4390 quidam
2743 4321 2889 4376 hunc
2914 4321 3092 4376 locum
3120 4322 3301 4378 adhuc
3326 4322 3433 4379 dici
3460 4326 3527 4379 de
3548 4322 3649 4378 As<

2072 4409 2411 4481 syri",quod
2434 4411 2526 4466 illo
2553 4411 2809 4479 contrito,
2829 4426 3021 4467 omnes
3045 4412 3101 4467 in
3122 4413 3352 4469 circuitu
3379 4413 3650 4477 nationes.

379 4510 524 4580 quod
563 4519 681 4563 toto
719 4508 822 4562 sibi
856 4506 1079 4561 Oriente
1125 4503 1389 4571 subjecto,
1428 4511 1535 4554 tattt
1571 4514 1736 4569 parva
1773 4499 1964 4552 civitas
1996 4516 2040 4572 υ
2072 4513 2196 4568 qua:
2220 4498 2411 4555 ditioui
2444 4499 2592 4556 illius
2621 4501 3005 4572 sultjacebant,
3021 4503 3373 4559 suecidantur
3391 4513 3451 4560 et
3476 4504 3653 4560 humi-

384 4602 639 4672 potentia:
681 4616 793 4655 suae
838 4600 1035 4653 audeat
1082 4610 1407 4667 repugnare.
1454 4590 1614 4663 153
1654 4592 1777 4646 Haec
1806 4591 1965 4661 juxta

380 4692 661 4758 Hebraeos,
696 4702 756 4745 nt
792 4690 950 4745 nobis
996 4688 1064 4744 ab
1097 4688 1178 4742 eis
1211 4688 1466 4741 traditqu
1505 4693 1611 4746 est,
1643 4683 1791 4739 brevi
1845 4697 1966 4737 Ser-

380 4800 543 4839 moue
576 4780 1020 4853 perstrinximus.
1058 4777 1209 4831 Nunc
1243 4775 1372 4846 quid
1399 4777 1551 4843 juxta
1588 4772 1729 4831 LXX
1761 4771 1964 4828 editio-

380 4893 501 4932 nem
548 4873 902 4932 ecclesiastici
940 4872 1038 4927 viri
1080 4871 1146 4926 de
1191 4869 1295 4924 hoc
1336 4868 1455 4924 loco
1494 4867 1754 4932 sentiant,
1785 4864 1964 4933 subji-

379 4970 615 5024 ciamus.
661 4966 797 5021 Cum
827 4967 1013 5036 jugum
1048 4963 1283 5033 Assyrii,
1315 4960 1430 5015 sive
1467 4967 1527 5013 ut
1566 4957 1786 5027 quidam
1821 4956 1964 5010 male

379 5062 738 5124 arbitrantur,
778 5056 1080 5128 Babylonii.
1113 5056 1352 5110 ablatum
1403 5052 1568 5109 fuerit
1603 5051 1672 5106 de
1717 5050 1963 5105 humeris

380 5154 511 5214 tuis.
544 5162 703 5222 atque
742 5160 1080 5219 corruptum,
1118 5148 1328 5217 fugiens
1362 5144 1620 5215 Assyrius
1652 5142 1961 5198 Senuache-

381 5247 485 5312 rilt,
515 5261 639 5298 eum
686 5243 869 5314 paucis
905 5239 1147 5311 reliqu;is
1200 5245 1383 5293 vetttet
1408 5238 1479 5291 'in
1516 5235 1703 5310 Aggai,
1741 5248 1860 5303 qua:
1905 5235 1958 5288 itt

450 5442 466 5473 ⁸
496 5439 723 5509 Supplet
762 5437 966 5492 Victor.
998 5438 1124 5491 dicit
1162 5434 1300 5509 Dens
1342 5446 1407 5487 ex
1448 5447 1606 5486 sacro
1639 5440 1784 5485 textu
1817 5430 1955 5500 ipso,

375 5526 486 5566 nou
525 5507 928 5577 Hlt’l‘tlllytlliitll.
962 5507 1385 5577 exemplaribus.

452 5585 470 5613 ⁸
500 5581 568 5634 Et
606 5571 959 5641 circumcisio,
990 5588 1096 5630 etc.
1133 5576 1185 5627 ld
1218 5585 1298 5629 est
1326 5574 1516 5634 Jada’i,
1544 5586 1679 5642 quos
1708 5571 1956 5625 Circum-

374 5651 629 5707 ιίιὶωιειιι
666 5659 822 5704 vorat
856 5648 1008 5713 juxta
1054 5644 1393 5713 Apostolutu.
1424 5643 1577 5708 Quod
1610 5658 1716 5695 ttott
1760 5642 1956 5694 intelli—

375 5737 511 5788 gens
552 5720 821 5774 Marianos
859 5716 1147 5781 Victorius,
1181 5716 1511 5788 existimavit
1559 5713 1951 5788 Circwucis_i"-

376 5783 501 5847 item
529 5805 651 5845 esse
674 5789 957 5859 pericupen
982 5802 1076 5841 seu
1103 5784 1382 5856 periodum
1414 5784 1678 5840 sermonis
1720 5783 1952 5854 prophe—

2071 4593 2292 4659 lientur,
2316 4601 2369 4647 et
2389 4592 2562 4647 saltus
2577 4593 2938 4648 densissimus
2955 4594 3344 4650 subvertatur:
3370 4610 3468 4667 per
3488 4610 3650 4666 quem

2075 4682 2469 4753 μεταφορικῶς
2507 4682 2763 4754 populum
2794 4693 2850 4739 et
2880 4686 3153 4757 principes
3185 4687 3406 4758 intelligi
3436 4690 3649 4743 volunt.

2079 4772 2350 4829 Libanum
2382 4789 2601 4845 quoque
2625 4790 2746 4832 cum
2778 4778 3010 4834 excelsis
3038 4780 3153 4835 suis
3181 4780 3400 4845 cadere,
3431 4788 3489 4834 ut
3517 4778 3652 4834 nihil

2078 4867 2305 4924 omnino
2347 4868 2587 4938 Assyriae
2637 4870 2874 4927 resideat
2919 4870 3222 4941 potestatis.
3264 4870 3370 4926 Alii
3414 4886 3543 4925 vero
3581 4880 3651 4926 ab

2070 4956 2175 5013 hoc
2204 4958 2329 5015 loco
2348 4960 2534 5015 volunt
2556 4960 2879 5032 principium
2905 4976 3022 5017 esse
3045 4960 3111 5016 de
3135 4961 3354 5018 Christo
3376 4975 3393 5017 :
3418 4963 3651 5019 maxime

2073 5061 2198 5102 cum
2227 5057 2284 5104 et
2314 5065 2381 5104 es
2426 5065 2547 5120 quae
2574 5060 2892 5122 sequuntur,
2919 5061 2975 5107 et
3016 5067 3118 5109 nos
3150 5052 3219 5108 de
3253 5052 3370 5118 illo,
3397 5064 3453 5110 et
3480 5057 3502 5089 ⁸
3523 5053 3650 5110 Cir-

2069 5138 2339 5195 eumcisio
2368 5143 2569 5213 scripta
2607 5142 2863 5198 fateatur.
2902 5142 3120 5197 Dixerat
3151 5160 3313 5216 supra
3346 5161 3547 5201 nomen
3578 5146 3647 5202 de

2069 5224 2293 5300 Virgine
2325 5232 2478 5300 pueri
2521 5234 2804 5296 noscitari,
2836 5232 2977 5302 quod
3012 5234 3379 5305 appellaretur
3415 5232 3642 5289 Emitta-

2063 5430 2152 5484 llt'l
2187 5449 2202 5485 :
2236 5431 2330 5485 sed
2382 5431 2760 5501 int-ongruenti
2813 5448 3014 5501 sensu,
3066 5449 3135 5489 ne
3180 5432 3356 5488 dicam
3411 5431 3641 5502 ineptis-

2059 5503 2222 5555 simu.
2261 5502 2540 5555 Mauram.

2129 5570 2275 5626 Ceus
2322 5574 2572 5626 videlicet
2625 5572 2979 5637 circumcisa,
3012 5572 3127 5627 sive
3174 5571 3345 5627 Judaei
3388 5571 3538 5642 quod
3583 5581 3643 5627 et

2058 5640 2312 5695 Martiau.
2344 5651 2495 5696 notat
2519 5655 2710 5696 contra
2743 5644 3060 5705 Victoriam,
3088 5640 3442 5707 sentientem,
3474 5644 3640 5712 signi-

2060 5716 2221 5767 ticare
2245 5726 2369 5766 eam
2399 5726 2584 5768 vocem
2617 5714 2921 5784 prophetici
2947 5725 3134 5767 textus
3163 5713 3476 5783 pericopen.

3517 5867 3535 5895 ρ
