3980 6200
373 348 471 415 1’t‘l

1534 347 1591 409 s.
1627 348 1939 409 susenit
1995 320 2427 411 nisaoxvn.

3541 350 3640 415 14‘!

373 464 524 528 uuel;
560 469 611 517 et
654 468 841 531 postea
883 460 1235 532 preplietissze
1271 470 1564 530 conceptus
1599 470 1753 515 utero
1785 476 1944 516 voea—
1986 467 2025 523 Α
2060 462 2401 531 interpretati
2436 470 2578 528 sunt,
2620 460 2669 517 id
2701 471 2804 525 est,
2838 469 3105 515 truncum.
3140 459 3205 514 Et
3236 474 3333 531 pro
3374 458 3503 513 llorc
3547 465 3641 529 qui

373 565 543 617 retur,
604 554 876 619 accelera,
937 553 1107 621 spolia
1160 553 1407 615 detrahe.
1467 554 1659 623 festina
1717 554 1950 621 prtrdari

376 646 511 711 (lsa.
545 661 663 711 vm,
695 647 773 712 5),
803 656 857 699 et
888 645 1005 715 ipse
1031 658 1170 699 esset
1201 645 1337 711 lapis-
1364 644 1680 699 offensionis
1714 656 1766 699 et
1798 656 1950 715 petra

375 736 620 790 scandali
658 735 864 789 duabus
900 734 1152 788 domitus
1189 732 1351 787 Israel
1385 749 1401 788 :
1438 732 1591 795 enjus
1622 734 1955 803 principatus

375 835 526 883 es.~et
552 828 601 879 in
635 827 862 880 humero
896 826 1036 896 ejus,
1070 836 1124 879 et
1154 836 1439 880 vocaretur
1474 840 1569 880 sex
1602 825 1952 879 nominibus:

376 917 738 981 at'mlribilis,
781 925 832 969 et
874 916 1240 978 consiliarius,
1282 925 1334 969 et
1383 917 1546 980 Dens,
1577 925 1630 970 et
1677 915 1853 976 tortis,
1902 924 1956 967 et

374 1024 531 1080 pater
561 1010 722 1063 lutttri
754 1011 961 1073 saeculi,
988 1019 1039 1064 et
1070 1010 1321 1079 princeps
1352 1010 1530 1075 pacis;
1564 1018 1618 1061 et
1644 1008 1785 1076 quod
1820 1006 1956 1059 tntil-

377 1108 719 1178 tiplicaretur
750 1106 867 1174 ejus
907 1106 1216 1172 imperium,
1249 1114 1300 1159 et
1332 1104 1480 1174 paris
1527 1121 1629 1157 non
1667 1114 1811 1157 esset
1847 1113 1957 1154 ter-

300 1244 315 1257 ν,
376 1199 581 1251 minus.
617 1197 771 1251 Nunc
803 1197 854 1248 in
890 1196 1113 1264 prOIOgo
1145 1197 1409 1249 adventus
1440 1194 1576 1263 ejus,
1608 1194 1756 1263 pritts
1793 1209 1954 1262 quam

294 1282 312 1319 λ’
377 1288 594 1342 dicatur
629 1288 771 1358 quod
809 1290 874 1341 dc
907 1286 1064 1342 .lc-sse
1093 1297 1147 1341 et
1191 1286 1353 1340 Dav'd
1388 1289 1458 1341 sit
1491 1303 1686 1357 genere
1722 1285 1961 1341 nascitu-

374 1395 492 1442 rus,
525 1396 622 1446 per
664 1381 1078 1435 translationem
1116 1379 1298 1434 fracti:
1325 1379 1629 1449 lagtiuctilm
1678 1378 1859 1447 passio
1892 1378 1960 1432 il-

380 1473 486 1525 lius
519 1474 945 1537 deinciistratur;
979 1473 1142 1539 quod,
1170 1473 1384 1526 volente
1426 1475 1554 1535 lieo,
1589 1472 1790 1525 idcirco
1830 1485 1960 1523 caro

378 1568 515 1630 ejus,
538 1568 694 1618 ιι.οι·ιί
742 1566 936 1619 tradita
977 1568 1072 1629 sit,
1107 1580 1163 1616 tit
1191 1563 1500 1619 Jtidtuoritin
1537 1564 1840 1615 sublimitas
1868 1562 1959 1614 de-

378 1668 650 1722 struatur,
684 1667 739 1711 et
771 1659 971 1713 excelsi
1019 1656 1290 1725 quondam
1340 1656 1392 1708 in
1431 1664 1633 1708 ιιιιιιιιιι
1668 1666 1957 1717 rurrtiant;

376 1758 435 1803 ct
467 1750 705 1804 Libantis
746 1766 866 1805 cuni
916 1748 1028 1803 suis
1068 1748 1246 1801 cedris
1292 1746 1623 1807 succidatur,
1659 1748 1724 1798 de
1764 1761 1872 1813 quo
1907 1747 1957 1797 iii

377 1843 642 1897 Zztcliaria
696 1843 918 1909 legimus
956 1848 973 1895 :
1012 1841 1190 1906 Aperi.
1238 1836 1454 1896 Lib’ane,
1494 1850 1677 1907 portas
1728 1848 1868 1899 tuas,
1917 1849 1962 1889 et
1997 1830 2037 1882 Β

376 1937 615 1989 comedat
646 1936 778 2005 ignis
814 1934 996 1987 cedros
1029 1942 1148 1985 tuas
1179 1946 1197 1985 :
1231 1931 1401 1995 u'ula,
1431 1931 1592 1991 abies,
1623 1933 1748 1998 quia
1783 1929 1968 1981 cecinit

378 2028 589 2089 cedrus,
614 2027 859 2094 quoniam
884 2026 1151 2094 magniﬁci
1168 2025 1495 2077 rastatisunt
1513 2023 1696 2092 (Zarli.
1721 2038 1795 2085 xi,
1818 2021 1866 2086 l,
1890 2022 1968 2089 (ὲ).

383 2118 544 2185 Quod
596 2130 774 2171 autem
822 2133 850 2170 a
898 2117 1059 2171 Patre
1105 2122 1373 2171 contritus
1421 2125 1468 2169 et
1519 2131 1810 2183 percussus
1851 2130 1973 2170 esse

381 2215 618 2275 dicatur,
649 2221 703 2265 et
743 2212 870 2265 illud
914 2211 1118 2265 indicio
1168 2220 1250 2265 est
1285 2226 1299 2264 :
1338 2209 1642 2264 Percutiam
1684 2220 1968 2276 pastorem,

379 2317 429 2362 et
460 2324 575 2362 oues
607 2309 1013 2375 dissipabuntur
1046 2306 1228 2377 (Zarli.
1279 2322 1401 2370 xm,
1430 2305 1505 2373 7).
1544 2305 1605 2358 Et
1642 2302 1783 2356 aliud
1822 2303 1973 2353 testi-

386 2401 625 2452 inonium
660 2412 677 2453 :
704 2398 968 2463 Quoniam
1003 2414 1152 2467 quem
1179 2408 1232 2450 tu
1255 2398 1695 2464 percnssisti,ipsi
1715 2394 1973 2461 persecu:i

378 2502 500 2545 sunt
529 2488 703 2558 (l’sal.
748 2490 1081 2559 vatit,27).
1130 2489 1359 2542 Verbum
1404 2488 1728 2543 llebraienin
1775 2487 1972 2555 (mna)

378 2597 571 2642 ruunt,
604 2581 747 2649 (ιιιοά
792 2581 985 2647 Aquila
1052 2580 1349 2649 κεραμετον
1384 2578 1399 2608 ¹
1439 2580 1825 2647 interpretatus
1869 2589 1970 2641 est,

383 2674 683 2729 'l‘beodotio
718 2672 1192 2742 Symtuaeliusqtie
1238 2681 1519 2724 verterunt
1554 2671 1737 2740 ληνὸν,
1775 2672 1824 2723 id
1866 2682 1971 2734 est,

378 2768 637 2826 torcular.
670 2767 813 2835 quod
851 2763 1009 2834 155
1042 2774 1095 2817 et
1144 2764 1322 2829 ipsum
1365 2763 1521 2831 juxta
1566 2763 1769 2831 inscrip
1796 2763 1972 2814 inueni

390 2862 555 2915 trium
600 2858 931 2927 psaltiinrnui
977 2856 1304 2909 dominicam
1336 2855 1608 2922 signiﬁcat
1641 2857 1972 2921 passionem,

380 2955 502 3023 ipso
537 2953 748 3006 dicente
785 2950 837 3004 ili
878 2950 1010 3005 lsaia
1051 2964 1065 3002 :
1102 2946 1359 3001 Torrular
1407 2946 1606 3000 Calcari
1638 2947 1801 3011 solus,
1834 2958 1880 3000 et
1914 2949 1977 2999 de

381 3043 625 3112 gentibus
656 3041 731 3096 vir
765 3056 869 3095 non
902 3049 1017 3094 erat
1047 3055 1247 3094 mecum
1278 3035 1413 3109 (Isa.
1435 3053 1591 3100 Lxm,
1615 3037 1691 3107 5).
1719 3035 1855 3090 LXX
1884 3053 1979 3090 att-

2065 557 2335 613 llebraice
2384 559 2585 613 dicith
2620 558 2769 629 (Ἕω)
2812 574 2977 613 NESER
3004 556 3047 623 ’,
3084 574 3290 627 germen
3343 560 3645 612 transtuli--

2064 662 2219 717 runt,
2246 662 2306 705 ut
2332 650 2707 718 ostenderent,
2735 652 2876 720 quod
2918 650 3091 704 multo
3122 658 3240 719 post
3267 659 3506 718 tempere
3539 648 3640 701 Ra-

2068 743 2327 813 bylouieze
2362 741 2710 811 captivitatis,
2741 740 2889 794 nullo
2928 740 2996 793 de
3038 740 3205 808 stirpe
3236 739 3401 791 David
3434 738 3642 807 ειιιιὶιισνί

2067 834 2215 903 regni
2263 834 2487 903 gloriam
2535 833 2877 902 possidente,
2908 834 3062 901 quasi
3103 832 3170 886 de
3214 842 3403 883 trunco
3450 828 3643 895 Maria,

2066 934 2120 977 et
2173 924 2237 978 de
2290 924 2453 978 Maria
2496 923 2751 979 Christus
2799 933 3020 978 exortus
3072 924 3163 975 sit.
3213 922 3345 975 Illud
3392 925 3535 990 qurd
3585 925 3643 976 in

2067 1016 2361 1086 Evangelia
2414 1016 2649 1073 Mattbaei
2704 1032 2892 1072 omnes
2944 1026 3195 1087 qua-runt
3256 1015 3641 1079 Eecb-siast‘ei,

2066 1117 2120 1161 t‘l
2151 1124 2255 1161 nati
2292 1110 2571 1163 inveniunt
2604 1108 2693 1161 ubi
2727 1109 2989 1175 scriptum
3033 1109 3123 1169 sit,
3162 1106 3422 1172 Quoniam
3460 1105 3646 1158 Naza-

2067 1217 2205 1255 ra’us
2229 1201 2499 1255 rocabitur
2535 1201 2747 1271 (Matth.
2790 1218 2849 1267 tt,
2891 1201 3007 1269 23),
3042 1199 3240 1253 eruditi
3290 1202 3645 1255 Hebraeorum

2066 1294 2133 1349 de
2161 1293 2260 1348 hoc
2293 1295 2408 1349 loco
2436 1305 2775 1365 assumptum
2810 1304 3027 1364 putant.
3061 1294 3165 1349 Sed
3193 1297 3474 1351 sciendum
3500 1296 3649 1364 quod

2070 1388 2157 1442 hic
2212 1404 2379 1442 ivssi-zu
2442 1404 2535 1459 per
2603 1404 2732 1443 SADE
2791 1389 3028 1442 litteram
3098 1388 3433 1443 scribatur:
3495 1389 3652 1457 eujns

2069 1478 2457 1548 proprietatem
2501 1488 2553 1531 et
2594 1494 2787 1533 sonuin
2836 1480 2982 1533 inter
3014 1497 3041 1532 ι
3073 1488 3123 1531 et
3152 1495 3176 1531 s
3213 1478 3438 1533 Latinus
3469 1494 3653 1532 sermo

2072 1587 2175 1623 non
2213 1572 2485 1637 exprimit.
2523 1572 2616 1627 Est
2648 1575 2793 1627 enim
2830 1574 3118 1632 Stridttlus.
3150 1583 3203 1627 et
3238 1573 3443 1626 strietis
3474 1572 3655 1625 deuti-

2069 1662 2171 1716 litts
2198 1663 2281 1715 vix
2310 1663 2506 1733 liitgtiie
2537 1665 2894 1731 impressione
2922 1664 3197 1733 profertur
3222 1682 3235 1719 :
3261 1682 3324 1719 ex
3354 1681 3457 1734 qua
3486 1666 3649 1718 etiam

2073 1753 2201 1809 Sion
2231 1758 2359 1809 urbs
2385 1757 2663 1811 St-ribiittr.
2697 1757 2868 1811 Porro
2898 1757 3161 1824 Nazareni,
3195 1774 3331 1827 quos
3357 1757 3492 1810 LXX
3523 1774 3652 1809 san-

2074 1848 2367 1914 cti/‘icatos,
2429 1847 2790 1917 Symmachus
2848 1858 3159 1914 separatos,
3218 1848 3650 1914 transtulerunt,

2072 1954 2170 2008 per
2204 1955 2318 1993 zsm
2350 1939 2369 1971 ³
2405 1943 2470 2009 (τι
2512 1938 2670 2010 156
2700 1956 2915 2011 semper
2948 1940 3263 1994 scribuntur
3295 1941 3648 1995 elementum.

2076 2032 2250 2101 Super
2294 2033 2433 2085 hunc
2477 2033 2639 2103 igitur
2674 2032 2882 2093 lloreni,
2916 2033 3005 2101 qui
3048 2033 3112 2085 de
3143 2040 3334 2085 trunco
3370 2041 3423 2085 et
3462 2032 3528 2085 de
3569 2048 3656 2084 ra-

2074 2125 2191 2181 dict-
2217 2123 2367 2180 Jesse
2397 2142 2493 2196 per
2521 2125 2742 2180 Mariam
2771 2125 3053 2193 Virginem
3091 2135 3312 2195 repente
3338 2134 3647 2194 consurget,

2077 2219 2377 2287 requiescet
2416 2219 2636 2287 Spiritus
2672 2216 2905 2279 Domini,
2934 2220 3060 2288 quia
3096 2221 3147 2272 iit
3185 2220 3302 2287 ipso
3332 2219 3655 2287 cumplacuit

2075 2327 2288 2365 omnem
2334 2313 2721 2383 plenitudinem
2769 2312 3073 2366 divinitatis
3114 2313 3360 2365 habitare
3398 2326 3658 2376 corpora-

2077 2404 2238 2458 liter:
2269 2422 2605 2474 nequaquam
2638 2421 2733 2474 per
2766 2415 2965 2474 partes,
2999 2416 3053 2458 tit
3078 2406 3129 2458 in
3162 2404 3374 2459 caeteris
3415 2406 3654 2467 Sanctis;

2075 2499 2167 2551 sed
2198 2497 2349 2567 juxta
2388 2498 2739 2564 Evangelittin
2777 2497 2919 2565 quod
2965 2496 3190 2551 llebra-o
3238 2514 3397 2550 St'rlllt
3423 2513 3489 2551 ne
3528 2511 3661 2549 eon-

2076 2588 2337 2655 seriptuiu
2368 2590 2548 2657 legunt
2570 2589 2805 2643 Nazarn'i
2828 2608 2842 2644 :
2868 2589 3148 2643 Descende!
3173 2606 3328 2656 super
3350 2606 3465 2641 eum
3485 2591 3657 2643 omnis

2077 2682 2195 2749 fons
2252 2678 2481 2749 Spiritus
2544 2682 2736 2735 sancti.
2772 2680 3031 2733 Dominus
3064 2690 3239 2733 autem
3282 2680 3514 2748 Spiritus
3547 2689 3651 2743 est,

2077 2784 2126 2825 et
2156 2773 2243 2827 tibi
2280 2773 2511 2843 Spiritus
2546 2772 2779 2835 Domini,
2813 2772 2882 2826 ibi
2913 2768 3136 2827 libertas
3165 2770 3249 2841 (Il
3273 2773 3396 2827 Cor.
3431 2789 3505 2836 ιιι,
3540 2773 3650 2841 ΓΙ).

2080 2866 2134 2921 iii
2172 2869 2357 2921 eodem
2396 2867 2627 2921 Miittltzci
2665 2870 2935 2923 volumine
2979 2869 3201 2937 legimus
3250 2869 3374 2921 illud
3416 2870 3556 2937 quod
3596 2870 3652 2920 in

2079 2958 2540 3029 consequentibus
2588 2960 2843 3015 scribitur
2885 2980 2899 3016 :
2947 2961 3081 3015 Ecce
3126 2978 3255 3024 puer
3306 2979 3448 3013 meus
3500 2979 3654 3031 quem

2079 3054 2209 3124 elegi
2239 3070 2256 3107 :
2285 3054 2476 3107 electus
2522 3073 2665 3109 incus
2694 3056 2744 3107 in
2775 3071 2875 3124 quo
2915 3055 3228 3122 complacuit
3269 3056 3460 3108 anima:
3492 3072 3655 3121 mete;

381 3145 492 3191 tein
538 3149 635 3202 pro
679 3134 957 3195 torculari,
992 3148 1186 3185 novum
1240 3146 1464 3185 sensum
1512 3130 1826 3191 inferentes.
1865 3132 1974 3202 glo-

2081 3165 2271 3218 ponain
2307 3149 2550 3216 spiritum
2585 3166 2752 3201 ineunt
2791 3165 2949 3214 super
2980 3148 3169 3210 illum;
3196 3148 3454 3215 judicium
3488 3151 3660 3217 genti-

384 3230 553 3284 riosos
586 3227 896 3297 interpetati
930 3236 1078 3280 sunt.

459 3322 615 3392 (Cap.
650 3322 745 3376 ΧΙ.
775 3349 845 3361 -
898 3319 1050 3375 Vers.
1092 3320 1143 3385 1,
1175 3318 1256 3388 '2.)
1300 3336 1317 3370 t
1355 3319 1417 3374 Et
1467 3320 1778 3402 egetlietttr
1825 3320 1973 3388 virga

387 3415 458 3470 de
483 3414 666 3470 radice
695 3414 870 3480 Jcsse,
904 3423 957 3469 et
989 3413 1087 3469 nos
1125 3414 1191 3469 de
1224 3414 1407 3468 radice
1432 3414 1553 3483 ejus
1589 3415 1844 3469 ascendet
1870 3424 1885 3466 :
1914 3413 1979 3465 Et

386 3507 700 3577 requiescet
750 3503 929 3575 "super
980 3520 1105 3560 eum
1162 3505 1398 3573 Spiritus
1453 3504 1702 3570 Domini,
1754 3504 1979 3572 spiritus

389 3599 675 3668 sapientia:
709 3607 763 3651 rt
800 3598 1152 3659 intellectus;
1195 3598 1420 3667 spiritus
1465 3597 1675 3650 consilii
1722 3605 1776 3650 et
1827 3594 1982 3649 forti-

391 3692 637 3757 tudinis;
680 3692 908 3761 spiritus
960 3692 1208 3746 scientiae
1259 3700 1311 3743 et
1362 3690 1613 3758 pietatis;
1651 3698 1704 3742 et
1750 3689 1982 3757 replebit

393 3800 519 3838 t-uiii
560 3785 789 3853 spiritus
835 3785 1048 3840 timoris
1090 3783 1325 3838 Domini.
1366 3802 1384 3835 i
1431 3780 1615 3852 Usque
1653 3783 1718 3835 ad
1762 3782 1979 3850 princi—

394 3878 541 3943 piunt
581 3874 843 3943 Visionis,
885 3878 965 3931 vel
1010 3877 1263 3945 ponderis
1310 3874 1615 3947 Babyloiis,
1651 3875 1794 3943 quod
1850 3873 1981 3927 vidit

397 3970 566 4025 l-aias
599 3970 742 4026 ﬁlius
772 3974 959 4036 Amos,
990 3973 1170 4026 omnis
1202 3973 1314 4025 lure
1346 3971 1630 4040 prophetia
1667 3970 1729 4024 :lc
1762 3970 1983 4022 Christo

399 4073 507 4125 est,
538 4079 699 4132 quam
737 4079 831 4132 per
866 4074 1048 4133 partes
1080 4065 1329 4119 volumus
1369 4063 1686 4133 explanare,
1719 4078 1784 4117 ne
1822 4064 1980 4115 simul

314 4226 319 4231 δ
402 4161 672 4226 proposita
708 4170 870 4225 atque
904 4162 1137 4216 disserta
1187 4160 1405 4214 lectoris
1449 4160 1749 4212 contundat
1784 4175 1985 4209 nit-mo-

399 4251 563 4305 riain.
600 4250 818 4319 Virgatn
853 4262 906 4306 et
938 4252 1125 4306 lini-ein
1160 4253 1227 4304 de
1258 4253 1438 4305 radice
1464 4249 1638 4310 Iesse,
1666 4252 1840 4319 ipsum
1884 4249 1986 4301 l)o-

403 4340 611 4397 initium
642 4344 813 4399 ,Ιαόωί
843 4344 1312 4412 interpretantur:
1340 4344 1481 4410 quod
1509 4341 1725 4396 scilicet
1753 4340 1803 4394 iu
1836 4342 1983 4409 virga

403 4441 687 4510 regnantis
719 4438 983 4507 potentia,
1013 4437 1064 4489 iu
1095 4436 1224 4489 flore
1252 4437 1604 4504 pulchritudo
1632 4445 1980 4488 monstretur.

2083 3240 2175 3292 bus
2213 3240 2440 3307 proferet
2482 3237 2702 3307 (Matth.
2736 3254 2830 3302 xii,
2868 3237 2977 3307 18),
3023 3239 3089 3290 ad
3144 3235 3440 3290 Sztlv.itoris
3475 3235 3661 3289 rel'eiri

2083 3332 2523 3400 intelligentiam,
2565 3331 2615 3383 iii
2666 3346 2775 3395 quo
2828 3330 3087 3400 requievit
3138 3328 3373 3397 Spiritus
3427 3327 3663 3387 Domitii.

2080 3425 2132 3479 id
2161 3432 2267 3490 est,
2292 3434 2490 3477 acterna
2523 3422 2857 3476 habitatione
2890 3422 3188 3490 permansit
3215 3440 3227 3474 :
3257 3436 3360 3474 non
3400 3435 3449 3472 ut
3483 3419 3666 3472 avola-

2084 3525 2184 3578 ret,
2225 3522 2279 3567 et
2336 3530 2550 3567 rursum
2610 3512 2676 3567 ad
2732 3530 2854 3565 eum
2913 3513 3307 3577 (ἱρειτνιιηξιιιιιιη
3373 3515 3463 3565 sed
3509 3511 3665 3577 juxta

2081 3601 2302 3659 Jaatin's
2345 3605 2599 3673 BJplislzl-
2637 3604 3005 3657 las‘tiitiniiittiit
3047 3605 3251 3674 jugiter
3296 3613 3668 3672 permaneret,

2083 3698 2174 3766 qui
2204 3698 2276 3751 ait
2300 3712 2313 3749 :
2350 3695 2469 3749 l'ia’i
2492 3695 2750 3765 Spiritum
2775 3698 3161 3749 descendentem
3190 3698 3343 3763 quasi
3368 3694 3667 3747 columbam

2084 3792 2148 3845 de
2182 3791 2330 3854 caelo,
2358 3799 2407 3843 et
2437 3798 2732 3843 manentem
2763 3792 2813 3842 in
2843 3808 2921 3855 eo,
2953 3800 3000 3843 et
3030 3807 3120 3859 ego
3154 3789 3439 3842 nesciebam
3475 3788 3625 3840 illuni
3652 3804 3672 3853 ;

2086 3882 2178 3934 sed
2208 3882 2297 3950 qui
2336 3898 2413 3933 me
2443 3881 2581 3933 misit
2614 3881 2882 3949 baptizare
2912 3882 2964 3933 in
3008 3898 3172 3950 aqua,
3206 3879 3297 3933 ille
3329 3880 3455 3931 mihi
3481 3879 3618 3932 dixit
3650 3894 3668 3933 .‘

2087 3972 2256 4040 Super
2296 3990 2443 4044 quem
2495 3974 2685 4025 ridet-is
2728 3971 2985 4035 Spiritum
3030 3973 3420 4026 descendentem
3462 3982 3510 4024 et
3557 3986 3672 4023 ma-

2088 4077 2290 4120 uenient
2322 4067 2375 4119 in
2401 4083 2481 4131 eo,
2511 4068 2617 4133 ipse
2643 4076 2714 4119 est
2747 4066 2835 4135 qui
2869 4066 3100 4135 baptizat
3126 4067 3180 4117 in
3212 4063 3411 4133 Spiritu
3440 4075 3621 4117 sancto
3651 4065 3672 4094 ⁵

2089 4159 2273 4228 (Joan.
2313 4175 2352 4222 i,
2389 4160 2476 4221 5‘2,
2509 4160 2619 4228 55).
2658 4157 2827 4212 Porio
2869 4159 2921 4211 in
2976 4155 3291 4225 Evaiigt-lio,
3322 4155 3475 4222 cujus
3508 4172 3671 4220 supra

2089 4252 2317 4307 fecimus
2358 4254 2707 4315 mentionem,
2747 4252 2861 4304 lucc
2910 4251 3110 4319 scripta
3169 4248 3516 4316 reperimus:
3558 4246 3674 4301 Fa-

2089 4362 2228 4400 ctum
2269 4356 2345 4399 est
2389 4354 2564 4397 autem
2612 4360 2728 4397 cum
2765 4343 3083 4395 ascendisset
3128 4341 3380 4394 Dominus
3414 4346 3475 4395 de
3510 4360 3672 4412 aqua,

2090 4439 2354 4493 descendit
2381 4438 2497 4507 fons
2530 4438 2699 4489 ontnis
2730 4433 2961 4505 Spiritus
2994 4435 3183 4498 sancti,
3226 4446 3275 4487 et
3312 4435 3553 4502 requievit
3584 4451 3675 4484 su-

401 4535 513 4590 Nos
541 4544 724 4589 autem
750 4533 960 4599 virgam
984 4532 1051 4584 de
1075 4530 1253 4584 radice
1304 4528 1459 4583 .lessc
1488 4539 1726 4582 sanetam
1756 4528 1855 4582 Ma:
1875 4527 1980 4579 iam
2015 4526 2062 4585 ι)
2089 4548 2179 4601 per
2207 4550 2345 4590 eum.
2373 4541 2424 4586 et
2466 4532 2597 4584 dixit
2628 4530 2706 4583 illi
2736 4547 2753 4584 :
2784 4528 2894 4581 Fili
2926 4530 3017 4590 mi,
3050 4529 3099 4581 in
3138 4528 3377 4581 omnibus
3413 4527 3675 4596 prophetis

412 4627 683 4694 Virginem
737 4624 1137 4692 intelligamus,
1199 4637 1321 4692 quae
1381 4621 1585 4675 i.u|ltt:n
1645 4620 1831 4675 lt.tbu.t
1886 4620 1990 4674 sibi

406 4722 659 4774 truticem
691 4716 1090 4777 colimreutem;
1125 4715 1191 4768 de
1235 4730 1340 4783 qua
1390 4722 1445 4767 et
1496 4728 1658 4781 supra
1711 4714 1937 4781 legimus
1976 4727 1990 4765 :

348 4794 359 4809 ’
405 4813 543 4868 Ecce
582 4810 739 4880 Virgo
777 4810 1032 4874 concipiet
1070 4816 1117 4860 et
1159 4808 1332 4876 pariet
1364 4806 1533 4875 ﬁlium
1574 4804 1709 4875 (lsa.
1746 4820 1844 4866 vti,
1880 4803 1989 4870 Η).

414 4906 477 4959 Et
521 4905 706 4959 liorem
752 4903 1037 4958 Domitium
1077 4900 1438 4962 Sslvatoretn,
1474 4901 1564 4967 qui
1598 4900 1729 4952 dicit
1773 4900 1823 4951 iii
1853 4897 1997 4950 Can-

409 4997 522 5051 tico
568 4998 957 5049 canticorum:
992 4992 1101 5062 Ego
1140 4995 1240 5063 ﬂos
1279 4993 1453 5062 campi
1495 5002 1541 5045 et
1584 4990 1754 5044 litium
1786 4990 1999 5043 conval-

413 5092 544 5143 lium
574 5087 753 5157 (Cant.
776 5105 835 5150 ii,
868 5088 943 5158 l).
980 5087 1081 5141 Pro
1108 5088 1307 5147 radice,
1328 5102 1490 5152 quam
1518 5085 1617 5141 soli
1647 5083 1787 5137 LXX
1819 5093 1971 5137 trans

412 5182 687 5241 tulerunt,
727 5185 780 5232 iit
833 5180 1101 5235 lli-braieo
1147 5180 1410 5250 scriptum
1460 5180 1617 5232 habet
1664 5179 1797 5247 (νη)
1838 5191 1971 5232 cezs

410 5275 555 5343 quod
604 5273 799 5342 Aquila
847 5281 901 5325 et
932 5272 1293 5339 sviuinaclius
1339 5280 1393 5325 et
1441 5270 1745 5324 Ttieodotio
1789 5268 1997 5339 κορμὸν

490 5458 504 5484 ¹
538 5454 651 5508 Sidi
687 5453 1003 5503 diminutiva
1042 5452 1214 5506 forma
1255 5450 1451 5511 Vatit‘.,
1482 5449 1823 5520 κεραμίδων,
1854 5449 1996 5519 quod

413 5535 490 5579 est
529 5525 795 5577 vasculum
831 5525 1008 5592 ﬁctile.

489 5600 507 5627 ²
542 5594 673 5648 Vide
710 5596 846 5646 intra
887 5596 949 5644 ad
985 5610 1105 5651 ean.
1143 5609 1293 5647 xvtii.
1332 5594 1415 5648 19.

490 5666 511 5695 ³
550 5665 705 5730 Stepe
736 5665 971 5716 diximus
1000 5663 1099 5723 Zai
1132 5680 1229 5726 pro
1258 5664 1392 5717 Zain
1426 5664 1525 5730 legi
1558 5665 1610 5717 in
1644 5680 1777 5718 mss.

488 5736 509 5765 ⁸
541 5736 752 5788 lla-cile
784 5733 1061 5798 Baptisnio
1096 5734 1396 5786 Salvatoris
1424 5737 1646 5792 historia
1680 5752 1743 5787 ex
1776 5735 1995 5787 libioni-

413 5810 598 5863 tarum
624 5805 815 5859 codice
842 5806 1029 5873 (quem
1054 5806 1304 5858 eumdem
1335 5820 1457 5860 cuin
1488 5805 1587 5859 hoc
1617 5807 1733 5874 ipso
1765 5806 2000 5859 Nazare-

2096 4623 2460 4692 exspectabam
2494 4635 2563 4684 te.
2594 4631 2648 4675 ut
2678 4624 2900 4684 venires,
2927 4630 2974 4674 et
3009 4622 3378 4691 requiescerent
3414 4623 3464 4673 in
3492 4629 3558 4673 te.
3598 4619 3675 4672 Tit

2094 4737 2148 4773 es
2175 4721 2314 4772 enim
2348 4718 2551 4789 requies
2586 4733 2723 4789 mea,
2758 4724 2811 4766 tit
2842 4731 2895 4767 es
2922 4714 3064 4781 ﬁlius
3099 4730 3239 4766 meus
3272 4713 3673 4782 primogenitns,

2094 4813 2185 4882 qui
2220 4828 2403 4881 regnas
2436 4812 2486 4864 in
2521 4811 2912 4875 sempiternum.
2943 4805 3045 4872 Qui
3078 4805 3311 4874 Spiritus
3340 4806 3545 4859 lioniini
3583 4821 3677 4873 apo

2098 4907 2329 4974 re'latiir
2374 4914 2427 4959 et
2481 4901 2718 4970 Spiritus
2771 4900 3048 4970 sapientia!
3085 4916 3098 4955 :
3136 4896 3328 4953 Omnia
3386 4900 3528 4950 enim
3586 4915 3679 4966 per

2097 5001 2267 5063 ipsum
2304 4998 2443 5068 facta
2474 5003 2626 5058 sunt,
2655 5002 2703 5046 et
2734 4992 2846 5046 sine
2871 4995 2982 5059 ipso
3019 4992 3216 5061 factum
3246 4998 3322 5043 est
3358 4988 3508 5052 nihil,
3536 4988 3677 5050 quod

2098 5094 2301 5162 [artum
2330 5097 2404 5142 est
2434 5086 2617 5155 (Joun.
2642 5100 2680 5150 i,
2704 5085 2782 5152 5).
2814 5082 2879 5135 Et
2907 5084 2959 5136 in
2986 5080 3212 5134 Psalmis
3233 5081 3474 5133 canitur:
3503 5080 3677 5145 Quam

2099 5182 2441 5255 magniﬁcum
2482 5188 2599 5232 sunt
2644 5178 2800 5241 ap'era
2846 5185 2958 5240 tua,
3001 5173 3250 5227 Domine!
3286 5173 3464 5226 omnia
3502 5175 3554 5223 in
3585 5189 3678 5225 sa-

2096 5274 2296 5344 pientia
2332 5269 2505 5339 fecisti
2543 5266 2711 5337 (Psal.
2742 5282 2851 5327 xei.
2897 5264 2969 5331 6).
3009 5261 3073 5316 Et
3103 5260 3391 5330 Apostolus
3447 5259 3675 5313 scribt:

2100 5469 2292 5507 norum
2327 5451 2494 5504 fuisse
2531 5445 2860 5502 traditllier.
2889 5444 2942 5497 in
2974 5438 3164 5518 Matth.
3199 5453 3323 5504 eap.
3354 5436 3452 5518 xii;
3489 5435 3681 5518 reeita-

2101 5506 2188 5578 tur
2230 5524 2296 5576 ab
2319 5520 2641 5589 Epiphanio,
2668 5512 3054 5589 lizercs._xxx__§
3075 5511 3172 5589 715,
3198 5507 3415 5589 tametsi
3439 5506 3680 5567 brevius,

2102 5575 2173 5649 eti
2189 5575 2614 5665 paulo'divt-rsis
2632 5575 2958 5665 sententiis.
2982 5575 3116 5635 Vide
3140 5596 3259 5665 qui?
3280 5575 3507 5665 tlclNaza
3520 5590 3678 5665 retio-

2104 5646 2235 5720 rtti'ii
2262 5662 2575 5729 Evangelia,
2613 5670 2723 5710 ttiiii
2754 5657 2906 5721 alibi,
2940 5665 3050 5708 tum
3102 5651 3169 5706 ad
3232 5650 3507 5704 laudatum
3549 5646 3686 5700 Mat-

2104 5738 2226 5790 tlittai
2256 5738 2427 5788 locum
2461 5733 2713 5784 dicimus.
