3962 6192
281 367 385 430 iii)

858 372 1354 437 COMMEN'I'AR.
1407 377 1486 438 IN
1526 379 1787 444 lSAlAIlI
1836 386 1873 445 Ρ

1978 388 2301 452 ll‘llETAM
2336 391 2482 452 LIB.
2516 393 2614 462 IV,
2656 395 2819 459 CAP.
2863 399 2967 458 Χῐ.

3443 403 3565 466 lli!

275 482 520 536 Christus
566 482 661 536 Dei
695 484 856 537 rillus
886 494 937 539 et
968 485 1059 538 Dei
1087 489 1354 555 sapientia
1391 490 1446 559 (1
1470 492 1587 549 Cor.
1607 511 1650 560 ,1,
1670 495 1786 564 ει).
1812 496 1874 550 Et
1905 506 1948 560 Α
1979 502 2127 566 tatis,
2151 504 2442 571 hypocritte
2462 508 2488 562 ?
2517 515 2570 560 et
2621 519 2817 564 caetera
2857 510 2940 563 his
2987 509 3208 564 similia.
3263 513 3564 570 iudicabat.

277 573 330 625 in
366 573 681 629 Proverbiis
704 575 903 646 legit-ur
937 577 1113 645 :jDeus
1137 581 1190 632 in
1212 582 1470 650 sapientia
1498 603 1596 640 sna
1622 587 1864 651 fundarit

277 675 496 730 terrain,
528 676 578 720 et
609 671 816 736 paravit
848 670 1002 726 rwlos
1033 672 1088 724 in
1113 675 1392 740 prudentia
1429 677 1610 744 (Prov.
1642 696 1724 743 ιιι,
1755 681 1862 747 l9).

167 780 188 803 ιι
278 756 347 811 Et
383 759 654 827 quomodo
691 760 830 814 idem
874 776 1057 816 sermo
1102 764 1192 819 Dei
1234 778 1460 820 vocatur
1494 768 1605 833 lux,
1641 778 1692 823 et
1733 770 1864 834 vita,

277 859 331 902 et
375 852 756 906 resurrectio:
796 853 878 908 sic
926 863 978 908 et
1022 855 1246 922 spiritus
1282 859 1566 928 sapientia:
1606 871 1659 914 et
1708 861 1866 914 intel-

279 943 476 1008 Icelus,
517 953 572 996 et
621 944 835 999 consilii
888 955 944 1000 et
994 945 1354 1013 fortitudinis,
1397 959 1452 1003 et
1507 952 1768 1017 scientim,
1811 962 1867 1006 ct

280 1037 530 1106 pietatis,
563 1051 625 1090 ac
661 1037 876 1092 timoris
921 1037 1130 1093 Domini
1179 1052 1543 1112 nuncupatur;
1580 1059 1684 1100 non
1721 1047 1864 1113 quod

280 1129 535 1184 diversus
567 1131 637 1182 sit
675 1128 834 1198 157
863 1133 1015 1198 juxta
1050 1132 1386 1187 tlill‘erentias
1429 1137 1733 1199 nominum,
1771 1139 1865 1192 sed

287 1235 435 1273 unus
461 1229 628 1289 atque
654 1221 797 1274 idem
823 1231 1143 1276 cunctarum
1178 1224 1433 1278 virtutum
1466 1224 1584 1280 lous
1611 1227 1683 1282 sit
1704 1241 1868 1297 atque

217 1306 220 1308 ⁷
284 1314 640 1382 principium.
673 1315 893 1384 Absque
923 1316 1145 1372 Christo
1177 1319 1342 1386 igitur
1374 1334 1474 1374 nec
1503 1321 1888 1389 sapiens-quis.

283 1421 410 1459 esse
433 1415 623 1474 potest,
650 1421 750 1462 nec
776 1407 1101 1477 intelligens,
1125 1425 1222 1465 nec
1241 1411 1606 1475 consiliarius,
1633 1429 1734 1466 uce
1759 1414 1869 1464 ior-

283 1498 377 1557 tir,
403 1513 501 1552 nec
519 1500 782 1561 eruditus,
808 1515 902 1552 nec
924 1503 1064 1569 pius,
1102 1517 1200 1555 nec
1222 1504 1410 1570 plenus
1435 1504 1645 1558 timoris
1669 1504 1778 1558 Dei.
1805 1503 1884 1564 Et.

281 1587 391 1641 hoc
421 1592 720 1642 miti-udum
755 1592 900 1658 quod
936 1591 1174 1660 Spiritus
1209 1591 1445 1658 Domini,
1481 1596 1783 1664 sapientia,
1814 1608 1883 1650 eL

283 1679 616 1744 intellectus,
652 1683 888 1747 consilii,
930 1692 984 1736 et
1034 1684 1384 1750 fortitudinis,
1416 1698 1470 1740 et
1513 1688 1776 1749 Scientite,
1815 1697 1882 1743 eL

283 1773 542 1839 pietatis.
592 1783 647 1826 et
701 1775 911 1829 timoris
966 1776 1212 1841 Domini,
1260 1777 1316 1831 id
1358 1788 1492 1854 est,
1521 1781 1884 1848 septenarius

286 1879 573 1927 nttinerns,
605 1865 695 1933 qui
729 1875 939 1934 septem
977 1867 1120 1921 oculi
1159 1867 1212 1920 in
1252 1884 1360 1924 uno
1398 1869 1573 1937 lapide
1613 1869 1869 1923 dicuntur
1904 1854 1946 1906 Β

288 1957 342 2007 in
375 1955 639 2009 luebat-ia
682 1962 824 2026 (cap.
858 1957 962 2028 ιιι),
999 1960 1314 2028 requiescat
1365 1975 1527 2032 super
1566 1962 1772 2032 virgam
1816 1971 1878 2016 ot

289 2043 506 2105 norem,
535 2048 626 2116 qui
655 2048 723 2102 de
751 2048 928 2116 lesse,
959 2066 1023 2104 ac
1063 2067 1159 2120 per
1198 2053 1302 2108 hoc
1346 2053 1715 2124 David-stirpe
1741 2070 1871 2108 sur-

288 2139 450 2191 rexit.
502 2139 825 2208 Specialiter
877 2153 1060 2197 autem
1115 2146 1340 2214 spiritus
1393 2145 1607 2201 timoris
1658 2146 1872 2201 Domini

293 2225 604 2295 impleverit
634 2246 758 2284 eum
794 2239 1018 2301 prOpter
1049 2248 1145 2287 eos
1176 2233 1268 2303 qui
1308 2234 1502 2288 timore
1531 2233 1743 2290 Domini
1791 2235 1874 2288 in-

291 2320 482 2389 digent
511 2338 525 2385 ;
558 2322 688 2391 quia
722 2325 931 2392 parvuli
981 2335 1129 2390 sunt,
1166 2339 1325 2394 quem
1369 2325 1520 2381 foras
1555 2326 1720 2379 mittit
1756 2340 1874 2394 per-

296 2412 438 2468 lecta
463 2415 703 2469 dilectio.
732 2416 834 2482 Qui
858 2416 1004 2471 enim
1035 2417 1209 2470 timet.
1236 2431 1450 2486 pomum
1480 2416 1665 2482 habet,
1688 2425 1742 2470 et
1765 2432 1874 2470 non

290 2516 370 2560 est
425 2506 697 2575 perfectus
735 2505 786 2578 (1
829 2507 988 2562 Joan.
1027 2523 1100 2572 iv,
1136 2508 1247 2578 18)..
1292 2506 1446 2563 Unde
1483 2517 1538 2562 et
1577 2509 1874 2577 Apostolus

294 2595 533 2665 loquitur
555 2599 620 2649 ad
650 2597 939 2652 credentes
971 2612 988 2652 :
1023 2597 1147 2652 Non
1169 2601 1309 2652 enim
1330 2600 1602 2668 accepistis
1627 2601 1872 2664 spiritum

290 2691 552 2743 serriiutis
587 2691 776 2744 iterum
819 2693 874 2744 in
921 2691 1143 2756 timore;
1172 2692 1262 2745 sed
1293 2693 1572 2758 accepistis
1613 2693 1870 2760 Spiritum

292 2783 686 2850 arluptiouis,iu
712 2799 813 2851 quo
843 2783 1136 2837 clamamus
1161 2800 1186 2838 ι
1211 2785 1540 2844 AhbaPuter
1560 2783 1733 2854 (liam.
1756 2800 1871 2849 vui,

296 2868 406 2938 15).
437 2867 499 2923 Et
533 2871 585 2924 iu
623 2871 888 2928 hlalarhia
921 2874 1148 2942 legimus
1174 2873 1274 2928 :Si
1309 2875 1469 2928 Pater
1499 2891 1592 2943 ego
1625 2892 1765 2940 sum,
1788 2875 1875 2928 ubi

289 2974 367 3015 est
395 2962 570 3030 gloria
595 2980 708 3017 mea
729 2965 756 3018 ,ν
782 2975 832 3018 et
853 2966 898 3018 si
927 2966 1182 3020 Dominus
1209 2982 1300 3037 ego
1330 2976 1474 3032 sum,‘
1495 2968 1583 3020 ubi
1609 2977 1683 3021 est
1715 2970 1874 3019 timor

290 3070 437 3106 meus
485 3054 748 3122 (Malaclt.
787 3071 824 3120 ι,
859 3058 954 3125 6)?
989 3057 1064 3111 De
1111 3074 1219 3126 quo
1265 3059 1461 3112 timore
1511 3068 1770 3113 cantatur
1819 3060 1872 3112 in

283 3145 510 3199 Psalmo
543 3164 558 3202 :
599 3148 790 3211 Venite,
819 3152 940 3219 ﬁit'i,
985 3152 1162 3205 audite
1215 3168 1337 3208 me:
1375 3154 1616 3207 timorem
1661 3152 1873 3206 Domini

281 3241 486 3294 docebo
517 3257 603 3295 eos
637 3243 813 3314 (I’sai.
845 3261 1041 3311 sunt,
1080 3246 1187 3316 12).

368 3333 545 3402 (Vere.
585 3336 822 3406 5seqq.)
863 3354 887 3388 ι
925 3336 1042 3392 Non
1097 3338 1396 3392 secundum
1436 3338 1702 3394 visionem
1739 3354 1869 3394 ocu-

288 3425 466 3477 lorum
492 3425 784 3492 judicabit,
827 3442 1005 3495 neque
1045 3429 1343 3482 secundum
1374 3429 1619 3484 auditum
1651 3431 1864 3484 aurium

284 3529 481 3586 arguet
507 3537 522 3573 :
549 3523 642 3574 sed
670 3520 934 3589 iudicabit
965 3521 1016 3575 in
1043 3522 1254 3587 iustitia
1280 3537 1571 3592 pauperes,
1593 3533 1650 3577 et
1676 3533 1870 3593 arguet

290 3613 349 3664 in
377 3615 635 3680 aequitate
665 3629 762 3682 pro
803 3615 1106 3670 mansuetis
1145 3625 1334 3682 terrae,
1357 3625 1412 3670 et
1455 3617 1721 3686 percutiet
1759 3625 1874 3669 ter—

289 3718 408 3757 ram
438 3705 583 3774 virga
607 3706 721 3760 oris
747 3706 852 3768 sui,
886 3716 948 3762 et
973 3708 1166 3777 spiritu
1221 3708 1490 3762 labiorutn
1517 3722 1742 3762 suorum
1791 3709 1874 3759 in-

292 3794 519 3848 tcrliciet
556 3797 799 3865 impium.
822 3797 1236 3869 Eteritjustitia
1259 3802 1532 3870 cingulum
1562 3800 1876 3855 lumborum

289 3887 434 3956 ejus,
457 3898 505 3942 et
532 3888 665 3944 lides
691 3890 1014 3945 tinctorium
1048 3908 1236 3948 renutu
1264 3891 1404 3962 ejus.
1446 3911 1470 3944 ›
1502 3893 1628 3950 llaec
1657 3910 1768 3950 nos
1801 3896 1874 3948 ad

292 3979 528 4047 primum
576 3982 864 4036 adventum
905 3984 1195 4040 referimus
1227 3984 1529 4039 Salvatoris
1559 4003 1574 4039 :
1604 3984 1776 4040 ,ιιιωί
1819 3989 1872 4040 in

293 4073 405 4122 line
437 4072 620 4124 mundi
655 4074 991 4128 contendunt
1025 4075 1229 4130 futura.
1254 4076 1425 4132 Porro
1451 4076 1593 4131 LXX
1629 4089 1872 4132 translu-

291 4161 476 4214 lerunt
512 4177 525 4214 :
567 4179 585 4213 ι
624 4161 738 4217 Non
777 4166 1071 4219 secundum
1104 4168 1330 4235 gloriam
1373 4168 1662 4237 jndieahit,
1699 4185 1875 4238 neque

288 4253 446 4320 iusta
477 4268 783 4309 sermonem
814 4268 1006 4326 arguet
1033 4274 1046 4310 :
1089 4258 1183 4313 sed
1222 4259 1496 4328 judicahit
1527 4261 1716 4329 humili
1756 4261 1847 4333 [ΑΙ
1868 4298 1888 4318 .

293 4343 499 4397 lmmile
547 4344 838 4417 judicium]
863 4347 1095 4416 judicio.
1141 4359 1198 4404 et
1245 4361 1437 4419 arguet
1495 4351 1730 4404 humiles
1769 4361 1878 4405 ter-

293 4450 370 4487 ra:
405 4435 421 4465 ί
453 4473 467 4488 .
501 4454 520 4487 ι
556 4436 763 4492 Nullius
801 4441 948 4492 enim
979 4455 1265 4510 personam
1300 4443 1497 4512 accipit
1529 4444 1584 4497 in
1614 4445 1870 4513 judicio:

289 4530 387 4580 sed
420 4529 624 4584 Scribis
653 4540 710 4585 et
750 4529 1044 4588 Pharisaeis
1074 4551 1138 4588 ac
1178 4537 1523 4606 principibus
1577 4539 1819 4607 loquitur
1855 4554 1868 4592 :

308 4618 396 4674 Vc
429 4622 592 4686 vobis,
625 4625 914 4694 hypocrita:
949 4643 968 4679 :
993 4637 1080 4694 et,
1115 4628 1395 4695 Auferetnr
1429 4646 1460 4682 a
1492 4630 1632 4682 vobis
1656 4646 1874 4699 regnum

291 4715 415 4780 Dei,
433 4725 479 4768 et
501 4720 720 4771 dabitur
735 4721 873 4790 genti
894 4719 1108 4788 facienti
1126 4721 1327 4788 {ructus
1339 4721 1451 4789 ejus
1476 4720 1692 4789 (Matth.
1717 4737 1851 4776 χχιιι
1863 4762 1878 4790 ,

294 4809 384 4872 13,
423 4819 475 4863 et
515 4826 630 4875 ut,
670 4810 786 4882 45).
827 4811 938 4866 Nec
969 4816 1267 4867 secundum
1307 4829 1612 4868 sermonem
1641 4827 1694 4869 et
1724 4818 1880 4870 andi-

291 4913 410 4955 lum
438 4905 651 4956 aurium
683 4905 972 4973 corripuit.
1025 4907 1136 4961 Illis
1165 4911 1309 4961 enim
1351 4908 1662 4962 dicentibus
1698 4925 1713 4964 :
1754 4909 1880 4964 Ma-

286 4996 477 5064 gister,
506 4997 699 5050 sciurus
735 4999 862 5066 quia
907 5016 1068 5052 ceras.
1086 5017 1163 5066 es,
1188 5011 1236 5054 et
1275 5001 1409 5055 viain
1444 5001 1540 5055 Dei
1573 5001 1626 5055 in
1663 5003 1880 5058 ueritate

286 5089 472 5150 doces,
509 5097 554 5140 et
581 5104 682 5143 non
711 5092 778 5143 ad
809 5101 857 5144 te
881 5093 1102 5160 pertinet
1149 5095 1212 5145 de
1256 5093 1433 5162 aliquo
1461 5110 1480 5146 :
1524 5110 1688 5163 neque
1738 5097 1878 5149 enini

288 5185 436 5238 rides
464 5185 518 5236 in
544 5186 733 5255 [aciem
788 5188 1056 5240 hominum
1111 5187 1328 5255 (Matth.
1359 5205 1493 5248 χιιι.
1540 5190 1626 5259 16)
1660 5208 1674 5245 :
1719 5189 1884 5260 158

284 5275 476 5330 scit-ns
509 5281 766 5331 malitiam
798 5293 1008 5344 eorum,
1031 5284 1396 5350 reSpondeliat
1424 5299 1440 5337 :
1479 5281 1616 5348 Quid
1654 5299 1732 5336 me
1761 5298 1880 5336 teu-

365 5480 384 5511 ¹
415 5479 615 5560 Graece
635 5481 930 5560 scripserat
966 5485 1161 5560 Eusebi
1189 5504 1233 5540 ιε
1257 5504 1274 5542 :
1296 5487 1538 5560 Μηδενκς
1568 5491 1674 5559 γὰρ
1708 5492 1879 5560 πρόσ-

283 5568 444 5629 ωςιιπον
472 5553 786 5629 lepid-nov,
811 5557 1008 5624 ἧλεγχε
1047 5556 1146 5610 σὺν
1203 5553 1486 5629 maiust;
1520 5553 1688 5629 πάικῇ
1745 5553 1876 5615 ⁸ὲοτὲ

291 5623 402 5690 μὲν
430 5625 555 5682 τοὺς
589 5623 1075 5697 γνρλμματείςςκιὶ
1107 5623 1474 5697 impiae-Long-
1497 5635 1624 5682 πότε.
1659 5623 1716 5683 δὲ
1751 5650 1845 5685 του

288 5695 760 5771 ἀρχιερεβηέγόογ
817 5699 874 5747 ὲν
905 5696 983 5765 τῷ
1020 5698 1153 5766 ναῷ,
1188 5695 1266 5761 oi;
1305 5701 1398 5750 usi.
1429 5700 1640 5771 Ereyev,
1677 5701 1879 5771 ’Ᾱρῐιή-

285 5779 450 5839 οεςαι
506 5762 602 5831 ἀφ’
642 5766 796 5832 ὑμῶν
851 5771 882 5836 ἡ
943 5762 1219 5834 pastinati,
1270 5779 1364 5820 xui
1409 5762 1700 5839 ὀοῢήσεῒαι
1737 5762 1878 5824 ἕονξι

290 5834 540 5887 natumut
595 5839 714 5900 τιὺί
766 5834 1013 5910 napum;
1067 5841 1254 5910 θύτης·
1305 5841 1418 5892 αλλ·
1451 5834 1571 5897 οὐδὲ
1607 5845 1748 5896 κατὰ
1786 5861 1878 5914 τιον

1969 603 2152 648 autem
2187 596 2239 649 in
2268 595 2478 663 iustitia
2511 614 2781 668 pauperes
2821 600 3041 670 spiritu,
3073 619 3305 672 quorum
3338 615 3424 659 est
3457 622 3548 660 re-

1967 702 2133 755 gnum
2157 689 2248 743 Dei
2287 706 2302 743 :
2335 700 2389 744 et
2435 692 2698 761 arguebat
2731 695 2782 746 in
2823 695 3080 762 :eqnitate
3135 705 3452 752 inausuetos
3497 710 3566 751 et-
3637 723 3642 728 -

1970 781 2199 836 humiles
2249 792 2427 846 terrae,
2459 786 2649 840 dicens
2700 789 2763 840 ad
2803 788 3078 857 apostolos
3109 805 3123 842 :
3161 789 3345 843 Adhuc
3369 801 3416 846 et
3465 807 3558 844 eos

1971 874 2276 940 insipientes
2316 876 2490 930 estis?
2530 878 2592 930 Et
2625 877 2818 930 iterum
2849 897 2861 931 :
2897 877 3136 932 Necdum
3187 881 3336 935 scitis
3389 897 3554 951 neque

1971 967 2264 1037 intelligitis
2291 967 2488 1036 (Μαῖα.
2521 986 2640 1033 vni,
2677 973 2810 1040 l7)?
2849 973 2912 1026 lit
2940 974 3007 1027 ad
3060 973 3281 1028 Petrum
3334 976 3572 1045 spccia--

1971 1059 2093 1113 liler
2117 1078 2130 1113 ε
2158 1059 2384 1115 Modica:
2410 1063 2560 1130 ﬁdei,
2585 1082 2751 1134 quare
2775 1066 3029 1121 dubitasti
3054 1068 3271 1140 (Matth.
3295 1085 3401 1132 χιιι,
3421 1069 3512 1138 51)
3535 1072 3560 1123 ἔ

1969 1149 2065 1204 Vel
2119 1163 2269 1207 certe
2323 1170 2419 1222 pro
2463 1157 2760 1211 humilibus
2821 1169 2982 1229 atque
3045 1163 3348 1217 mansuetis
3415 1164 3553 1217 alios

1971 1243 2260 1310 arguebat,
2294 1247 2384 1314 qui
2417 1263 2515 1300 eos
2546 1249 2856 1316 opprimere
2879 1253 3239 1309 conabantur.
3282 1256 3555 1310 Percussit

1970 1350 2188 1404 quoque
2218 1339 2399 1391 omnia
2440 1348 2654 1393 terrena
2713 1356 2878 1410 opera
2939 1343 3106 1411 \irga,
3151 1347 3265 1400 sive
3320 1357 3376 1399 ιιι
3412 1347 3549 1401 LXX

1975 1428 2390 1493 transtulerunt,
2421 1433 2570 1484 verba
2592 1435 2699 1486 oris
2723 1436 2826 1497 sui,
2861 1435 3091 1502 loquens
3119 1438 3171 1490 iu
3205 1437 3500 1506 EVangelio
3531 1457 3546 1496 ε

1972 1516 2156 1572 Nolite
2185 1534 2392 1588 putare,
2416 1525 2540 1588 quia
2574 1528 2795 1578 venerim
2827 1529 3031 1596 mittere
3061 1547 3242 1596 pacem
3270 1548 3429 1598 super
3448 1542 3556 1584 tero

1971 1628 2086 1665 ram
2113 1628 2132 1666 :
2164 1630 2268 1666 non
2316 1630 2454 1667 enim
2501 1618 2614 1668 veni
2665 1620 2870 1673 mittere
2921 1637 3106 1686 pacem
3135 1663 3146 1684 ,
3180 1623 3288 1676 sed"
3317 1623 3558 1692 gladium

1973 1704 2182 1771 (Jiatt/t.
2216 1721 2270 1767 ιι.
2305 1707 2397 1771 54,
2431 1718 2482 1760 et
2507 1706 2636 1762 Luc.
2668 1724 2762 1773 sit,
2791 1711 2907 1764 5i).
2948 1711 3017 1764 Et
3052 1713 3240 1778 spiritu
3292 1714 3564 1769 (abierunt.

1972 1814 2187 1850 suorum
2215 1800 2491 1867 interﬁt-iet
2529 1803 2789 1870 impium;
2826 1805 2892 1859 de
2921 1819 3030 1874 quo
3062 1806 3114 1859 in
3158 1822 3302 1860 nono
3345 1806 3560 1875 psalmo

1974 1888 2202 1956 legimus
2233 1908 2246 1942 :
2285 1888 2577 1958 lncrepasti
2597 1901 2794 1960 gentes,
2821 1902 2870 1946 et
2906 1895 3059 1961 periit
3096 1895 3286 1964 impius
3316 1912 3335 1949 :
3367 1911 3557 1951 nomen

1973 1995 2152 2035 eorum
2180 1980 2361 2032 delesti
2389 1982 2444 2033 in
2467 1982 2717 2034 steculuut
2747 1992 2794 2034 et
2815 1985 2870 2036 in
2890 1985 3142 2037 siccatum
3175 1987 3358 2039 surculi
3380 1986 3560 2058 (Psal.

1975 2085 2052 2132 Ix,
2084 2069 2162 2138 6).
2205 2068 2268 2122 Et
2295 2069 2492 2124 Paulus
2526 2071 2809 2140 apostolus
2836 2074 3030 2128 scribit
3063 2091 3078 2130 :
3111 2073 3278 2140 Quem
3301 2076 3562 2132 Dominus

1971 2160 2128 2215 Iesus
2158 2162 2428 2230 iuter/iciet
2453 2165 2644 2233 spiritu
2675 2166 2782 2218 oris
2800 2164 2986 2234 sui(!l
3013 2165 3193 2222 Thess.
3215 2183 3274 2236 ιι,
3297 2167 3392 2239 8);
3430 2169 3558 2224 Per-

1975 2267 2140 2306 cusso
2168 2266 2347 2306 autem
2373 2255 2562 2324 impio,
2603 2255 2886 2311 accinctus
2929 2266 3016 2313 est
3049 2256 3311 2315 Dominus
3345 2261 3562 2330 iustitia

1973 2353 2030 2399 et
2053 2346 2282 2398 veritate
2311 2357 2368 2401 et
2401 2347 2503 2400 [ide
2545 2345 2768 2418 (Ephes.
2791 2347 2890 2417 vr).
2925 2349 3044 2419 Ipse
3084 2351 3227 2405 enim
3265 2352 3442 2409 iactus
3469 2366 3554 2409 est

1976 2437 2130 2492 nobis
2161 2453 2190 2490 a
2229 2437 2340 2492 Deo
2377 2439 2669 2507 sapientia,
2700 2451 2754 2494 et
2784 2439 3021 2509 justitia,
3044 2451 3099 2495 et
3123 2443 3482 2498 sanctificatio
3503 2456 3559 2498 et

1977 2530 2274 2598 redemptio
2314 2529 2516 2600 (I-Cor.
2549 2534 2610 2599 ι),
2639 2534 2728 2602 qui
2763 2543 2820 2588 et
2853 2535 2907 2587 in
2941 2533 3232 2606 Evangelio
3277 2537 3508 2606 loquitur
3541 2555 3559 2592 :

1976 2621 2090 2692 Ego
2107 2640 2222 2676 sunt
2244 2623 2355 2688 tua,
2375 2633 2428 2678 et
2457 2626 2559 2678 rita
2578 2633 2626 2679 et
2650 2629 2841 2680 veritas
2863 2625 3044 2698 (Joan.
3067 2643 3160 2682 vni
3181 2667 3196 2692 ,
3223 2627 3318 2694 ης
3341 2644 3450 2691 λιν,
3479 2629 3557 2699 6).

1977 2713 2044 2770 Et
2076 2716 2143 2770 de
2175 2715 2406 2771 Psalmis
2431 2717 2630 2771 dicitur
2666 2735 2680 2773 :
2724 2717 2928 2772 Veritas
2955 2720 3020 2775 de
3049 2732 3192 2774 terra
3219 2729 3337 2774 orta
3369 2731 3488 2775 est:
3507 2735 3559 2776 et

1967 2808 2180 2877 justitia
2212 2810 2275 2862 de
2295 2808 2422 2862 coelo
2457 2810 2722 2879 prospexit
2753 2811 2927 2881 (Psat.
2953 2827 3174 2878 Lxxslv,
3195 2811 3305 2882 l2).
3325 2812 3482 2870 Unde
3503 2824 3561 2868 et

1976 2900 2271 2969 Apostolus
2310 2901 2567 2955 hortatur
2598 2900 2865 2971 Ephesios
2901 2925 2912 2958 :
2953 2903 3104 2959 State
3129 2921 3253 2975 ergo
3301 2907 3558 2960 succincti

1978 2992 2182 3046 lumbos
2232 3004 2428 3048 vestros
2463 2995 2516 3048 in
2557 2997 2796 3062 veritate,
2829 3009 2873 3049 et
2908 2996 3087 3051 induti
3121 2997 3288 3050 lorica
3329 2998 3560 3066 justitite

1980 3082 2200 3152 (Ephes.
2237 3084 2449 3155 v1.14).
2479 3084 2632 3150 Quod
2663 3087 2704 3138 si
2743 3101 2842 3155 pro
2875 3089 3101 3142 veritate
3137 3087 3289 3157 ﬁdes
3331 3087 3554 3157 legitur,

1984 3177 2112 3231 illud
2146 3177 2460 3240 dicendum,
2497 3177 2642 3247 quod
2677 3179 2952 3249 cingulum
2990 3181 3225 3245 Domini,
3283 3196 3395 3250 quo
3433 3181 3557 3236 cinr

1977 3278 2097 3324 ctus
2127 3277 2210 3323 est
2227 3267 2493 3324 Jeremias
2519 3268 2740 3340 (Jerem.
2767 3273 2910 3339 sui),
2939 3270 3070 3328 ﬁdes
3095 3272 3434 3326 credentium
3459 3273 3556 3326 sit.

2051 3360 2231 3431 (Vers.
2267 3359 2301 3415 6
2330 3361 2536 3457 seqq)
2577 3378 2596 3412 ι
2636 3360 2910 3417 llabitabit
2944 3362 3102 3432 lupus
3133 3377 3257 3418 cum
3313 3378 3479 3435 agno,
3506 3376 3564 3457 ut

1977 3453 2184 3523 pardus
2211 3467 2334 3507 cum
2369 3452 2524 3508 hindo
2553 3454 2837 3509 accubabit
2859 3473 2876 3522 ;
2897 3455 3122 3520 vitulus,
3151 3466 3206 3510 et
3234 3457 3338 3522 leo,
3356 3467 3410 3511 et
3438 3456 3563 3511 ovis

1976 3543 2139 3598 simul
2174 3546 2559 3611 morabuntur,
2598 3557 2650 3602 et
2685 3563 2822 3616 puer
2865 3549 3125 3618 parvulus
3161 3549 3392 3604 minabit
3438 3565 3556 3604 cos.

1987 3637 2195 3693 Vitulus
2245 3647 2302 3694 et
2351 3655 2510 3695 ursus
2547 3651 2878 3711 pascentur:
2911 3642 3069 3696 simul
3101 3643 3441 3712 requiescent
3467 3657 3562 3698 ca-

1980 3728 2078 3782 tuli
2115 3744 2330 3795 eorum,
2359 3741 2412 3784 et
2449 3729 2534 3785 leo
2569 3731 2726 3800 quasi
2783 3733 2881 3786 bos
2919 3733 3172 3787 comedet
3227 3733 3436 3801 paleas.
3485 3731 3561 3789 Et

1976 3820 2337 3875 delectabitur
2355 3821 2535 3877 infans
2557 3823 2627 3875 ab
2647 3824 2812 3878 ubere
2827 3839 2991 3892 super
3017 3823 3284 3880 foramine
3303 3824 3512 3896 aspidis
3541 3841 3566 3884 ἱ

1975 3921 2029 3963 et
2059 3910 2112 3963 in
2143 3926 2378 3966 caverna
2410 3912 2600 3984 reguli,
2635 3914 2728 3981 qui
2761 3915 3067 3970 ablactatus
3099 3915 3285 3982 fuerit,
3321 3931 3542 3972 manum

1975 4017 2131 4055 suam
2165 4003 2364 4058 mittet.
2392 4001 2510 4058 Non
2533 4005 2830 4070 nocebunt,
2857 4016 2912 4060 et
2936 4022 3043 4059 non
3073 4007 3323 4062 occident
3345 4006 3400 4060 in
3432 4008 3557 4059 nni-

1978 4108 2142 4147 Verso
2185 4106 2371 4150 monte
2422 4105 2616 4150 sancto
2665 4111 2808 4161 meo,
2857 4098 2986 4166 quia
3041 4097 3248 4166 repleta
3288 4109 3372 4152 est
3413 4109 3557 4150 tersa

1976 4186 2201 4240 scientia
2257 4185 2468 4241 Domini
2505 4228 2521 4252 ,
2555 4189 2698 4243 sicut
2732 4204 2888 4258 aqua:
2943 4189 3112 4244 maris
3156 4190 3492 4259 aperientes.
3537 4209 3556 4240 ι

1980 4276 2104 4332 ΙΙίιεο
2133 4293 2352 4348 quoque
2375 4278 2544 4335 λιιιιωὶ
2584 4292 2640 4337 et
2668 4283 2839 4337 nostri
2874 4282 3389 4353 jmlaizantesjuxta
3419 4286 3563 4341 luteo

1979 4385 2096 4424 ram
2133 4370 2313 4424 futura
2348 4375 2780 4438 contendunt,ut
2807 4374 2859 4427 in
2877 4373 3127 4430 claritate
3155 4375 3380 4439 Christi,
3401 4393 3561 4446 quem

1981 4473 2174 4533 putant
2205 4464 2258 4518 in
2293 4465 2605 4533 tinentumli
2631 4480 2754 4521 esse
2803 4477 3115 4534 venturum,
3141 4483 3332 4523 omnes
3382 4469 3567 4523 bestia:

1855 4555 1870 4592 ε
1909 4584 1952 4640 ο
1993 4555 2155 4626 159
2211 4557 2526 4625 redigantur
2566 4558 2619 4611 in
2676 4560 3181 4625 mansuetudinem,
3234 4571 3290 4614 ct
3335 4559 3564 4628 pristina

1986 4649 2202 4704 feritate
2229 4651 2699 4720 depo:ita,.lupus.
2726 4662 2778 4704 et
2809 4667 2981 4721 agnus
3030 4663 3331 4722 pascantur
3378 4654 3562 4716 simul,

1981 4752 2038 4796 et
2065 4753 2264 4796 cetera
2293 4759 2416 4797 eum
2439 4743 2674 4806 czcteris,
2702 4759 2824 4810 qua:
2863 4759 3009 4798 nunc
3040 4745 3284 4799 videmus
3314 4745 3417 4798 sibi
3441 4759 3567 4803 esse

1982 4833 2283 4887 contraria.
2310 4832 2460 4900 Quos
2489 4832 2834 4902 interrogare
2855 4835 3137 4900 debemus,
3157 4834 3202 4886 si
3221 4834 3400 4884 omnia
3428 4847 3563 4900 pra--

1983 4924 2154 4978 sentis
2184 4923 2290 4978 loci
2327 4924 2410 4978 sic
2439 4925 2812 4993 accipiuntur,
2844 4938 2908 4982 ut
2932 4927 3135 4996 scripta
3163 4937 3311 4988 sunt.
3349 4938 3401 4980 et
3430 4928 3566 4979 nilnl

1985 5016 2220 5071 refertur
2250 5017 2319 5072 ad
2371 5017 2792 5090 intelligentiam
2852 5021 3175 5089 spiritalem,
3229 5021 3384 5089 juxta
3434 5022 3564 5074 illui

1983 5109 2251 5179 Apostoli,
2281 5111 2370 5178 qui
2399 5113 2476 5166 ait
2501 5129 2516 5166 :
2550 5111 2872 5166 Benedictus.
2900 5112 3059 5178 Deus,
3086 5124 3132 5166 et
3167 5112 3330 5168 l’ater
3356 5114 3568 5168 Domini

1984 5203 2152 5256 nostri
2179 5201 2309 5256 Jesu
2335 5202 2552 5268 Christi,
2576 5205 2664 5274 qui
2707 5205 2977 5258 benedixit
3011 5222 3102 5258 nos
3151 5207 3204 5260 in
3234 5208 3377 5260 omni
3406 5207 3563 5264 bene-

1983 5296 2213 5350 dictione
2245 5297 2478 5366 spiritali
2509 5298 2564 5351 iu
2613 5296 2909 5352 cmlestibus
2937 5297 2990 5350 in
3026 5296 3234 5354 Christo
3275 5299 3497 5369 (Ep/trs.
3529 5316 3566 5362 ι,

1982 5493 2174 5571 λαλιὰν
2199 5495 2430 5571 ῇλεγχεν
2451 5512 2467 5526 ’
2490 5497 2669 5571 οςμὲν
2694 5499 2805 5570 γὰρ
2852 5501 3166 5571 προσῄεσᾳν
3196 5501 3344 5566 αὑτῷ
3378 5502 3571 5569 λέγον.

1983 5583 2096 5640 ’τε-ς’
2130 5567 2454 5640 Διδάσκαλε,
2488 5568 2712 5640 οζδαμεν
2741 5567 2824 5623 an
2851 5567 3059 5639 άληυῆς
3088 5568 3158 5631 εἶ,
3194 5577 3286 5624 καὶ
3311 5574 3381 5625 τὰ
3418 5567 3568 5640 ἑξῆς·

1981 5639 2008 5687 ὀ
2035 5637 2092 5688 δὲ
2117 5639 2180 5708 οὐ
2211 5640 2350 5688 κατὰ
2387 5640 2484 5708 τὴν
2516 5639 2711 5692 λαλιὰν
2732 5642 2909 5694 αὐτῶν
2936 5637 3155 5708 mms-
3182 5641 3262 5692 διὸ
3292 5643 3446 5701 εἰδὼς
3474 5637 3572 5706 τὀις

1984 5707 2252 5776 πονηρίας
2285 5707 2681 5776 crustumiis“-
2706 5713 2770 5763 'l‘i
2798 5727 2864 5778 με
2888 5707 3206 5784 magna,
3226 5711 3520 5784 ὑποκριιαί
3551 5729 3568 5781 ;

1984 5781 2029 5842 ρ
2071 5798 2113 5831 λυ
2143 5789 2360 5832 ιυιιιδιυιιι
2400 5786 2515 5851 lere
2557 5783 2738 5837 \erbis
2785 5785 2975 5834 Lahm:
3010 5780 3235 5837 llteion.
3269 5780 3464 5842 reddit.
