3980 6200
414 359 511 425 151

1563 373 1622 433 S.
1657 374 1964 433 EUSEBll
2025 378 2073 436 ll
2088 379 2455 440 IERONYMI

3551 376 3650 443 152

401 475 482 573 5),
511 489 641 543 ergo
686 480 737 529 et
772 476 947 542 radis,
978 489 1031 533 et
1072 483 1240 551 \irga,
1276 492 1325 537 et
1382 483 1478 537 llos
1508 500 1641 539 non.
1668 486 1977 543 refcrantur
2008 518 2045 564 Α
2078 493 2187 547 dat.
2227 493 2417 550 Paleas
2446 506 2574 565 puto
2612 494 2662 549 in
2687 495 2982 566 Scripluris
3018 494 3220 549 sanctis
3251 495 3411 550 verba
3444 497 3651 573 simpli-

401 568 469 620 ad
540 582 755 620 sensum
783 585 795 622 :
833 582 1080 640 terraque
1106 588 1357 640 percussa
1387 575 1555 630 Verbo
1579 576 1692 639 Dei,
1722 588 1777 630 et
1803 578 1970 634 inter-

404 658 575 711 fectus
597 658 793 726 impius
812 660 1000 727 spiritu
1028 662 1293 717 lahiorum
1319 664 1456 734 ejus,
1483 667 1561 721 sic
1584 666 1970 737 intelligantur,

406 757 464 801 ut.
491 751 691 817 scripta
718 760 839 803 sunt
880 766 891 808 ;
916 763 970 802 et
999 754 1191 807 docere
1216 769 1500 821 cogamur,
1527 758 1799 825 quomodo
1817 759 1975 812 rehns

400 840 755 907 iucorporeis,
784 842 1017 909 justitia,
1047 854 1101 897 et
1136 846 1386 913 veritate,
1418 863 1576 902 rencs
1610 848 1821 901 Domini
1856 851 1968 903 cir-

398 932 726 984 cutndentur
753 933 773 985 ?
810 933 912 988 Sed
942 946 995 987 et
1022 936 1124 989 hoc
1153 952 1248 991 eos
1283 939 1701 1009 interrogemus,
1732 941 1860 1008 quid
1892 942 1975 995 di-

397 1038 560 1091 gnum
599 1026 667 1078 sit
698 1026 916 1080 Domini
951 1027 1255 1096 majestate,
1291 1041 1348 1084 ιιι
1380 1032 1535 1100 lupus
1567 1042 1618 1085 et
1653 1048 1823 1103 agnus
1878 1050 1975 1103 pa-

397 1124 621 1169 seautur
641 1116 826 1180 simul,
863 1129 917 1171 et
945 1120 1147 1185 pardus
1180 1135 1299 1173 cuin
1336 1122 1487 1174 lizezlo
1518 1124 1766 1183 accubet,
1809 1133 1860 1175 et
1894 1126 1979 1175 leo

397 1207 580 1275 paleas
613 1210 880 1273 comedat,
934 1220 985 1265 et
1046 1226 1180 1279 puer
1240 1214 1496 1279 parvulus
1544 1217 1722 1266 mittat
1758 1229 1973 1267 manum

398 1315 553 1353 suam
583 1301 632 1351 itt
670 1299 936 1356 foramine
967 1304 1216 1370 asltitlunt
1244 1304 1267 1357 ἲ
1292 1305 1394 1357 nisi
1429 1303 1567 1358 forte
1587 1305 1740 1372 juxta
1769 1305 1977 1359 fabulas

401 1405 685 1461 poetarum
734 1409 957 1448 aureum
1022 1397 1179 1450 nobis
1230 1394 1449 1449 Salttt'tti
1504 1398 1759 1452 saeculum
1823 1398 1975 1451 restio

402 1492 576 1548 luent,
614 1485 665 1537 ιιι
710 1500 816 1552 quo
843 1485 948 1553 lupi
980 1495 1033 1539 et
1060 1485 1181 1555 agni
1201 1497 1492 1554 paseentur
1516 1488 1696 1549 simul,
1720 1499 1767 1539 et
1802 1487 1977 1542 mulso

398 1575 528 1628 vino
585 1576 737 1643 plena
791 1586 1016 1631 current
1051 1576 1294 1642 llttmiua,
1323 1586 1377 1630 et
1437 1579 1502 1631 de
1538 1577 1683 1632 loliis
1718 1579 1974 1633 arhorosn

400 1667 681 1721 stillabunt
715 1668 870 1721 mella
896 1668 1227 1730 dulcissima.
1255 1669 1550 1735 lactt-isque
1585 1670 1821 1723 l'onziltns
1852 1687 1973 1723 om-

402 1756 487 1809 nia
522 1757 962 1825 cotnplchuntur.
997 1759 1149 1823 Qttod
1181 1759 1224 1811 si
1260 1760 1635 1826 reSpundot-int
1669 1777 1764 1826 pro
1802 1761 1977 1814 heati-

2076 587 2158 640 cia
2202 586 2453 659 intelligi.
2484 587 2749 643 Triticum
2774 600 2975 652 autem,
3013 599 3066 642 et
3100 584 3410 642 interiorem
3439 594 3650 644 medul-

2078 680 2202 747 lam,
2240 696 2462 737 sensuro
2497 684 2586 752 qui
2609 684 2885 738 invenitur
2910 683 2961 737 itt
2997 682 3175 737 litteta
3212 698 3226 738 :
3258 692 3311 736 et
3337 681 3651 752 frequenter

2075 775 2278 837 evenit,
2307 785 2366 828 ut
2400 775 2643 830 homines
2668 775 2872 839 sa‘euli,
2904 774 3129 845 mystica
3156 775 3479 836 nescientes,
3503 775 3643 827 sitn-

2078 864 2201 933 plici
2244 863 2651 934 Scripturarum
2681 866 2911 920 lectione
2964 874 3275 935 pascantur.
3310 863 3489 917 lolans
3518 879 3653 931 quo-

2078 972 2203 1023 que,
2228 957 2318 1024 qui
2358 957 2559 1011 malitia
2589 958 2843 1026 parvulus
2875 965 2974 1022 est,
3007 955 3171 1008 tuittit
3210 968 3430 1008 manum
3482 954 3534 1008 itt
3569 954 3654 1006 fo-

2082 1046 2289 1098 t'antin"
2322 1047 2544 1114 aspidis,
2578 1055 2632 1101 et
2655 1045 2722 1099 de
2752 1045 2993 1099 ohsessis
3031 1043 3311 1099 hominum
3335 1044 3655 1111 corporibus

2080 1134 2226 1202 fugat
2281 1136 2575 1191 daemones.
2611 1136 2709 1201 Qui
2748 1147 2927 1189 autem
2960 1135 3262 1189 ablactatus
3304 1144 3404 1198 est,
3448 1148 3656 1202 nequa-

2077 1244 2237 1298 quam
2262 1228 2400 1281 lacte
2440 1227 2680 1281 nutritur
2704 1226 2964 1289 infamias,
2999 1224 3223 1291 sedjam
3260 1223 3434 1278 solido
3472 1225 3655 1277 vesci-

2080 1330 2167 1374 tur
2188 1322 2325 1373 ciho.
2352 1320 2455 1373 Iste
2479 1321 2531 1373 in
2566 1320 2731 1391 reguli
2766 1334 3052 1372 cavernam
3084 1316 3249 1370 mittit
3275 1334 3517 1379 manum,
3555 1320 3659 1370 hoc

2079 1422 2179 1474 est,
2218 1412 2268 1463 in
2305 1411 2471 1476 ipsius
2498 1409 2707 1464 Satanae
2737 1409 3131 1468 habitaculum,
3163 1418 3214 1460 et
3252 1407 3374 1460 imle
3405 1422 3527 1461 eum
3552 1422 3655 1460 ex-

2082 1501 2268 1554 trahit.
2307 1501 2463 1555 Unde
2501 1510 2553 1554 et
2587 1498 2844 1567 apostolis
2882 1507 3121 1567 polesms
3166 1497 3286 1550 data
3317 1508 3421 1560 est,
3453 1508 3511 1550 ut
3544 1500 3656 1551 cal-

2079 1604 2265 1646 carent
2293 1608 2457 1661 super
2490 1600 2863 1661 serpentes,et
2890 1590 3232 1658 scorpiones,
3264 1598 3318 1643 et
3348 1605 3510 1657 super
3536 1604 3653 1641 out-

2082 1698 2202 1735 nem
2264 1682 2634 1737 fortitudinem
2685 1683 2888 1737 inimici
2951 1681 3105 1754 (Lac.
3128 1682 3205 1752 ι).
3232 1682 3439 1736 Nocere
3472 1692 3653 1736 autem

2079 1784 2128 1828 et
2159 1776 2405 1828 occidere
2430 1788 2771 1842 nequaquam
2794 1784 3047 1843 poterunt
3067 1783 3332 1829 venenata
3360 1775 3508 1843 prius
3536 1774 3656 1826 ani-

406 1850 591 1903 tudine
622 1860 922 1916 temporum
954 1852 1066 1905 lucc
1092 1852 1363 1911 lutura,ut
1398 1853 1605 1920 alisque
1656 1854 1971 1921 rujn—quam
2009 1858 2048 1911 Β
2080 1865 2241 1919 mana
2290 1880 2384 1920 eos
2432 1866 2523 1935 qui
2564 1866 2926 1920 ιιδυιιενειειηι
2978 1866 3032 1920 ιη
3066 1876 3249 1920 ,ηοηιε
3304 1878 3496 1919 sane“,
3535 1865 3653 1929 θυι,

403 1956 567 2006 noxa,
598 1942 843 1996 homines
876 1943 1036 1997 bonis
1055 1946 1310 1998 omnibus
1350 1943 1719 2011 perlruantor.
1757 1946 1979 1998 audiant

402 2049 432 2084 a
463 2034 637 2097 inibis,
682 2035 816 2088 nihil
862 2035 877 2065 ¹
909 2050 1031 2089 esse
1064 2036 1264 2089 bonum
1297 2035 1398 2089 nisi
1447 2037 1721 2101 virtutem,
1754 2048 1805 2089 et
1843 2036 1977 2089 nihil

406 2124 602 2176 malum
630 2125 729 2179 nisi
759 2125 1193 2189 \'itiu:n,diceute
1216 2120 1497 2180 Psalutista
1534 2144 1547 2184 ;
1576 2128 1703 2191 Quis
1726 2138 1799 2180 est
1828 2128 1978 2181 homo

402 2219 494 2285 Qui
516 2216 621 2270 vult
650 2220 832 2281 vitam,
855 2232 899 2272 et
929 2219 1102 2289 diligit
1141 2218 1251 2273 dies
1274 2220 1445 2274 videre
1468 2223 1625 2273 bonos
1651 2221 1675 2273 ?
1700 2220 1979 2281 Cotto-eice

404 2308 638 2378 linguam
681 2320 823 2361 lllatll
859 2326 890 2362 a
928 2312 1083 2371 malo,
1119 2322 1167 2364 et
1194 2311 1337 2364 labia
1363 2319 1453 2364 tua
1482 2328 1545 2365 ne
1578 2312 1979 2380 loquantardo-

404 2404 534 2453 lum.
569 2399 787 2454 Declina
834 2418 865 2454 ιι
921 2404 1084 2468 malo,
1130 2413 1177 2456 et
1210 2402 1298 2471 {ac
1353 2403 1542 2456 bonum
1578 2402 1754 2469 (Psal.
1788 2419 1977 2470 χχχιιι,

402 2495 497 2557 15,
534 2494 643 2564 15).
709 2494 917 2549 Divitia:
948 2505 1151 2558 autem,
1183 2506 1239 2550 et
1289 2496 1495 2550 sanitas
1526 2497 1791 2564 corporis,
1820 2510 1871 2550 et
1898 2513 1979 2551 re-

407 2601 528 2639 rum
572 2587 815 2641 omnium
879 2586 1234 2649 abundantia,
1266 2597 1321 2641 et
1378 2588 1462 2642 his
1504 2590 1799 2653 contraria,
1848 2605 1980 2655 pati-

403 2685 609 2743 νει-ωε,
641 2675 957 2741 inﬁrmitas,
1002 2690 1057 2731 et
1109 2679 1314 2747 inopia,
1352 2680 1515 2733 etiam
1549 2680 1688 2748 apud
1745 2681 1978 2747 philosoo

400 2770 545 2838 pltos
577 2770 782 2835 saeculi,
820 2785 920 2825 nec
947 2771 1090 2825 inter
1127 2772 1267 2824 bona
1312 2782 1653 2840 t'epulattlur,
1706 2788 1802 2828 nec
1838 2773 1981 2827 ittlt‘l‘

402 2864 568 2928 mala,
606 2864 701 2918 sed
738 2864 1080 2935 appellantur
1106 2863 1493 2920 indifferentia.
1526 2866 1679 2921 Unde
1705 2875 1760 2921 et
1790 2865 1979 2929 διάει,

406 2957 501 3024 ιιιιί
556 2968 741 3012 nostro
800 2958 1034 3026 dogmati
1061 2957 1114 3011 in
1150 2958 1427 3028 plerisque
1456 2960 1812 3027 concordant,
1849 2962 1978 3015 nihil

404 3047 686 3117 appellant
709 3047 936 3111 bonum,
964 3050 1067 3102 nisi
1104 3049 1274 3102 solam
1300 3050 1641 3105 honestatem
1672 3062 1838 3119 atque
1874 3053 1982 3105 vir-

408 3150 579 3195 I'ttem
619 3158 635 3199 :
680 3143 812 3196 nihil
850 3143 1069 3208 malum,
1107 3143 1209 3197 nisi
1252 3144 1661 3213 turpitudinem.
1698 3144 1822 3200 llaec
1854 3148 1975 3200 bre-

410 3235 551 3289 viter
594 3234 868 3297 diximus,
903 3247 961 3289 ut
1006 3237 1347 3303 judaixautes
1388 3250 1605 3291 nostros
1657 3240 1978 3307 gravissimo

398 3343 604 3383 somno
633 3338 866 3383 stertere
899 3331 1313 3384 ccuvincatnus.
1347 3331 1616 3401 Caeterum
1647 3331 1802 3400 juxta
1850 3332 1975 3386 vivi-

411 3425 664 3475 licantom
718 3421 965 3489 spiritum
1017 3420 1192 3477 facilis
1245 3406 1600 3492 intelligentia
1651 3434 1757 3478 est.
1800 3424 1984 3490 Lupus

400 3517 556 3569 enim
589 3516 809 3581 Paulus,
842 3515 931 3584 qui
989 3516 1222 3583 primum
1259 3518 1704 3585 persequebatur,
1745 3518 1905 3587 160
1929 3527 1985 3571 et

417 3610 692 3662 lacerabat
720 3608 1041 3673 Ecrlo-siatn,
1066 3610 1132 3661 de
1163 3625 1271 3676 quo
1300 3610 1502 3663 dictum
1545 3620 1624 3663 est
1653 3627 1667 3661 :
1704 3609 1984 3677 Bettjamm

415 3704 570 3772 lupus
599 3702 935 3769 rapaxmen.
968 3718 1112 3769 tius,
1135 3702 1248 3772 97),
1270 3702 1534 3756 habitarit
1568 3717 1688 3755 cum
1711 3716 1870 3771 agno,
1902 3701 1986 3755 vel

388 3796 621 3848 ΔΛιιιιιιίιι
654 3811 681 3848 a
714 3810 821 3863 quo
857 3796 1165 3864 baptizatus
1203 3804 1289 3849 est
1334 3796 1471 3865 (Act.
1518 3796 1658 3865 vui),
1696 3796 1779 3849 Vel
1828 3795 1989 3848 Petro

415 3889 684 3958 apostolo,
709 3890 795 3941 cui
823 3889 1025 3942 dictum
1060 3900 1139 3943 est
1170 3907 1184 3943 :
1218 3887 1385 3942 Pasce
1411 3904 1576 3956 agnus
1616 3904 1757 3941 meos
1802 3886 1984 3955 (Joan.

414 3983 550 4052 xxi).
568 3980 634 4037 Et
650 3983 847 4050 pardus
867 3984 955 4050 qui
981 3982 1126 4051 prius
1143 3997 1252 4037 nou
1278 3983 1824 4037 tnutahativarietates
1840 3994 1987 4042 suas,

418 4074 563 4127 lotus
595 4074 647 4126 iit
692 4074 840 4127 fonte
874 4071 1089 4126 Domini
1117 4073 1369 4127 accubuit
1400 4086 1521 4125 cum
1564 4071 1736 4135 hmdo,
1766 4083 1872 4122 non
1899 4068 1987 4137 qui

416 4182 444 4213 ιι
477 4164 711 4217 sinistris
732 4174 834 4221 est.
856 4163 949 4217 sed
978 4163 1068 4231 qui
1096 4162 1409 4216 immolatur
1436 4162 1488 4213 itt
1519 4161 1726 4214 Pascha
1748 4160 1985 4213 Domini.

418 4253 484 4305 Ιιῖι
521 4254 621 4309 hoc
646 4255 965 4315 notandum,
997 4254 1141 4321 quod
1178 4267 1285 4305 non
1322 4266 1496 4320 agnus
1528 4262 1582 4305 et
1618 4252 1803 4306 haedus
1835 4252 1986 4306 habi-

420 4361 453 4399 Ιι
476 4357 553 4408 ιιι,
581 4356 635 4400 ct
686 4348 947 4400 accubuit
979 4360 1102 4399 cum
1154 4344 1278 4413 lupo
1310 4352 1363 4399 et
1390 4344 1580 4413 partio,
1615 4344 1706 4397 sed
1754 4344 1911 4411 lupus
1937 4352 1990 4395 cl.

417 4459 431 4511 ι
454 4447 619 4497 air-ius
642 4441 765 4510 agni
783 4452 831 4493 el
856 4441 990 4494 haedi
1017 4440 1298 4494 imitentur
1318 4439 1703 4493 innocentiam.
1728 4438 1835 4491 Leo
1853 4438 1962 4508 quo
1978 4468 1990 4477 -

2082 1957 2225 2026 quod
2278 1957 2667 2027 interpretatur
2702 1956 2963 2020 Ecclesia,
3008 1958 3076 2012 de
3108 1973 3216 2025 quo
3253 1958 3303 2012 in
3365 1957 3659 2029 Evangelia

2080 2050 2280 2104 dicitur
2315 2067 2329 2111 ;
2362 2049 2483 2103 Non
2541 2059 2707 2119 potest
2736 2052 2920 2104 civitas
2950 2050 3198 2103 abscondi
3226 2066 3384 2115 super
3432 2060 3663 2102 utentem

2080 2141 2254 2208 posita
2289 2140 2307 2210 ζ
2343 2139 2536 2195 Matth.
2578 2157 2627 2206 v,
2663 2140 2772 2210 Η).
2810 2140 2880 2193 At
2928 2156 2997 2195 ne
3022 2142 3125 2195 hoc
3155 2151 3406 2210 putemus
3444 2140 3551 2192 dici
3592 2139 3661 2192 de

2084 2244 2267 2288 tuoulc
2302 2232 2433 2288 Sion
2489 2234 2641 2302 juxta
2702 2233 3050 2288 Hebrtcorttm
3099 2248 3364 2297 errorem,
3410 2235 3658 2300 sequenti

2081 2325 2349 2380 versiculo
2416 2325 2750 2397 Evangelica:
2812 2325 3211 2394 praedicationis
3257 2325 3409 2395 161
3470 2339 3656 2378 sacra-

2083 2426 2262 2471 menta
2294 2426 2668 2473 monstrantur
2702 2434 2717 2478 :
2749 2416 2888 2484 Quia
2922 2418 3121 2487 repleta
3154 2426 3231 2472 est
3259 2429 3401 2471 terra
3436 2417 3658 2470 scientia

2083 2511 2294 2564 Domini
2323 2528 2342 2573 ;
2371 2512 2471 2565 hoc
2501 2520 2584 2565 est
2614 2509 2746 2563 illud
2780 2512 2921 2577 quod
2945 2524 3105 2577 supra
3146 2507 3431 2563 dicebatur
3461 2509 3661 2559 obscu-

2083 2604 2196 2656 rius
2228 2619 2241 2662 :
2276 2602 2546 2656 Habitabit
2573 2602 2726 2670 lupus
2754 2619 2869 2655 eam
2898 2618 3052 2670 agno,
3075 2609 3126 2655 et
3148 2600 3345 2669 pardus
3369 2615 3481 2652 cum
3510 2599 3660 2651 turdo

2082 2695 2357 2750 acrttbabit
2382 2711 2401 2759 ;
2432 2694 2651 2760 etjnxta
2673 2695 3119 2750 consuetudinem
3147 2707 3300 2747 suam
3323 2690 3656 2760 pt'opltelalizt

2082 2788 2137 2841 itt
2178 2789 2283 2840 fine
2317 2790 2475 2840 verita
2509 2788 2820 2856 panduntur
2851 2801 2867 2844 :
2902 2787 3051 2840 Sicut
3072 2801 3242 2855 aque,
3271 2784 3461 2851 inquit,
3494 2784 3657 2835 maris

2083 2883 2394 2948 operienles.
2423 2879 2705 2944 Quomodo
2728 2896 2878 2947 aquze
2909 2880 3075 2933 maris
3101 2879 3354 2948 operiunt
3379 2875 3654 2943 profunda

2085 2974 2271 3037 maris,
2307 2975 2405 3023 hoc
2427 2982 2530 3031 est,
2568 2983 2764 3024 terrain
2798 2985 2916 3040 quae
2938 2979 3122 3038 operta
3149 2980 3231 3022 est
3261 2968 3539 3027 lluctilms,
3575 2966 3658 3019 sic

2082 3066 2308 3118 scientia
2349 3065 2561 3118 Domini
2594 3067 2771 3118 omnis
2802 3074 2942 3116 terra
2968 3062 3348 3129 complehitur.
3376 3056 3545 3125 Quam
3577 3056 3659 3109 di-

2086 3171 2370 3209 \‘t'l‘a'orllm
2405 3158 2555 3225 prius
2592 3171 2797 3209 morum
2832 3153 3273 3217 conjunctionem
3309 3150 3472 3205 etiam
3534 3148 3661 3201 bea-

2088 3258 2171 3300 tos
2203 3249 2478 3315 apostolus
2520 3245 2713 3300 Petrus
2736 3247 2787 3298 in
2813 3260 2941 3300 vase
2963 3247 3128 3298 linteo
3156 3246 3294 3313 (Act.
3325 3244 3403 3308 κ),
3423 3244 3569 3310 quod
3593 3241 3662 3294 de

2087 3340 2223 3393 coelo
2265 3340 2546 3393 dimissum
2601 3348 2703 3402 est,
2762 3351 2820 3391 se
2869 3337 3069 3389 vidisse
3123 3344 3371 3397 testatur,
3432 3333 3661 3386 habeu’e

2087 3442 2324 3500 quatuor
2353 3430 2637 3501 principia,
2708 3443 2831 3500 qua:
2864 3437 3100 3498 quatuor
3132 3427 3313 3480 mundi
3352 3426 3536 3495 plagas
3569 3425 3653 3478 iu-

2088 3524 2399 3593 telligimus,
2436 3532 2493 3576 ut
2526 3522 2787 3590 repletam
2827 3532 3024 3574 terram
3062 3519 3152 3574 Dei
3201 3520 3426 3573 scientia
3457 3531 3662 3587 cogno-

2088 3627 2302 3666 scamns
2329 3627 2344 3668 :
2381 3611 2433 3665 in
2464 3626 2572 3681 quo
2599 3625 2727 3665 vase
2760 3620 2911 3663 erant
2940 3610 3332 3678 qoadrupedia,
3355 3616 3408 3662 et
3441 3624 3662 3676 serpen-

2092 3713 2193 3769 tes,
2252 3716 2306 3758 et
2342 3704 2530 3759 bestiae
2576 3712 2631 3758 et
2679 3704 2919 3759 volatilia
2959 3704 3105 3766 caeli,
3141 3713 3199 3756 nt
3252 3702 3395 3770 quod
3440 3703 3576 3755 Area
3608 3703 3662 3756 itt

2091 3795 2319 3859 diluvio,
2343 3795 2446 3850 hoc
2479 3794 2720 3851 Ecclesia
2753 3804 2969 3864 praestet
3009 3796 3062 3847 in
3090 3796 3309 3850 mundo.

2168 3905 2185 3937 ι
2217 3886 2271 3940 lo
2307 3887 2393 3941 die
2422 3886 2511 3940 illa
2549 3887 2699 3940 radix
2728 3885 2909 3949 Jesse,
2947 3886 3040 3954 qui
3074 3895 3182 3938 stat
3233 3886 3283 3937 io
3322 3886 3535 3952 signum
3569 3897 3664 3950 po-

2091 3979 2344 4047 pulorum
2376 3995 2391 4010 ·
2428 3979 2605 4049 ipsum
2642 3988 2833 4048 gentes
2854 3978 3316 4045 depret-ahuntnr,
3342 3989 3400 4031 et
3431 3979 3538 4031 erit
3579 3992 3667 4030 se-

2091 4072 2335 4139 pulcrum
2370 4071 2490 4140 ejus
2519 4072 2840 4141 gloriosum.
2867 4090 2885 4124 ι
2931 4070 3115 4124 LXX:
3165 4089 3182 4120 ι
3213 4070 3276 4123 Et
3319 4073 3423 4124 erit
3466 4072 3516 4123 in
3576 4071 3666 4123 tlte

2092 4162 2364 4217 illa‘radix
2400 4163 2572 4228 Jesse,
2619 4172 2675 4217 et
2718 4164 2806 4232 qui
2862 4171 3176 4231 consurget,
3209 4172 3267 4216 ut
3294 4163 3547 4231 princeps
3596 4162 3669 4216 sit

2093 4256 2361 4324 gentium,
2393 4257 2445 4310 in
2496 4258 2614 4325 ipso
2642 4267 2835 4325 gentes
2874 4260 3190 4325 sperabunt,
3220 4264 3273 4309 et
3311 4257 3415 4309 erit
3454 4257 3668 4325 requies

2093 4347 2213 4415 ejus
2247 4350 2438 4401 ltouor.
2473 4366 2490 4397 ι
2530 4347 2633 4399 Pro
2661 4349 2843 4415 requie
2869 4348 3008 4416 ejus,
3052 4348 3103 4400 in
3138 4346 3404 4400 llelirairo
3429 4347 3663 4416 positum

2094 4449 2200 4501 est,
2224 4453 2476 4492 ususruo
2512 4439 2757 4505 (πη-ατε),
2788 4438 2931 4506 quod
2974 4452 3163 4491 omnes
3190 4437 3442 4490 similiter
3486 4448 3665 4491 trans-

419 4550 527 4603 que
555 4532 708 4602 prius
758 4534 885 4584 lt-ron
910 4531 1183 4592 is-itnutn,
1214 4539 1268 4583 et
1296 4532 1433 4593 ovis,
1464 4538 1519 4583 et
1552 4528 1752 4581 vunlus
1784 4531 1986 4598 pariter
2020 4537 2063 4591 ι)
2096 4531 2355 4583 tulerunt.
2390 4529 2493 4583 Pro
2550 4530 2757 4582 honore
2790 4544 3010 4598 quoque
3069 4529 3118 4581 in
3194 4529 3417 4581 Ilehttco
3473 4529 3667 4595 legitur

419 4625 799 4679 morabuntur.
846 4624 1001 4689 Quod
1038 4622 1282 4690 quotidie
1311 4624 1586 4674 cernimus
1626 4623 1675 4672 in
1722 4620 1988 4683 Eetlesia,

418 4721 615 4774 divites
642 4729 695 4771 et
730 4735 1011 4787 pauperes,
1048 4728 1296 4786 potentes
1338 4728 1389 4767 et
1431 4717 1684 4779 humiles,
1722 4729 1876 4779 reges
1907 4726 1992 4765 at-

420 4829 524 4878 que
566 4814 801 4881 pl'i‘Villﬂx
851 4812 1052 4881 pariter
1092 4811 1446 4873 etnntnorari,
1489 4820 1543 4861 et
1581 4825 1608 4861 a
1645 4810 1827 4877 pueris
1866 4824 1995 4876 par-

417 4906 585 4967 \ulis,
612 4920 748 4973 quos
807 4903 1083 4971 apostolos
1148 4900 1519 4968 itttell=gitntti,
1562 4909 1617 4951 et
1669 4901 1996 4965 apostolicos

419 5006 595 5061 virus,
630 5002 801 5067 inper
827 5010 908 5051 tos
938 5010 1212 5054 sermone,
1255 4998 1345 5044 sed
1379 5008 1484 5045 non
1517 4992 1761 5053 srientia,
1799 4990 1907 5057 regi
1944 4992 1994 5040 iit

424 5093 664 5146 Ecclesia
688 5096 729 5144 ³.
769 5092 870 5155 Qui
900 5104 1021 5141 cum
1050 5087 1189 5140 inter
1231 5104 1288 5137 se
1313 5085 1596 5153 iliaciplztta
1632 5084 1840 5134 Ιηὶιιιιιιιιὶ
1880 5088 1995 5132 lue-

426 5188 538 5238 l‘llll
568 5184 837 5245 lucderatt,
882 5183 951 5230 ita
990 5191 1043 5229 ιιι
1076 5194 1266 5230 eorum
1293 5193 1509 5244 quoque
1531 5176 1746 5228 familia:
1776 5176 1999 5240 conjun-

427 5288 645 5344 gantur.
684 5286 809 5327 tunc
836 5272 1197 5337 totnplehitur
1238 5287 1252 5325 ;
1284 5271 1455 5323 Simul
1495 5270 1810 5336 requisacent
1835 5268 1997 5318 catuli

428 5387 631 5424 eorum.
666 5369 772 5421 Leo
802 5382 1015 5436 quoque
1044 5383 1145 5415 non
1169 5380 1361 5417 carnes
1388 5362 1656 5423 comedet,
1685 5364 1774 5411 sed
1800 5361 2002 5427 paleas,

429 5462 571 5531 quod
610 5462 817 5514 Sttiillel
854 5475 894 5510 ν-
919 5470 1103 5511 senior
1139 5458 1257 5508 tilio
1299 5454 1548 5521 simplici.
1587 5453 1649 5504 Ει
1693 5453 1776 5505 hic
1820 5452 2004 5505 obser-

431 5555 691 5617 Vandtttn,
721 5556 863 5615 qttod
891 5567 994 5603 non
1022 5552 1115 5602 hos
1147 5565 1360 5610 C-II'IIL'S,
1391 5556 1482 5599 scil
1520 5558 1597 5597 tet:
1631 5545 1804 5610 paleas
1828 5560 2005 5595 roznc-

506 5757 522 5787 ¹
561 5756 702 5816 Vah,
731 5756 956 5805 audiant
985 5756 1091 5804 ha'r
1129 5767 1327 5811 omnes,
1355 5748 1505 5807 nihil,
1539 5758 1641 5799 rte.

507 5829 527 5861 ³
555 5828 708 5881 nunc
741 5839 955 5895 quoque
988 5839 1106 5893 pani
1129 5838 1175 5875 is
1205 5822 1499 5873 ιιιιιιιιιιιιιιδ
1532 5820 1708 5871 locum
1748 5823 1810 5875 ab
1844 5823 2009 5878 liuse~

2096 4636 2299 4677 ιῖιιιιιιιιιι
2326 4622 2519 4691 (m3),
2550 4622 2691 4690 quod
2714 4622 3001 4691 perspicue
3030 4623 3257 4691 gloriam
3289 4636 3465 4675 sonat.
3494 4622 3552 4674 Ει
3588 4633 3668 4675 est

2098 4730 2292 4769 Betti-ius
2336 4715 2487 4769 :erit
2540 4729 2688 4767 mors
2717 4714 2841 4782 ejus
2885 4715 3140 4783 gloriosa,
3175 4726 3230 4767 ut
3284 4715 3567 4781 impleatur
3608 4716 3670 4767 il-

2099 4807 2188 4859 lud
2218 4811 2356 4876 quod
2390 4808 2638 4861 Salvator
2668 4808 2718 4859 itt
2747 4807 3039 4875 Evangelio
3073 4807 3394 4875 deprecatur
3434 4824 3447 4861 :
3487 4807 3667 4872 Pater,

2097 4899 2341 4967 glori/ica
2361 4917 2440 4952 me
2469 4901 2662 4967 gloria,
2697 4917 2853 4967 quam
2887 4901 3218 4977 habuiprius
3248 4917 3408 4971 quttm
3445 4904 3669 4955 mundus

2099 5005 2229 5044 esset
2266 4994 2405 5058 apud
2446 5001 2494 5043 te
2524 4991 2707 5055 (Joan.
2735 5008 2868 5055 xvu,
2907 4993 2983 5059 5).
3016 4980 3222 5046 Dictum
3276 5006 3359 5048 ειμι
3390 4997 3459 5049 de
3482 4997 3672 5048 nativi-

2104 5093 2209 5137 tate
2239 5084 2378 5150 eius,
2420 5084 2626 5138 dictum
2659 5087 2837 5138 estde
2881 5084 3095 5137 ca'tcris
3153 5088 3203 5139 in
3261 5090 3436 5141 tuedio
3476 5088 3673 5142 Sacra-

2104 5178 2297 5231 nteutis
2336 5193 2350 5231 :
2385 5177 2534 5230 venit
2562 5180 2628 5229 ad
2664 5187 2919 5241 mortem,
2949 5195 3070 5246 qua:
3102 5195 3206 5232 non
3233 5191 3496 5234 consueto
3531 5198 3673 5234 inor-

2104 5271 2293 5322 talittm
2328 5272 2571 5334 nomine,
2603 5269 2697 5322 sed
2728 5272 2853 5338 quia
2891 5272 2945 5323 in
2978 5272 3198 5324 Christo
3234 5283 3352 5325 erat
3386 5278 3492 5326 vita
3551 5290 3676 5341 per-

2106 5374 2289 5429 petua,
2330 5363 2528 5431 requies
2553 5363 2873 5431 appellatur.
2911 5363 3018 5417 Nos
3053 5375 3230 5417 autem
3254 5376 3307 5416 ut
3333 5366 3674 5420 manifestum

2106 5457 2310 5524 legenti
2343 5471 2556 5509 sensum
2596 5455 2919 5518 faceremus,
2947 5467 3044 5522 pro
3066 5454 3399 5517 dormitione,
3428 5466 3477 5508 et
3505 5456 3677 5523 regnis

2111 5551 2283 5602 altero
2308 5550 2495 5609 vetito,
2529 5547 2619 5601 sed
2655 5548 2844 5599 eodem
2870 5563 3050 5607 sensu,
3076 5547 3368 5615 sepulcrum
3393 5546 3671 5600 \‘ettinurs.

2116 5758 2164 5806 ινι
2195 5788 2200 5793 .
2236 5754 2291 5804 S.
2328 5755 2485 5804 Pater
2518 5756 2805 5817 expet-ssit.
2844 5751 3128 5808 Breviores
3159 5754 3315 5818 alios,
3354 5755 3445 5824 qui
3482 5768 3673 5808 occur-

2115 5842 2192 5877 ltt:
2221 5837 2260 5889 ι,
2299 5828 2535 5877 indicare
2564 5838 2668 5875 tton
2704 5832 2875 5877 vacat.
