3962 6192
415 333 522 401 155

1581 352 1641 414 S.
1679 354 1993 415 EU'SEBII
2045 359 2500 423 IIIEBUNYMI'

3562 363 3672 431 158

404 468 532 517 nus,
565 459 620 508 et
649 456 700 509 in
743 454 878 511 locis
916 456 1238 514 idololatria:
1278 459 1481 517 Christi
1518 461 1778 521 Ecclesiae
1809 471 1981 524 susci-
2009 490 2054 550 Α
2087 473 2407 528 missionum
2443 475 2840 545 prophetalium
2880 475 3144 546 regulam,
3169 485 3230 531 ut
3255 493 3374 547 qua:
3401 478 3578 534 Juda-i
3609 495 3679 539 et

405 553 611 599 lt'llltlt‘.

484 656 502 686 ι
531 637 595 689 Et
634 639 895 695 desolabit
926 641 1190 698 Dominus
1242 643 1484 714 linguam
1519 648 1685 703 maris
1739 647 1984 721 Egypti,

407 736 463 780 et
489 726 688 782 levabit
729 749 948 787 manum
993 750 1156 803 super
1182 734 1380 791 flumen
1410 739 1461 792 in
1518 740 1838 796 fortitudine
1874 745 1988 813 spi-

409 817 554 872 ritus
581 821 685 886 sui,
713 831 766 876 et
799 827 1063 890 percutiet
1094 842 1218 880 eum
1252 829 1302 880 in
1331 829 1463 883 rivis
1515 841 1726 902 septem
1770 852 1783 888 :
1815 833 1888 887 ita
1931 845 1990 887 ut

413 917 694 963 transeant
725 925 821 979 per
847 929 968 966 cum
997 914 1237 970 calciati.
1268 915 1333 969 Et
1366 919 1473 972 erit
1509 922 1590 972 via
1626 921 1847 977 residuo
1895 939 1990 992 po-

410 998 690 1066 pulomeo
723 1004 812 1071 qui
873 1005 1209 1075 relinquetur
1270 1009 1339 1063 ab
1397 1010 1662 1079 Assyriis,
1696 1015 1838 1068 sicut
1893 1013 1995 1068 fuit

415 1093 582 1148 Israel
622 1095 675 1148 in
702 1097 788 1149 die
824 1112 927 1166 qua
965 1100 1216 1154 ascendit
1246 1101 1314 1157 de
1344 1113 1484 1157 terra
1517 1104 1758 1176 Egypti.
1791 1125 1808 1156 ι
1850 1107 1996 1174 Quo-

413 1186 578 1239 modo
602 1185 832 1242 ldumzea
867 1198 920 1244 et
952 1189 1132 1256 Moab,
1162 1204 1217 1246 et
1250 1193 1344 1248 filii
1369 1196 1598 1251 Ammon
1633 1197 1848 1254 tradent
1882 1215 1995 1252 ma-

417 1291 521 1328 nus
551 1292 677 1332 snas
710 1281 994 1346 ap0stolis,
1037 1291 1094 1336 ut
1127 1285 1379 1339 obediant
1439 1290 1765 1354 evangelica:
1799 1290 1996 1359 praedi~

414 1367 642 1432 cationi,
678 1371 757 1424 sic
809 1371 922 1439 ipse
953 1373 1215 1428 Dominus
1245 1375 1335 1444 qui
1379 1377 1432 1430 in
1464 1379 1719 1448 apostolis
1763 1381 1875 1434 suis
1906 1380 1995 1434 illa

415 1459 668 1523 perfecit,
703 1462 971 1516 dcsolabit
1006 1481 1111 1517 non
1151 1482 1299 1521 tnare
1330 1467 1483 1536 juxta
1512 1467 1674 1532 LXX.
1708 1474 1800 1526 sed
1841 1472 1995 1540 juxta

418 1547 699 1619 lli-lineas,
728 1555 962 1625 linguam
992 1559 1159 1612 maris
1191 1557 1428 1630 Egypti,
1463 1578 1583 1630 qua:
1617 1564 1768 1631 prius
1803 1575 1996 1619 contra

421 1640 714 1697 Domtnnm
773 1649 1189 1715 blasphemabat
1238 1662 1291 1705 et
1341 1656 2002 1727 Stq‘terslitioniIEgyptite

425 1747 676 1804 prmerat.
708 1738 861 1793 L'ude
891 1751 943 1795 et
991 1741 1043 1794 itt
1102 1742 1336 1798 Psalmis
1384 1745 1656 1816 legimus:
1695 1747 1809 1802 Hoc
1861 1767 2004 1806 mare

424 1845 677 1898 magnum
719 1843 767 1883 et
809 1834 1125 1902 spatiosum,
1165 1836 1238 1888 ibi
1272 1841 1486 1906 reptilia
1526 1857 1750 1910 quarunt
1785 1859 1890 1895 non
1923 1852 2001 1896 est

423 1939 672 1977 numerus
705 1925 880 1995 (Psal.
929 1943 1045 1992 cut,
1107 1930 1220 2000 25).
1261 1929 1468 1997 Quibus
1517 1933 1747 1988 infertur
1782 1951 1796 1989 :
1831 1935 2000 1992 Draco

425 2016 524 2068 iste
553 2032 704 2085 quem
743 2019 1044 2085 plasntasti,
1083 2031 1138 2074 ut
1197 2022 1442 2078 illuderet
1485 2027 1554 2078 ei.
1592 2024 1868 2081 Desolabit
1905 2029 2004 2096 igi-

427 2117 539 2170 tur,
602 2109 716 2162 sive
770 2111 1082 2180 interficiet,
1120 2115 1222 2169 hoc
1278 2125 1362 2170 est
1421 2114 1814 2186 ἀναθεμα-εἰσει
1850 2121 1888 2182 ί.
1947 2131 2006 2174 ιιι

426 2201 760 2267 Theodotio,
794 2203 985 2272 Aquila
1051 2215 1106 2258 et
1171 2205 1530 2278 Symmachus
1585 2211 2002 2277 transtulerunt,

428 2293 668 2364 linguam
711 2300 881 2351 maris
915 2296 1155 2369 Egypti,
1191 2313 1246 2353 et
1313 2301 1514 2355 levabit
1568 2305 1787 2357 manum
1850 2319 2004 2359 suam

431 2401 596 2454 super
625 2384 845 2440 ﬂumina
873 2388 1091 2460 Egypti
1124 2392 1179 2445 in
1231 2390 1551 2447 fortitudine
1610 2395 1837 2464 spiritus
1895 2395 2004 2461 sui,

429 2480 514 2534 vel
548 2481 742 2549 spiritu
772 2482 1188 2546 violentissimo,
1213 2486 1354 2553 quod
1389 2501 1612 2556 regnum
1649 2488 2007 2559 intelligimus

429 2569 823 2627 Romanorum.
850 2573 1127 2643 liegnante
1156 2579 1300 2629 enim
1327 2576 1544 2633 Ca-sare
1578 2579 1822 2650 Augusto
1852 2581 2005 2650 (Luc.

429 2664 514 2732 ιι),
543 2666 761 2732 quando
793 2664 891 2719 llos
930 2667 994 2720 de
1027 2667 1206 2721 radice
1238 2667 1393 2723 Jesse
1459 2674 1802 2738 conscendit,
1839 2686 1894 2728 et
1954 2675 2007 2729 itt

428 2757 561 2808 orbe
599 2755 839 2809 Romano
866 2757 1034 2825 pritua
1065 2758 1203 2812 facta
1238 2770 1320 2812 est
1345 2761 1662 2831 descriptio.
1695 2766 2013 2833 potentissi-

433 2859 579 2896 tuum
623 2847 772 2913 prius
801 2861 1022 2912 regnum
1053 2845 1456 2918 Aﬂgyptiornm,
1498 2852 1640 2922 quod
1674 2856 1855 2909 multis
1908 2857 2009 2910 du-

432 2938 575 2990 ravit
632 2939 904 3005 antibus,
938 2939 1239 3008 Cleopatra:
1297 2953 1472 2997 morte
1518 2944 1852 3000 destructum
1906 2959 2011 3015 est,

441 3027 599 3098 165
639 3038 693 3083 et
725 3046 1013 3098 percussus
1064 3043 1148 3088 est
1189 3034 1370 3087 amnis
1395 3033 1683 3107 Egyptins
1716 3039 1768 3092 itt
1806 3053 2010 3108 septem

436 3123 589 3187 rivis,
622 3123 736 3175 sive
777 3123 830 3176 in
862 3135 1066 3192 septem
1109 3126 1363 3180 vallibus.
1396 3127 1549 3182 Nilus
1574 3130 1725 3185 enim
1750 3148 2011 3202 aquarum

433 3215 750 3281 multarum,
785 3216 875 3286 qui
909 3217 1058 3284 prius
1084 3234 1190 3270 uno
1222 3219 1424 3273 fluebat
1457 3221 1634 3285 alveo,
1667 3233 1715 3276 ct
1751 3223 2010 3278 intrattsin

433 3305 559 3360 bilis
594 3319 705 3361 erat
746 3303 818 3362 ’iu
845 3323 1048 3378 septem
1081 3311 1254 3364 valles
1297 3311 1630 3368 humillimas
1659 3323 1711 3367 et
1740 3315 1885 3371 rivos
1930 3318 2012 3372 di-

434 3402 588 3455 visus
617 3414 700 3456 est
723 3410 886 3470 atque
915 3405 1190 3468 concisus,
1211 3416 1270 3459 ιιι
1302 3407 1547 3462 caleiatis
1582 3407 1810 3478 pedibus
1837 3421 2014 3469 trans-

436 3494 628 3548 iretur.
681 3493 794 3548 lloc
853 3506 1032 3549 autem
1095 3498 1427 3570 tuopologice
1503 3501 1815 3570 significat,
1869 3508 2012 3574 quod

435 3597 651 3654 gentem
688 3587 886 3659 Egypt
910 3603 1088 3655 orum,
1120 3591 1170 3643 in
1207 3601 1413 3645 tantum
1455 3592 1777 3648 idololatria:
1819 3607 1873 3650 ct
1923 3612 2014 3648 vae

436 3680 678 3733 nissime:
725 3681 1095 3749 Suprrstitioni
1149 3683 1411 3749 deditam,
1449 3697 1506 3737 ut
1545 3688 1857 3756 accipitres,
1892 3706 2019 3743 noc-

437 3781 578 3836 tuas,
609 3787 794 3833 canes,
828 3781 881 3826 ct
944 3773 1148 3841 hircos,
1190 3787 1242 3828 et
1303 3778 1512 3842 asinos,
1547 3781 1732 3835 divino
1802 3783 2017 3837 nomine

435 3876 846 3929 cunsecrarent,
881 3864 945 3918 de
974 3865 1183 3920 infinita
1221 3869 1369 3936 regni
1420 3871 1662 3939 potentia
1700 3887 1796 3941 per
1826 3874 2015 3940 singu-

437 3957 520 4011 los
566 3958 791 4012 Romani
837 3960 1051 4027 imperii
1080 3960 1295 4030 judices
1345 3963 1711 4030 distribuerit,
1747 3975 1802 4018 ut
1853 3968 2016 4020 alium

435 4048 672 4118 judicent
712 4049 909 4103 habeat
951 4049 1160 4116 Thebe,
1190 4051 1354 4105 alium
1391 4053 1582 4124 Libya,
1615 4054 1780 4107 alium
1824 4053 2019 4108 Penta-

441 4141 600 4209 polis,
636 4142 798 4193 alium
861 4140 1153 4214 AEgyptus,
1200 4144 1364 4197 alium
1431 4145 1787 4209 Alexandria,
1829 4158 1882 4198 et
1939 4148 2020 4200 di-

445 4247 613 4287 versae
673 4234 939 4302 regiones,
997 4249 1134 4303 quas
1192 4233 1394 4303 νόμους
1449 4233 1688 4304 Ᾱῐεγμιίἰ
1746 4249 1939 4290 vocant
1975 4240 2016 4292 ⁸.

443 4325 734 4392 Propterea
776 4337 954 4378 autem
1007 4329 1106 4379 sub
1161 4326 1476 4396 metaphora
1514 4328 1672 4383 Nilus
1725 4329 1932 4385 divisus
1966 4333 2018 4385 in

441 4427 627 4489 partes
659 4428 762 4484 est,
799 4431 855 4500 _et
879 4421 1079 4474 scissus
1105 4419 1214 4492 [AL
1249 4420 1440 4492 ca'sus]
1469 4422 1520 4475 iu
1564 4424 1729 4487 rivos,
1751 4418 1812 4477 ἰιι
1849 4428 2020 4494 possit

2089 567 2308 628 nostri,
2353 568 2518 620 immo
2569 584 2676 622 non
2742 569 2912 622 nostri
2964 568 3329 637 jndaizantes,
3381 574 3675 628 carnaliter

2092 657 2272 712 futura
2323 663 2682 723 contendunt,
2715 676 2815 715 nos
2846 661 3204 729 spiritualiter
3228 663 3341 730 jam
3389 673 3674 720 transacta

2092 746 2408 812 doceamus,
2451 765 2519 802 ne
2570 765 2666 818 per
2721 751 3063 806 occasionem
3098 752 3254 806 istius
3289 755 3426 810 modi
3460 755 3676 809 fabula-

2095 854 2214 891 rum
2251 850 2302 893 et
2341 841 2800 894 inextricabilimn
2846 841 3002 912 junta
3053 843 3374 914 A-jtostolum
3412 844 3495 915 (ll
3534 847 3681 901 Tim;

2096 932 2157 1003 tt)
2191 933 2576 1002 qtuestionum,
2607 934 2890 1003 judaizare
2929 951 3222 1008 cogamur.

2169 1065 2300 1119 Crte.
2336 1064 2451 1120 XII.
2485 1097 2553 1106 -—
2581 1066 2734 1123 Vers.
2765 1070 2815 1131 l,
2844 1068 2924 1134 2.)
2973 1088 2992 1121 ι
3024 1069 3087 1124 Ει
3117 1070 3268 1126 dices
3310 1073 3362 1126 in
3411 1071 3498 1128 die
3535 1075 3676 1130 illa:

2098 1157 2413 1213 Centitt-bor
2440 1159 2560 1222 tibi,
2602 1161 2831 1215 Domine
2890 1164 3144 1229 quoniam
3193 1165 3365 1220 iratus
3397 1182 3456 1220 es
3496 1159 3630 1220 mihi
3657 1186 3674 1221 :

2099 1264 2392 1303 conversus
2416 1260 2502 1305 est
2536 1251 2687 1305 furor
2711 1263 2855 1314 tuus,
2891 1263 2946 1309 et
2978 1256 3295 1312 consolatus
3324 1273 3384 1313 es
3408 1274 3513 1312 tne.
3533 1260 3673 1314 Ecce

2102 1341 2244 1394 Deus
2289 1340 2528 1396 salvator
2577 1357 2751 1409 mens,
2786 1343 3108 1399 lidueialiter
3139 1362 3316 1416 agam,
3348 1358 3403 1402 et
3442 1365 3550 1403 non
3603 1350 3679 1404 ti-

2105 1431 2285 1496 tuebn,
2317 1433 2441 1501 quia
2476 1433 2737 1487 fortitudo
2771 1450 2916 1500 mea,
2971 1447 3028 1492 et
3071 1438 3185 1492 laus
3245 1456 3363 1494 mea
3417 1439 3685 1497 Dominus

2107 1523 2266 1584 Dens,
2303 1533 2358 1576 et
2389 1523 2565 1578 factus
2604 1535 2687 1579 est
2719 1528 2846 1580 mihi
2885 1528 2935 1580 in
2975 1529 3230 1584 salutem.
3262 1549 3280 1582 ι
3312 1533 3412 1596 Qui
3443 1534 3591 1601 prius
3627 1535 3682 1588 in

2104 1612 2397 1666 solitudine
2446 1613 2728 1680 tlixeratis,
2758 1617 2981 1684 quando
3037 1621 3368 1676 ascendistis
3415 1624 3481 1675 tle
3533 1633 3679 1676 terra

2105 1703 2327 1774 Egypti
2359 1705 2400 1771 ⁸,
2435 1714 2490 1760 et
2526 1721 2676 1760 mare
2721 1710 2983 1762 siccatum
3031 1719 3111 1765 est
3167 1711 3448 1768 Rubrum:
3485 1716 3683 1769 Cante-

2108 1813 2224 1849 ntus
2257 1797 2512 1865 Domina,
2545 1801 2779 1871 gloriose
2799 1803 2936 1856 enim
2979 1805 3347 1872 magni/iratus
3372 1805 3479 1880 [AL
3515 1811 3682 1860 Itona-

2107 1889 2373 1957 riﬁcatusj
2403 1903 2478 1946 est
2513 1892 2711 1960 (Exod.
2749 1910 2837 1958 sv,
2883 1895 2956 1964 l),
3001 1905 3052 1949 et
3095 1897 3296 1966 reliqua
3334 1916 3348 1951 :
3384 1915 3531 1952 nunc
3559 1917 3684 1967 pcr-

2105 1995 2266 2036 (ussa
2301 1982 2480 2055 lingua
2518 1987 2681 2040 maris
2719 1985 2959 2057 IEgypti,
2987 1997 3042 2041 et
3091 1986 3315 2042 ﬂumine
3365 1989 3506 2043 illius
3559 2007 3682 2045 are-

2106 2071 2253 2128 facto
2279 2084 2442 2146 atque
2470 2079 2717 2141 conciso,
2759 2088 2812 2132 et
2841 2079 3146 2144 bmniliato,
3177 2080 3474 2150 glorilicate
3501 2084 3686 2138 Domi-

2107 2177 2343 2234 ntttn,et
2393 2169 2556 2224 dicite
2613 2187 2626 2224 :
2692 2171 2852 2241 166
2906 2171 3208 2240 Conﬁtebar
3247 2173 3358 2238 tibi,
3417 2173 3689 2229 Domine:

2106 2261 2360 2328 quoniam
2400 2262 2490 2330 qui
2525 2266 2663 2315 iram
2698 2264 2871 2317 merui
2906 2273 2960 2317 et
2987 2262 3225 2319 furorem
3255 2274 3428 2330 tuum,
3468 2267 3685 2321 miseri-

2107 2353 2348 2406 c0rdiam
2380 2364 2706 2410 consecutus
2729 2371 2847 2410 sunt
2875 2372 2890 2423 ;
2920 2365 2973 2411 tu
2997 2371 3054 2412 es
3076 2358 3217 2412 enim
3248 2341 3485 2413 salvator
3505 2375 3680 2423 meus,

2111 2445 2163 2498 id
2198 2455 2303 2513 est,
2351 2445 2528 2511 Jesus,
2563 2457 2617 2501 et
2666 2462 3006 2518 nequaquam
3087 2451 3332 2504 fiduciam
3397 2451 3572 2506 habeo
3629 2453 3682 2504 in

2110 2535 2294 2601 idolis,
2337 2552 2434 2590 nec
2459 2539 2662 2591 timebo
2705 2554 2824 2608 qua:
2857 2556 2960 2594 non
3001 2550 3129 2594 sunt
3171 2542 3446 2607 timenda;
3487 2545 3579 2596 sed
3627 2555 3682 2595 tu

2109 2643 2168 2682 es
2197 2627 2457 2683 fortitudo
2499 2645 2640 2696 mea,
2671 2641 2726 2685 et
2770 2631 2889 2685 laus
2923 2647 3063 2696 mea,
3097 2633 3188 2702 qui
3221 2634 3396 2688 factus
3441 2650 3501 2688 es
3553 2637 3686 2688 mibi

2112 2721 2166 2774 in
2215 2721 2466 2778 salutem.
2503 2724 2699 2778 Audiat
2731 2725 3158 2780 sceleratissima
3193 2726 3437 2790 haeresis,
3479 2727 3686 2781 factum

2113 2813 2398 2869 Dominum
2440 2815 2524 2871 his
2556 2819 2646 2886 qui
2690 2818 2989 2881 salvantur.
3026 2830 3079 2873 et
3108 2834 3342 2888 quorum
3387 2820 3537 2889 prius
3588 2820 3693 2874 Do-

2115 2904 2295 2960 minus
2323 2922 2427 2960 non
2461 2919 2599 2973 erat,
2623 2916 2683 2962 ut
2712 2912 3042 2966 creationem
3079 2912 3129 2964 itt
3161 2913 3460 2978 Scripluris
3484 2915 3693 2967 sanctis

2113 3008 2276 3068 atque
2325 3000 2614 3067 facturam,
2665 3017 2769 3056 non
2823 3018 3040 3074 semper
3081 3006 3444 3060 conditionem
3496 3021 3690 3059 eorum

2114 3107 2235 3160 quae
2286 3110 2389 3148 non
2443 3103 2619 3158 erant,
2657 3097 2754 3150 sed
2796 3098 3068 3151 interdum
3119 3099 3349 3166 gratiam
3379 3099 3431 3150 in
3473 3114 3568 3153 eos
3600 3101 3691 3168 qui

2039 3204 2086 3264 ε
2119 3187 2414 3240 meruerint
2438 3187 2537 3240 sibi
2568 3188 2731 3242 Deum
2765 3188 2903 3255 fieri,
2939 3190 3336 3260 intelligamus.

2186 3321 2368 3389 (γεγε.
2413 3321 2492 3392 3.)
2540 3340 2558 3373 ι
2588 3322 2867 3378 llaurietis
2895 3339 3066 3394 aquas
3101 3326 3152 3379 in
3183 3325 3400 3394 gaudio,
3426 3326 3493 3380 de
3527 3325 3696 3382 fonti-

2113 3415 2216 3469 bus
2249 3397 2570 3472 Salvatoris.
2603 3436 2620 3470 ι
2660 3418 2830 3484 Quem
2879 3435 3042 3489 supra
3094 3421 3436 3484 Emmanuel,
3471 3423 3691 3486 deinle,

2117 3507 2289 3574 spolia
2342 3506 2592 3572 detrahe,
2625 3507 2820 3563 testina
2862 3510 3116 3578 prtedari,
3151 3521 3206 3564 et
3241 3512 3466 3582 reliquis
3505 3517 3695 3584 appel-

2120 3595 2258 3649 larat
2311 3599 2649 3663 nominibus,
2691 3615 2758 3653 ne
2806 3600 3086 3656 videretur
3139 3602 3275 3657 alter
3331 3619 3449 3660 esse
3500 3615 3698 3674 praeter

2117 3704 2243 3744 eum
2301 3705 2461 3756 quem
2500 3689 2718 3746 Gabriel
2780 3689 2986 3762 Virgini
3039 3695 3327 3758 nuntiavit,
3360 3696 3592 3751 dicens:
3627 3697 3698 3752 Et

2118 3783 2324 3837 vocabis
2349 3799 2537 3835 nomen
2567 3783 2681 3852 ejus
2724 3781 2930 3849 Iesum,
2961 3785 3070 3853 ipsa
3115 3788 3254 3841 enim
3291 3786 3494 3841 salvum
3535 3788 3695 3856 faciet

2116 3873 2366 3941 populum
2391 3891 2544 3928 suum
2594 3874 2815 3943 (Matth.
2837 3893 2873 3940 t,
2909 3876 3004 3947 2|)
3031 3896 3044 3930 :
3077 3894 3220 3933 utine
3262 3889 3418 3934 vocat
3445 3880 3698 3936 Saluto-

2122 3980 2254 4031 rem,
2276 3975 2332 4019 et
2357 3967 2424 4020 de
2447 3967 2562 4036 ejus
2590 3968 2832 4023 fontibus
2861 3984 3033 4038 aquas
3061 3970 3319 4038 praedicat
3344 3973 3694 4036 hauriendus,

2121 4071 2460 4126 nequaquam
2491 4055 2558 4111 de
2585 4059 2740 4127 aquis
2769 4059 3010 4114 fluminis
3042 4059 3280 4131 Egypti,
3311 4077 3430 4130 quae
3472 4078 3672 4130 percus

2120 4161 2195 4200 sa:
2222 4156 2370 4208 sunt,
2404 4163 2578 4216 neque
2601 4151 2668 4204 de
2696 4151 2852 4219 aquis
2880 4150 3119 4206 ﬂuminis
3145 4153 3333 4219 Rasiu,
3360 4153 3453 4207 sed
3488 4154 3552 4207 de
3574 4153 3696 4206 futt-

2122 4240 2267 4294 tibus
2314 4239 2463 4305 Jestt,
2494 4241 2598 4296 hoc
2643 4242 2789 4295 enin;
2839 4241 3184 4297 llebrteontm
3231 4243 3408 4312 lingua
3451 4244 3699 4298 Salvator

2120 4332 2470 4398 exprimitur.
2506 4332 2656 4388 Unde
2707 4344 2760 4388 et
2815 4335 2932 4404 ipse
2959 4335 3226 4388 clamabat
3258 4337 3334 4412 _in
3373 4336 3687 4403 Evangelio,

2128 4424 2234 4491 Qui
2273 4426 2408 4492 sitit,
2437 4430 2610 4480 reniat
2643 4426 2710 4479 ad
2761 4444 2858 4494 me,
2901 4438 2947 4480 et
2985 4428 3147 4480 bibat.
3179 4427 3284 4491 Qui
3317 4428 3595 4480 crediderit
3640 4430 3698 4481 in

445 4515 651 4580 absque
700 4513 807 4565 ttllu
863 4513 1248 4580 impedimento
1287 4515 1629 4585 evangelicus
1674 4531 1858 4570 sermo
1898 4519 2012 4572 dis.
2051 4549 2093 4604 υ
2126 4532 2227 4578 nte,
2265 4518 2400 4569 sicut
2427 4518 2552 4570 dicit
2590 4518 2868 4586 Scrtp'ura
2899 4533 2919 4573 .'
2957 4516 3215 4572 Flumina
3249 4521 3312 4572 de
3355 4531 3532 4572 centre
3577 4520 3694 4586 eius

445 4619 687 4664 currere,
718 4613 773 4656 et
806 4603 870 4657 ad
903 4605 1129 4673 populos
1162 4603 1381 4676 Egypti
1435 4607 1656 4662 ultimos
1703 4611 2013 4677 pervenire.

445 4695 514 4751 Et
565 4695 839 4764 quomodo
889 4696 1219 4765 temporibus
1270 4696 1436 4766 Moysi
1469 4695 1715 4751 Rubrum
1757 4698 2020 4753 siccatum

442 4801 527 4843 est
559 4805 728 4856 mare,
763 4800 818 4842 ut
854 4789 1083 4858 populus
1120 4791 1186 4844 de
1220 4787 1459 4860 Aigypto
1491 4790 1859 4862 transfugeret
1887 4810 1901 4846 :
1942 4793 2022 4847 sic

442 4898 476 4938 e
507 4885 781 4938 contrario
801 4883 1020 4954 A‘ngpti
1050 4881 1268 4937 ﬂumina
1303 4886 1678 4949 siccabuntur,
1702 4897 1758 4938 ιιι
1783 4886 2022 4953 reliquiae

446 4979 627 5047 populi
690 4979 804 5042 Dei,
833 4992 954 5046 qtnc
1003 4979 1071 5032 ab
1100 4977 1340 5047 Assyriis
1400 4988 1454 5031 et
1506 4974 1737 5032 diversis
1767 4979 2024 5047 gentibus

450 5071 828 5136 salvabuntnr,
862 5079 1143 5126 transeant
1189 5071 1243 5124 itt
1297 5067 1616 5140 Egyplutn,
1672 5087 2018 5142 nequaquam

451 5161 718 5230 fugientes
751 5178 891 5226 eam,
917 5162 1010 5218 sed
1033 5165 1310 5234 capientes
1339 5173 1392 5217 et
1435 5179 1534 5218 suo
1558 5164 1831 5220 calcantes
1865 5170 2018 5236 pede.

451 5253 700 5310 Prudens
739 5264 791 5308 et
820 5253 1164 5310 Christianus
1209 5257 1384 5312 lector
1415 5257 1556 5313 hanc
1597 5259 1794 5314 habeat
1840 5275 2026 5329 repro-

528 5451 542 5484 ⁸
573 5462 824 5530 Legumts
862 5472 951 5531 et,
976 5458 1150 5514 Vatic.
1182 5459 1596 5531 ἁναθεματίσει.
1627 5462 1720 5518 Sic
1757 5463 2024 5520 Eusebius

449 5529 811 5606 ltnttc‘locutn
846 5529 956 5606 :‘0‘.
986 5533 1130 5606 τρεῖς
1166 5529 1475 5606 ᾳ-υμφώνως
1533 5534 1707 5606 οὕτως
1737 5536 2021 5606 ἡρμήνευ-

457 5619 581 5666 dav,
611 5601 722 5683 Kal
745 5599 1137 5683 ἀναθεέέατίσει
1172 5599 1371 5680 litigio;
1403 5608 1503 5671 τὴν
1536 5599 1793 5673 γλῶσσαιίἱ
1817 5599 2026 5658 ita/ais-

458 5689 558 5740 σης
588 5670 891 5738 Αἰγύπτου,
919 5670 1042 5721 'I'res
1079 5672 1194 5736 puri
1224 5670 1476 5725 consensu
1517 5670 1844 5742 interpretati
1877 5688 2022 5737 sunt,

460 5742 530 5798 Et
567 5742 816 5794 desolulnt
853 5749 982 5794 Dom
1011 5757 1105 5792 nus
1148 5743 1381 5815 linquunt
1413 5750 1574 5798 nim-is
1618 5745 1861 5815 Ajggptt.
1900 5747 2024 5800 Ε.-;ιι

463 5826 641 5872 tamen
676 5829 724 5868 tu
765 5829 917 5867 antea
963 5817 1112 5882 ιιιιοει
1147 5830 1188 5865 ι·›
1213 5811 1383 5866 Ιι.υ.υ“
1415 5819 1638 5887 διιιιάια
1679 5811 1785 5888 ἑ,ιᾲ
1826 5820 2018 5871 inter"

2127 4608 2293 4677 ﬂuant
2325 4625 2479 4678 aqua:
2531 4611 2673 4664 vim.
2713 4609 2828 4663 ΙΙοε
2880 4620 3078 4673 autem,
3115 4613 3283 4680 inquit
3331 4611 3696 4678 Evangelista,

2123 4701 2326 4754 dicebat
2363 4702 2427 4754 de
2481 4702 2690 4769 Spiritu
2747 4716 2950 4765 sancto,
2983 4719 3134 4772 quem
3177 4704 3440 4756 credentes
3477 4705 3532 4754 iu
3574 4717 3696 4756 eum

2122 4794 2389 4861 accepturi
2421 4805 2595 4850 erant.
2625 4794 2692 4846 Et
2734 4793 2786 4848 itt
2827 4795 2933 4847 alio
2968 4793 3080 4864 ipse
3133 4794 3371 4863 loquitur
3415 4794 3698 4863 Evangelii

2125 4884 2244 4937 loco
2279 4901 2292 4936 :
2330 4885 2437 4949 Qui
2474 4884 2663 4938 biberit
2695 4884 2758 4936 de
2789 4900 2926 4954 aqua
2959 4899 3117 4951 quam
3150 4899 3242 4954 ego
3270 4884 3460 4936 dedero
3483 4883 3550 4948 ei,
3591 4898 3699 4935 nou

2125 4977 2266 5030 sitiet
2293 4977 2346 5030 iu
2381 4987 2635 5030 wternnm
2661 4993 2680 5031 .'
2702 4983 2789 5030 sed
2835 4992 2977 5046 aqua
3007 4992 3166 5044 quant
3193 4991 3282 5046 ego
3328 4976 3464 5029 dabo
3505 4976 3570 5040 ei,
3606 4976 3700 5043 ﬁet

2126 5072 2182 5125 in
2222 5087 2281 5127 ea
2313 5072 2430 5138 {aus
2453 5088 2607 5141 aqum
2647 5071 2888 5124 salientis
2919 5071 2970 5123 in
3012 5071 3174 5124 vitam
3221 5080 3476 5124 cateruam
3508 5067 3697 5140 (Jaatt.

2125 5179 2225 5228 vn,
2293 5167 2366 5232 8;
2419 5181 2494 5228 tv,
2525 5165 2614 5231 l5,
2645 5164 2755 5233 Η).
2781 5161 2983 5217 Fontes
3038 5161 3360 5225 Salvatorls,
3391 5161 3694 5216 docttinam

2127 5253 2491 5325 intelligamus
2542 5253 2942 5324 evangelicam,
2973 5252 3040 5307 de
3091 5266 3195 5322 qua
3251 5251 3304 5304 in
3358 5251 3700 5321 sexagesimo

2199 5466 2220 5498 ⁸
2252 5464 2502 5519 Martian.
2553 5478 2682 5533 quas
2733 5479 2752 5517 :
2797 5464 3128 5538 putabatqne
3183 5477 3374 5538 parum
3441 5461 3698 5538 equidem

2128 5539 2265 5591 scite
2308 5537 2506 5604 νόμους
2554 5531 2658 5587 non
2705 5534 2987 5602 regiones,
3039 5531 3131 5585 Sed
3183 5535 3391 5598 jndtces
3424 5531 3701 5604 Aﬂgypttts

2128 5603 2444 5673 appellatus.
2477 5609 2618 5669 quod
2656 5606 2996 5670 postmodum
3045 5605 3383 5656 retractavit.
3435 5603 3463 5653 ι’
3495 5604 3563 5654 de
3617 5614 3705 5652 ιιι-

2130 5681 2206 5730 lta
2240 5677 2292 5728 itt
2327 5692 2447 5742 cap.
2488 5691 2598 5734 λιιι,
2631 5675 2806 5725 inito.

2201 5750 2220 5778 ³
2251 5747 2535 5799 Ense-luunt
2573 5762 2761 5814 pressu
2804 5744 3028 5813 vestigio
3070 5743 3341 5812 sequitur.
