3972 6198
270 367 380 435 151

860 367 1352 432 (ἸΟΜΜΕΝΤΛΠ.
1400 369 1478 430 IN
1525 371 1788 432 ISAIAM
1829 374 1883 434 Ρ]

1991 373 2293 435 ΡΙῙΕΤΛἈῙ
2335 373 2483 435 LIB.
2522 374 2566 434 V
2627 373 2787 437 CAI‘.
2820 372 2958 436 XII.

3433 373 3536 436 I'ifi

264 486 506 556 septimo
527 483 736 554 psalmo
768 483 999 554 legimus
1029 504 1042 541 :
1079 485 1142 540 In
1175 486 1426 542 Ecclesiis
1452 489 1736 544 bettedicile
1755 490 1857 545 Deo
1889 500 1932 555 Α
1965 492 2252 546 videbatur
2303 492 2465 556 Deus,
2517 501 2572 544 et
2613 491 2842 545 modicis
2873 488 3070 543 Jndme
3127 498 3281 542 teram
3324 490 3488 540 clauil,
3514 515 3544 534 ο

267 580 500 635 Domino
531 581 596 632 de
635 580 870 648 fontibus
909 581 1077 635 Israel
1117 581 1292 651 (Paul.
1323 600 1490 646 van,
1526 585 1640 651 9.7).

349 674 528 746 (Vers.
566 675 620 736 -ί,
650 673 738 743 ὅ.)
777 693 796 726 ς
843 673 908 727 Ει
938 675 1132 730 dicetis
1157 677 1208 729 itt
1246 676 1334 730 illa
1373 677 1481 740 die,
1518 679 1856 734 conﬁtemini

274 767 510 823 Domino
568 779 622 821 et
671 769 922 822 invocate
955 783 1152 821 nomen
1185 768 1346 838 ejus;
1397 780 1552 826 notas
1585 772 1747 825 facite
1801 773 1853 824 itt

272 861 490 929 populis
531 859 950 914 adinventiones
979 859 1100 929 ejus
1134 877 1148 926 ;
1185 872 1536 926 mementote,
1597 865 1856 933 quoniam

273 954 556 1008 excelsum
586 965 887 1006 estnomen
939 953 1076 1022 ejus.
1125 952 1355 1010 Cantale
1404 954 1657 1018 Domino,
1715 975 1858 1026 quo-

276 1045 427 1099 niam
461 1046 746 1114 magniﬁce
777 1044 901 1098 fecit
932 1060 948 1110 ;
983 1047 1310 1099 annuntiate
1355 1047 1458 1102 hoc
1494 1049 1547 1102 in
1606 1049 1860 1102 unin-rsa

277 1151 449 1192 terra.
491 1158 509 1189 ι
549 1137 671 1192 II-ec.
711 1139 1102 1207 praecipiuntur
1130 1139 1204 1193 ab
1227 1141 1490 1207 apostolis
1526 1151 1579 1192 et
1614 1142 1862 1209 reliquiis

273 1228 450 1284 Israel
473 1231 555 1283 bis
579 1232 668 1298 qui
703 1233 768 1283 de
792 1232 1046 1300 gentibus
1078 1232 1469 1297 crediderunt;
1507 1243 1564 1286 nt
1593 1234 1694 1288 soli
1725 1249 1860 1288 con-

274 1325 548 1379 ﬁtenntur
596 1325 846 1390 Domino,
901 1335 958 1379 et
1018 1325 1182 1380 idolis
1241 1326 1538 1383 derelictis.
1612 1329 1868 1381 invocent

275 1435 483 1472 nomen
510 1419 627 1488 ejus
657 1437 672 1483 ;
711 1431 759 1474 et
794 1433 989 1475 cuncta
1038 1436 1204 1490 Opera
1242 1421 1359 1488 ejus
1395 1421 1688 1489 pra-ditent
1740 1421 1862 1473 inli-

276 1512 500 1584 delibus
534 1527 550 1576 ;
589 1512 744 1581 167
781 1525 838 1566 ιιι
869 1516 1067 1575 sciant,
1103 1513 1358 1582 quoniam
1396 1514 1546 1566 solus
1611 1512 1863 1566 excelsus

277 1615 368 1658 est
408 1620 423 1668 ;
456 1604 540 1656 cui
575 1605 903 1658 cantandum
937 1605 1006 1658 sit
1035 1604 1179 1672 quod
1223 1603 1507 1672 ntagniliee
1539 1603 1753 1668 fecerit,
1803 1615 1859 1659 et

279 1695 341 1749 in
369 1693 514 1746 Otltlll
545 1693 674 1748 orbe
721 1695 865 1748 illius
888 1695 1268 1749 misericordia
1303 1697 1642 1764 pnedicdur.

1966 587 2128 640 batur
2170 587 2462 656 angustiis,
2517 602 2661 640 nune
2718 586 3009 656 repleverit
3063 599 3278 638 omnem
3344 594 3542 638 terram

1965 681 2196 736 scientia
2245 697 2364 746 sua,
2407 694 2462 734 et
2519 680 2585 732 de.
2613 689 2786 733 morte
2833 692 3193 747 consurgens,
3251 684 3438 746 regnet
3489 677 3544 729 itt

1969 774 2244 841 gentibus,
2292 781 2346 826 ct
2391 773 2566 841 ipsum
2619 771 2870 824 nationes
2922 770 3309 838 deprecentur,
3382 778 3546 836 atque

1967 867 2194 919 adorent
2228 882 2242 930 ;
2294 865 2365 918 ita
2398 865 2681 928 duntaxat,
2719 873 2776 916 ιιι
2801 863 3023 932 adjiciat
3053 862 3293 915 secundo
3326 876 3544 914 mamtnt

1971 959 2134 1029 168
2163 972 2318 1012 suam
2339 956 2406 1009 ad
2443 954 2828 1024 possidendum
2857 954 3001 1023 quod
3035 954 3300 1020 reliquum
3333 962 3415 1006 est
3449 969 3545 1022 po-

1968 1052 2078 1122 puli
2099 1051 2204 1114 sui,
2238 1059 2290 1103 et
2313 1049 2720 1118 congregandos
2748 1047 3002 1116 profugos
3023 1047 3206 1109 Israel,
3233 1058 3286 1100 et
3339 1047 3546 1116 disper-

1965 1159 2056 1200 sos
2085 1143 2220 1197 Juda
2249 1142 2582 1211 colligendos
2607 1157 2635 1194 a
2667 1147 2942 1210 quantuor
2971 1140 3141 1208 plagis
3180 1151 3336 1192 terra:
3369 1155 3385 1204 ;
3416 1140 3543 1208 quia

1967 1234 2324 1288 seminarium
2359 1231 2633 1304 Evangelii
2674 1247 2769 1300 per
2795 1232 3094 1300 apostolos,
3119 1231 3207 1298 qui
3242 1246 3305 1284 ex
3342 1231 3546 1285 ludatis

1967 1337 2144 1391 erant,
2186 1328 2508 1395 processita
2565 1325 2804 1380 fontibus
2854 1325 3042 1379 Israel.
3106 1324 3298 1379 Melius
3365 1335 3548 1379 autent

1969 1434 2073 1486 est,
2116 1433 2171 1476 ttt
2202 1422 2354 1486 Sion,
2389 1424 2440 1476 id
2481 1431 2584 1487 est,
2623 1421 2893 1491 speculam
2941 1420 2991 1474 itt
3029 1420 3353 1474 sublimibus
3388 1421 3552 1472 collu-

1973 1527 2176 1580 catam,
2229 1518 2656 1582 interpretemur
2721 1513 3042 1578 Eet'lesiam,
3069 1513 3136 1568 de
3163 1530 3266 1583 qua
3308 1522 3360 1568 et
3391 1517 3553 1580 quin-

1975 1609 2327 1678 qnagcsimtts
2359 1608 2602 1676 psalmus
2630 1609 2778 1660 eattit
2821 1623 2836 1660 :
2881 1604 3110 1674 Benigne
3159 1607 3269 1674 fac,
3310 1607 3550 1669 Domine,

1973 1702 2028 1754 in
2064 1699 2198 1752 bona
2230 1699 2496 1752 voluntate
2521 1709 2611 1751 tua
2637 1695 2789 1761 Sion,
2814 1709 2868 1749 ut
2915 1696 3246 1765 wdiﬁcenlur
3280 1699 3417 1750 muri
3464 1697 3555 1750 Je-

363 1789 381 1851 i
413 1784 568 1839 Vers.
602 1785 656 1840 6.
685 1786 702 1854 )
746 1805 763 1837 ι
806 1785 1024 1840 Exsulta
1056 1797 1108 1841 et
1132 1787 1313 1853 lauda,
1371 1789 1632 1841 habitatio
1670 1789 1800 1842 Sion
1836 1806 1851 1844 :
1898 1825 1943 1883 Β
1972 1796 2202 1844 riualem
2237 1789 2414 1857 (Ρεαι.
2454 1805 2506 1850 ι..
2534 1788 2650 1859 20);
2688 1794 2745 1840 ut
2772 1789 3107 1856 acceptabile
3135 1787 3223 1840 liat
3258 1788 3309 1841 in
3341 1804 3400 1841 ea
3441 1789 3550 1841 Deo

284 1877 415 1943 quia
481 1893 710 1946 magnus
762 1877 814 1930 in
853 1879 1032 1932 medio
1071 1879 1149 1934 tui
1188 1877 1428 1934 Sanetus
1460 1878 1649 1932 Israel.
1694 1899 1712 1931 ι
1753 1879 1870 1933 Pri-

287 1985 438 2022 mam
467 1971 750 2023 dicendum
778 1971 931 2038 juxta
982 1971 1216 2026 litteram
1253 1988 1269 2025 :
1299 1971 1344 2027 Ο
1394 1973 1658 2026 habitatio
1715 1973 1868 2038 Sion,

286 2062 502 2115 exsttlta
541 2071 597 2115 et
646 2062 809 2115 Iattda
853 2062 1018 2118 Deum
1063 2075 1238 2130 tuum,
1271 2066 1414 2134 quod
1444 2066 1534 2135 qui
1588 2076 1714 2120 tuus
1745 2075 1873 2120 ante

1975 1883 2306 1937 Sacriﬁcium
2333 1879 2579 1950 jttstitite,
2613 1879 2944 1942 oblationes,
2974 1887 3027 1932 et
3054 1879 3433 1942 haulocausta,
3497 1889 3552 1934 et

1973 1974 2198 2038 vitulus,
2226 1987 2385 2042 quem
2416 1971 2525 2025 lilio
2567 1970 2851 2039 prettitenti
2886 1981 3038 2038 pater
3095 1969 3556 2024 cletnentissimus

1975 2066 2281 2121 immolavit
2309 2065 2460 2134 (an.
2502 2079 2566 2119 xv
2594 2066 2632 2134 ).

1407 2439 1758 2525 LIBER
1858 2438 2439 2544 QUINTUS.

368 2772 556 2828 Plures
584 2773 709 2826 anni
743 2781 870 2828 sunt
905 2773 920 2804 ⁸
964 2775 1106 2844 quod
1135 2787 1164 2826 a
1205 2783 1407 2828 sanctae
1438 2774 1714 2827 tttetuoriie
1763 2772 1880 2827 viro

301 2864 534 2919 Amabili
617 2865 872 2935 episcopo
939 2877 1194 2934 rogatus,
1254 2874 1311 2918 ut
1371 2865 1424 2919 in
1483 2865 1672 2920 det-em
1729 2867 1880 2921 Isaia:

299 2960 593 3012 scrlieri-m
659 2956 1054 3022 visiones,pro
1119 2956 1366 3025 angustia
1416 2955 1562 3009 illius
1622 2957 1882 3024 temporis

299 3049 427 3117 quid
481 3046 616 3098 mihi
680 3047 961 3100 xiderelnr
1029 3047 1080 3099 itt
1146 3048 1371 3116 singulis
1431 3047 1577 3101 brevi
1629 3062 1882 3103 sermone

301 3139 642 3210 perstrinxi;
678 3139 958 3193 historiam
1013 3149 1217 3192 tantmn
1265 3141 1406 3210 quod
1470 3141 1686 3209 petebat
1737 3140 1884 3194 edis-

299 3247 511 3287 Serens.
561 3230 721 3286 Nunc
777 3232 843 3285 ad
910 3242 983 3294 le,
1030 3233 1444 3302 φιλοπονωτάτη
1498 3232 1884 3296 Eustochium,

301 3343 465 3395 cogor
489 3330 543 3382 in
573 3339 740 3382 totum
773 3328 1091 3395 prophetam
1120 3325 1561 3380 Commentarios
1603 3326 1876 3388 scribere,

308 3427 363 3470 et
403 3418 624 3470 interim
666 3418 1006 3470 orationibus
1052 3418 1158 3470 tuis
1203 3415 1270 3469 ad
1326 3415 1656 3484 Babylonem
1718 3430 1888 3482 usque

306 3509 531 3578 perveni
570 3507 682 3579 [ΑΙ.
712 3506 1133 3579 pervenimus],
1175 3523 1294 3575 quae.
1333 3509 1507 3578 prima
1560 3507 1748 3561 decem
1802 3506 1887 3560 vi-

309 3601 530 3655 sionum
568 3610 674 3663 est,
705 3601 768 3652 de
799 3601 996 3668 quibus
1035 3607 1159 3652 ante
1201 3599 1312 3668 jam
1348 3599 1480 3653 dixi.
1540 3596 1887 3666 Super-linunt

309 3705 494 3746 autem
531 3693 660 3744 mihi
694 3691 869 3764 visum
906 3703 1007 3753 est,
1042 3703 1129 3745 aut
1186 3694 1374 3746 eadem
1432 3707 1619 3745 rursus
1664 3693 1886 3752 iterare,

311 3794 407 3837 aut
448 3786 504 3837 in
559 3801 666 3837 uno
721 3800 884 3852 Opere
953 3786 1200 3840 diversas
1260 3785 1560 3839 sententias
1616 3799 1888 3853 promere.

312 3875 472 3930 Unde
504 3878 728 3946 quintus
750 3878 802 3929 itt
835 3874 1025 3929 Isaiam
1049 3875 1185 3929 liber
1211 3875 1314 3929 erit
1346 3876 1452 3939 hic,
1486 3877 1576 3943 qui
1613 3874 1890 3941 quondam

314 3971 468 4023 solus
495 3971 674 4022 editus
720 3978 825 4032 est,
865 3985 973 4038 quo
1021 3971 1088 4022 ad
1148 3969 1350 4022 calcem
1395 3983 1566 4036 uSque
1618 3965 1891 4034 perfecto,

313 4060 460 4113 sexti
499 4059 956 4127 voluminisjttxta
993 4060 1345 4128 tropologiam
1382 4059 1708 4128 arripien‘ms
1739 4074 1899 4110 exor-

317 4147 494 4208 dium,
542 4156 594 4200 et
617 4147 804 4200 eadem
832 4151 888 4202 te'
909 4147 1194 4201 Dominum
1231 4148 1576 4216 depreCante,
1614 4149 1878 4216 spiritalis

317 4238 696 4306 intelligentia:
724 4240 956 4293 culmina
986 4257 1396 4310 pet-sequemur.
1717 4308 1723 4314 ο

399 4348 418 4378 ι
462 4331 752 4400 libensque
779 4348 910 4402 papa
953 4333 1243 4398 Atttabilis,
1272 4333 1526 4386 columen
1558 4333 1848 4386 charitatis
1876 4335 1896 4365 ³

319 4433 379 4475 et
433 4438 654 4486 numen,
725 4438 787 4477 ac
849 4425 978 4478 mihi
1025 4428 1270 4478 omnium
1331 4442 1468 4496 quos
1506 4437 1652 4479 terra
1712 4426 1900 4494 genuit

1986 2783 2237 2831 conserta
2270 2775 2322 2830 In
2349 2775 2439 2846 jus
2473 2783 2712 2834 vocaret.
2741 2783 2798 2829 et
2825 2773 3153 2843 promissum
3188 2788 3281 2840 per
3317 2789 3557 2828 momen-

1991 2876 2041 2921 ta
2099 2867 2362 2936 exigeret.
2395 2866 2536 2934 Quid
2580 2866 2744 2937 igitur
2786 2864 2978 2920 faciam
3013 2864 3358 2919 isubeznnne
3421 2879 3556 2929 opus

1989 2961 2043 3015 in
2071 2976 2178 3029 quo
2203 2959 2304 3012 viri
2337 2957 2701 3013 eruditissimi
2732 2957 3094 3020 sutlaverunt,
3126 2955 3417 3025 Origenem
3476 2959 3558 3005 lo-

1989 3068 2151 3123 quor,
2179 3061 2233 3107 et
2279 3050 2572 3105 Eusebium
2607 3048 2898 3118 Pamphili,
2935 3064 3164 3118 quorum
3199 3049 3335 3101 alter
3370 3048 3560 3101 liberis

1992 3145 2267 3215 allegoria:
2319 3143 2513 3213 spatiis
2555 3152 2840 3212 evagatur,
2863 3152 2918 3196 et
2962 3141 3339 3209 interpretatis
3389 3143 3562 3194 nomi-

1990 3238 2152 3293 nibus
2187 3237 2553 3304 singulorum,
2617 3234 2893 3302 ingenium
2938 3250 3095 3288 suum
3151 3233 3278 3289 facit
3309 3233 3562 3287 Εεοιθηίςιε

1987 3337 2359 3389 sacranti-uta,
2419 3326 2557 3379 alter
2588 3323 2904 3378 historicam
2965 3325 3366 3391 expositionem
3406 3324 3564 3377 titulo

1989 3420 2399 3487 repromittens,
2466 3415 2737 3470 interdum
2807 3415 3169 3486 169-170
3214 3415 3568 3470 obliviscitur

1991 3511 2280 3580 propositi,
2343 3518 2396 3564 et
2424 3511 2474 3564 in
2510 3509 2760 3582 Origenis
2795 3514 2931 3564 scita
2967 3510 3219 3564 concedit
3245 3510 3266 3540 ³
3296 3509 3319 3562 ?
3347 3508 3429 3561 Au
3488 3520 3571 3559 lt-

1991 3615 2165 3667 ceam,
2195 3611 2247 3654 et
2277 3613 2462 3670 aperte
2497 3602 2657 3670 hujus
2681 3602 2895 3672 generis
2917 3601 3312 3669 expositionem
3355 3601 3570 3653 nescire

1995 3712 2082 3748 tne
2113 3696 2293 3750 dicam
2317 3695 2338 3748 ?
2365 3705 2420 3748 et
2453 3697 2672 3763 quando
2705 3697 2798 3749 tibi
2849 3705 3041 3764 potero
3077 3695 3428 3762 persuadere,
3486 3709 3573 3744 tne

1996 3805 2102 3843 non
2136 3789 2382 3858 potuisse
2412 3792 2583 3856 magis
2614 3804 2775 3859 quam
2812 3789 3053 3841 noluisse
3089 3804 3104 3850 ;
3138 3801 3371 3854 quorum
3434 3786 3574 3836 alte-

1998 3897 2116 3936 rum
2147 3880 2538 3936 imbecillitatis
2588 3889 2693 3956 est,
2737 3880 2966 3934 allerum
3018 3879 3290 3946 superbiae
3317 3876 3573 3941 ?Qttibtts

2000 3974 2227 4028 adactus
2250 3973 2454 4038 causis,
2491 3973 2655 4027 malui
2699 3989 2728 4026 a
2763 3983 2814 4027 te
2839 3971 3120 4042 ingenium
3181 3985 3360 4023 meum
3405 3985 3568 4038 quam

1999 4062 2331 4116 voluntatem
2363 4063 2530 4132 quaeri
2565 4079 2580 4126 ;
2615 4061 2960 4131 breviterque
2991 4061 3268 4114 annotabo
3292 4075 3410 4128 quae
3445 4060 3577 4112 didi-

1999 4151 2072 4217 ci,
2111 4149 2460 4204 [ιιιιιΙιιιιινιιιιι
2495 4151 2703 4221 jaciens
2739 4151 3170 4219 Scripturarum.
3224 4149 3572 4204 Caterum'si

2003 4255 2092 4298 aut
2130 4253 2184 4297 ιιι
2221 4245 2483 4306 volueris,
2519 4255 2613 4297 aut
2647 4245 2882 4312 Spatium
2944 4242 3133 4308 fuerit,
3195 4253 3250 4298 et
3307 4244 3575 4297 voluntati

2005 4347 2208 4392 nostra:
2245 4337 2496 4390 Christus
2529 4337 2805 4394 aunuerit.
2850 4335 3095 4405 spiritale
3147 4349 3314 4402 supra
3361 4343 3579 4388 struen-

2006 4435 2132 4484 dum
2163 4439 2246 4484 est
2289 4430 2601 4492 :ediliciuut,
2669 4440 2730 4483 ut
2763 4430 3019 4498 imposito
3043 4428 3300 4490 culmine,
3341 4429 3578 4494 perfer-ta

320 4515 722 4580 amantissime,
760 4532 855 4584 per
884 4518 1095 4571 litteras
1128 4519 1428 4586 ﬂagitabas,
1475 4528 1531 4570 ιιι
1569 4520 1663 4571 tibi
1709 4520 1896 4573 decem
1935 4535 1976 4587 ι)
2009 4521 2264 4576 Ecclesia
2311 4534 2629 4576 ornamenta
2680 4532 3069 4575 monstremus.
3130 4519 3462 4589 Propontis-ti
3513 4521 3580 4572 de

324 4608 568 4660 visiones
603 4624 722 4674 qua:
763 4608 814 4660 in
871 4608 1006 4662 Isaia
1040 4613 1446 4666 obscurissima:
1490 4623 1638 4678 sum,
1675 4613 1898 4666 histori-

322 4713 386 4752 αι
436 4701 779 4763 ρχυιιεςὶιὶυιιε
833 4702 1184 4765 dissererem,
1223 4705 1521 4757 etontissis
1588 4717 1902 4758 nostrorum

323 4791 770 4856 Conmentariis,
807 4796 893 4862 qui
924 4800 1102 4848 varias
1144 4797 1431 4865 opiniones
1479 4801 1673 4861 secuti,
1738 4799 1906 4852 multa

325 4889 604 4941 Volumina
637 4893 1020 4952 condiderunt,
1052 4891 1370 4946 llebraicatn
1410 4895 1704 4962 pattderem
1757 4897 1906 4948 veri-

333 4989 554 5032 tatem:
615 4997 809 5048 rnetpte
868 4992 1278 5046 retractantem,
1345 4995 1401 5038 et
1456 4986 1904 5041 molestissimum

327 5070 729 5136 explanationis
781 5089 954 5142 genus
997 5074 1047 5126 iu
1087 5085 1297 5141 tempus
1346 5075 1492 5129 aliud
1540 5077 1906 5142 dtllerentem,

329 5162 644 5230 sepissime
675 5167 1084 5218 commonebas.
1146 5165 1256 5219 IIoc
1282 5177 1465 5220 autem
1529 5183 1674 5219 anno
1711 5168 1906 5223 misisti

330 5251 502 5307 ﬁlium
533 5266 776 5309 nostrum
810 5254 1120 5311 Heraclium
1154 5259 1472 5323 diaconum,
1501 5259 1593 5328 qui
1633 5276 1717 5314 tne
1741 5275 1906 5314 tnanu

412 5455 427 5485 ¹
462 5455 654 5509 Fertne
697 5459 981 5518 tredecim,
1029 5460 1231 5514 scilicet
1267 5464 1334 5512 ab
1367 5475 1508 5512 anno
1550 5460 1676 5522 507,
1729 5470 1785 5512 ιιι
1856 5461 1908 5512 irt

340 5529 490 5648 potis
520 5528 926 5597 chronologiuis
969 5529 1141 5599 Epist.
1180 5533 1246 5585 68
1276 5533 1341 5584 ad
1380 5530 1729 5586 Castrucium
1788 5547 1910 5598 pro-

377 5606 524 5647 atttnt
557 5609 663 5648 est.
1834 5647 1839 5648 ,

377 5606 524 5647 attint
557 5609 663 5651 est.

414 5667 434 5695 ⁹
471 5667 525 5717 In
563 5665 736 5722 Vatic.
783 5670 984 5723 culmen
1016 5671 1314 5735 clturilulis,
1337 5681 1445 5726 etc.

415 5737 436 5765 ⁸
471 5736 532 5788 Et
580 5739 634 5789 in
704 5741 942 5808 Origenis
1017 5744 1148 5794 scita
1195 5744 1485 5796 concedit?
1532 5741 1812 5805 Erasmus,
1861 5752 1908 5794 et

348 5805 594 5878 Origettis
637 5815 748 5878 [uta
777 5805 1023 5866 concidit.
1057 5813 1206 5878 Quod
1247 5815 1494 5881 suspicor
1555 5814 1621 5867 ab
1682 5812 1908 5866 Erasmo

2010 4614 2142 4670 Isaia
2187 4617 2452 4668 visionem
2487 4613 2800 4682 Babylonis,
2833 4623 2887 4666 et
2915 4614 3264 4672 l’bilisthiint.
3306 4612 3480 4673 Moab,
3526 4621 3580 4665 et

2013 4707 2283 4770 Damasci,
2316 4706 2662 4774 Egyjttitjtte,
2689 4715 2744 4761 et
2767 4706 2967 4760 deserti
2993 4706 3180 4769 maris,
3215 4717 3268 4760 et
3306 4705 3578 4766 Ialumma',

2007 4809 2068 4876 et
2089 4799 2400 4860 Arabize,et
2430 4797 2596 4853 Vallis
2631 4799 2876 4862 visionis,
2901 4808 2955 4852 et
2985 4797 3113 4868 Tyri
3142 4813 3157 4859 ;
3188 4813 3322 4865 quas
3345 4796 3386 4848 si
3423 4796 3583 4849 latins

2011 4873 2160 4944 nitar
2202 4905 2501 4958 exponere,
2527 4890 2712 4944 multis
2759 4889 2913 4944 libris
2945 4903 3082 4955 Opus
3113 4889 3238 4950 erit,
3278 4896 3329 4939 et
3361 4897 3586 4938 exacto-

2009 4985 2086 5037 ris
2141 4983 2244 5036 mei
2305 4983 2581 5052 navigatio
2623 4983 2675 5035 in
2721 4998 2923 5036 annum
2982 4981 3211 5032 alterum
3273 4978 3583 5034 differetur.

2010 5077 2198 5142 Itaque
2253 5085 2310 5128 ιιι
2366 5077 2467 5141 vis,
2504 5075 2732 5145 singulis
2767 5071 3094 5126 testimoniis
3142 5069 3333 5124 breves
3365 5081 3586 5125 senten-

2013 5167 2172 5218 tinlas
2202 5166 2490 5232 coaptabo,
2522 5173 2579 5218 ιιι
2604 5179 2709 5217 non
2740 5175 2845 5216 tam
2871 5177 3136 5228 exponam
3166 5162 3293 5231 quid
3327 5161 3584 5222 sentiam,

2013 5273 2176 5327 quam
2217 5259 2403 5328 paucis
2425 5258 2610 5314 verbis
2637 5257 2729 5310 tibi
2758 5254 3040 5310 seutieuda
3081 5255 3377 5310 dimittam.
3408 5253 3587 5307 Dicta-

2016 5467 2321 5519 mutatum;
2367 5469 2491 5508 nam
2566 5467 2696 5505 mss.
2732 5450 2948 5506 codices
2993 5449 3246 5504 distincte
3285 5450 3489 5517 legunt,
3535 5459 3585 5501 et

2012 5530 2068 5582 in
2095 5526 2338 5595 Origenis
2368 5527 2506 5595 scito
2537 5523 2773 5595 concedit
2800 5536 2820 5576 :
2851 5537 2955 5595 qua
2986 5521 3170 5595 pltrasi
3197 5521 3385 5595 _tt_titttr
3439 5519 3578 5595 infra

2014 5601 2067 5653 in
2101 5588 2219 5663 cap.
2260 5610 2393 5648 LVIII
2425 5610 2438 5659 ;
2468 5591 2836 5661 Symmachus,
2871 5588 3070 5660 inquit,
3115 5592 3167 5642 in
3197 5588 3573 5663 Theodotignis

2013 5669 2148 5722 scita
2169 5657 2526 5721 ‘concedensf
2563 5673 2796 5727 (Orqm'm
2849 5657 3045 5727 posuit,
3077 5671 3183 5712 etc.
3247 5658 3362 5712 Liv.
3390 5673 3425 5711 tl
3456 5657 3574 5714 Bel.

2017 5736 2244 5795 Maced.,
2267 5737 2320 5786 in
2345 5733 2655 5785 sententiam
2677 5732 2905 5802 alicujus
2934 5730 3234 5793 concedere,
3264 5746 3359 5801 pro
3382 5730 3571 5785 eodem

2013 5807 2313 5875 usurpavit.
2351 5803 2617 5859 Murrus.
