3972 6198
396 346 504 407 163

1556 328 1623 388 .s.
1661 322 1979 387 EUSEBH
2019 298 2462 382 manoxrnt

3557 307 3679 378 161

394 458 546 524 sequi
579 454 761 509 delirat
794 451 1037 506 rrtlin‘m
1066 446 1306 503 ltistoria‘
1332 461 1349 500 :
1377 442 1519 514 quod
1552 441 1793 511 plerique
1820 442 1978 507 igno-

2121 450 2301 503 neptis
2327 434 2380 485 in
2416 429 2617 494 medio,
2650 436 2705 482 et
2733 441 2759 479 a
2792 423 2964 480 Medis
2994 424 3280 493 Persisque
3311 433 3521 479 vastata
3555 439 3674 479 est.

396 561 584 604 rantes
624 548 955 615 lymphatico
1010 543 1063 595 itt
1109 538 1409 606 Scriptnris
1457 544 1723 603 vagantur
1764 545 1974 587 errore.

398 643 577 711 Usque
632 640 683 693 itt
737 646 1052 708 pubentem
1114 649 1244 702 ergo
1285 631 1426 683 diem
1476 630 1757 698 prophetia
1812 626 1981 695 Baby-

403 733 544 784 lonis
587 730 834 798 expletur
873 745 887 782 :
923 739 971 780 et
1020 728 1161 779 sit-tit
1198 723 1468 778 subvertit
1504 722 1646 776 Deus
1689 720 1978 774 Sodotnam

402 836 457 877 rt
485 822 849 878 Gomorrham
882 835 905 887 ;
947 820 1024 871 sic
1056 828 1111 870 et
1160 818 1262 870 ista
1315 816 1577 869 subversa
1612 830 1714 867 non
1770 812 1983 866 babita-

411 918 557 969 bitur
602 915 651 967 in
680 926 963 967 εειετιιιιηι.
999 913 1104 963 i’eo
1140 910 1226 962 illa
1254 910 1398 962 enim
1438 905 1744 961 Seleuciam
1781 915 1835 958 et
1862 905 1981 958 Cte-

406 1010 712 1076 siphontem
748 1007 911 1058 urbes
944 1002 1234 1057 Persarum
1271 1000 1503 1070 inclytas
1537 1001 1806 1053 iecerunt.

481 1096 663 1163 (νει-ε.
695 1094 910 1161 20-22.)
959 1113 975 1143 ι
1010 1091 1125 1146 Nec
1177 1101 1337 1160 ponet
1381 1092 1453 1144 ibi
1505 1094 1738 1144 tentoria
1770 1090 1984 1158 Arabs;

406 1205 505 1243 nec
534 1198 781 1257 pastores
814 1188 1160 1253 requiescent
1196 1185 1265 1235 ibi
1302 1199 1324 1236 ε
1352 1184 1445 1236 sed
1479 1191 1639 1235 erunt
1678 1183 1748 1235 ibi
1778 1183 1985 1244 liestim,

410 1285 767 1351 replebuntur
819 1283 1012 1335 domus
1043 1296 1229 1333 eorum
1278 1278 1633 1340 draconibus,
1679 1287 1731 1331 et
1770 1277 1988 1330 ltabita-

408 1377 547 1429 bunt
607 1377 678 1428 ibi
737 1374 1186 1434 slrutbiones,et
1245 1373 1402 1439 pilosi
1469 1371 1743 1425 saltabunt
1786 1371 1876 1426 ibi.
1924 1368 1990 1423 Et

410 1471 819 1536 respondebunt
854 1468 1015 1520 ululze
1052 1467 1104 1517 in
1156 1466 1364 1519 aedibus
1408 1465 1547 1531 ejus,
1591 1474 1639 1517 et
1697 1463 1901 1517 Sirena:
1934 1463 1988 1516 in

411 1561 655 1613 delubris
693 1558 1009 1627 voluptatis.
1056 1576 1077 1608 ι
1114 1558 1175 1609 In
1214 1567 1423 1610 tantum
1478 1556 1720 1625 Babylon
1782 1565 1987 1609 vastata

412 1655 519 1706 erit
550 1663 708 1719 atque
740 1652 977 1716 deserta,
1024 1663 1082 1702 ιιι
1108 1665 1172 1702 ne
1196 1651 1260 1702 ad
1298 1664 1495 1719 pascua
1532 1652 1748 1719 quidem
1783 1667 1993 1703 armcit-

412 1755 588 1795 torum
621 1754 673 1795 et
719 1757 976 1809 pecorum
1019 1730 1308 1795 utilis‘sit.
1363 1739 1479 1796 Non
1508 1742 1654 1796 enim
1687 1744 1875 1797 tendet
1917 1744 1988 1797 ibi

412 1837 587 1889 Arabs
644 1834 1063 1900 Saraccnnsque
1118 1832 1374 1896 tentoria,
1427 1848 1525 1886 nec
1582 1845 1832 1900 pasmres
1868 1845 1992 1903 post

418 1926 639 1995 \eStigia
684 1940 902 1994 gregum
942 1924 1071 1978 lcssi
1126 1923 1312 1978 labore
1356 1924 1641 1993 quiescent
1672 1940 1691 1979 :
1730 1926 1823 1977 s-d
1855 1926 1996 1979 inter

418 2020 716 2085 patietinas
750 2026 804 2069 et
834 2018 1114 2085 angustias
1167 2026 1408 2069 veterum
1467 2015 1745 2069 ruinarum
1782 2016 1995 2069 ltabita-

418 2112 546 2161 bunl
588 2124 691 2161 sun
721 2113 896 2177 02”?)
934 2125 948 2162 :
987 2109 1128 2175 quod
1162 2108 1263 2160 soli
1295 2106 1436 2159 LXX
1469 2108 1662 2160 bestias
1710 2108 1999 2161 transtule-

419 2213 542 2253 runt
577 2218 590 2255 :
624 2200 712 2254 alii
764 2202 880 2268 ipso
931 2200 1151 2253 nomine
1208 2198 1354 2268 quod
1391 2200 1530 2268 apud
1573 2199 1828 2254 Ilebt'mus
1866 2202 1999 2252 seri-

415 2305 565 2359 ptom
622 2300 729 2355 est,
765 2290 1016 2343 volentes
1054 2304 1257 2355 genera
1302 2288 1609 2343 dasmooum
1644 2288 1871 2357 intelligi
1910 2287 1997 2340 vel

420 2384 826 2447 phantasmata.
862 2382 928 2435 Et
964 2381 1325 2449 replebantur,
1350 2382 1549 2450 inquit,
1576 2382 1785 2444 domus,
1815 2391 1873 2434 ut
1905 2397 2002 2435 nos

423 2476 685 2536 uiximus,
727 2473 1046 2526 draconibus
1101 2486 1116 2527 :
1154 2483 1211 2526 ιιι
1246 2473 1437 2541 Aquila
1483 2473 1780 2535 transtulit,
1823 2475 2006 2543 typho—

422 2565 595 2626 uibus,
625 2576 682 2617 ut
716 2564 1233 2633 Symmacluts‘oum
1270 2565 1459 2631 (manu)
1500 2564 1539 2627 ί,
1574 2565 1751 2633 ipsunt
1784 2569 2006 2618 verbum

426 2656 755 2710 ll-braicum
807 2660 1174 2727 exprimens;
1225 2655 1370 2709 LXX
1414 2671 1542 2710 vero
1594 2668 1647 2711 et
1704 2656 2007 2711 Theodotio

427 2750 710 2815 clamores,
740 2750 820 2803 vel
841 2752 1044 2802 sonitus
1072 2749 1412 2817 interpretati
1443 2758 1591 2803 sunt.
1623 2748 1885 2819 Quodque
1919 2766 2009 2805 sc-

425 2846 615 2913 quitnr
662 2860 677 2898 :
720 2843 887 2896 Pilosi
951 2843 1225 2897 saltabant
1284 2844 1375 2911 ibi,
1430 2846 1512 2898 vel
1568 2845 1889 2909 incnbones,
1928 2846 2009 2899 vel

428 2946 668 3007 satyros,
732 2936 890 3006 175
944 2937 1028 2990 vel
1080 2937 1356 3011 silvestres
1416 2937 1682 3006 quosdam
1738 2922 2010 3005 liomincs,

432 3044 569 3096 quos
601 3028 842 3081 nonnulli
884 3025 1084 3081 Fatuos
1121 3026 1338 3081 ﬁcarios
1372 3039 1566 3082 vocant
1599 3028 1642 3092 ²,
1683 3037 1776 3081 aut
1810 3031 2013 3082 dtetno-

436 3137 566 3175 num
593 3134 793 3190 genera
851 3119 980 3173 intel
1006 3120 1184 3187 igunt.
1218 3118 1319 3173 l‘ro
1354 3118 1515 3173 ululis

435 3216 612 3279 ipsum
652 3213 874 3264 verbum
924 3210 1249 3265 llebraicutn
1313 3226 1390 3265 ιιιί
1438 3214 1609 3281 (cvm)
1648 3212 1691 3276 ³,
1733 3213 1833 3267 soli
1874 3211 2013 3266 LXX

438 3316 819 3357 anorenlauros
870 3302 1276 3357 transutlerttnl.
1311 3301 1517 3356 Sirena:
1552 3312 1731 3355 autem
1781 3317 2014 3357 meum

439 3398 622 3464 (D’Jrl)
646 3404 928 3457 vocantur,
954 3409 1091 3463 quas
1116 3409 1213 3448 nos
1234 3396 1640 3459 autdaunones,
1662 3408 1754 3448 aut
1776 3410 2016 3448 monstra

433 3502 555 3553 quae
578 3495 704 3548 tam,
742 3487 822 3538 vel
878 3496 1025 3539 certe
1054 3487 1326 3539 dracones
1378 3501 1603 3556 magnos
1633 3486 2018 3556 intrepretab—

438 3595 561 3632 mur
590 3578 632 3641 ⁸,
664 3580 755 3649 qui
782 3578 994 3633 cristati
1037 3589 1165 3633 sunt
1190 3588 1244 3632 et
1280 3579 1548 3633 volantes.
1574 3578 1676 3632 Per
1692 3595 1812 3648 qua:
1835 3583 2015 3635 omnia

437 3667 711 3725 \ttStttatis
765 3680 818 3724 et
853 3670 1167 3725 solitudinis
1209 3671 1363 3740 signa
1398 3680 1769 3724 monstrantur
1809 3687 1824 3725 :
1873 3674 2016 3739 qnml

439 3772 587 3816 tanta
617 3763 688 3817 sit
711 3763 1062 3832 depopulatio
1108 3766 1261 3816 urlns
1296 3767 1566 3830 quondam
1604 3763 2017 3833 potentissumis,

441 3867 499 3908 ut
528 3871 637 3924 pta:
665 3854 1013 3907 multitudine
1039 3856 1345 3907 daemonum
1387 3868 1451 3907 ac
1497 3854 1794 3909 bestiarum
1844 3857 2021 3907 nullus

439 3960 561 3999 eam
613 3946 807 3999 audeat
860 3957 1163 4015 pastorunt,
1223 3946 1274 4000 id
1329 3954 1435 4011 est,
1487 3947 1689 4000 deserti
1750 3950 2023 4014 appetitor

442 4040 671 4092 intrare.
730 4036 1035 4092 Didicimus
1066 4055 1093 4091 a
1128 4039 1362 4106 quodam
1401 4040 1572 4093 fratre
1618 4038 1874 4101 Elamita,
1929 4040 2023 4108 qui

412 4115 509 4186 'de
543 4134 648 4185 illis
684 4132 881 4186 tittibus
907 4132 1214 4200 egrediens,
1245 4148 1391 4185 nunc
1426 4129 1819 4200 Hierosolymis
1854 4132 2020 4185 vitam

442 4227 608 4294 exigit
634 4229 1051 4287 monachorum,
1081 4226 1401 4279 venationes
1451 4225 1628 4292 regias
1664 4238 1789 4278 esse
1825 4224 1880 4278 in
1922 4225 2024 4276 Ba-

446 4316 664 4386 bylone,
718 4325 771 4369 et
818 4318 1001 4369 omnis
1036 4318 1250 4384 generis
1310 4315 1513 4369 bestias
1566 4330 1847 4370 murormu
1907 4319 2026 4387 ejus

447 4418 657 4460 tanttuu
688 4407 891 4460 ambitu
931 4406 1168 4459 coerceri
1200 4406 1242 4460 ⁸.

2158 543 2177 576 ι
2228 524 2573 579 Miserebitnr
2628 521 2773 574 enim
2840 519 3101 572 Dominus
3153 516 3344 583 Jtcob,
3401 528 3456 571 et
3500 518 3678 585 eliget

2084 619 2261 673 adltnc
2301 618 2370 671 de
2422 614 2612 679 Israel,
2650 625 2705 668 et
2752 614 3098 682 requiescere
3136 626 3231 666 eos
3280 610 3444 664 faciet
3499 625 3674 677 super

2086 715 2308 765 Itumum
2347 725 2522 763 suam.
2579 727 2596 758 ι
2633 708 2704 760 De
2736 706 2841 759 boc
2873 704 3184 770 Sopltonias
3220 704 3430 772 plenius
3486 704 3676 770 loqui-

2087 817 2212 859 Iur:
2252 802 2463 865 Lauda,
2527 801 2641 869 [ilia
2692 797 2862 863 Sion;
2912 798 3115 867 jubila,
3156 795 3366 859 Israel;
3406 795 3584 849 lauare
3615 803 3679 847 et

2084 898 2289 950 exsuli"
2322 899 2375 949 in
2418 896 2559 948 omni
2584 893 2759 957 corde,
2782 891 2898 960 ﬁlia
2932 888 3230 943 Jerusalem
3261 903 3279 941 :
3324 889 3447 956 quia
3488 889 3677 938 abstu-

2087 990 2147 1040 lit
2194 989 2446 1041 Dominus
2485 986 2748 1056 judicium
2797 994 2944 1036 tuum
2984 998 3002 1036 :
3037 983 3222 1035 avertit
3266 980 3505 1034 inimicos
3548 988 3675 1030 tuos

2091 1082 2277 1151 (Soph.
2321 1097 2402 1142 Ill,
2440 1081 2527 1145 ll,
2579 1078 2716 1149 15.),
2744 1077 3027 1141 Signiﬁcat
3071 1086 3250 1129 autem
3304 1085 3514 1142 tempus
3557 1088 3674 1141 quo

2090 1174 2263 1245 Cyrus
2295 1189 2388 1227 rex
2426 1172 2719 1226 Persarum
2752 1171 3024 1239 captivum
3071 1170 3326 1239 pupulum
3359 1164 3664 1220 Jerusalem

2094 1269 2267 1320 redire
2323 1266 2593 1335 permisit.
2653 1263 2796 1333 Lege
2850 1261 3032 1315 Esdrte
3085 1262 3280 1314 librum
3326 1258 3366 1329 (Ι
3408 1257 3567 1311 Esdr.
3604 1267 3672 1324 I).

2091 1358 2345 1427 Aggmntn
2384 1356 2588 1427 (Aggwi
2615 1357 2652 1423 ι)
2687 1366 2741 1409 et
2770 1353 3091 1406 Zachariam
3127 1349 3311 1421 (Zach.
3360 1350 3420 1419 t),
3450 1352 3672 1418 quaudu

2094 1454 2191 1504 Sub
2217 1448 2543 1510 Zorobabel,
2576 1456 2628 1499 et
2657 1444 2784 1499 Jesu
2821 1444 3107 1497 sacerdote
3132 1458 3349 1512 magno,
3382 1451 3437 1494 et
3477 1440 3677 1506 Esdra,

2094 1552 2149 1594 et
2212 1541 2452 1604 Necmia,
2500 1540 2718 1607 altare"
2751 1537 3034 1607 templum,
3084 1538 3333 1605 murique
3390 1535 3541 1588 urbis
3575 1548 3679 1585 cx-

2094 1634 2288 1685 s‘tructi
2325 1640 2473 1685 sunt.

2166 1772 2347 1841 (Vet-s.
2380 1771 2459 1842 2.)
2495 1790 2513 1822 ι
2547 1770 2885 1840 Adjttngetur
2936 1770 3146 1824 advena
3206 1767 3271 1821 ad
3316 1782 3444 1831 eos,
3475 1776 3533 1820 et
3577 1765 3682 1819 ad-

2100 1865 2325 1917 haerebit
2368 1862 2554 1917 domui
2592 1860 2788 1927 Jacob,
2838 1871 2893 1915 et
2933 1861 3197 1915 tenebunt
3224 1874 3317 1913 eos
3376 1857 3581 1927 populi,
3617 1867 3675 1909 ct

2096 1960 2365 2010 adducent
2396 1972 2497 2009 eos
2536 1955 2586 2008 in
2608 1956 2783 2009 locum
2820 1968 2998 2019 suum,
3027 1964 3080 2007 et
3113 1953 3409 2021 possidebit
3437 1967 3531 2006 eos
3578 1953 3681 2003 do-

2100 2065 2217 2102 ntus
2251 2048 2417 2101 Israel
2441 2063 2607 2116 super
2636 2056 2838 2101 terram
2864 2046 3076 2101 Domini
3112 2047 3163 2099 in
3202 2058 3393 2099 servos
3440 2058 3492 2099 et
3527 2044 3680 2095 anci-

2102 2143 2221 2196 las:
2262 2153 2315 2194 et
2366 2152 2529 2196 erunt
2579 2141 2855 2209 capientes
2896 2154 2991 2194 eos
3044 2139 3135 2209 qni
3210 2154 3271 2193 se
3317 2145 3595 2208 Ct'pcl'anl,
3622 2142 3688 2190 et

2102 2235 2392 2301 subjicieut
2447 2245 2730 2289 exacmres
2786 2246 2935 2288 suos.
2995 2250 3015 2285 ο
3068 2230 3266 2286 Multos
3322 2231 3389 2285 de
3443 2229 3681 2284 diversis

2104 2330 2352 2397 gentibus
2373 2343 2492 2401 cum
2529 2330 2723 2397 populo
2751 2323 3065 2379 Judzeorutn
3108 2322 3533 2392 Hierosolymam
3580 2337 3676 2376 ve-

2108 2439 2257 2474 nisse
2282 2420 2636 2487 conjicimus,
2675 2419 2960 2474 credentes
2988 2418 3097 2472 l)eo
3126 2416 3319 2478 Israel,
3348 2425 3402 2469 et
3432 2429 3682 2468 errorum

2109 2515 2249 2565 idola
2314 2513 2707 2578 relinquentes.
2762 2510 2915 2575 Quod
2959 2519 3141 2562 autem
3193 2509 3401 2561 reducti
3456 2507 3566 2559 sint
3616 2506 3687 2558 ad

2110 2603 2319 2658 litteras
2368 2603 2533 2672 regis,
2581 2613 2637 2656 et
2684 2602 2997 2671 acceperint
3050 2615 3272 2654 munera
3323 2610 3377 2653 et
3418 2599 3689 2667 impensas

2110 2698 2337 2765 Templi,
2378 2698 2522 2749 nulla
2577 2695 2853 2749 dubitatio
2904 2703 3009 2748 est.
3056 2692 3112 2747 ιιι
3160 2693 3261 2746 hoc
3304 2693 3482 2747 Solent
3531 2690 3692 2760 176

2115 2790 2315 2842 arctari
2368 2789 2586 2842 videtur
2622 2787 3011 2856 intelligentia,
3055 2788 3326 2853 quomodo
3384 2790 3689 2852 possederit

2114 2881 2282 2936 Israel
2326 2882 2375 2933 itt
2420 2890 2567 2934 terra
2604 2881 2815 2935 Domini
2853 2883 3087 2935 victores
3113 2880 3388 2948 quondam
3440 2891 3589 2939 suos,
3634 2886 3692 2928 et

2114 2974 2451 3041 subjecerint
2503 2983 2810 3033 exactores,
2838 2985 3136 3037 senosque
3170 2984 3267 3023 eos
3321 2968 3610 3021 battuetint
3636 2975 3693 3019 et

2118 3063 2280 3118 ancill
2302 3080 2362 3117 .s.
2380 3060 2493 3117 Nisi
2516 3062 2653 3118 forte
2671 3064 3106 3134 synecdoclticdis
3130 3075 3297 3115 totum
3325 3060 3689 3127 intelligamus

1565 3136 1780 3189 quoque
1820 3137 2010 3174 omnes

2121 3174 2183 3211 ex
2228 3169 2382 3226 parte
2421 3171 2437 3209 :
2474 3158 2620 3226 quod
2653 3169 2814 3210 tanta:
2844 3168 3030 3224 pustra
3070 3154 3345 3207 lelititatis
3376 3152 3593 3215 iuerint,
3632 3162 3692 3205 ut

2119 3250 2186 3303 de
2236 3249 2468 3304 diversis
2531 3264 2751 3318 quoque
2803 3264 2897 3317 per
2945 3247 3237 3301 circuitum
3285 3246 3537 3314 gentibus
3585 3245 3694 3299 sibi

2120 3359 2403 3397 servorum
2468 3352 2523 3396 et
2580 3342 2901 3397 ancillarum
2986 3340 3223 3395 familias
3295 3336 3697 3408 contpararint.

2124 3435 2311 3489 l’otcst
2336 3444 2389 3489 et
2420 3435 2473 3488 itt
2503 3435 2724 3489 Assueri
2757 3435 3093 3503 temporibus
3126 3431 3354 3502 intelligi
3395 3420 3569 3500 (Eii/1.
3602 3444 3691 3495 is;

2117 3527 2323 3583 Juttith.
2360 3530 2502 3597 snt),
2547 3530 2765 3597 quando
2813 3529 2997 3583 occiso
3030 3525 3321 3581 llotoferue
3367 3525 3579 3579 ltostilis
3629 3524 3699 3577 ab

2122 3625 2287 3677 lsrael
2335 3633 2417 3677 est
2444 3638 2615 3677 caesus
2651 3626 2950 3676 exercitus.
3000 3624 3155 3688 Quod
3193 3621 3374 3684 haareo
3404 3621 3617 3684 Iittcrte,
3645 3610 3701 3673 et

2124 3715 2174 3769 in
2201 3731 2350 3770 more
2377 3719 2648 3785 serpentis
2673 3726 2870 3769 terram
2891 3715 3138 3777 comedo,
3162 3725 3264 3768 tua:
3281 3728 3362 3767 cat
3385 3714 3698 3777 voluntatis,

2122 3808 2214 3877 qui
2273 3809 2589 3863 bistoricatn
2664 3818 2874 3861 tantum
2954 3808 3454 3878 interpretatiOnem
3510 3806 3702 3859 audire

2128 3900 2370 3955 voluisti.

2200 4036 2378 4109 (Vcrs.
2430 4039 2509 4105 5.)
2559 4056 2577 4086 ι
2643 4035 2708 4090 Et
2744 4035 2848 4090 erit
2900 4037 2950 4089 itt
2999 4036 3086 4090 die
3153 4037 3238 4089 illa
3302 4053 3419 4089 cum
3461 4037 3698 4106 requiem

2124 4133 2336 4186 dederit
2367 4132 2458 4184 tibi
2496 4133 2753 4184 Dominus
2787 4146 2816 4182 εί
2849 4131 3030 4184 labore
3053 4142 3172 4193 tuo,
3208 4140 3260 4183 et
3284 4147 3313 4183 a
3342 4147 3704 4184 conru~smue

2130 4238 2244 4289 tua,
2273 4238 2323 4278 et
2360 4243 2387 4277 a
2421 4227 2687 4279 servitute
2743 4235 2832 4278 ttta
2890 4227 3024 4277 dura
3048 4227 3174 4294 quia
3211 4226 3318 4295 (Al.
3360 4232 3543 4295 quam)
3575 4236 3704 4281 ante

2127 4319 2397 4373 servivisti
2434 4334 2450 4373 :
2483 4334 2667 4371 sumes
2716 4317 3028 4386 parabolam
3080 4320 3237 4373 istam
3279 4330 3466 4373 contra
3520 4335 3698 4388 legem

2132 4412 2437 4481 Babylonis,
2466 4420 2519 4464 et
2549 4412 2717 4466 dices.
2756 4430 2774 4463 ι
2818 4412 3009 4465 Sermo
3036 4414 3286 4480 dirigitur
3322 4415 3388 4466 ad
3428 4415 3701 4475 Israelem,

522 4498 677 4569 (Cap.
728 4498 866 4552 XIV.
901 4529 971 4540 —
1020 4496 1179 4554 Vers.
1216 4500 1290 4569 ι.)
1330 4517 1349 4551 ι
1402 4499 1577 4571 PrOpe
1623 4513 1706 4557 est
1745 4511 1805 4556 ιιι
1846 4504 2025 4558 veniat
2059 4494 2104 4546 ο
2132 4504 2271 4570 quod
2307 4513 2590 4570 postquam
2620 4518 2870 4557 reversus
2902 4502 3061 4555 fuerit
3096 4500 3429 4566 Jerusalem,
3452 4504 3702 4574 etjngutn

449 4602 665 4661 tempus
698 4592 863 4661 ejus;
912 4605 966 4645 et
1009 4594 1126 4646 dies
1180 4593 1299 4662 ejus
1359 4610 1469 4646 non
1521 4595 1944 4663 elongabunlur.
2001 4614 2021 4646 ι

450 4686 663 4739 Instare
697 4686 825 4737 dicit
864 4696 1075 4753 tempus
1106 4701 1214 4753 quo
1249 4686 1317 4739 ab
1348 4687 1596 4740 hostibus
1634 4689 1897 4756 Capienda
1932 4689 2027 4741 sit.

451 4780 576 4835 Post
609 4779 979 4846 captivitatem
1028 4779 1231 4847 quippe
1277 4777 1601 4844 Jerusalem,
1657 4796 1760 4833 non
1800 4780 2027 4835 multum

529 4920 544 4949 ¹
576 4918 778 4972 Cra-cis
807 4917 1023 4979 litteris,
1051 4917 1254 4987 ὠχείμ.

529 4992 549 5021 ²
602 4987 797 5041 Fatuos
828 4988 1064 5055 ﬁcarios,
1098 5000 1207 5041 etc.
1258 4988 1399 5042 Etliti
1433 4988 1557 5043 libri
1592 4988 1775 5055 legunt
1815 4987 2031 5044 Faunos

456 5062 716 5130 ﬁrat'ios,‘
763 5060 855 5111 sed
903 5074 1095 5130 mones
1147 5075 1280 5114 mss.
1319 5064 1529 5130 nostri_
1554 5067 1776 5130 omlnes
1824 5059 2031 5113 Fatuos

458 5128 669 5201 [icarios
700 5131 953 5182 retinent.
987 5128 1160 5182 Fauni
1186 5142 1367 5183 autem
1405 5139 1455 5182 et
1485 5128 1648 5181 Fului
1681 5128 1871 5182 eadem
1907 5142 2036 5183 sunt

463 5212 720 5262 monstra,
763 5202 875 5253 sive
912 5202 1195 5254 silvestres
1246 5202 1513 5261 homines,
1568 5202 1657 5268 qui
1695 5216 1947 5266 agrorum
1983 5211 2037 5253 et

462 5275 720 5326 silvarum
768 5272 937 5337 putati
994 5280 1119 5324 sunt
1151 5271 1245 5323 dii.
1299 5268 1471 5322 Fauni
1524 5272 1666 5337 apud
1701 5269 1945 5328 Latinus.
2000 5270 2035 5324 ii

461 5354 590 5394 sunt
614 5342 704 5409 qtii
738 5344 880 5410 apud
915 5342 1432 5410 (Ξι-ωυοδησάτυροι,
1486 5342 1579 5392 lilii
1612 5338 1855 5393 Saturni.
1909 5340 2039 5395 Vide

468 5414 606 5466 l‘lin.
638 5413 731 5464 lib.
763 5409 859 5475 ιιιι,
895 5429 1013 5478 cap.
1048 5414 1099 5464 l.
1152 5409 1321 5464 Fauni
1372 5428 1399 5461 a
1433 5410 1596 5463 fando
1632 5412 1849 5463 tucrnnt
1883 5410 2039 5473 dicti,

463 5486 590 5552 quia
632 5486 682 5535 in
718 5484 1060 5535 stlvestrtbus
1101 5482 1525 5552 Itwlsﬂll‘adlltllll
1559 5493 1641 5535 est
1681 5484 1864 5535 solitos
1918 5482 2039 5533 lari.

467 5550 649 5608 lucubi
676 5568 897 5621 quoque
921 5556 1048 5604 dicti
1074 5568 1199 5605 sunt
1225 5550 1392 5603 Fanni
1413 5562 1465 5604 et
1486 5555 1635 5619 Satyr
1653 5552 1691 5617 i,
1715 5554 1787 5621 ab
1810 5553 2045 5603 ineundo

470 5640 666 5696 passim
694 5619 1094 5696 ttlllll_(llllllibl_ls
1120 5626 1468 5696 animalibus.
1492 5624 1726 5677 Consule
1752 5619 2043 5676 Variouetn

474 5691 569 5751 lib.
603 5710 651 5745 vt
687 5692 759 5744 De
803 5692 1005 5758 Lingua
1034 5691 1251 5745 Latina.
1284 5693 1547 5746 Munna.

542 5792 612 5807 —-—
672 5760 803 5815 Vide
831 5778 951 5831 qua:
998 5778 1061 5815 a.t
1102 5762 1273 5817 Vitam
1308 5765 1366 5818 5.
1406 5765 1551 5819 l'aoli
1599 5765 1757 5835 primi
1809 5763 2050 5821 eretnite

2133 4596 2414 4650 servitutis
2444 4596 2773 4660 excusserit,
2812 4594 3125 4648 recordetur
3146 4600 3402 4664 potentia:
3429 4601 3703 4665 quondam

2134 4688 2658 4749 NaliucltodonOsor,
2693 4699 2747 4740 et
2777 4688 3035 4742 culminis
3082 4686 3387 4758 Babylonii,
3430 4674 3711 4741 miserabi-

2136 4781 2281 4847 lique
2318 4794 2439 4833 cum
2480 4795 2609 4833 voce
2642 4780 2890 4849 deploret
2926 4797 2939 4833 :
2971 4783 3092 4849 quia
3142 4784 3207 4834 ad
3261 4792 3463 4837 tantam
3504 4787 3712 4837 venerit

2134 4918 2486 4973 observamus
2508 4929 2638 4971 tom.
2672 4918 2738 4984 ll,
2766 4934 2885 4987 pag.
2919 4920 2973 4982 7,
3010 4929 3123 4974 not.

2210 4989 2228 5018 ³
2282 4988 2451 5058 V_a_tic.
2485 4988 2692 5056 aspirat
2740 4990 2935 5042 Ilibim.
2989 4989 3066 5044 Ex
3096 5006 3216 5058 ;quo
3274 5006 3394 5045 mox
3432 4992 3706 5058 Tltemtim,

2135 5058 2287 5132 juxta
2312 5056 2866 5132 YelerunrtsCribettdi
2901 5056 3379 5132 tttoretni-estittto,
3409 5080 3506 5132 pro
3536 5056 3712 5116 'l'liaué

2142 5128 2623 5209 uinublartiantci.
2686 5128 2867 5183 Drusii
2900 5146 3063 5200 supra
3112 5131 3366 5187 laudatus
3409 5128 3547 5188 inss.
3584 5134 3714 5187 Tlte-

2142 5216 2301 5251 ment.

2219 5271 2238 5299 ⁶
2270 5268 2445 5341 Μίιιιιε
2465 5278 2609 5321 recte
2637 5279 2792 5323 antea
2826 5279 2943 5323 erat
2967 5271 3303 5341 interpretati
3333 5291 3534 5327 sumus.

2215 5342 2234 5372 '
2271 5339 2521 5407 Legimus
2558 5350 2761 5392 tantum
2792 5357 2887 5411 pro
2914 5356 3019 5409 quo
3072 5339 3228 5397 antea
3274 5356 3391 5398 erat
3431 5358 3624 5398 unum.
3658 5343 3716 5398 in

2145 5426 2265 5466 cant
2328 5427 2436 5463 rem
2472 5419 2523 5462 tu
2562 5413 2759 5464 vidests
2816 5422 3112 5466 nostratem
3177 5414 3429 5468 Plinium.
3488 5416 3578 5467 lin.
3637 5430 3714 5477 Vt,

2149 5499 2268 5549 τεῳ,
2332 5479 2435 5544 26;
2496 5480 2818 5552 Strabonem
2869 5498 3110 5552 quoque,
3145 5484 3237 5538 lib.
3293 5500 3402 5548 svi,
3461 5502 3512 5552 tl.
3571 5484 3719 5552 7583

2150 5556 2381 5619 denique
2441 5563 2492 5603 et
2542 5551 2891 5617 Pausaniam,
2950 5551 3011 5606 in
3054 5555 3355 5608 Arcadicis.
3416 5551 3571 5609 tur...
3629 5551 3717 5608 bts

2154 5624 2311 5701 liabet
2337 5620 2699 5745 Illieroqgmus
2724 5636 2932 5691 noster,
2955 5622 3117 5691 infra,
3150 5629 3215 5681 ad
3243 5626 3499 5695 subsequi
3527 5627 3721 5696 capitis

2154 5708 2360 5745 verstcu
2392 5709 2478 5745 um
2554 5712 2609 5745 υ.

2154 5708 2478 5748 νενδιρυιιιιιι
2516 5708 2609 5747 20.
