3962 6192
272 297 384 362 ῒϐὗ

830 305 1339 372 ὈΟΜΜΕΝΤΛΒ.
1379 310 1462 370 lN
1505 310 1770 372 ISAIAM

1926 310 2273 376 ΟΓΠΕΤΛΜ
2315 315 2459 381 ΙΛΒ.
2505 321 2570 394 V,
2610 320 2768 384 CAP.
2806 326 2967 388 XIV.

3430 333 3550 398 1’9

268 414 666 479 calamitatem,
705 425 761 470 ut
794 418 1281 489 limtilmsquoquc
1324 422 1438 475 suis
1468 423 1662 492 dignus
1697 426 1853 478 misc-
1888 439 1924 487 Α
1959 439 2052 476 ero
2088 427 2281 481 similis
2308 430 2610 487 Altissimo.
2650 452 2673 486 λ»
2719 436 2822 489 l‘ro
2852 453 2917 490 eo
2950 437 3087 502 quod
3130 453 3232 491 nos
3263 443 3532 512 interpre-

268 506 487 560 ratione
524 507 792 563 vider-tur.

343 593 527 663 (Vers.
579 598 728 669 4-7.)
765 618 785 652 ι
840 602 1121 667 Quomodo
1181 605 1414 659 cessavit
1458 618 1681 661 exactor
1716 623 1732 661 :
1767 625 1852 659 re-

263 688 480 755 quievit
539 691 848 746 tributum?
905 694 1174 750 Contrivit
1257 697 1515 754 Dominus
1593 700 1847 752 baculum

266 777 587 848 impiorum,
626 781 829 851 virgam
858 783 1256 841 dominantium
1293 788 1590 842 cadentem
1622 796 1850 859 p0pulos

264 869 323 922 in
366 870 788 940 indignatione:
831 876 985 945 plaga
1031 879 1321 935 insanabili
1365 882 1745 952 subjicientetn
1795 887 1847 936 in

263 961 459 1018 furore
484 975 697 1034 gentes,
723 981 1135 1038 persequentem
1167 975 1466 1030 crudeliter
1484 993 1506 1031 ε
1537 977 1848 1047 conquievit

261 1064 324 1108 et
354 1055 504 1110 siluit
548 1074 563 1112 :
610 1061 789 1114 omnis
825 1071 965 1116 terra
1007 1065 1188 1133 gavisa
1230 1075 1316 1122 est
1350 1079 1402 1122 et
1445 1070 1759 1124 exsultavit.
1819 1089 1838 1122 ο

263 1144 388 1200 Vox
419 1149 524 1203 ista
559 1153 865 1221 p'angeutis
895 1164 948 1208 et
981 1158 1296 1213 miser-antis
1323 1171 1405 1214 est
1437 1160 1674 1227 lsraelis,
1710 1179 1844 1234 quo-

262 1239 431 1292 modo
477 1241 730 1296 dominus
787 1247 1062 1313 quondam
1120 1250 1399 1320 victorque
1447 1265 1737 1320 terrarum,
1791 1267 1846 1310 et

263 1330 488 1385 trihmis
516 1346 705 1388 cuneta
733 1335 1090 1406 depopulans,
1115 1345 1381 1399 contritus
1405 1347 1479 1398 sit
1507 1355 1560 1401 et
1591 1349 1843 1403 redactus

258 1421 320 1474 in
358 1425 514 1478 nihil.
569 1427 681 1492 llle,
734 1430 980 1500 inquam,
1009 1435 1100 1503 qui
1133 1435 1234 1489 fuit
1268 1438 1493 1493 baculus
1525 1440 1838 1510 impiormu,

257 1515 353 1582 qni
387 1529 662 1586 sceptrum
692 1530 745 1576 et
780 1524 1157 1595 virga‘regalis
1176 1543 1369 1584 omnes
1396 1531 1690 1588 furibunde
1719 1549 1843 1602 per»

255 1609 497 1670 cutieus,
551 1611 706 1679 cujus
771 1615 925 1683 plaga
983 1636 1084 1670 non
1137 1626 1349 1688 poterat
1401 1625 1684 1685 sustineri,
1747 1627 1837 1690 qui

253 1699 536 1770 fugientes
587 1718 807 1774 quoque
846 1708 1141 1764 crudeliter
1181 1717 1617 1784 persequebatur
1650 1734 1665 1772 :
1705 1735 1839 1782 quo-

1967 520 2058 570 tati
2103 535 2290 574 sumus
2334 523 2403 575 ob
2444 523 2762 580 facilitatem
2822 531 3215 600 intelligentiae,
3264 533 3535 598 Quomodo

1963 609 2199 663 cecidisti
2247 613 2310 666 de
2352 613 2512 680 cazlo,
2545 617 2760 688 lucifer,
2805 624 2897 690 qui
2939 640 3093 680 ntauc
3151 630 3426 696 oriebaris,
3478 631 3533 685 in

1965 701 2268 766 lle-braico,
2326 716 2382 758 ut
2435 711 2657 762 verbum
2717 715 3091 780 exprimamus
3155 721 3222 772 ad
3284 724 3533 784 verbum,

1961 792 2175 858 legitur,
2198 795 2468 860 Quomodo
2490 801 2728 856 cecidisti
2755 806 2817 857 de
2849 806 2995 871 caelo,
3017 808 3164 863 ulula
3177 810 3257 877 ﬁli
3285 812 3532 866 diluculi.

1961 884 2312 953 significatur
2361 901 2540 946 autem
2597 894 2722 949 aliis
2774 899 2954 953 verbis
2986 900 3211 969 lucifer;
3247 913 3300 957 et
3337 907 3536 959 dicitur

1957 977 2005 1029 ei
2070 981 2212 1046 quod
2271 980 2398 1035 ﬂere
2457 983 2653 1038 debeat
2684 996 2735 1040 et
2772 989 2978 1057 lugere,
3007 992 3096 1059 qui
3145 996 3421 1062 quondam
3451 998 3534 1050 sic

1960 1067 2124 1122 fuerit
2168 1071 2458 1139 gloriosus,
2489 1085 2546 1128 ut
2582 1076 2775 1145 fulgori
2809 1079 3021 1134 luciferi
3053 1099 3403 1152 comparatus
3434 1091 3526 1140 sit.

1957 1159 2130 1226 Sicut,
2165 1163 2356 1231 inquit,
2392 1164 2583 1220 lucifer
2613 1168 2916 1225 discutiens
2941 1175 3210 1238 tenebras,
3248 1180 3448 1232 ardens
3473 1192 3533 1234 et

1955 1251 2149 1305 rutilus
2182 1252 2480 1319 illucescit;
2513 1256 2592 1309 sic
2622 1268 2674 1310 et
2707 1267 2830 1311 tuus
2863 1275 3183 1328 progressus
3219 1263 3270 1316 in
3303 1267 3530 1334 populos

1952 1351 2006 1395 et
2045 1342 2315 1410 publicum
2349 1345 2497 1400 claro
2535 1347 2701 1401 sideri
2735 1349 2930 1404 similis
2957 1351 3276 1419 videbatur;
3315 1357 3407 1408 sed
3437 1371 3530 1410 ce-

1949 1433 2134 1488 cidisti
2189 1438 2238 1490 in
2297 1447 2498 1491 terram
2558 1442 2802 1508 gentium
2842 1442 3175 1512 vulneratur,
3201 1447 3290 1516 qui
3317 1462 3415 1516 per
3439 1463 3532 1500 su-

1950 1529 2188 1592 perbiam
2230 1530 2542 1599 loquebaris
2566 1551 2580 1586 :
2604 1532 2836 1588 Tantam
2869 1540 3170 1604 potentiam
3204 1551 3530 1594 consecutus

1946 1633 2089 1683 Stllll,
2126 1621 2288 1691 178
2333 1632 2390 1675 ιιι
2432 1625 2627 1678 coelum
2657 1627 2788 1680 mihi
2823 1637 2988 1681 restet
3021 1638 3075 1682 et
3103 1630 3284 1684 sidera
3325 1640 3387 1684 ut
3425 1632 3529 1684 sub

1946 1713 2172 1778 pedibus
2228 1717 2367 1768 meis
2425 1730 2658 1784 superna
2705 1718 2942 1774 abeant
2984 1722 3290 1789 suhjacere.
3338 1724 3526 1788 Quan-

255 1794 425 1847 modo
455 1797 774 1864 conquievit
819 1808 874 1852 et
927 1798 1240 1858 humiliatus
1289 1816 1396 1873 est,
1441 1817 1496 1862 et
1522 1810 1586 1862 ad
1621 1813 1812 1864 ruinan

1939 1819 2101 1871 quam
2152 1801 2326 1858 Judaei
2359 1809 2558 1861 calum
2592 1821 2644 1863 et
2681 1822 2826 1863 astra
2871 1811 2962 1866 Dei
2997 1829 3056 1868 se
3081 1815 3247 1868 velint
3272 1813 3521 1884 intelligi,

253 1883 378 1952 ejus
424 1889 617 1942 cunnis
661 1899 814 1945 terra
870 1894 1144 1960 eousiluit,
1203 1913 1394 1952 vocem
1445 1909 1652 1955 tantum
1715 1903 1828 1976 [AL

254 1976 468 2048 tamen]
489 1979 698 2034 -l:ctitiie
722 1983 1006 2051 gestientis
1037 1988 1338 2044 eminens?

326 2069 512 2138 (Vera.
540 2071 620 2142 8.)
651 2092 676 2124 ι
707 2075 924 2134 Abietes
954 2095 1168 2150 quoque
1204 2083 1396 2138 laetata:
1425 2096 1551 2139 sunt
1586 2104 1753 2157 super
1781 2101 1830 2144 te

250 2169 306 2213 et
339 2162 490 2214 cedri
514 2161 705 2218 Libani
742 2182 756 2219 :
785 2167 860 2220 Ex
894 2185 1002 2240 quo
1038 2173 1306 2238 domuisti,
1340 2190 1447 2229 non
1477 2183 1716 2233 ascendit
1738 2185 1828 2250 qui

248 2253 502 2307 succidat
550 2270 672 2311 nos.
714 2276 734 2311 ι
771 2257 873 2313 l‘er
923 2263 1131 2318 abietes
1161 2275 1213 2319 et
1248 2269 1441 2323 cedrus
1469 2267 1655 2326 Libani
1680 2279 1828 2343 priu-

247 2342 398 2406 cipes
441 2348 684 2411 gentium
726 2348 990 2420 intellige,
1026 2357 1115 2422 qui
1151 2355 1649 2415 Nabuchodonosor
1683 2342 1828 2433 iper-

244 2436 492 2489 cutiente
544 2440 741 2493 succisi
773 2453 922 2505 smn,
948 2446 1036 2513 qui
1068 2456 1121 2502 et
1151 2448 1250 2517 ipsi
1282 2450 1334 2504 iu
1384 2466 1566 2507 Vocem
1630 2458 1826 2514 Ιειιιιιίιιε

245 2539 665 2596 prorumpentes
696 2534 885 2588 dicunt
914 2554 926 2590 :
957 2537 1033 2592 Ex
1067 2554 1176 2608 quo
1209 2543 1275 2595 ad
1302 2543 1510 2599 inferna
1549 2549 1706 2619 177
1733 2553 1824 2605 dc-

243 2621 444 2673 ductus
473 2636 558 2687 es,
595 2625 774 2681 nullus
811 2627 952 2684 alius
987 2633 1160 2700 potuit
1193 2635 1444 2704 inveniri,
1473 2647 1566 2708 qui
1598 2659 1825 2713 magnos

244 2721 604 2783 potentesque
638 2720 963 2777 succideret.

315 2803 500 2869 (Vers.
534 2809 612 2879 9.)
646 2829 662 2859 ι
691 2810 933 2868 lnlernus
965 2817 1154 2873 subter
1184 2830 1234 2873 te
1251 2821 1610 2881 conturbatus
1639 2841 1736 2890 cst.
1767 2831 1820 2885 iu

238 2907 537 2952 occursum
589 2903 856 2957 adventus
921 2908 992 2959 tui
1053 2912 1339 2967 suscitavit
1388 2917 1482 2968 tibi
1524 2918 1768 2986 gigantes
1803 2941 1820 2976 :

234 3002 434 3043 otiiiies
475 2993 746 3063 principes
787 3005 946 3050 terra:
987 3015 1345 3058 surrexerunt
1376 3009 1442 3060 de
1474 3013 1635 3066 soliis
1664 3017 1776 3069 suis
1803 3035 1818 3070 :

239 3082 422 3133 ctutoti
458 3085 728 3153 principes
785 3090 1064 3145 nationum
1099 3095 1334 3150 universi
1395 3105 1818 3169 respondebunt,

235 3182 293 3224 et
327 3173 514 3228 dicent
571 3177 686 3232 tibi.
723 3197 740 3228 ι
781 3177 904 3234 Haec
941 3184 1288 3251 emphaticdis
1324 3187 1549 3260 legenda
1598 3209 1721 3248 sunt
1765 3208 1818 3251 et
1850 3173 1885 3202 ’⁸

235 3275 416 3318 stensi
450 3267 648 3334 modo;
689 3285 795 3323 non
830 3273 972 3341 quod
1031 3277 1170 3330 facta
1209 3279 1353 3343 sint,
1392 3281 1488 3336 Sed
1521 3289 1663 3353 quod
1701 3290 1814 3342 ticri

234 3357 515 3422 potuerint
550 3375 564 3411 :
593 3361 695 3413 nisi
732 3362 868 3416 forte
901 3366 1110 3420 animas
1143 3383 1326 3438 regum
1361 3387 1496 3441 quos
1527 3377 1817 3435 interfece-

237 3455 346 3510 rat,
393 3449 716 3506 insultantes
761 3455 870 3524 regi
903 3455 1200 3528 Babylonio
1259 3466 1571 3521 occurrisse
1633 3472 1811 3526 credi-

231 3553 384 3594 mus.
441 3540 699 3598 Salutium
751 3547 894 3601 enim
944 3551 1207 3606 malorum
1243 3567 1348 3622 est,
1396 3574 1516 3613 cum
1557 3561 1812 3621 inimicos

231 3631 474 3684 viderint
499 3639 688 3690 eadem
723 3641 1016 3698 sustinere.

303 3721 490 3789 (\‘ers.
537 3727 624 3789 1.0,
661 3730 774 3799 ll.)
808 3748 826 3782 ι
871 3732 932 3786 Ει
984 3747 1036 3789 ιιι
1071 3737 1384 3796 vulneratus
1421 3758 1480 3799 es
1510 3745 1649 3800 sicut
1685 3763 1804 3814 nos,

225 3819 407 3869 nostri
457 3819 649 3876 similis
683 3824 912 3879 elfeetus
945 3843 1006 3882 es
1042 3847 1054 3884 :
1089 3833 1339 3887 detracta
1375 3846 1458 3891 est
1487 3842 1554 3894 ad
1603 3840 1805 3899 inferos

225 3910 489 3974 superbia
529 3921 668 3966 tua:
721 3918 959 3972 concidit
1007 3918 1118 3992 [ΔΙ.
1172 3929 1514 4003 concidetur]
1571 3935 1806 3990 Ctttint‘cr

225 4010 407 4064 tuum,
440 4004 626 4057 subter
675 4015 724 4060 te
749 4019 1025 4065 sternetur
1077 4017 1255 4080 tinea,
1297 4031 1354 4074 et
1403 4026 1798 4092 operimentum

222 4103 382 4145 tuum
431 4110 588 4152 erunt
636 4114 865 4158 vermes.
892 4123 910 4155 ι
953 4106 1144 4161 Sermo
1189 4116 1487 4180 potentium
1515 4130 1569 4172 et
1599 4123 1801 4189 princi-

223 4201 355 4254 pum
389 4196 566 4253 terrae,
596 4206 736 4260 quos
759 4210 921 4265 supra
958 4201 1152 4256 cedrus
1177 4217 1231 4256 et
1251 4206 1413 4260 aluett
1431 4224 1458 4262 s
1481 4215 1797 4279 appellarat,

220 4279 290 4330 ad
327 4283 500 4348 reg‘em
539 4281 892 4354 Babylonium
931 4292 1180 4362 dirigitur
1213 4297 1264 4350 iu
1301 4300 1492 4356 inferis
1533 4307 1798 4359 consitu-

221 4380 361 4425 tutu.
403 4371 524 4426 iam
575 4393 678 4430 non
738 4380 979 4436 doletnus
1025 4401 1123 4440 nos
1157 4387 1322 4443 fuisse
1369 4395 1633 4461 succisos,
1672 4415 1793 4453 cum

218 4473 277 4515 et
328 4474 381 4517 tu
421 4469 606 4521 eadem
637 4474 815 4526 securi
849 4479 1143 4533 cori-ueris.
1186 4478 1374 4537 Oumis
1406 4489 1644 4554 potentia
1679 4499 1792 4556 tua,
1821 4508 1870 4566 υ

217 4563 275 4605 ct
317 4555 366 4606 iu
421 4559 616 4613 ctelum
668 4562 876 4616 elevata
912 4569 1187 4636 superbia,
1217 4573 1282 4624 ad
1313 4585 1511 4628 terram
1550 4578 1791 4633 detracta

214 4656 327 4699 ιιρι.
361 4646 574 4718 Ergone
604 4662 658 4706 et
688 4665 834 4708 tuum
861 4659 1096 4714 cadaver
1125 4663 1323 4716 tineam
1353 4669 1707 4733 sustentabit,
1738 4680 1792 4725 et

214 4741 543 4794 scatentium
595 4746 800 4814 operiet
851 4751 1116 4804 vermium
1188 4755 1518 4811 multitudo?
1577 4761 1790 4816 Senties

213 4845 320 4897 per
367 4843 594 4888 inertem
653 4837 888 4895 hominis
940 4843 1223 4910 vilitatem,
1262 4848 1352 4916 qui
1391 4848 1479 4905 Dei
1520 4849 1574 4904 in
1613 4863 1664 4906 te
1693 4868 1791 4922 p0-

213 4926 443 4977 trutiam
475 4928 818 4992 pra-ferebas.

289 5031 469 5100 (Vers.
511 5039 754 5112 12-14.)
797 5060 816 5094 ι
872 5041 1151 5110 Quomodo
1209 5053 1450 5108 cecidisti
1491 5056 1556 5111 de
1605 5058 1784 5124 cmlo,

210 5126 428 5192 lucifer,
465 5133 554 5199 qui
587 5149 748 5188 mane
769 5138 1057 5202 oriebaris,
1085 5144 1341 5200 corruisti
1377 5148 1428 5200 in
1466 5157 1668 5203 terram
1693 5153 1783 5220 qui

206 5223 536 5282 vulnerahas
591 5238 799 5296 gentes,
847 5237 935 5303 qui
986 5236 1207 5293 dicebas
1263 5240 1315 5294 in
1360 5242 1528 5296 corde
1580 5257 1691 5303 tuo.
1725 5245 1781 5300 lu

204 5316 408 5370 caelum
434 5324 748 5390 ascendam,
781 5342 945 5395 super
979 5330 1156 5383 sidera
1186 5331 1276 5386 Dei
1307 5335 1555 5390 exaltabo
1584 5339 1780 5393 Sllltlllll

202 5424 412 5470 meum.
455 5415 659 5470 sedebo
715 5419 765 5470 iu
822 5431 1005 5475 monte
1067 5427 1374 5477 testamenti
1420 5427 1472 5479 iu
1523 5427 1782 5484 latettbus

199 5503 528 5572 Aquilonis;
583 5511 868 5565 asCendam
921 5530 1086 5584 super
1135 5517 1478 5572 altitudinem
1527 5525 1776 5588 nubium,

280 5687 512 5776 I'qlttque
542 5692 628 5746 illa
657 5697 872 5776 quidem
900 5701 975 5776 ad
1001 5700 1116 5770 rjus
1139 5704 1329 5776 gentis
1367 5705 1640 5776 ingenium
1668 5713 1776 5763 mi-

193 5758 464 5816 tabllths
490 5758 962 5825 COtIttttlnisccttdts
992 5758 1197 5829 ιιῖιιιιιῖί.
1230 5758 1603 5833 Vcl'oaliitilttts
1624 5799 1770 5834 cutttt

1933 1909 1998 1946 ex
2049 1910 2114 1947 co
2159 1899 2301 1963 quod
2351 1901 2599 1967 sequitur
2623 1917 2640 1954 :
2668 1901 2869 1955 Sedcbo
2906 1903 2959 1956 in
2994 1915 3166 1957 monte
3198 1907 3517 1959 testamenti.

1935 1987 1984 2040 id
2018 1997 2122 2049 est,
2169 1989 2220 2041 in
2260 1991 2481 2058 templo,
2513 1992 2604 2045 ubi
2658 1992 2750 2047 Dei
2778 1995 2899 2064 jura
2938 2005 3066 2050 sunt
3103 1998 3341 2063 condita,
3375 2011 3423 2050 et
3465 2001 3520 2052 iu

1934 2077 2189 2134 lateribus
2237 2083 2535 2150 Aquilonis,
2560 2084 2619 2138 id
2642 2093 2746 2149 est,
2783 2086 2833 2138 in
2861 2084 3192 2143 Jerusalem.
3240 2089 3516 2156 Scriptum

1932 2181 2016 2224 c~l
2038 2176 2182 2226 enim
2207 2192 2220 2228 :
2246 2174 2450 2230 Montes
2473 2176 2602 2231 Sion
2642 2177 2809 2231 latera
2840 2181 3116 2249 Aquilonis
3139 2179 3314 2248 (Paul.
3349 2196 3514 2242 suit,

1934 2262 2010 2330 5).
2041 2263 2148 2318 Nec
2172 2265 2455 2320 suffecerat
2484 2269 2747 2338 superbia:
2771 2274 2886 2337 ejus
2907 2269 3216 2326 desiderare
3247 2272 3510 2330 caelestia.

1930 2358 2031 2408 nisi
2086 2358 2150 2412 ad
2188 2367 2389 2412 tantam
2447 2364 2778 2430 prorupisset
2830 2363 3120 2429 insaniam,
3164 2373 3220 2418 ut
3257 2363 3350 2418 Dei
3403 2365 3509 2416 sihi

1927 2447 1970 2498 si
1996 2441 2331 2504 nilitudiuem
2365 2451 2684 2508 vindicaret.

1998 2539 2174 2604 (Vera.
2218 2540 2326 2606 l5.)
2382 2558 2400 2591 t
2440 2539 2826 2599 Verumtamen
2871 2547 2938 2600 ad
3005 2546 3274 2602 infernum
3329 2549 3509 2600 detra-

1914 2624 2072 2682 heris
2105 2632 2155 2682 in
2205 2631 2528 2700 profundum
2572 2635 2694 2692 laci.
2720 2655 2738 2688 ι
2771 2638 2870 2703 ριιί
2897 2654 2995 2706 per
3017 2639 3324 2707 superbiam
3350 2641 3504 2692 dixr-

1929 2733 2030 2774 rat.
2065 2719 2129 2773 In
2160 2726 2345 2775 caelum
2386 2727 2692 2790 ascendam,
2715 2743 2804 2780 ero
2832 2729 3022 2781 similis
3061 2729 3356 2790 Altissimo,
3394 2745 3500 2782 non

1923 2812 2094 2865 solum
2143 2814 2209 2868 ad
2244 2815 2540 2878 infernum.
2578 2819 2669 2872 sed
2710 2821 2776 2872 ad
2819 2819 3088 2874 infernum
3120 2823 3370 2875 ultimum
3402 2824 3501 2876 de-

1925 2904 2181 2958 trahitur.
2221 2905 2330 2959 lloc
2375 2909 2520 2960 enim
2575 2908 2846 2977 significat
2885 2912 2980 2964 laci
3015 2914 3375 2980 profunditas,
3403 2930 3502 2983 pro

1920 3011 2030 3064 quo
2063 2997 2114 3049 in
2146 2995 2438 3068 Evangelio
2483 3001 2734 3055 tenebras
2775 3006 3076 3060 exteriores
3132 3007 3378 3075 legimus,
3405 2990 3498 3062 ubi

1923 3099 2006 3141 est
2051 3088 2208 3143 fletus
2239 3101 2296 3144 et
2323 3091 2528 3146 stridor
2560 3095 2796 3148 dentium
2829 3094 2982 3162 (Luc.
3021 3114 3135 3163 aut,
3168 3097 3280 3165 28).

1995 3178 2174 3249 (Vers.
2215 3182 2303 3244 16,
2339 3183 2451 3252 Π.)
2482 3202 2500 3235 t
2539 3183 2639 3251 Qui
2685 3197 2734 3241 te
2788 3188 3045 3252 videtint,
3081 3193 3144 3243 ad
3177 3205 3228 3245 te
3269 3192 3497 3245 inclina-

1921 3273 2143 3338 huntur,
2202 3284 2362 3344 teque
2414 3279 2746 3344 prospicient
2798 3282 3148 3350 (subauditur
3199 3285 3492 3352 dicentes).

1918 3363 2172 3434 Nunquid
2211 3368 2313 3420 iste
2365 3378 2449 3422 est
2491 3368 2572 3421 vir
2603 3371 2692 3438 qui
2734 3374 3087 3429 conturbavit
3135 3384 3360 3441 terram,
3397 3384 3488 3446 qui

1915 3461 2189 3514 concussit
2237 3476 2426 3529 regna,
2477 3459 2568 3531 qui
2621 3465 2801 3532 posuit
2851 3467 3038 3521 orbem
3089 3471 3384 3535 desertum,
3433 3484 3490 3527 ct

1916 3553 2076 3605 tnhes
2105 3551 2222 3620 ejus
2256 3555 2558 3620 destruxit;
2593 3557 2788 3611 vinctis
2841 3558 2960 3626 ejus
2992 3576 3097 3615 nou
3131 3569 3342 3629 aperuit
3369 3579 3490 3617 car-

1911 3646 2134 3699 cerem?
2162 3664 2183 3698 ο
2221 3645 2288 3700 Ει
2337 3645 2451 3700 hau:
2485 3664 2586 3702 vox
2639 3649 3015 3705 insultantium
3053 3664 3136 3707 est
3183 3665 3345 3723 atque
3379 3657 3484 3709 n-i-

1915 3737 2179 3800 rantimn,
2212 3738 2479 3805 quomodo
2516 3749 2754 3794 vastator
2793 3745 3037 3796 omnium
3069 3756 3122 3798 ct
3155 3744 3272 3813 ipse
3309 3759 3486 3800 vasta-

1909 3837 1994 3882 tus
2027 3828 2116 3882 sit.
2149 3827 2303 3895 Quod
2362 3843 2542 3884 autem
2589 3833 2684 3896 ait,
2731 3831 2929 3887 Vinctis
2963 3843 3076 3903 ejus
3121 3854 3228 3890 non
3275 3851 3480 3907 operuit

1907 3941 2170 3979 carcerem
2193 3926 2219 3978 I
2249 3928 2560 3994 magnitudo
2594 3930 2934 3984 crudelitatis
2971 3941 3026 3985 et
3059 3933 3350 4002 impietatis
3386 3953 3480 3989 ex-

1907 4018 2176 4087 primitur,
2210 4027 2268 4071 ut
2317 4019 2478 4073 etiam
2529 4020 2740 4076 vinctos
2798 4032 3007 4077 teneret
3051 4025 3104 4077 in
3147 4042 3390 4094 carcere,
3424 4041 3479 4084 et
3539 4099 3543 4103 Α

1906 4125 2011 4164 non
2065 4110 2370 4166 sufﬁcerent
2429 4113 2646 4167 miseris
2697 4123 2921 4180 catenae,
2958 4115 3060 4168 nisi
3100 4117 3220 4173 illos
3249 4132 3302 4174 et
3330 4135 3475 4178 teut.-

1903 4202 2118 4256 brarum
2159 4205 2351 4257 horror
2381 4205 2707 4260 includeret.

1967 4335 2151 4403 (Vers.
2189 4337 2273 4401 18',
2302 4337 2456 4411 19.):
2485 4343 2691 4395 Otones
2741 4357 2892 4414 rcges
2936 4347 3198 4416 gentium,
3233 4352 3472 4406 universi

1898 4429 2237 4484 dormierunt
2289 4432 2342 4484 iu
2399 4435 2590 4500 gloria,
2620 4437 2701 4487 vir
2733 4436 2784 4488 in
2833 4440 2993 4492 domo
3031 4457 3146 4493 sua.
3178 4441 3258 4495 Tu
3291 4457 3469 4499 aurem

1902 4523 2174 4590 projectus
2222 4539 2281 4578 es
2339 4527 2406 4579 de
2435 4528 2687 4594 sepulcro
2719 4538 2810 4581 tuo
2835 4533 2987 4599 quasi
3030 4535 3198 4602 stirps
3236 4537 3468 4604 inutilis,

1899 4615 2132 4679 pollutus
2181 4624 2234 4668 et
2285 4618 2566 4671 obvolutus
2602 4635 2723 4672 cum
2773 4623 2855 4675 his
2907 4627 2996 4691 qui
3043 4625 3312 4683 interfecti
3347 4642 3471 4685 sunt

1895 4705 2098 4774 gladio,
2143 4715 2195 4758 et
2224 4707 2621 4762 descenderunt
2652 4712 2718 4763 ad
2745 4709 3093 4768 fundamenta
3131 4717 3268 4786 laci;
3310 4724 3464 4788 quasi

1893 4801 2125 4850 cadaver
2157 4799 2426 4866 putridum
2467 4817 2571 4854 non
2609 4802 2834 4858 habebis
2884 4810 3216 4862 consortium
3243 4850 3258 4876 ,
3291 4829 3466 4880 neque

1893 4903 2014 4940 cmn
2048 4890 2128 4942 eis
2164 4891 2215 4942 iu
2252 4892 2556 4959 sepultura.
2595 4912 2614 4944 ι
2647 4893 2882 4949 Narrant
2917 4896 3124 4953 Hebraei
3155 4902 3461 4969 hujusmodi

1894 4979 2154 5046 fabulam,
2205 4978 2654 5039 Evilmerodach‘
2707 4991 2819 5055 qui,
2853 5000 3004 5058 patre
3044 5007 3142 5044 suo
3172 4991 3461 5051 Nabucho-

1891 5074 2128 5126 donosor
2197 5075 2408 5129 tivente
2446 5094 2541 5146 per
2573 5090 2777 5148 septem
2841 5097 3012 5136 annos
3057 5083 3200 5139 inter
3235 5089 3460 5156 bestias,

1888 5172 2014 5216 ante
2062 5177 2402 5234 regnaverat,
2434 5181 2716 5238 postquam
2763 5171 2850 5224 ille
2894 5175 3183 5231 restitutus
3213 5179 3265 5232 in
3295 5195 3460 5250 regno

1889 5268 1990 5320 cst,
2028 5274 2200 5329 usque
2253 5264 2316 5314 ad
2389 5277 2614 5316 ιιιυτιειιι
2673 5267 2842 5333 patris
2903 5267 3296 5326 tritthoacleim
3336 5291 3458 5343 rege

1885 5343 2038 5401 Jttdte
2086 5351 2138 5403 in
2191 5351 2416 5411 rintﬂis
2451 5353 2548 5405 fuit
2576 5393 2590 5417 ,
2628 5370 2735 5424 quo
2767 5368 2998 5423 mortuo,
3026 5376 3147 5412 cunt
3183 5379 3369 5418 rursus
3403 5367 3455 5419 in

1892 5455 2119 5508 regnum
2146 5445 2486 5508 succederet,
2513 5459 2569 5499 et
2599 5465 2704 5499 non
2730 5453 3095 5517 susciperetur
3128 5470 3156 5506 a
3198 5457 3457 5526 principi-

1886 5529 2007 5596 bus,
2060 5534 2153 5601 qui
2212 5534 2525 5589 metuebant
2559 5553 2627 5591 tte
2672 5541 2876 5594 viveret
2929 5544 3018 5612 qui
3060 5545 3455 5603 dicebaturcx-

1881 5729 1988 5778 est.
2027 5716 2554 5799 N‘alntehodouosore
2576 5722 2640 5799 in
2665 5740 2884 5795 regnum
2919 5731 3193 5799 restituto,
3221 5733 3450 5793 Evilmc-

1891 5790 2191 5844 rodet-ltum
2218 5791 2476 5861 collegam
2511 5793 2683 5852 fuisse
2717 5790 2950 5869 imperti.
