3962 6192
421 292 520 358 ῙδἸ

1590 288 1648 352 S.
1695 285 2015 350 EUSEBII
2060 283 2506 347 IIIEROVYMI

3593 273 3700 340 liis

418 408 687 466 stiuctus;
740 411 796 455 ιιι
856 401 1013 456 tidem
1067 403 1235 471 patris
1286 399 1483 455 mortui
1534 401 1756 462 fareret,
1787 401 2001 470 aperuit
2036 407 2076 460 Α
2112 401 2177 451 de
2201 396 2709 450 Nabuchodonosor
2746 389 3002 457 deinceps
3065 386 3232 455 stirpe
3269 386 3528 453 regnarit.
3583 386 3694 439 llnc

420 496 842 562 st~pttlrtum..t-t
882 496 1119 547 cadaver
1159 495 1275 562 ejus
1306 508 1446 545 unco
1471 501 1523 546 et
1556 491 1778 544 funibus
1815 491 2004 543 traxit.

424 589 587 658 179
625 587 681 640 Et
728 600 804 639 est
862 601 1076 648 sensus,
1126 585 1364 654 Sepultis
1420 585 1676 638 omnibus
1727 585 1820 652 qui
1879 601 1908 636 a
1959 597 2010 638 te

421 680 693 735 interici-ti
753 691 898 741 sunt,
957 690 1010 732 tu
1070 677 1217 732 solus
1276 677 1581 748 insepultus
1629 676 1860 745 jacebis.
1904 675 2007 728 Alii

424 790 553 830 vero
590 774 768 828 locum
803 774 964 828 istmn
1011 771 1092 827 sic
1138 771 1588 841 interpretantur.
1642 770 1844 824 Omnes
1895 772 2014 823 aui-

423 883 526 924 mte
589 867 726 936 apud
787 867 994 920 inferos
1059 864 1294 932 aliquam
1352 865 1596 933 requiem
1630 864 1923 927 accipient,
1955 874 2010 914 tu

423 961 572 1014 solus
602 959 654 1013 in
697 969 969 1012 extremas
1025 959 1281 1012 tenebras
1353 955 1698 1026 religaberis.
1757 953 2012 1010 Omnium

424 1052 569 1105 enim
614 1049 880 1119 operietis
934 1051 1198 1118 sanguine
1240 1060 1296 1101 et
1327 1048 1704 1102 universorum
1752 1056 1804 1101 te
1851 1060 2015 1101 cruor

425 1153 636 1214 premet
665 1144 809 1197 velut
837 1141 1153 1196 obvolutum
1187 1143 1338 1195 sanie
1363 1149 1725 1194 mortuorum.
1760 1141 2015 1211 Symma-

425 1237 559 1288 rltns
602 1235 743 1286 hunc
774 1233 949 1286 locum
998 1233 1079 1285 sic
1113 1232 1415 1296 transtulit,
1452 1231 1628 1284 Etiam
1657 1246 1772 1283 cum
1816 1230 1896 1281 Itis
1925 1230 2015 1298 qui

426 1328 743 1381 occiduntur
770 1328 824 1376 in
853 1323 1005 1382 bello,
1040 1339 1140 1376 non
1160 1324 1434 1376 mereberis
1463 1323 1646 1376 tubere
1679 1329 2012 1376 consortium

433 1423 741 1488 at’pttlltttw.
787 1416 890 1469 Pro
919 1431 985 1468 eo
1016 1425 1196 1469 autem
1229 1415 1373 1484 qttod
1417 1430 1515 1468 nos
1565 1415 1825 1475 diximus,
1857 1414 2015 1482 quasi

429 1513 592 1576 stirps
632 1510 857 1574 inutilis,
887 1519 940 1562 et
977 1509 1027 1561 iu
1081 1506 1311 1563 Hebr-mo
1364 1508 1586 1577 legitur,
1609 1521 1884 1561 CHANESER
1917 1518 2017 1559 ivi-:-

429 1619 564 1656 rnm
607 1603 770 1671 (εγω
826 1603 1017 1666 ήκω),
1052 1600 1243 1665 Aquila
1283 1600 1675 1668 interpretatus
1719 1607 1822 1660 cst,
1863 1597 2018 1666 quasi

429 1698 603 1748 sanies
669 1693 933 1760 potluta‘.
969 1692 1142 1744 Νεεειι
1199 1692 1342 1761 63‘!)
1398 1703 1576 1745 autem
1632 1691 1850 1760 proprie
1902 1689 2017 1740 vir-

429 1788 636 1857 gultum
673 1787 991 1854 appellatur,
1015 1787 1160 1853 quod
1197 1796 1265 1838 an
1293 1786 1501 1840 radices
1528 1787 1781 1838 arborum
1825 1784 2012 1837 nasci-

431 1890 540 1943 tur,
567 1889 620 1932 et
655 1881 808 1946 quasi
839 1877 1030 1930 intttile
1063 1879 1130 1931 ab
1162 1877 1418 1946 agricolis
1456 1887 1791 1946 amputatur,
1817 1890 2014 1942 possu-

436 1985 554 2022 mus
580 1971 633 2021 itl
663 1969 836 2037 ipsum
866 1968 1068 2020 saniem
1094 1968 1367 2038 tabemque
1387 1968 1707 2036 intelligere.
1729 1969 2014 2035 Simulque

433 2061 691 2114 discimus
722 2060 864 2128 quod
913 2060 1157 2114 infernus
1188 2061 1288 2114 sub
1322 2071 1462 2114 terra
1497 2062 1588 2127 sit,
1617 2061 1828 2113 dicente
1859 2057 2011 2113 Scri-

436 2163 590 2222 plura
624 2171 637 2207 :
665 2151 836 2220 Usque
863 2154 930 2204 ad
967 2151 1317 2221 fundamenta
1343 2153 1469 2207 laci.

510 2245 833 2315 (νει-δέξο.)
855 2265 871 2297 ι
905 2245 983 2300 Τιι
1015 2249 1162 2301 enim
1192 2257 1391 2300 terram
1426 2256 1574 2301 tuam
1616 2243 2010 2314 disperdidisti,

438 2349 494 2390 tu
557 2340 811 2407 populum
871 2352 1020 2392 tuum
1055 2339 1325 2393 occidisti.
1369 2357 1387 2390 ι
1443 2339 1602 2392 Juxta
1631 2341 1651 2370 ³
1683 2336 1821 2390 LXX
1848 2337 2018 2389 Inter-

437 2438 618 2495 pretes
675 2430 765 2499 qui
829 2431 1105 2495 dixerunt,
1148 2447 1166 2480 ι
1203 2431 1336 2495 Quia
1388 2439 1586 2483 terram
1623 2443 1796 2480 meam
1835 2429 2016 2495 perdi-

439 2522 592 2584 disti,
638 2533 691 2576 et
746 2521 1000 2591 populum
1073 2537 1252 2575 meum
1305 2521 1581 2586 occidisti,
1619 2523 1745 2589 quid
1807 2523 2018 2584 dicant,

441 2611 584 2664 nulla
613 2611 882 2664 dubitatio
912 2619 1018 2666 est.
1047 2611 1270 2664 Terram
1298 2613 1442 2664 enim
1473 2609 1738 2674 .lndzeant,
1765 2620 1819 2664 et
1847 2626 2019 2680 popu-

439 2703 554 2756 lum
603 2703 722 2771 ejus
755 2701 918 2756 lsrael
954 2701 1452 2757 Nabuchodonosor
1496 2702 1771 2757 interfecit
1807 2713 1860 2757 et
1900 2718 2020 2770 per-

443 2795 601 2847 didit.
652 2794 813 2848 .luxta
877 2793 1206 2846 llebraicum
1260 2793 1496 2846 dillicilis
1553 2795 1863 2848 iutellecms
1913 2802 2021 2859 est,

443 2889 716 2956 quomodo
794 2896 992 2941 terrain
1052 2901 1206 2940 suam
1267 2888 1587 2955 perdiderit,
1629 2898 1683 2942 et
1756 2889 2013 2957 populum

445 2994 603 3032 suum
641 2979 902 3032 occiderit
931 2997 944 3033 :
976 2979 1077 3033 nisi
1112 2978 1250 3033 forte
1283 2979 1385 3033 boc
1415 2995 1580 3035 sensu
1635 2982 2010 3049 accipiendum

2113 507 2244 559 ergo
2276 488 2559 554 Scriptura
2597 483 2862 554 prtedirit,
2907 483 3052 550 quod
3087 483 3138 533 in
3180 489 3388 533 tantam
3448 478 3692 548 Babylon

2116 583 2293 635 veniet
2329 580 2671 640 vasdtatem;
2694 586 2751 628 ut
2782 575 2943 627 etiam
2975 575 3038 628 de
3060 574 3268 626 semine
3303 573 3452 638 regio
3511 572 3696 624 nullus

2118 685 2421 732 remaneat,
2483 672 2578 724 sed
2643 678 2865 738 propter
2909 667 3244 734 impietatem
3289 665 3460 733 patris
3511 665 3702 718 omnis

2116 764 2328 818 Suboles
2364 767 2634 816 deleatur.
2689 759 2796 814 Pro
2823 774 2887 814 eo
2920 767 3102 812 autem
3144 755 3290 825 qttod
3328 772 3426 810 nos
3459 756 3513 807 in
3559 755 3698 809 ulti-

2118 874 2203 912 ma
2243 867 2396 926 parte
2430 853 2718 908 sententiae
2751 850 3150 912 transtulimus,
3181 864 3344 916 neque
3406 848 3700 913 implebqu

2119 952 2280 1021 facies
2310 951 2450 1004 orbis
2477 949 2771 1007 civitatum,
2810 944 2866 998 in
2893 943 3122 997 Hebre-0
3157 939 3428 1009 scriptum
3480 951 3566 993 est.
3601 955 3703 1008 pro

2119 1043 2452 1102 civitatibus,
2474 1054 2599 1093 Αιιιιι
2631 1038 2843 1104 (ω’-13),
2874 1034 3017 1103 quod
3042 1047 3144 1087 nos
3175 1030 3473 1086 transferre
3505 1045 3700 1100 possu-

2121 1152 2242 1190 mus
2266 1147 2318 1188 et
2357 1135 2687 1189 adversarios
2714 1148 2732 1193 ;
2759 1142 2815 1186 ιιι
2845 1131 2916 1183 sit
2975 1143 3214 1184 sensus:
3254 1127 3436 1181 nullus
3488 1139 3553 1178 ex
3615 1139 3708 1176 se-

2122 1227 2267 1280 mine
2299 1235 2392 1280 tuo
2425 1225 2514 1294 qui
2547 1225 2729 1292 cupiat
2760 1235 3013 1289 reparare
3047 1233 3294 1286 regnum,
3345 1214 3706 1270 adversarius

2121 1320 2499 1379 suscitabitur.
2567 1315 2875 1369 Secundum
2931 1309 3291 1378 Septuaginta
3340 1307 3702 1374 luterpretes,

2120 1416 2210 1485 qui
2264 1413 2553 1465 dixerunt:
2585 1407 2772 1461 Semen
2801 1406 3109 1474 pessimum,
3141 1417 3274 1469 para
3299 1399 3439 1466 ﬁlios
3477 1410 3594 1448 tuos
3621 1401 3708 1447 iu-

2124 1503 2414 1574 terfectioni
2445 1508 2660 1568 propter
2687 1505 2901 1564 peccata
2939 1495 3112 1562 patris
3138 1497 3241 1556 tui,
3279 1505 3439 1559 quem
3473 1503 3706 1542 sensum

2125 1599 2344 1659 habeat,
2377 1595 2522 1649 scire
2563 1608 2668 1646 non
2701 1591 2877 1645 valeo.

2195 1691 2376 1762 (Vers.
2403 1688 2631 1759 22,25.)
2663 1707 2679 1736 ι
2724 1686 2788 1739 Et
2838 1697 3164 1752 consurgant
3214 1693 3379 1748 super
3407 1693 3526 1737 eos.
3567 1674 3706 1729 dicit

2123 1787 2383 1841 Dominus
2409 1786 2744 1839 exercituum
2775 1797 2790 1837 :
2825 1789 2880 1834 et
2910 1779 3130 1846 perdam
3157 1774 3450 1844 Babylonis
3476 1786 3702 1832 nomen,

2123 1891 2174 1936 et
2213 1882 2490 1950 reliquias,
2529 1891 2582 1932 et
2613 1891 2857 1946 germen,
2889 1885 2942 1927 et
2971 1872 3307 1942 progeniem,
3342 1869 3470 1923 dicit
3508 1865 3701 1919 Domi-

2129 1991 2250 2028 nus.
2295 1974 2362 2028 Et
2399 1989 2590 2043 ponam
2625 1986 2743 2024 eam
2783 1973 2834 2022 in
2871 1968 3272 2036 possessionem
3306 1962 3526 2022 herieii,
3559 1959 3700 2012 etin

2127 2069 2650 2138 paludesaquarutn,
2689 2074 2742 2118 et
2778 2063 3015 2132 scoliabo
3041 2076 3159 2115 eam
3188 2063 3240 2113 in
3286 2071 3451 2126 scopa
3499 2064 3708 2111 terens.

2130 2163 2263 2215 dicit
2325 2160 2588 2214 Dominus
2635 2160 2994 2210 exercituum.
3047 2171 3066 2205 ι
3139 2150 3467 2222 Babylonem
3534 2145 3712 2200 fuisse

2129 2254 2587 2325 potentissimum,
2633 2258 2686 2303 et
2724 2250 2776 2302 in
2836 2245 3238 2314 campestribus
3294 2257 3393 2312 per
3432 2243 3708 2310 quadrum

2130 2346 2310 2408 sitam,
2342 2341 2620 2410 abangulo
2641 2354 2811 2408 usque
2835 2337 3172 2402 adaugulutn
3199 2335 3362 2394 muri,
3391 2331 3656 2392 sedecim,
3687 2328 3712 2360 ³

2133 2435 2298 2486 millia
2330 2432 2571 2487 tenuisse
2609 2443 2892 2498 passuum,
2926 2428 2976 2478 id
3017 2439 3121 2484 est.
3155 2425 3316 2478 simul
3359 2440 3458 2490 per
3499 2422 3713 2474 circui-

2133 2537 2242 2580 tum
2278 2525 2556 2594 srxngiuta
2576 2533 2832 2592 quatuor,
2867 2519 3036 2574 refert
3055 2517 3358 2572 Herodotus
3400 2516 3442 2580 ⁸,
3466 2529 3522 2569 et
3546 2514 3706 2567 multi

2132 2620 2219 2673 alii
2254 2619 2346 2688 qui
2377 2617 2596 2672 Grzecas
2628 2614 2888 2668 historias
2919 2611 3386 2680 conscripserunt.
3449 2612 3557 2663 Arx
3601 2624 3711 2660 au-

2133 2725 2265 2773 tem,
2302 2710 2355 2765 id
2395 2718 2498 2774 est,
2528 2708 2851 2776 Capitolium
2887 2705 3030 2758 illius
3065 2703 3240 2768 urbis,
3270 2713 3352 2756 cst
3384 2704 3549 2756 turris
3584 2716 3713 2770 qua

2131 2805 2399 2858 aedificata
2470 2809 2591 2868 post
2642 2798 2926 2860 diluvium,
2988 2798 3041 2850 in
3104 2795 3390 2849 altitudine
3472 2805 3714 2864 Quatuor

2134 2896 2301 2948 tnillia
2338 2893 2538 2946 dicitur
2581 2901 2764 2944 tenere
2812 2903 3072 2958 passuum
3097 2888 3143 2951 ⁸,
3184 2889 3442 2956 paulatim
3475 2889 3540 2941 de
3597 2887 3714 2938 lato

2134 2988 2187 3041 iit
2220 2985 2497 3056 angustias
2524 2991 2827 3044 coarctata,
2849 2992 2905 3033 ιιι
2939 2981 3148 3050 pondus
3173 2981 3462 3034 imminens
3492 2981 3716 3035 facilius

446 3083 550 3136 est,
584 3087 695 3138 eos,
730 3088 866 3142 quos
906 3073 999 3126 tibi
1035 3073 1178 3126 Deus
1210 3073 1264 3126 in
1312 3075 1712 3144 correptiouetn
1765 3075 2015 3139 dederat,
2050 3080 2093 3139 ο
2129 3095 2160 3133 a
2233 3079 2516 3133 latioribus
2576 3085 2936 3132 sustentetur.
2988 3073 3322 3128 Describunt
3381 3073 3452 3126 ibi
3504 3073 3714 3139 templa

445 3174 503 3218 tu
539 3165 754 3234 penitus
784 3165 1092 3241 perdidisti.
1153 3163 1249 3218 Vel
1281 3163 1480 3218 aliter:
1513 3165 1798 3234 antiquum
1850 3165 2016 3236 Assy-

447 3258 652 3312 riOrum
685 3272 934 3326 l'ebllbllll,
962 3267 1016 3310 te
1039 3256 1264 3311 multum
1295 3259 1651 3326 superbiente
1673 3269 1727 3312 et
1764 3259 2010 3314 elevante

447 3360 636 3402 contra
705 3347 868 3402 Deum
895 3347 1162 3402 cervicem
1194 3358 1336 3401 tuam
1359 3388 1375 3413 ,
1410 3350 1632 3403 omnino
1676 3353 2012 3405 destructum

447 3453 552 3497 εει.
605 3441 659 3494 Si
687 3443 829 3495 enim
854 3452 904 3495 te
941 3443 1146 3511 egisses
1188 3443 1483 3505 btnuiliter,
1523 3457 1578 3497 et
1612 3445 1818 3498 scisses
1867 3459 2018 3498 meu-

448 3549 633 3587 suram
664 3543 834 3598 luant,
866 3536 1120 3605 Assyrius
1153 3542 1208 3588 et
1255 3534 1586 3606 Babylonius
1621 3541 1900 3605 hucusque
1929 3552 2020 3591 re-

447 3641 656 3696 gnaret.
713 3629 857 3704 Sive
891 3632 991 3682 boc
1049 3628 1394 3682 utodoztan't
1454 3630 1690 3683 crudelis
1746 3631 1894 3682 fuisti
1961 3630 2017 3684 in

445 3732 727 3783 externos,
754 3731 811 3774 ιιι
841 3722 1004 3774 etiam
1035 3721 1309 3789 subjectos
1341 3721 1438 3775 tibi
1496 3723 1725 3791 populos
1767 3721 2021 3776 furibun-

447 3816 549 3869 dus
588 3815 947 3883 opprimeres.
1023 3855 1027 3859 -

520 3906 703 3976 (Vera.
735 3907 826 3961 2t.
856 3909 875 3978 )
913 3923 931 3956 ι
975 3907 1090 3962 Non
1123 3907 1406 3962 voeabitur
1449 3907 1500 3962 in
1528 3915 1792 3963 azternntu
1832 3925 2016 3966 semen

454 4000 844 4068 pessimorum.
914 3998 1222 4069 Prteparate
1277 4000 1416 4054 filios
1473 4001 1590 4069 ejus
1652 4000 1912 4054 occisioni
1965 4001 2020 4054 in

451 4093 736 4161 iniquitate
791 4105 1004 4161 patrum
1066 4107 1288 4146 suorum
1323 4107 1337 4156 ;
1369 4105 1474 4145 non
1515 4100 1864 4159 consurgent,
1919 4107 2022 4146 nec

451 4183 850 4237 haereditabunt
881 4196 1103 4246 terram,
1125 4199 1304 4252 neque
1330 4183 1637 4252 implebunt
1661 4182 1828 4238 facies
1859 4185 2016 4239 orbis

450 4276 815 4330 civitatum.»
876 4276 1081 4333 Omnes
1141 4279 1379 4333 historia:
1432 4280 1802 4346 consentiunt,
1877 4285 2021 4349 quod

452 4370 636 4422 occiso
671 4369 954 4422 Baltltasar
978 4383 1174 4439 nep0te
1204 4370 1721 4438 Nabuchodonosor,
1753 4384 1808 4427 et
1832 4387 2025 4430 succe-

452 4465 615 4515 dente
655 4462 818 4514 Dario
875 4464 928 4516 in
972 4478 1194 4532 regnum
1243 4462 1824 4535 Cltaldteorutu,180
1850 4467 2026 4523 nullus

535 4640 550 4669 ’
591 4639 796 4702 Vatic.,
826 4642 977 4710 quasi
1009 4641 1178 4694 saniis
1207 4641 1429 4709 polluta.
1475 4639 1592 4696 Vid.
1624 4642 1765 4698 infra
1805 4641 2026 4697 Hieron.

455 4711 507 4762 in
545 4711 646 4764 huc
680 4717 817 4764 idetn
874 4723 1038 4770 caput
1076 4727 1286 4765 rursum
1329 4715 1685 4766 disserentem
1741 4714 1877 4768 libro
1938 4729 2028 4768 se-

452 4794 662 4835 (lllcull.

494 4799 523 4832 ιι
545 4799 662 4832 ἰιΙΙ.

471 4799 484 4850 ι
527 4803 945 4921 :lleeratjuxta
978 4889 994 4912 ,
1033 4851 1179 4920 quod
1215 4852 1535 4921 suppletnus
1558 4869 1589 4906 e
1621 4870 1752 4909 mss.

529 4922 548 4950 ³
586 4919 740 4990 Legit
793 4921 1023 4988 Vietor.,
1049 4919 1370 4991 quindecim,
1405 4933 1482 4975 tot
1506 4927 1653 4978 euittt
1692 4926 1924 4978 reddunt
1975 4925 2026 4976 itt

459 4991 690 5042 circuitu
715 5007 817 5063 per
859 5002 1030 5044 totum
1052 4993 1341 5063 sesstginta
1377 4994 1566 5060 millia,
1607 4996 1722 5048 sive
1761 4997 2027 5063 quadrin-

455 5069 612 5126 genta
647 5061 917 5128 octoginta
942 5061 1142 5115 stadia.

532 5130 550 5156 “
608 5128 781 5198 Refert
813 5130 1132 5202 Herodotus.
1173 5129 1325 5184 llunc
1360 5132 1534 5186 locutu
1567 5134 1790 5188 omnino
1823 5134 2022 5202 depra-

459 5204 637 5266 vatum
697 5201 906 5266 reperio
943 5203 994 5252 itt
1044 5202 1373 5256 editioninus
1433 5205 1643 5256 Erasmi
1688 5215 1740 5256 et
1770 5201 2019 5268 Murrani,

457 5269 547 5342 qui
579 5271 1052 5342 tioiucaetttplaria
1105 5273 1443 5342 Hieronymi,
1499 5279 1590 5326 sed
1622 5274 1810 5327 (ira-ca
1859 5278 2020 5328 Verba

456 5336 742 5409 Herodoti,
780 5353 840 5388 ac
869 5341 1126 5409 prppria:
1143 5336 1490 5409 conjecturas
1525 5347 1696 5397 secuti
1731 5355 1881 5398 sunt.
1913 5345 2023 5398 Nos

454 5406 579 5460 lidei
635 5422 768 5478 mss.
819 5408 1064 5462 codicum
1113 5406 1474 5478 adhaerentes,
1507 5429 1687 5469 verum
1745 5415 2030 5469 lectionem

453 5488 616 5554 atque
652 5477 1128 5546 llieronymianatu
1184 5477 1524 5538 restituimus
1564 5499 1581 5540 :
1625 5500 1746 5554 quae
1803 5485 2026 5552 quidem

453 5550 686 5624 genuina
721 5561 1010 5624 reperitur,
1040 5565 1160 5624 cum
1191 5556 1425 5606 sedecim
1458 5550 1926 5624 tuillia'passuum
1960 5558 2030 5606 ab

451 5619 649 5683 angulo
672 5633 844 5694 usque
873 5620 936 5670 ad
962 5621 1216 5686 angulum
1247 5624 1410 5685 muri,
1443 5625 1608 5694 simul
1667 5619 1770 5694 per
1824 5626 2028 5678 circui-

456 5696 567 5736 tum
603 5692 750 5740 urbts
777 5691 847 5762 iu_
893 5698 1168 5758 tetragono
1221 5695 1414 5756 positae
1465 5691 1701 5748 efﬁciant
1743 5695 2023 5762 sexaginta

451 5766 686 5822 quttuor
721 5760 883 5811 tntllia
907 5774 1184 5826 passuum.
1226 5763 1462 5832 Babylon
1493 5781 1618 5821 vero
1651 5781 1713 5821 ex
1750 5760 2026 5821 Herodoto

2058 4414 2101 4468 lt

2133 3187 2466 3234 marmorea,
2499 3186 2698 3226 aureas
2723 3179 2956 3230 statuas,
3004 3167 3214 3237 plateas
3249 3165 3517 3235 lapidibus
3543 3181 3717 3218 auro-

2132 3283 2240 3338 que
2281 3267 2570 3334 fulgentes,
2594 3272 2652 3317 et
2684 3263 2856 3316 multa
2897 3263 3002 3313 alia
3034 3275 3157 3328 qua:
3213 3272 3350 3326 pene
3414 3259 3713 3312 videantur

2132 3359 2493 3416 incredibilia.
2533 3357 2646 3413 Hoc
2673 3366 2844 3411 ιοιιιιιι
2884 3354 3255 3418 narravimus,
3287 3361 3347 3405 ut
3389 3351 3715 3406 ostendere-

2134 3469 2258 3510 mus
2291 3454 2430 3523 quod
2451 3451 2517 3506 ad
2553 3451 2688 3506 iram
2755 3447 2851 3504 Dei
2887 3447 3064 3501 omnis
3095 3447 3330 3516 potentia
3386 3445 3563 3513 pulvis
3607 3447 3709 3510 sit,

2131 3558 2187 3601 et
2216 3545 2411 3599 favillae
2448 3553 2503 3598 et
2535 3542 2703 3595 cineri
2750 3552 3118 3609 comparetur.
3175 3537 3231 3592 Si
3284 3538 3476 3592 liceret
3526 3537 3712 3591 intro-

2137 3641 2216 3694 ire
2244 3637 2505 3692 barbaras
2539 3635 2815 3696 nationes,
2849 3644 2902 3686 et
2935 3631 3118 3685 videre
3154 3641 3319 3685 tanta:
3347 3631 3498 3683 urbis
3526 3643 3716 3684 extre-

2135 3747 2219 3784 ma
2263 3730 2508 3797 vestigia,
2551 3727 2860 3780 videremus
2891 3723 3291 3792 possessionem
3349 3724 3580 3789 bericii,
3651 3735 3715 3776 et

2135 3821 2360 3892 paludes
2415 3833 2704 3887 aquarum,
2754 3824 2809 3870 et
2844 3830 2974 3870 vere
3021 3814 3351 3883 completum
3398 3827 3519 3868 esse
3560 3817 3716 3882 quod

2135 3931 2278 3971 nunc
2303 3913 2457 3969 Isaia;
2496 3910 2720 3966 vocibus
2749 3911 2964 3964 canitur
2997 3925 3012 3962 :
3043 3907 3278 3976 Scopabo
3309 3923 3424 3962 eam
3453 3909 3505 3961 in
3545 3923 3714 3972 scopa

2133 4017 2343 4070 terens;
2370 4002 2614 4073 exceptis
2648 4002 2792 4056 enim
2822 3999 2992 4055 muris
3017 4000 3329 4061 coctilibus,
3359 4000 3450 4068 qui
3477 4008 3716 4068 propter

2137 4100 2342 4155 bestias
2370 4095 2771 4152 concludendas
2819 4103 2942 4164 post
2993 4092 3148 4161 181
3214 4105 3392 4147 annos
3437 4091 3716 4161 plurimos

2137 4192 2531 4252 instaurantur,
2555 4199 2718 4240 omne
2748 4185 2800 4237 iu
2827 4183 3009 4238 medio
3035 4183 3272 4252 Spatium
3298 4182 3532 4259 solitudo
3555 4191 3643 4236 est
3665 4183 3716 4237 ⁸.

2207 4282 2389 4353 (Vers.
2420 4281 2511 4347 24,
2549 4277 2666 4348 25.)
2693 4295 2714 4329 ι
2754 4274 2969 4331 iuravit
3022 4275 3280 4331 Dominus
3341 4276 3718 4341 exercituum,

2134 4377 2322 4432 dicens
2350 4391 2367 4429 :
2399 4372 2457 4429 Si
2505 4388 2612 4427 non
2668 4380 2728 4426 ut
2776 4370 2988 4442 putavi,
3028 4370 3102 4424 ita
3161 4369 3290 4434 erit,
3329 4379 3383 4423 et
3432 4373 3723 4438 quomodo

2137 4478 2318 4524 mente
2351 4466 2606 4530 tractavi,
2637 4464 2719 4519 sic
2745 4465 2962 4518 eveniet
2991 4471 3051 4516 ut
3093 4471 3376 4518 conteram
3418 4459 3723 4530 Assyrium

2132 4643 2231 4696 lib.
2275 4659 2312 4706 ι,
2342 4659 2396 4696 n.
2426 4641 2552 4707 178,
2583 4650 2702 4696 erat
2724 4649 3056 4711 tetragonos,
3105 4639 3302 4710 εούσης
3335 4639 3720 4710 τετραγώνου.

2132 4718 2396 4768 lllattrtatv.

2211 4785 2231 4813 ⁵
2263 4784 2462 4835 Cotttra
2488 4783 2610 4836 cod.
2650 4781 2879 4836 Palatia.
2917 4797 3024 4836 non
3065 4783 3120 4832 in
3173 4779 3475 4844 altitudine,
3517 4785 3611 4836 sed
3666 4787 3727 4835 in

2136 4853 2442 4915 latitudine,
2472 4859 2526 4906 et
2556 4866 2664 4906 non
2692 4864 2926 4922 quatuor
2956 4850 3146 4915 millia,
3183 4851 3296 4922 sed
3334 4854 3436 4905 tria
3495 4863 3725 4905 tantum

2135 4925 2348 4976 scribit.
2386 4926 2591 4976 Auctor
2626 4921 2747 4976 libri
2773 4921 3043 4976 Locorum
3070 4937 3134 4975 es
3165 4921 3337 4991 Actis,
3393 4925 3482 4991 qui
3539 4934 3727 4976 telam

2139 4995 2276 5045 banc
2304 4995 2581 5062 periodum
2611 4993 2889 5055 describit,
2914 4992 3156 5062 additum
3196 4989 3246 5043 in
3283 4989 3581 5052 latitudine,
3618 5004 3731 5047 aut

2135 5060 2438 5122 altitudine.
2489 5064 2703 5130 penitus
2747 5064 2970 5116 omittit.
3007 5060 3105 5113 Alii
3140 5061 3364 5130 deﬁipsa
3416 5063 3731 5118 altitudine

2135 5135 2362 5186 minimo
2387 5129 2499 5185 sibi
2530 5143 2875 5186 constantem
2907 5131 3183 5201 adducunt
3215 5129 3604 5201 HierOuytntnn
3646 5147 3726 5197 ex

2132 5201 2444 5256 Eusebiano
2468 5202 2760 5268 Chronico,
2794 5203 2886 5257 ubi
2909 5200 3241 5256 altitudinem
3261 5200 3536 5270 quinquies
3562 5201 3731 5258 mille

2131 5284 2334 5343 rentum
2364 5275 2697 5343 septuaginta
2721 5284 2950 5342 quatuor
2976 5281 3162 5343 tenere
3201 5283 3726 5343 passuumjnarrat.

2136 5341 2243 5396 Sed
2279 5358 2452 5411 neque
2501 5341 2568 5396 ei
2639 5341 2912 5398 Herodoto
2975 5341 3028 5394 itt
3060 5342 3198 5402 Clio,
3237 5341 3325 5393 ubi
3360 5342 3594 5411 σταδίουν
3653 5347 3730 5397 τὺ

2138 5413 2312 5480 μῆκος
2343 5410 2437 5465 θεαὶ
2483 5415 2543 5466 τὸ
2570 5411 2750 5482 εὖρος,
2810 5413 2974 5466 stadii
3025 5412 3433 5464 crassitudinem
3459 5428 3521 5464 ac
3577 5410 3734 5467 lati-

2070 5537 2082 5546 .
2133 5485 2366 5554 tudinem
2397 5484 2546 5548 facit,
2584 5499 2758 5552 neque
2785 5499 2850 5537 ex
2885 5482 3142 5542 Diodoro,
3173 5491 3267 5534 aut
3289 5483 3576 5554 Strabone,
3608 5486 3730 5554 qui

2132 5552 2271 5606 inter
2297 5568 2356 5608 se
2386 5555 2735 5620 dissentiunt,
2788 5556 2863 5608 rei
2904 5554 3104 5608 veritas
3125 5552 3420 5606 constabit.

2203 5623 2222 5696 ἦ
2249 5622 2450 5676 Recole
2486 5639 2605 5692 qua:
2631 5625 2882 5692 superius
2911 5626 2978 5680 ad
3013 5623 3369 5696 praecedentis
3401 5636 3524 5693 cap.
3550 5636 3726 5682 vers.

2129 5693 2376 5750 ultimum
2406 5704 2664 5750 adnotata
2701 5704 2844 5748 sunt.
