3972 6198
224 319 331 385 ιω

803 319 1301 381 COMMENTAR.
1335 324 1415 385 ΙΝ
1463 323 1726 383 lSAIAH
1769 323 1810 380 Ρ

1923 319 2223 380 ΡΗΕΤᾹΜ
2267 320 2413 381 LIB.
2452 320 2518 391 V,
2556 319 2713 382 CAP.
2755 320 2915 381 XIV.

3361 317 3463 382 170

219 445 286 499 in
323 457 467 498 terra
497 457 636 511 mea,
667 453 718 498 et
744 445 795 499 in
832 446 1108 500 montibus
1139 447 1272 498 uicis
1291 445 1604 498 cont-uicem
1634 459 1753 495 eum
1785 482 1797 493 .
1832 445 1872 498 Α
1905 446 2311 492 σοιιιιιιριιιοττιῑ.
2369 438 2535 508 lgitur
2564 438 2665 493 sub
2695 437 2878 492 Acbaz
2927 449 3097 505 usque
3127 435 3193 490 ad
3227 447 3465 503 priesen-

219 546 284 592 et
314 536 593 590 auferetur
647 537 714 590 ab
735 537 814 591 eis
861 536 1052 607 jugum
1101 538 1241 605 ejus.
1289 546 1344 591 et
1376 550 1515 590 onus
1551 533 1694 587 illius
1725 532 1795 584 ab

223 625 453 680 humero
483 641 672 680 eorum
703 626 936 681 tolletur.
975 645 994 678 ι
1027 625 1342 681 Revertitur
1380 627 1446 680 ad
1477 626 1792 694 przeseutia,

221 714 333 770 hoc
365 718 556 781 est,ad
580 717 956 772 Senoacherib
988 733 1167 788 regem
1190 715 1556 788 Assyriorum,
1582 716 1673 784 qui
1699 715 1796 767 Sa-

225 808 814 878 mariamJudazamque
837 811 1095 874 vastavit,
1131 819 1184 864 et
1213 817 1438 877 excepta
1465 805 1793 869 Jerusalem,

225 899 425 953 delevit
447 915 542 969 per
569 901 857 955 circuitum
901 903 1079 955 omnia
1113 917 1129 968 ;
1158 911 1212 955 et
1235 901 1394 968 longe
1429 911 1554 970 post
1600 899 1797 952 futuris

227 991 407 1044 vicina
439 993 737 1055 consociat.
799 1004 856 1046 ut
901 994 1196 1046 imminens
1237 990 1518 1046 auferatur
1572 999 1793 1044 metus:

226 1081 354 1148 quia
403 1082 582 1136 dicere
644 1092 890 1151 poterant
935 1083 1220 1136 audientes
1255 1079 1404 1136 :Nos
1473 1087 1796 1150 praesentem

227 1177 560 1244 perpatlmur
591 1175 958 1235 obsidionem,
1015 1174 1118 1229 iste
1155 1174 1344 1227 multis
1400 1182 1522 1242 post
1583 1171 1799 1226 saeculis

232 1275 464 1317 ventura
487 1265 774 1332 promittit.
802 1265 897 1318 Est
917 1265 1084 1334 igitur
1110 1265 1244 1318 ordo
1263 1265 1582 1334 prophetiae,
1627 1278 1800 1330 quan-

228 1371 396 1423 quam
428 1367 544 1422 post
576 1371 744 1410 annos
774 1356 1034 1424 plurimos
1066 1355 1303 1426 Babylon
1341 1355 1672 1410 destruenda
1700 1354 1790 1420 sit,

226 1455 291 1497 et
339 1460 500 1498 omne
559 1444 774 1512 penitus
828 1447 1012 1513 stirpis
1071 1444 1419 1512 Assyriorum
1452 1453 1505 1497 et
1535 1441 1802 1497 Chaldaeus

227 1535 582 1588 seminarium
613 1535 1031 1604 disperdendum
1067 1549 1082 1589 :
1113 1546 1294 1588 tamen
1331 1545 1389 1588 ut
1423 1549 1532 1588 non
1559 1533 1800 1589 timeatis

226 1627 465 1678 vicinam
508 1625 896 1695 captivitatem,
934 1625 1086 1694 jurat
1142 1625 1404 1679 Dominus
1437 1625 1572 1692 (cui
1635 1626 1799 1679 etiam

231 1731 340 1770 non
404 1717 612 1785 juranti
655 1716 984 1771 credendum
1045 1717 1149 1786 est)
1197 1717 1337 1786 quod
1368 1731 1464 1770 sua
1511 1716 1802 1771 aestimatio

229 1823 341 1862 non
373 1780 613 1869 fallatur.
661 1819 718 1864 et
774 1809 920 1877 quod
963 1780 1142 1863 mente
1203 1780 1530 1877 conceperit,
1583 1809 1798 1863 irritum
1833 1780 1877 1838 Β

232 1915 342 1953 non
400 1901 513 1956 fiat.
563 1900 672 1954 Iioc
719 1910 895 1954 autem
968 1901 1205 1956 humano
1277 1901 1518 1970 loquitur
1576 1900 1796 1964 ali'ectu,

232 1991 377 2057 quod
424 1989 634 2044 scilicet
683 2006 787 2044 non
843 1989 1057 2044 fallatur
1115 1991 1208 2060 qui
1251 1990 1360 2046 falli
1409 2007 1517 2046 non
1583 2001 1796 2061 potest:

233 2081 554 2145 Conteram,
588 2081 784 2150 inquit,
832 2081 1110 2152 Assyrium
1144 2083 1196 2135 in
1255 2092 1401 2137 terra
1443 2098 1583 2148 mea,
1636 2093 1692 2139 et
1744 2084 1800 2138 in

236 2171 516 2225 montibus
541 2172 676 2225 meis
730 2171 1063 2226 conculcabo
1113 2187 1258 2226 eum.
1299 2172 1413 2227 Una
1465 2175 1608 2228 enim
1643 2182 1803 2228 nocte

236 2272 456 2316 centum
487 2263 756 2332 octoginta
791 2262 1033 2332 quinque
1095 2263 1263 2317 millia
1325 2266 1601 2320 exercitus
1631 2267 1804 2334 Assy-

238 2353 445 2405 riorum
484 2352 676 2421 angelo
727 2362 969 2407 vastante
994 2353 1172 2407 deleta
1208 2363 1337 2409 sunt
1367 2353 1456 2424 (iV
1495 2353 1620 2423 Reg.
1667 2361 1802 2425 xu).

238 2441 306 2496 Et
326 2443 603 2498 auferetur
627 2445 694 2497 ab
716 2443 799 2498 bis
832 2445 922 2513 qui
972 2445 1362 2499 obsidebantur
1393 2446 1445 2499 in
1478 2443 1804 2512 Jerusalem,

231 2535 423 2604 jugunt
452 2536 590 2603 ejus,
626 2547 682 2590 et
711 2537 1180 2605 graveimperium
1215 2538 1361 2605 quod
1399 2536 1652 2591 omnibus
1701 2539 1806 2590 itu-

243 2629 505 2692 minebat,
552 2638 605 2680 et
637 2627 849 2697 pondus
907 2643 1013 2696 quo
1052 2629 1465 2697 premebantur,
1523 2631 1575 2682 in
1629 2629 1804 2697 ipsum

245 2719 426 2785 potius
459 2721 791 2773 retrudetur.
845 2718 1107 2789 Fugiente
1165 2722 1310 2773 enim
1347 2721 1695 2791 Assyriorum
1723 2737 1807 2775 re-

235 2823 307 2876 ge
350 2809 404 2859 in
470 2818 666 2864 terram
717 2824 896 2876 suam,
953 2810 1091 2886 liber
1141 2825 1262 2865 cum
1315 2813 1496 2880 populi
1558 2812 1805 2880 reliquiis

241 2915 501 2969 egressus
536 2912 620 2956 est
641 2901 926 2957 Ezechias.

315 2994 494 3062 (νει-ε.
529 2995 619 3060 26,
654 2995 768 3066 27.)
825 2995 994 3074 illoc
1040 2995 1324 3052 consilium
1375 2997 1516 3067 quod
1572 2998 1807 3068 cogitavi

1902 539 2006 582 tem
2042 529 2241 591 locum,
2277 542 2434 598 quem
2478 542 2621 582 nunc
2669 539 2945 596 exponere
2983 526 3230 588 nitimur,
3282 526 3464 578 omnia

1899 635 2020 689 quae
2050 621 2100 674 in
2139 622 2314 675 iiiedio
2347 619 2518 689 posita
2547 629 2697 684 sunt,
2725 619 3016 674 vaticinata
3047 617 3464 687 cognoscimus:

1898 727 2006 782 quo
2036 722 2251 765 mortuo
2281 724 2532 780 quartus,
2577 710 2628 764 id
2663 719 2767 774 est,
2797 709 3019 764 ultimus
3063 709 3306 764 suecedit
3338 708 3472 761 Eze-

1898 804 2050 860 chias
2083 803 2184 858 sub
2222 818 2328 870 quo
2355 803 2536 857 bmnis
2582 817 2752 866 usque
2801 801 2867 855 ad
2900 802 3057 854 linem
3087 801 3286 854 texitur
3317 799 3471 853 liber.

1971 890 2152 960 (Vers.
2204 893 2319 960 ‘29.)
2364 909 2382 942 ι
2418 889 2496 944 Ne
2553 889 2752 945 lictoris
2809 889 3116 944 Pbilistba-a
3168 890 3346 944 omnis
3389 901 3467 952 tu,

1900 983 2155 1050 quoniam
2185 981 2514 1036 comminuta
2559 989 2642 1033 est
2671 980 2822 1047 virga
2857 980 3196 1048 percussoris
3238 980 3311 1031 tui
3354 995 3369 1034 :
3403 980 3471 1032 de

1901 1075 2082 1128 radice
2115 1074 2257 1127 enim
2298 1073 2502 1125 colubri
2563 1072 2871 1142 egredietur
2915 1070 3152 1139 regulus,
3182 1080 3237 1126 et
3283 1086 3468 1126 semen

1902 1162 2019 1231 rjus
2044 1164 2341 1217 absorbens
2372 1163 2665 1224 volucrem,
2704 1179 2725 1213 ι
2765 1159 3024 1216 Naturale
3055 1173 3138 1217 est
3160 1163 3302 1232 quod
3333 1162 3473 1215 dici-

1902 1267 2023 1305 mus
2053 1263 2070 1304 :
2097 1259 2310 1306 mortuo
2355 1265 2480 1319 rege
2523 1251 2870 1304 adversarum
2926 1251 3163 1319 gentium
3191 1290 3206 1314 ,
3260 1267 3475 1321 semper

1903 1343 2154 1397 laetantur
2185 1342 2413 1405 inimici,
2447 1357 2511 1395 ex
2559 1343 2719 1396 Iebus
2753 1341 2906 1396 noris
2937 1342 3074 1396 bella
3099 1340 3278 1395 civilia
3311 1351 3362 1395 et
3389 1358 3474 1397 se-

1903 1433 2137 1487 ditiones
2199 1447 2264 1487 ac
2321 1433 2586 1500 regnandi
2660 1431 2988 1501 imperitiam
3064 1434 3474 1502 praestolantes.

1903 1524 2114 1578 Mortuo
2143 1524 2304 1594 igitur
2321 1526 2503 1578 Acbaz
2538 1515 2842 1592 pe'ccatore,
2875 1525 2966 1592 qui
3015 1525 3384 1579 ambulavcrat
3419 1527 3472 1580 in

1905 1617 2008 1671 viis
2037 1632 2221 1685 regum
2265 1617 2452 1678 Israel,
2481 1628 2536 1670 et
2567 1617 2889 1685 cognatione
2913 1618 2992 1671 eis
3042 1617 3216 1672 fuerat
3253 1620 3476 1686 copula-

1909 1715 2023 1773 tus,
2063 1707 2408 1778 intelligimus
2437 1708 2818 1762 Pliilisthazose
2842 1708 3019 1762 vicino
3047 1708 3217 1764 fuisse
3246 1709 3477 1776 laetatos,

1906 1808 1960 1852 et
1999 1799 2529 1863 insultasselsraeli,
2575 1800 2721 1868 quod
2780 1810 3001 1854 maturo
3059 1816 3186 1870 rege
3237 1802 3472 1870 perdito,

1906 1890 2150 1946 Ezechiae
2175 1891 2360 1960 juveni
2410 1891 2783 1959 subjacerent.
2844 1892 3191 1949 Philistltteos
3247 1903 3427 1948 autem
3459 1936 3474 1958 ,

1905 1990 1964 2035 ut
1996 1997 2156 2050 supra
2181 1981 2434 2047 diximus,
2480 1981 2794 2037 Pal:cstinos
2826 1983 3121 2052 significat,
3155 1999 3294 2054 quos
3347 1986 3480 2039 alie-

1904 2072 2130 2140 nigenas
2160 2071 2387 2142 Vulgata
2425 2073 2620 2128 scribit
2652 2073 2820 2128 editio
2852 2089 3033 2142 :cuin_
3055 2076 3157 2130 hoc
3182 2091 3290 2131 non
3317 2078 3480 2132 unius

1905 2167 2102 2236 gentis,
2130 2168 2224 2220 sed
2245 2166 2486 2219 omnium
2506 2176 2858 2220 externarum
2881 2167 3124 2234 gentium
3159 2169 3479 2224 vocabulum

1905 2260 1994 2316 sit.
2023 2258 2121 2321 Ne,
2159 2259 2356 2328 inquit,
2393 2258 2611 2322 heteris,
2663 2271 2698 2312 0
2750 2257 3086 2323 l’bilistbaea,
3125 2273 3194 2314 ne
3251 2260 3484 2316 insultes

1907 2351 2102 2418 populo
2139 2364 2278 2414 meo,
2310 2351 2454 2419 quod
2481 2347 2821 2418 percussoris
2855 2349 2930 2404 tui
2964 2349 3144 2403 Acbaz
3165 2350 3314 2420 virga
3348 2366 3483 2405 con-

1906 2442 2074 2497 fracta
2102 2443 2206 2508 sit;
2241 2441 2385 2508 quod
2418 2439 2646 2494 baculus
2675 2441 2766 2508 qui
2803 2448 2857 2492 te
2899 2440 3064 2494 ferire
3104 2441 3298 2495 solitus
3335 2453 3478 2507 erat,

1908 2537 2156 2589 videatur
2185 2543 2357 2587 morte
2377 2534 2676 2596 contritus;
2709 2531 2852 2600 quod
2892 2533 3110 2586 coluber
3134 2532 3478 2590 interfectus.

1907 2629 2014 2683 Pro
2049 2630 2147 2682 hoc
2170 2628 2310 2680 enim
2340 2627 2622 2680 nocentior
2651 2632 2908 2681 nascetur
2938 2624 3198 2679 Ezechias
3231 2627 3470 2696 regulus,

1909 2736 2070 2790 quem
2100 2719 2277 2774 Graeci
2310 2728 2502 2772 vocant
2533 2717 2842 2772 basiliscum
2870 2757 2885 2782 ,
2928 2717 3018 2788 qui
3051 2729 3104 2772 te
3131 2733 3230 2772 suo
3263 2731 3483 2790 aspectu

1909 2811 2220 2878 interlitiat,
2275 2821 2329 2865 et
2359 2811 2552 2880 spiritu
2601 2810 2716 2864 oris
2747 2807 2980 2863 oet-idat.
3024 2809 3310 2875 Quomodo
3329 2812 3474 2864 enim

1911 2905 2057 2960 nulla
2098 2905 2214 2958 avis
2261 2904 2431 2974 reguli
2455 2913 2732 2971 aspectum
2770 2909 2948 2970 potest
2994 2901 3162 2957 illaesa
3193 2904 3429 2959 transire
3468 2921 3487 2964 ς

1911 2997 2006 3051 sed
2037 2998 2282 3065 quamvis
2303 2995 2484 3064 procul
2517 2994 2700 3058 fuerit,
2725 2994 2840 3062 ejus
2871 3008 2967 3050 ore
2987 2996 3240 3048 sorbetur
3274 3009 3290 3051 :
3317 2996 3482 3068 ’183

241 3101 409 3155 super
431 3101 649 3140 onmem
681 3097 902 3149 terram.
951 3085 1006 3143 et
1055 3089 1172 3143 haec
1199 3100 1284 3143 est
1338 3103 1534 3144 manus
1589 3099 1809 3144 extenta
1839 3118 1882 3176 ο
1915 3089 1989 3142 ita
2020 3100 2073 3142 et
2108 3099 2160 3140 tu
2193 3103 2224 3140 a
2263 3096 2557 3156 conspectu
2597 3088 2740 3156 regis
2767 3084 3035 3154 ,Ezecbia:
3072 3093 3216 3142 totus
3251 3089 3484 3157 peribis.

240 3191 407 3243 super
436 3177 716 3232 universas
737 3189 946 3247 gentes.
994 3180 1256 3235 Dominus
1286 3181 1432 3234 enim
1470 3182 1812 3235 exercituum

243 3267 512 3334 decrevit,
539 3278 594 3323 et
616 3270 737 3338 quis
769 3271 967 3339 poterit
1005 3272 1281 3327 iulirmare
1305 3273 1328 3325 ΐ
1378 3271 1444 3325 Et
1474 3288 1666 3327 tnanus
1695 3274 1812 3344 ejus

243 3369 490 3426 extenta,
536 3367 591 3414 et
641 3362 729 3430 qui
783 3371 992 3416 avertet
1023 3363 1184 3416 eam?
1218 3382 1236 3414 ι
1278 3361 1392 3417 lloc
1439 3363 1560 3417 loco
1591 3364 1812 3432 quidam

241 3452 586 3506 arbitrantur
611 3453 914 3522 generalem
949 3468 1069 3508 esse
1132 3464 1323 3508 contra
1353 3471 1567 3509 omnem
1617 3456 1805 3510 orbem

246 3543 607 3612 prophetiam,
638 3552 692 3596 et
719 3545 860 3611 quod
899 3545 1125 3598 vastitas
1161 3545 1450 3615 Babylonis
1483 3558 1538 3599 et
1567 3547 1808 3614 Assyria)

248 3631 487 3686 civitatis
537 3641 693 3702 typus
723 3635 795 3686 sit
825 3636 1312 3689 consummationis
1351 3635 1555 3691 mundi.
1605 3636 1812 3702 Quibus

249 3737 590 3792 nequaquam
639 3726 1086 3794 contradieimus,
1126 3729 1251 3780 dum
1289 3729 1548 3790 sciamus,
1585 3730 1670 3781 hic
1695 3744 1812 3782 om-

249 3829 374 3866 nem
398 3823 596 3867 terram
637 3819 984 3886 Assyriorum
1013 3820 1231 3888 proprie
1258 3820 1554 3887 signiﬁcari
1581 3830 1635 3873 et
1688 3822 1810 3875 uni-

249 3918 436 3958 versas
497 3918 686 3974 gentes
738 3911 917 3960 socias
951 3909 1093 3975 regis
1137 3911 1344 3980 Assyrii
1396 3912 1816 3967 demonstratas.

253 3996 526 4065 Quidquid
584 4009 760 4051 autem
817 4015 846 4051 a
891 3999 1120 4055 Domino
1155 4003 1429 4057 decretum
1481 4004 1882 4068 est,nnllins“~.

257 4091 457 4140 virtute
484 4088 816 4154 prohibetur.
847 4087 911 4143 Et
945 4099 1219 4144 extentam
1254 4107 1471 4145 manuni
1497 4093 1633 4162 ejus,
1671 4103 1726 4147 et
1748 4094 1818 4148 ad

259 4178 665 4243 percutiendum
691 4192 956 4245 paratam,
993 4195 1152 4236 nemo
1186 4184 1388 4250 poterit
1417 4199 1692 4239 coercere.

327 4267 487 4335 182
522 4266 702 4334 (Vers.
742 4269 856 4339 28.)
917 4289 935 4322 ι
971 4273 1126 4326 Anno
1173 4287 1282 4342 quo
1339 4282 1579 4329 mortuus
1611 4285 1695 4328 est
1726 4290 1817 4330 rex

256 4362 458 4424 Acbaz,
516 4362 716 4416 factum
762 4374 846 4417 est
882 4379 1024 4419 onus
1074 4365 1237 4421 ismd.
1291 4385 1311 4418 ι
1367 4368 1614 4432 Quatuor
1667 4383 1820 4439 reges

253 4450 454 4506 Iudaea:
485 4455 640 4508 titulo
680 4455 953 4522 propheta:
993 4457 1222 4526 legimus
1270 4472 1393 4512 esse
1421 4461 1760 4529 praepositos
1797 4479 1810 4516 :
1844 4449 1898 4506 Ῑ)

253 4547 462 4608 Uziam,
511 4535 804 4611 Joatbam,‘
843 4549 1052 4616 Achaz,
1106 4559 1161 4603 et
1216 4549 1531 4617 Ezechiam,
1573 4554 1818 4622 singulos

251 4637 356 4687 sibi
382 4637 569 4690 ordine
618 4647 672 4688 et
701 4639 884 4692 sobole
926 4639 1301 4706 succedentes,
1354 4657 1580 4710 quorum
1631 4641 1820 4698 Oziam

252 4738 524 4780 mortuum
544 4745 707 4797 supra
738 4731 984 4799 legimus,
1025 4731 1295 4788 referente
1318 4733 1455 4787 lsaia
1494 4752 1506 4788 :
1535 4735 1687 4788 Anno
1716 4750 1818 4806 quo

253 4829 493 4871 mortuus
521 4829 596 4873 est
624 4836 716 4873 rex
739 4823 918 4887 Ozias,
941 4823 1046 4878 ridi
1079 4824 1358 4878 Dominum
1379 4826 1638 4881 sedentem
1663 4847 1821 4896 super

249 4917 446 4966 solium
490 4915 750 4967 excelsum
778 4928 824 4968 et
859 4917 1136 4970 eleuatum.
1184 4918 1259 4972 Ex
1299 4937 1412 4988 quo
1471 4923 1822 4993 intelligimus

251 5019 309 5063 et
336 5009 605 5064 Visionetn
645 5010 880 5063 sedentis
907 5011 1140 5072 Domini,
1173 5021 1229 5065 et
1253 5029 1315 5065 ea
1346 5028 1464 5082 qua:
1493 5017 1820 5084 praecipiun-

253 5111 347 5153 tur
380 5106 654 5170 prophetae
677 5143 691 5165 ,
725 5119 896 5171 usque
930 5105 996 5156 ad
1029 5119 1149 5157 eum
1195 5105 1374 5158 locum
1429 5110 1518 5161 ubi
1566 5109 1825 5178 scriptum

251 5203 337 5244 est
380 5192 527 5258 (Cap.
559 5195 668 5259 v1):
703 5190 847 5245 Sicut
887 5193 1202 5246 terebinthus
1232 5204 1278 5247 et
1310 5198 1442 5248 sicut
1468 5214 1688 5267 quercus
1709 5216 1826 5269 qua:

251 5283 502 5348 expandit
537 5299 712 5336 ramos
759 5300 879 5337 suos
914 5301 934 5338 :
961 5300 1138 5339 semen
1187 5296 1428 5358 sanctum
1472 5293 1571 5341 erit
1615 5306 1826 5358 germen

248 5375 396 5440 ejus,
444 5374 546 5428 sub
605 5374 853 5429 Joatbatn
907 5391 1032 5448 rege
1081 5353 1458 5448 prophetatum
1510 5353 1655 5450 (Isti.
1710 5384 1832 5451 vn).

251 5460 479 5518 Tertius’
518 5467 763 5519 succedit
810 5467 991 5520 Achaz
1042 5468 1188 5523 ﬁlius
1233 5469 1486 5524 Joatbam
1553 5474 1646 5526 lilii
1679 5474 1826 5529 Ozias

251 5558 404 5628 regis
425 5555 591 5624 Juda,
648 5559 747 5612 sub
774 5576 880 5628 quo
915 5561 1164 5616 ascendit
1202 5563 1366 5616 liasin
1403 5579 1497 5617 rex
1521 5565 1713 5636 Syriae,
1776 5581 1831 5623 et

250 5649 629 5703 Pbaceelilius
656 5648 936 5714 liotneliai,
979 5667 1072 5706 rex
1114 5654 1300 5718 Israel,
1333 5656 1382 5706 in
1425 5653 1728 5711 Jerusalem
1759 5661 1825 5714 ad

252 5746 609 5813 praeliandunt
648 5755 836 5796 contra
863 5761 1005 5808 eam,
1041 5757 1094 5798 et
1137 5748 1337 5817 reliqua
1390 5765 1507 5818 qua:
1537 5748 1821 5822 Scriptura

602 5837 879 5902 Pamon.
962 5839 1176 5902 XXIV.

1919 3181 1985 3236 Et
2018 3181 2239 3250 pulchre
2267 3181 2506 3236 servavit
2536 3179 2906 3246 metaphoram
2938 3196 2954 3236 :
2989 3180 3148 3248 qnia-
3173 3181 3317 3234 enim
3369 3195 3492 3234 ser-

1918 3283 2132 3345 pentum
2173 3285 2228 3328 et
2265 3272 2509 3341 regulum
2560 3273 2892 3336 nominarat,
2948 3287 3044 3327 ore
3079 3273 3194 3343 ejus
3216 3281 3270 3328 et
3298 3275 3491 3342 spiritu

1918 3365 2318 3421 dicitvolucres
2357 3365 2632 3419 devorari.
2663 3363 2814 3429 Qrod
2843 3372 3022 3418 autem
3055 3364 3242 3419 nullus
3290 3381 3486 3434 regum

1917 3456 2054 3513 Juda
2078 3458 2155 3512 sic
2172 3459 2500 3527 percusserit
2519 3455 2870 3521 Philisthiim,
2894 3457 3165 3526 quomodo
3195 3472 3288 3512 eos
3325 3457 3491 3526 depo.

1921 3551 2135 3620 pulatus
2189 3561 2275 3605 est
2326 3549 2607 3613 Ezechias,
2662 3549 2787 3604 andi
2826 3549 3031 3618 Regum
3089 3550 3286 3604 librum
3331 3550 3494 3618 :Ipse

1919 3643 2174 3712 percussit
2237 3641 2558 3695 Pltflistliiim
2592 3658 2756 3712 usque
2776 3647 2847 3695 at!
2876 3639 3104 3708 Gazam,
3155 3650 3203 3696 et
3234 3659 3396 3712 usque
3421 3648 3492 3697 ad

1923 3739 2172 3789 terminos
2231 3736 2388 3804 ejus:
2427 3753 2457 3788 a
2486 3746 2628 3788 turre
2692 3737 2965 3789 custodum
3012 3751 3176 3802 usque
3221 3741 3290 3789 ad
3341 3736 3492 3790 urbes

1920 3829 2147 3880 munitas
2175 3825 2259 3896 (IV
2292 3826 2416 3896 Reg.
2459 3843 2611 3890 XVIII,
2639 3827 2714 3896 8).
2755 3825 2860 3879 Pro
2899 3841 2964 3881 eo
3004 3837 3180 3880 autent
3215 3828 3356 3897 quod
3396 3845 3492 3881 nos

1922 3920 2292 3972 transtulimus
2324 3919 2597 3970 absorbens
2625 3917 2907 3982 volucrem,
2941 3928 2996 3970 et
3023 3917 3072 3968 in
3108 3919 3335 3971 Hebrzeo
3353 3919 3488 3973 scri-

1923 4023 2070 4082 ptum
2109 4022 2188 4066 est
2222 4027 2423 4066 sanat-tt
2452 4025 2697 4065 uernam
2731 4012 2942 4079 (mw):
2965 4011 3121 4097 ιγπυ)
3149 4012 3489 4080 interpretari

1922 4113 2121 4173 potest,
2151 4121 2360 4172 serpens
2410 4106 2594 4158 volans
2626 4121 2643 4158 :
2674 4116 2731 4159 ut
2778 4105 2850 4158 sit
2901 4121 3094 4158 sensus
3147 4117 3163 4158 :
3213 4105 3280 4160 de
3317 4106 3497 4159 radice

1923 4197 2130 4252 colubri
2198 4206 2451 4250 nasci-tur
2507 4198 2817 4266 regulus,ct
2869 4199 3076 4252 fructus
3114 4197 3280 4260 illius,
3326 4198 3380 4252 id
3413 4213 3498 4250 ρει

1926 4289 2120 4357 reguli,
2153 4304 2375 4357 serpens
2403 4290 2613 4353 volans,
2649 4299 2707 4344 ul
2733 4292 3020 4347 draconem
3053 4291 3318 4346 volantem
3345 4291 3501 4345 intel—

1927 4381 2079 4453 ligas.

1999 4471 2156 4543 (Vers
2193 4473 2307 4541 ΞΟ.)
2339 4491 2357 4523 ι
2398 4473 2456 4526 Et
2484 4475 3141 4544 pascenturprimogeniti
3177 4491 3495 4546 pauperum,

1924 4575 1979 4622 et
2009 4581 2269 4636 pauperes
2313 4567 2640 4621 ﬁducialiter
2676 4569 3039 4637 i'cquiesccnt.
3080 4590 3097 4622 ι
3124 4572 3256 4624 Cum
3291 4582 3342 4626 te
3369 4589 3494 4640 per-

1927 4663 2158 4716 cusserit
2185 4662 2424 4729 regulus,
2452 4669 2506 4714 et
2535 4663 2700 4716 draco
2737 4661 2927 4716 volans
2974 4675 3096 4717 tuos
3123 4665 3382 4718 terminos
3406 4666 3500 4719 de-

1927 4753 2242 4812 vastaverit.
2290 4768 2636 4822 nequaquam
2683 4753 3036 4808 insidiabcris
3072 4754 3243 4816 Judue,
3286 4766 3338 4808 et
3371 4772 3498 4823 pau-

1931 4843 2204 4913 perculum
2237 4847 2488 4914 populum
2521 4861 2696 4898 meum
2737 4855 2828 4898 tua
2877 4845 3065 4899 fraude
3101 4847 3370 4911 terrebis;
3403 4851 3498 4901 sed

1932 4951 2149 5004 pressus
2179 4938 2413 5007 propriis
2440 4941 2724 5009 angustiis,
2756 4939 2913 4993 flebis
2936 4940 3294 4993 calaniitatetn
3323 4953 3494 4995 tuam.

1933 5026 2171 5082 Humiles
2198 5039 2380 5083 autent
2406 5038 2458 5082 et
2485 5044 2767 5100 pauperes,
2789 5032 2877 5099 qui
2904 5045 3008 5084 non
3051 5031 3103 5082 in
3135 5031 3340 5086 divitiis
3364 5045 3417 5086 et
3447 5037 3498 5087 in

1933 5118 2197 5184 potentia,
2234 5119 2325 5171 sed
2358 5119 2409 5170 in
2439 5135 2558 5173 meo
2609 5120 2827 5172 nomine
2884 5119 3248 5184 conlidebam,
3305 5137 3498 5175 secura

1937 5223 2065 5278 pace
2093 5209 2454 5278 requiescunt,
2477 5218 2534 5263 et
2555 5209 2755 5264 nullius
2788 5209 2959 5263 hastis
3000 5209 3260 5278 impetum
3304 5211 3496 5268 futuri-

1934 5301 2160 5354 dabunt.

2012 5412 2030 5444 ι
2077 5395 2143 5446 Et
2176 5393 2400 5448 interire
2427 5392 2618 5446 faciam
2664 5393 2717 5446 in
2756 5391 2901 5447 fame
2938 5395 3174 5450 radicem
3229 5407 3398 5462 tuam,
3449 5407 3504 5451 et

1937 5484 2192 5552 reliquias
2226 5497 2342 5538 tuas
2377 5483 2722 5538 interficiam.
2756 5501 2777 5536 ι
2835 5483 3028 5541 Tomm
3061 5502 3154 5557 per
3197 5490 3395 5558 figuras
3426 5487 3504 5542 lo-

1935 5576 2142 5645 quitur.
2173 5574 2264 5628 Est
2290 5583 2468 5629 autem
2498 5589 2729 5641 sensus,
2770 5578 2934 5647 quod,
2974 5580 3173 5648 pepulo
3216 5579 3308 5633 Dei
3363 5578 3505 5634 fidit-

1937 5668 2148 5721 cialiter
2179 5666 2578 5736 requiescente,
2604 5671 2842 5724 siccetur
2879 5669 3032 5726 radix
3062 5668 3422 5738 Philisthiim,
3446 5679 3506 5727 et

1941 5773 2132 5814 omnes
2166 5757 2410 5829 reliquiae
2445 5769 2859 5817 consumentur.

3157 5855 3193 5913 6
