3972 6198
428 319 532 381 175

1601 312 1691 381 8.’
1720 317 2031 380 EUSEBII
2082 315 2517 378 HIERONYMI

3571 316 3681 383 176

436 426 697 489 Visitabo,
748 426 941 497 inquit.
990 428 1044 481 in
1091 428 1241 499 virga
1286 428 1588 498 iniquitates
1615 445 1816 496 eorum,
1858 429 1991 483 etin
2019 432 2070 494 Α
2098 437 2419 483 transcensu
2476 429 2662 484 Arnon
2723 430 3053 499 migrabunt,
3111 428 3201 498 qui
3258 435 3340 484 est
3406 432 3677 486 terminus

424 520 715 574 uerberibus
739 530 951 586 peccata
985 535 1165 572 eorum
1190 519 1306 589 (Ps.
1332 526 1590 583 Lxxxvttt,
1620 522 1736 592 '53).
1762 521 1994 577 Torren-

427 626 535 667 tctn
587 615 833 679 salicum,
867 614 1172 683 Babylonia:
1224 617 1408 684 accipe
1443 614 1774 682 iluutiua,dc
1800 616 1994 685 quibus

429 702 618 766 David,
642 702 705 757 In
731 705 899 756 medio
927 704 1039 770 ejus
1062 704 1425 771 suspendimus
1448 722 1648 775 organa
1675 716 1854 759 nostra
1876 708 1991 776 (1's.

427 809 642 858 cxxxvt,
679 794 774 863 9.):
810 794 925 849 sive
952 794 1141 849 vallem
1166 796 1400 861 Arabia),
1430 810 1524 865 per
1554 810 1713 865 quam
1756 797 1997 867 pergitur

334 884 337 887 ⁷
428 892 493 940 ad
525 887 793 955 Assyrios.

499 978 677 1046 (Vcrs.
704 975 783 1046 ὃ.)
817 996 835 1029 ‹
878 976 1148 1042 Quoniam
1187 976 1438 1033 circuibit
1469 977 1675 1032 clamor
1708 977 1991 1033 terminum

342 1142 345 1143 ν
426 1069 605 1133 Moab,
633 1083 803 1138 usque
843 1070 909 1123 ad
937 1070 1166 1138 Agallim
1198 1070 1432 1124 ululatus
1463 1070 1601 1138 ejus,
1624 1083 1678 1123 et
1710 1084 1883 1140 usque
1926 1070 1993 1123 ad

347 1151 360 1170 ν
425 1166 648 1230 puteum
703 1160 841 1215 Elim
886 1159 1093 1214 clamor
1122 1160 1261 1229 ejus.
1307 1179 1326 1211 ο
1358 1159 1554 1214 Eadem
1611 1174 1779 1229 prope
1818 1159 1997 1215 omnia

428 1264 481 1308 et
512 1252 774 1308 Jerentias
800 1253 1009 1306 scribit.
1041 1251 1180 1306 Sunt
1203 1261 1385 1306 autem
1414 1253 1595 1313 urbes,
1620 1260 1673 1305 et
1708 1251 1822 1305 loca
1853 1250 2000 1304 Moa-

432 1347 689 1410 bitarum,
719 1346 772 1399 itt
803 1345 999 1413 quibus
1024 1347 1249 1411 clamor,
1270 1352 1325 1400 et
1352 1343 1571 1415 ejulatio
1595 1343 1790 1413 captivi
1815 1343 1998 1413 pepuli

430 1438 783 1492 describitur.

498 1526 675 1601 (Vers.
706 1530 783 1599 9.)
818 1549 835 1580 ι
877 1528 1011 1595 Quia
1046 1543 1198 1598 aqua:
1226 1528 1398 1584 Dibon
1436 1530 1451 1560 ί
1482 1528 1699 1598 repletae
1722 1537 1848 1584 sunt
1875 1542 2004 1583 sau-

430 1624 610 1691 gnine.
634 1639 652 1673 ›
682 1621 779 1677 Ubi
808 1623 958 1692 prius
978 1633 1094 1675 erat
1114 1622 1320 1676 luxuria
1341 1631 1557 1691 propter
1575 1622 1805 1691 irriguos
1822 1636 2002 1691 agros,

428 1722 482 1766 et
515 1711 692 1766 fontes
732 1711 931 1781 jugitcr
992 1721 1346 1774 entanantes,
1374 1712 1446 1767 ibi
1500 1726 1610 1781 pra:
1658 1711 2005 1765 multitudine

431 1800 839 1855 interfectorum
873 1802 971 1855 rivi
1004 1802 1283 1871 sanguinis
1314 1802 1503 1856 ﬂuent.

508 1913 526 1945 ι
570 1893 767 1948 Ponam
826 1894 970 1947 enim
1003 1909 1164 1962 super
1193 1892 1367 1947 Dibon
1409 1892 1775 1947 additamenta
1802 1892 1886 1948 his
1909 1893 2003 1961 qui

434 1985 673 2054 lugerint
691 1983 757 2037 de
779 1982 933 2036 Moab
960 1982 1511 2052 leoncttnetreliqniis
1531 1993 1708 2038 teme.
1734 2002 1753 2037 ι
1785 1981 1861 2037 Nc
1882 1985 2003 2052 quis

434 2076 949 2147 Scriptoris.vitinm
983 2083 1156 2142 putet,
1189 2084 1243 2129 et
1275 2089 1521 2129 errorem
1556 2075 1844 2129 emendare
1876 2076 2003 2129 dum

434 2170 566 2233 vult,
600 2168 787 2232 faciat,
812 2182 915 2221 una
946 2169 1075 2220 urbs
1119 2176 1173 2218 et
1208 2180 1304 2233 per
1338 2164 1416 2231 Μ,
1441 2176 1494 2221 et
1537 2178 1631 2236 per
1680 2166 1743 2229 Β,
1774 2165 2005 2220 litteram

433 2261 717 2315 scribitur:
762 2273 792 2313 e
811 2259 1009 2328 quibus
1032 2259 1221 2311 Dimon
1249 2258 1516 2312 silentium
1542 2259 2003 2328 interpretantur;

439 2354 631 2416 llibon,
660 2351 848 2419 ﬂuens.
882 2349 1060 2403 indito
1106 2357 1334 2417 utroque
1372 2349 1589 2403 nomine
1624 2359 1845 2418 propter
1883 2348 2006 2402 lati-

435 2460 527 2500 ces
558 2445 651 2513 qui
693 2444 855 2498 tacite
887 2441 1077 2507 ﬂuant,
1120 2456 1294 2511 usque
1342 2442 1504 2495 hodie
1556 2441 1928 2495 indiliereuter
1951 2447 2006 2493 et

434 2539 629 2591 Dimon
654 2543 709 2591 et
739 2534 909 2588 Dibon
927 2533 1032 2588 hoc
1056 2534 1368 2602 oppidulum
1393 2531 1613 2586 dicitur.
1642 2530 1798 2597 Quod
1822 2541 2003 2584 autem

433 2630 549 2683 ait:
587 2627 786 2682 Ponant
838 2641 993 2694 super
1035 2623 1205 2678 Dibon
1241 2624 1626 2689 additamenta,
1660 2632 1715 2676 et
1749 2623 2007 2692 quaestio-

354 2740 375 2753 ο
435 2737 558 2777 nem
588 2722 769 2775 facere
792 2714 1100 2781 videbatur,
1126 2716 1253 2785 quid
1280 2726 1445 2783 esset,
1476 2715 1723 2785 sequenti
1745 2714 2009 2770 versiculo

434 2811 832 2865 demonstravit
857 2809 1043 2863 dicens
1073 2808 1206 2863 :Ilis
1236 2808 1324 2877 qui
1348 2806 1577 2875 fugerint
1608 2811 1669 2860 de
1709 2805 1867 2860 Moab
1902 2807 2010 2860 (eo-

436 2920 575 2967 nem,
603 2912 651 2955 et
684 2902 918 2971 retiquiis
949 2910 1101 2954 terra:
1121 2913 1138 2952 :
1158 2907 1214 2953 ut
1246 2899 1404 2953 etiam
1439 2898 1533 2967 qui
1556 2896 1676 2967 fuga
1702 2898 1836 2966 lapsi
1862 2909 2008 2963 sunt,

348 2984 392 3070 ’ξ
433 3014 463 3050 a
489 2994 676 3051 bestiis
690 3002 1097 3048 consumantur.
1115 2990 1428 3057 Quanquam
1449 3000 1500 3043 et
1523 3004 1617 3058 per
1640 2989 2009 3058 metaphoram

436 3091 670 3153 leonem,
740 3099 920 3154 regem
970 3082 1207 3137 hostium
1264 3096 1550 3150 possumus
1607 3080 1925 3151 intelligere,
1955 3091 2081 3182 utc

436 3182 733 3250 potentiam
764 3177 883 3247 ejus
900 3176 1054 3246 quasi
1085 3175 1317 3245 rugitutn
1352 3188 1511 3228 nemo
1547 3173 1718 3243 possit
1753 3178 2002 3229 evadere.

506 3267 807 3338 (Cap.XV’l.
829 3295 898 3306 —-
934 3265 1086 3321 Vers.
1112 3265 1189 3335 1.)
1217 3282 1237 3317 t
1279 3264 1476 3319 Emitte
1500 3265 1735 3334 Agttum,
1763 3265 2006 3319 domina-

436 3377 607 3419 torem
628 3371 804 3426 terrae,
833 3361 899 3415 de
915 3370 1065 3430 petra
1093 3358 1294 3414 deserti
1314 3357 1381 3412 ad
1405 3366 1639 3413 montem
1666 3356 1787 3411 ﬁliae
1810 3356 2000 3411 Sion.»

437 3456 591 3523 Quod
649 3457 1092 3523 interpretamur.
1143 3464 1250 3505 non
1298 3456 1382 3504 est
1430 3446 1692 3514 Historia,
1719 3448 1879 3518 189
1913 3451 2006 3504 sed

439 3550 744 3620 prophetia.
808 3547 999 3601 Omnis
1049 3552 1231 3598 autent
1288 3543 1568 3612 prophetia
1624 3540 2005 3613 mnigmatibus

440 3639 751 3701 involvitur,
785 3645 840 3691 et
873 3632 1113 3704 prrecisis
1163 3631 1470 3693 sententiis,
1504 3630 1632 3684 dum
1664 3630 1734 3683 de
1771 3629 1879 3684 alio
1929 3628 2009 3685 lo-

442 3733 648 3803 quitur,
681 3727 875 3784 transit
908 3726 975 3780 ad
1007 3724 1190 3780 aliud:
1240 3739 1307 3779 ne
1354 3723 1402 3779 si
1449 3722 1695 3777 ordinem
1725 3720 2008 3791 Scriptura

442 3835 747 3888 conservet,
777 3838 883 3877 non
940 3821 1010 3877 sit
1048 3818 1389 3883 vaticinium,
1415 3820 1510 3872 sed
1543 3815 1805 3870 narratio.
1835 3815 1903 3869 Et
1926 3823 2011 3869 est

442 3936 673 3978 sensus:
698 3918 743 3974 0
764 3917 940 3983 Moab,
971 3917 1027 3970 in
1054 3930 1217 3987 quant
1238 3914 1593 3970 desaeviturus
1619 3921 1703 3966 est
1730 3912 1837 3977 leo,
1869 3919 1923 3965 et
1944 3908 2011 3964 de

443 4027 550 4083 qua
583 4029 649 4066 ne
692 4010 932 4078 reliquiae
982 4008 1200 4077 quidem
1258 4006 1459 4061 salvari
1510 4013 1786 4073 poterunt,
1816 4002 2013 4058 habeto

445 4105 698 4160 solatium
732 4102 831 4156 hoc
858 4116 873 4157 :
898 4098 1219 4171 Egredietur
1243 4097 1311 4153 de
1341 4105 1393 4150 te
1421 4095 1606 4164 Agnus
1631 4093 2011 4150 itntnaculatus

446 4203 539 4272 qui
590 4200 742 4257 tollat
794 4206 1017 4268 peccata
1070 4190 1279 4257 mundi,
1328 4189 1422 4258 qui
1466 4186 1853 4242 domineturitt
1881 4186 2013 4242 orbe

448 4309 735 4351 terrarum.
766 4290 841 4345 De
885 4300 1037 4359 petra
1069 4282 1292 4348 deserti,
1326 4284 1429 4337 hoc
1458 4293 1563 4349 est,
1590 4282 1657 4337 de
1691 4280 1856 4345 Ruth,
1895 4294 2013 4350 quae

448 4385 626 4442 mariti
685 4390 859 4437 morte
890 4378 1136 4444 viduata,
1168 4376 1236 4432 de
1266 4374 1407 4430 Booz
1452 4373 1641 4445 genuit
1668 4371 1821 4429 Obed
1857 4381 1913 4427 et
1946 4372 2013 4426 de

2097 522 2556 587 Atnorrhmorunt,
2575 532 2628 576 et
2652 521 3029 575 Moabitarntn.
3058 520 3458 575 Transcensum
3488 532 3673 578 autem

2096 623 2151 667 et
2190 613 2273 667 hic
2303 627 2531 682 ponens,
2557 615 2927 683 captivitatem
2960 614 3253 683 signiﬁcat.

2170 705 2347 775 (Vers.
2385 705 2439 771 5,
2483 705 2560 775 Α.)
2623 723 2642 756 ‹
2700 703 2772 757 lui
2815 705 3123 771 consilium,
3158 720 3293 775 coge
3322 705 3613 760 concilium
3650 723 3668 760 :

2103 808 2242 864 pooc
2276 794 2428 862 quasi
2482 804 2693 848 noctem
2725 794 2976 848 umbram
3012 802 3159 848 tuam
3196 796 3249 847 itt
3281 796 3678 857 meridie,abs-

2097 888 2267 941 conde
2316 887 2599 956 fugientes,
2624 896 2679 940 et
2736 901 2907 957 vagos
2955 901 3023 941 ne
3072 887 3287 954 prodas.
3338 884 3679 942 Habitabnnt

2100 976 2242 1045 apud
2281 985 2330 1030 te
2363 975 2575 1046 profugi
2620 977 2723 1031 mei
2752 995 2768 1032 :
2799 976 2983 1041 Moab,
3013 987 3133 1032 esto
3164 977 3449 1031 latibulum
3482 993 3675 1031 eorum

2103 1084 2130 1120 a
2164 1066 2302 1122 facie
2342 1068 2649 1134 vastatoris,
2680 1066 2862 1123 ﬁnitus
2891 1078 2975 1123 est
3005 1069 3152 1123 enim
3188 1068 3390 1137 pulvis,
3415 1083 3678 1123 consum-

2104 1170 2283 1213 matus
2316 1169 2399 1215 est
2429 1160 2614 1226 miser,
2644 1159 2840 1215 defecit
2872 1161 2963 1229 qui
2995 1161 3351 1215 conculcabat
3380 1172 3606 1215 terram.
3653 1181 3672 1212 ι

2102 1249 2210 1304 Pro
2241 1253 2429 1305 misero
2460 1252 2514 1305 in
2551 1250 2817 1305 llebraico
2866 1251 3059 1320 legitur
3089 1266 3182 1305 son
3225 1253 3383 1323 (11D),
3404 1254 3544 1322 quod
3578 1269 3681 1322 po-

2106 1351 2209 1396 test
2233 1352 2287 1397 et
2316 1351 2555 1396 vastator
2587 1343 2838 1412 intelligi.
2881 1342 3149 1412 Loquitur
3175 1355 3355 1398 autem
3390 1344 3459 1397 ad
3494 1344 3679 1409 Moab,

2107 1442 2163 1487 ut
2198 1433 2482 1488 consilium
2526 1434 2716 1489 salutis
2750 1434 3013 1500 inveniat,
3049 1446 3102 1489 et
3135 1435 3357 1489 senibus
3380 1450 3685 1504 congrega-

2109 1526 2199 1589 tis,
2233 1534 2390 1596 cogat
2445 1525 2681 1580 salutare
2721 1525 3037 1581 concilium.
3085 1524 3205 1589 Vis,
3268 1525 3466 1593 inquit,
3494 1526 3685 1582 salvus

2107 1632 2251 1685 esse,
2300 1627 2354 1672 et
2411 1616 2504 1671 Dei
2545 1618 2973 1672 misericordiam
3023 1617 3367 1687 promereri?
3416 1616 3473 1672 ln
3526 1616 3681 1673 clara

2109 1709 2251 1774 luce,
2281 1718 2335 1764 et
2393 1718 2579 1779 aperta
2629 1708 2754 1779 luga
2786 1708 2965 1779 pepuli
3025 1709 3154 1785 mei,
3183 1718 3236 1763 tu
3266 1710 3423 1779 quasi
3476 1725 3583 1764 nox
3622 1721 3683 1765 et

2036 1788 2075 1842 Β
2109 1803 2299 1856 umbra
2322 1810 2460 1869 esto,
2485 1801 2703 1870 suscipe
2735 1799 3025 1870 fugientes.
3054 1815 3325 1871 vagosque
3363 1815 3430 1855 ne
3457 1803 3678 1869 prodas.

2105 1891 2172 1945 Et
2236 1894 2337 1947 hoc
2388 1908 2559 1963 quare
2617 1893 2837 1958 dixerit,
2876 1892 3057 1947 statim
3110 1891 3310 1949 inl‘ert:
3348 1891 3677 1946 Habitabant

2106 1987 2247 2055 apud
2296 1997 2344 2040 te
2398 1988 2605 2056 profugi
2664 1987 2789 2039 mei.
2819 1985 3038 2040 Vastata
3076 1984 3219 2038 enim
3272 1972 3591 2046 Jerusaleiit,
3620 1990 3679 2035 et

2106 2078 2251 2134 omni
2279 2076 2464 2133 Judma
2499 2094 2618 2146 qua:
2662 2078 2892 2132 conlinis
2929 2088 3012 2131 est
3045 2074 3314 2137 Moabitis.
3349 2077 3415 2127 ad
3447 2085 3497 2128 te
3527 2089 3680 2129 meus

2109 2171 2335 2239 populus
2360 2168 2791 2240 transmigrabit.
2818 2169 2948 2226 Esto
2974 2168 3135 2237 igitur
3164 2167 3445 2222 latibulum
3462 2181 3676 2230 eorum,

2109 2276 2206 2317 nec
2258 2262 2448 2316 timeas
2505 2262 2759 2330 itnpetnm
2796 2260 3111 2325 vastatoris,
3143 2260 3267 2329 quia
3314 2259 3456 2313 sicut
3501 2257 3680 2326 pulvis

2108 2355 2216 2408 cito
2247 2353 2496 2407 transibit
2524 2369 2538 2407 :
2566 2362 2622 2407 et
2677 2352 3033 2422 depOpulator
3084 2352 3348 2405 universa
3379 2358 3556 2415 terrm,
3581 2348 3678 2417 qui

2108 2445 2460 2502 conculcabat
2484 2460 2625 2510 eam,
2659 2444 2816 2514 190
2840 2455 2892 2498 et
2921 2443 3033 2499 suis
3066 2443 3292 2513 pedibus
3326 2441 3672 2511 subjiciebat,

2110 2552 2240 2593 aura
2266 2537 2434 2593 ﬂante
2479 2537 2757 2606 disperiet.
2793 2535 3025 2603 Quidam
3059 2536 3234 2589 locum
3272 2535 3409 2589 male
3436 2535 3502 2588 de
3524 2534 3680 2587 Anti-

2109 2630 2318 2685 cltristo
2356 2630 2805 2700 interpretantur,
2851 2638 2909 2683 ut
2953 2637 3142 2698 putent
3172 2628 3407 2684 Sanctus
3445 2641 3511 2681 eo
3542 2637 3681 2680 tem—

2112 2737 2240 2792 pore
2270 2731 2491 2792 propter
2519 2722 2770 2776 viciniam
2798 2721 2948 2776 urbis
2974 2720 3354 2790 Hierosolyma:
3375 2719 3442 2774 ad
3464 2718 3674 2772 Arabas

2114 2814 2459 2878 transituros,
2511 2822 2567 2867 et
2626 2799 2769 2867 nunc
2806 2813 2886 2867 eis
2935 2811 3175 2882 praecipi,
3208 2826 3277 2865 ne
3322 2814 3550 2879 prodant
3585 2807 3672 2860 fu-

2113 2906 2322 2976 gientes
2347 2906 2414 2960 ad
2437 2920 2517 2960 se.

2183 2997 2364 3066 (Vers.
2418 2997 2497 3067 5.)
2555 3013 2573 3047 ι
2618 2996 2683 3051 Ει
2736 2997 3131 3067 ρτωρπίώίιυι·
3180 2997 3236 3051 in
3300 2993 3675 3051 misericordia

2114 3088 2333 3154 solium,
2362 3096 2419 3143 et
2457 3088 2673 3143 sedebit
2710 3103 2872 3156 super
2919 3089 3088 3145 illud'
3120 3092 3175 3143 in
3204 3091 3451 3153 veritate,
3489 3088 3539 3140 in
3593 3097 3678 3140 ta-

2113 3180 2404 3235 bernaculo
2436 3181 2622 3248 David,
2647 3181 2896 3250 judicans
2930 3191 2981 3235 et
3033 3196 3277 3251 quaerens
3312 3180 3598 3251 judicium,
3620 3191 3679 3233 et

2112 3270 2370 3325 velociter
2426 3272 2655 3325 reddens
2691 3272 2834 3341 quod
2878 3271 3085 3340 justum
3132 3282 3233 3327 est.
3280 3290 3300 3325 ι
3341 3270 3549 3326 llebrzei
3601 3272 3681 3324 lo-

2115 3374 2237 3415 cum
2270 3361 2430 3415 istutn
2464 3362 2546 3416 sic
2572 3365 3044 3430 interpretantur:
3079 3362 3284 3432 Fugato
3310 3366 3555 3433 Assyrio,
3589 3378 3677 3417 re-

2114 3453 2299 3524 gttabit
2327 3452 2479 3509 Juda:
2510 3453 2771 3509 Ezechias
2800 3456 3101 3524 virjustus,
3124 3465 3177 3509 et
3204 3456 3457 3511 retinebit
3482 3456 3678 3511 solium

2116 3544 2304 3611 David,
2343 3545 2645 3612 subjectum
2694 3548 2796 3602 sibi
2857 3550 3115 3619 populum
3161 3550 3251 3603 Dei
3304 3550 3556 3618 judicans
3620 3551 3676 3603 in

2114 3637 2365 3692 veritate.
2391 3638 2495 3692 Alii
2514 3638 2580 3693 de
2601 3639 2819 3694 Christo
2844 3641 3170 3712 intelligunt.
3198 3640 3376 3695 Finito
3397 3642 3679 3694 Antichri-

2116 3727 2186 3784 sti
2219 3728 2456 3798 pulvere,
2489 3738 2543 3783 et
2578 3741 2852 3785 vastatore
2908 3731 3143 3792 sublato.
3173 3732 3263 3800 qui
3320 3730 3680 3786 conculcabat

2117 3822 2421 3877 universam
2453 3834 2675 3888 terrain,
2709 3837 2801 3876 rex
2826 3822 3074 3879 Christus
3094 3822 3366 3887 adveniet,
3394 3824 3484 3893 qui
3510 3824 3643 3877 sede
3660 3850 3681 3865 ο

2118 3914 2198 3969 bit
2227 3914 2279 3969 in
2315 3914 2660 3970 tabernaculo
2717 3915 2982 3980 David,et
3027 3917 3079 3971 itt
3116 3917 3201 3971 die
3249 3916 3438 3985 judicii
3493 3917 3682 3972 reddet

2118 4007 2327 4062 cunctis
2366 4022 2464 4077 pro
2513 4008 2765 4077 operibus
2817 4007 2951 4063 suis.
3002 4006 3110 4062 Nec
3144 4015 3225 4061 est
3257 4007 3362 4059 ulla
3390 4005 3677 4069 dubitatio,

2119 4098 2249 4168 quin
2280 4099 2704 4169 capitulum’lroc
2737 4100 2799 4154 de
2824 4098 3041 4155 Christo
3067 4099 3411 4154 vaticinetur.
3448 4098 3552 4153 Sed
3584 4112 3685 4153 nos

2118 4189 2175 4246 in
2231 4192 2407 4261 primo
2464 4192 2695 4247 adventu
2736 4193 2968 4261 idipsum
3023 4191 3321 4262 intelligere
3364 4204 3680 4259 possumus.

2119 4292 2283 4353 atque
2326 4284 2377 4338 itt
2425 4282 2682 4339 Ecclesia:
2719 4282 3065 4338 tabernaculo
3116 4285 3508 4339 demonstrare.
3537 4281 3683 4352 quod

2122 4378 2175 4432 in
2210 4378 2357 4431 omni
2395 4387 2537 4432 terra
2572 4376 2727 4432 Moab
2774 4376 3139 4432 Ecclesiarum
3176 4385 3375 4446 tropaea
3406 4376 3682 4446 surgentia

447 4478 593 4533 Obed
654 4475 828 4538 .lesse,
873 4482 928 4527 et
957 4472 1023 4525 de
1073 4469 1226 4524 Jesse
1257 4466 1446 4530 David,
1469 4477 1525 4521 et
1552 4464 1621 4521 de
1650 4464 1817 4518 David
1851 4462 2013 4518 Chri-
2044 4483 2089 4540 ι)
2118 4468 2319 4525 Christi
2351 4477 2614 4524 testemur
2638 4470 2942 4539 imperium,

448 4581 612 4625 stunt.
640 4566 873 4622 Montem
912 4573 1090 4618 autem
1128 4562 1250 4616 lilia:
1292 4560 1443 4625 Sion,
1476 4567 1570 4612 aut
1616 4558 1788 4627 ipsam
1822 4556 2014 4610 urbem

446 4661 878 4730 Hierosolymam
908 4655 1388 4724 interpretabimur
1414 4692 1427 4715 ,
1451 4662 1547 4706 aut
1570 4652 1723 4719 juxta
1747 4659 2014 4703 sacratam

446 4753 885 4824 intelligentiam.
918 4748 1235 4812 Ecclesium,
1270 4762 1390 4816 qua:
1421 4747 1492 4799 sit
1525 4746 1581 4798 in
1616 4745 1869 4797 virtutum
1895 4742 2014 4797 cul-

447 4850 591 4905 mine
609 4845 926 4902 constituta.

520 4940 699 5013 (Vers.
730 4940 810 5009 2.)
849 4954 866 4988 ι
910 4937 975 4991 Et
1010 4935 1135 4999 erit,
1186 4934 1326 4988 sicut
1359 4931 1478 4985 avis
1526 4929 1838 4998 lngiens,et
1885 4927 2016 4997 pulli

449 5036 515 5089 de
539 5034 660 5088 nido
678 5031 974 5093 avolautcs,
1011 5028 1090 5082 sic
1108 5036 1264 5081 erunt
1289 5025 1408 5078 lilia:
1436 5022 1594 5078 Moab
1615 5025 1666 5075 itt
1700 5032 2018 5075 transcensu

448 5102 713 5181 Arnouﬁ
754 5121 915 5175 Redit
973 5120 1039 5173 ad
1091 5118 1335 5172 ordinent
1379 5131 1539 5184 queat
1588 5122 1847 5183 ceperat;
1882 5114 2018 5167 Cum

452 5232 708 5289 posuero,
758 5214 954 5282 inquit,
987 5212 1071 5267 his
1105 5213 1196 5278 qui
1230 5210 1463 5278 fugerint
1497 5208 1563 5263 de
1594 5206 1774 5270 Moab,
1799 5215 1853 5260 ct
1892 5205 2020 5261 reli-

452 5311 595 5381 quiis
632 5320 787 5362 terra:
821 5307 1033 5359 leonem
1066 5304 1449 5363 εειενὶεείιιιυιιι,
1480 5300 1573 5368 qui
1612 5314 1800 5354 eorutn
1845 5308 2016 5361 artus,

452 5416 682 5472 ossaque
722 5396 1211 5465 confringatrtunc
1249 5392 1424 5462 pavidi
1467 5390 1783 5453 avolabuut,
1814 5398 1867 5443 et
1902 5404 2015 5443 ont-

450 5511 546 5549 nes
576 5492 719 5556 ﬁliae,
746 5489 794 5544 id
827 5498 934 5555 est,
962 5486 1125 5551 villae,
1160 5496 1213 5539 et
1245 5487 1403 5539 urbes
1431 5484 1722 5554 provincia:
1751 5480 1929 5545 Moab,
1963 5479 2015 5531 in

530 5698 547 5728 ⁸
576 5695 632 5747 lu
655 5693 829 5749 Vatic.
866 5674 1177 5755 D‘intonpdc
1208 5702 1312 5757 qua
1352 5688 1580 5741 lectione
1609 5700 1726 5740 mox
1758 5684 1867 5751 ipse
1894 5681 2019 5735 llic-

454 5781 715 5836 IOttytttus
741 5766 975 5821 dissot‘il.

2190 4562 2369 4631 (Vers.
2400 4562 2454 4627 6,
2480 4563 2560 4632 Ἰ.)
2616 4581 2634 4614 t
2696 4562 3013 4616 Audivintus
3056 4561 3360 4632 superbiam
3394 4560 3569 4625 Moab,
3594 4573 3686 4613 su-

2116 4654 2319 4726 perbus
2347 4664 2430 4711 est
2465 4655 2617 4708 valde
2649 4671 2663 4707 :
2696 4654 2945 4724 superbia
2969 4653 3108 4719 ejus,
3134 4665 3187 4708 et
3209 4653 3513 4723 arrogantia
3542 4652 3684 4721 ejus,

2118 4756 2172 4800 et
2200 4745 2497 4815 indignatio
2522 4745 2665 4814 ejus,
2711 4744 2995 4814 plusquam
3026 4743 3289 4797 fortitudo
3310 4745 3447 4812 ejus.
3476 4742 3687 4799 Idcirco

2120 4838 2342 4892 ululabit
2376 4835 2530 4890 Moab
2556 4836 2624 4890 ad
2656 4835 2830 4900 Moab,
2856 4835 3137 4890 universus
3170 4835 3394 4889 ululabit
3424 4850 3441 4889 :
3484 4835 3565 4888 his
3592 4835 3684 4902 qui

2119 4931 2373 4985 laetantur
2402 4943 2566 4997 super
2589 4942 2772 4980 muros
2793 4929 2930 4981 cocti
2964 4926 3171 4990 lateris,
3192 4924 3472 4993 loquimini
3499 4924 3687 4993 plagas

2120 5023 2258 5093 ejus.
2299 5041 2318 5074 ι
2349 5022 2581 5075 Rursum
2604 5020 2669 5073 ad
2695 5021 2976 5089 praesentia
3010 5019 3167 5082 redit,
3200 5025 3253 5071 et
3294 5018 3560 5086 superbiae
3594 5032 3685 5068 ar-

2122 5118 2236 5188 guit
2253 5114 2574 5183 Moab,qnod
2600 5112 2768 5167 tnulto
2785 5112 2903 5181 plus
2929 5112 3102 5166 elatus
3125 5112 3194 5164 sit
3214 5124 3376 5177 quam
3395 5110 3510 5178 ejus
3528 5107 3689 5161 forti-

2124 5209 2253 5264 tudo
2292 5206 2635 5276 poscebat,et
2660 5214 2881 5274 propter
2894 5203 3036 5257 hanc
3057 5200 3362 5269 superbiant
3392 5197 3688 5253 ululaturus

2124 5299 2195 5355 sit
2218 5297 2372 5352 Moab
2394 5297 2460 5349 ad
2478 5295 2654 5362 Moab,
2679 5298 2727 5350 id
2769 5306 2871 5359 est,
2900 5295 3129 5364 populus
3154 5294 3218 5346 ad
3247 5290 3545 5356 urbem,vel
3569 5303 3682 5343 nte-

2125 5392 2349 5461 tropolis
2377 5393 2442 5446 ad
2478 5390 2835 5461 provinciam,
2870 5398 2921 5441 et
2972 5400 3162 5441 cuneta
3214 5384 3508 5441 ululatibus
3542 5392 3688 5437 terra

2124 5485 2399 5541 resonabit
2455 5500 2616 5553 super
2659 5498 2840 5536 muros
2890 5480 3031 5535 cocti
3067 5478 3271 5547 lateris,
3309 5479 3377 5534 de
3406 5478 3603 5548 quibus
3633 5489 3690 5531 et

2198 5687 2215 5714 ’
2244 5683 2471 5754 Legerat
2501 5683 2781 5753 Martian.,
2811 5700 2967 5753 super
2991 5699 3129 5737 eum.
