3962 6192
269 377 374 445 171

821 375 1317 440 COMMENTAR.
1360 375 1443 436 IN
1486 373 1750 436 ISAIAM
1780 372 2246 438 PROPHETAM
2286 379 2430 444 LIB.
2467 383 2536 454 V,
2576 381 2738 442 CAP.
2780 381 2967 442 XVII.

3415 380 3517 443 178

266 494 537 552 Jeremias
571 490 645 545 ait
673 508 687 546 ;
712 491 838 546 Ideo
879 506 1034 560 super
1088 489 1246 544 Moab
1271 487 1479 558 ejulabo
1506 497 1554 546 et
1583 483 1845 572 adﬂeat:
1879 489 1922 545 A
1950 499 2134 543 sancta
2181 505 2300 555 sua,
2333 501 2396 546 ut
2429 493 2698 558 obsecret,
2743 502 2797 547 et
2847 507 2953 547 non
2989 490 3206 547 valebit.
3244 509 3264 544 ι
3317 490 3514 548 Ultima

268 585 707 658 universumul.
766 581 1086 654 unirersam]
1140 581 1376 636 clamabo
1416 584 1486 634 ad
1518 581 1654 634 viros
1708 577 1848 632 muri

269 682 452 752 ﬁctilis
483 681 830 733 lamentantes
864 676 1081 748 (Jerem.
1111 688 1300 736 XLVIII.
1320 673 1433 744 5i).
1471 671 1572 727 Per
1607 672 1722 725 haec
1750 685 1850 724 au-

270 785 384 828 tem
415 782 470 827 et
502 771 798 843 potentiam
828 768 1074 839 pristina:
1131 766 1424 831 felicitatis,
1452 773 1506 820 et
1551 763 1740 834 plagas
1768 776 1850 817 re-

275 865 510 936 pentium
540 861 910 918 subversionis
941 859 1201 914 ostendit.

352 953 532 1021 (Vers.
563 953 641 1019 8.)
675 971 693 1004 ‹
731 950 997 1018 Quoniam
1031 950 1342 1004 suburbana
1387 945 1602 1003 Esebon
1635 945 1852 1001 deserta

279 1056 448 1101 sunt:
484 1048 635 1099 vinea
677 1043 910 1098 Sabama
945 1042 986 1095 ί.
1028 1060 1048 1094 ι
1103 1041 1249 1095 Inter
1278 1039 1493 1097 Esebon
1530 1048 1587 1095 et
1618 1039 1852 1094 Sabama

278 1140 370 1193 vix
418 1137 700 1206 quingenti
741 1148 936 1203 passus
985 1143 1136 1197 sunt,
1169 1142 1223 1187 et
1247 1147 1343 1200 per
1368 1133 1742 1201 metaphoram
1771 1131 1853 1185 vi-

282 1245 401 1286 nete
456 1230 635 1283 omnis
664 1226 957 1296 provincia:
990 1225 1263 1295 signiticat
1294 1225 1621 1282 vastitatem.

361 1340 380 1370 ι
424 1321 630 1374 Domini
658 1319 895 1390 gentium
923 1317 1238 1371 exciderunt
1265 1315 1467 1387 flagella
1491 1316 1629 1388 ejus.
1676 1334 1695 1366 ι
1729 1316 1857 1371 Scr-

281 1421 377 1465 vat
408 1410 820 1466 translationem
875 1420 1043 1477 quam
1076 1415 1336 1472 cmperat,
1370 1409 1662 1462 ostendens
1700 1421 1858 1476 rcges

284 1503 551 1574 gentium,
581 1502 670 1571 qui
702 1505 1052 1554 vastaverant
1085 1496 1267 1564 Moab,
1295 1512 1484 1554 omnes
1509 1499 1710 1554 viculos
1736 1514 1859 1554 cas-

287 1597 523 1664 tellaqne
553 1593 929 1661 depOpulatos.

360 1687 518 1756 191
558 1704 574 1737 ι
614 1683 795 1755 Usque
828 1684 893 1739 ad
923 1682 1084 1740 Jazer
1109 1691 1507 1754 pervenerunt:
1539 1693 1860 1739 erraverunt

283 1779 343 1832 in
375 1777 593 1832 deserto
620 1793 634 1830 :
661 1763 984 1846 propagines
1017 1773 1138 1844 ejus
1191 1775 1394 1830 relictae
1426 1784 1553 1828 sunt
1580 1791 1594 1829 :
1629 1773 1859 1828 transie-

286 1879 420 1925 runt
447 1883 620 1924 mare.
661 1885 681 1920 ι
716 1866 948 1938 Flagella
980 1876 1034 1922 et
1062 1867 1387 1937 propagines
1420 1865 1678 1936 populum
1717 1863 1859 1935 fugi-

292 1966 542 2033 tivosque
580 1961 698 2031 ejus
725 1959 1006 2030 intellige:
1043 1968 1097 2015 et
1147 1961 1433 2016 transitum
1489 1958 1660 2014 maris
1689 1958 1864 2029 capti-

297 2056 517 2110 vitatem
540 2053 595 2108 in
628 2051 1059 2123 Babylonem,de
1089 2065 1194 2119 qua
1217 2059 1403 2122 postea
1437 2049 1628 2107 lecturi
1651 2063 1860 2119 sumus,

293 2145 440 2202 Onus
471 2145 662 2199 deserti
701 2144 886 2197 maris.

365 2236 544 2307 (νει-ε.
578 2236 658 2307 9.)
701 2255 718 2288 ι
767 2235 942 2303 Super
995 2233 1100 2288 hoc
1156 2230 1385 2302 plorabo
1412 2231 1466 2286 in
1500 2231 1626 2288 ﬂetu
1679 2231 1862 2301 Jazer,

296 2330 453 2384 vinea
491 2329 764 2383 Sabama:
797 2324 1081 2380 inebriabo
1115 2324 1450 2394 tc,lacryma
1484 2339 1622 2390 mea,
1651 2323 1864 2381 Esebon

295 2437 351 2479 et
383 2424 584 2480 Eleaie.
633 2442 653 2476 ι
687 2423 803 2479 Vox
843 2420 1151 2490 plangentis
1183 2419 1483 2490 prophetae,
1509 2429 1562 2473 et
1597 2420 1867 2491 magnitu-

301 2519 481 2571 dinem
511 2516 784 2570 vastitatis
830 2514 1197 2583 lacrymarum
1247 2511 1620 2580 magnitudine
1679 2521 1867 2567 conte-

291 2609 517 2672 stantis,
547 2605 838 2673 ﬂentisquc
882 2604 1094 2658 vineam
1150 2598 1332 2667 Jazer,
1385 2611 1440 2658 et
1503 2602 1761 2668 Sabama,
1812 2611 1869 2658 et

302 2696 539 2758 Εδεδοιι,
581 2705 635 2749 et
684 2693 888 2759 Eleale,
945 2693 1110 2748 urbes
1160 2692 1434 2762 quondam
1489 2693 1868 2763 validissimas,

301 2785 524 2857 Assyrio
543 2794 769 2856 putante
799 2784 1057 2840 succisus.
1421 2837 1426 2840 .

382 2897 403 2931 s
442 2880 710 2944 Quoniam
764 2891 930 2948 super
989 2876 1315 2932 vindemiam
1375 2886 1544 2945 tuam,
1605 2887 1657 2933 et
1710 2893 1874 2950 super

304 2985 544 3026 messem
576 2978 722 3024 tuam
752 2983 855 3022 vox
887 2967 1214 3023 calcantimn
1271 2967 1454 3023 irruit.
1496 2987 1516 3021 ι
1563 2967 1874 3026 Calcatores

307 3074 536 3113 uvarum
550 3068 609 3114 et
635 3057 921 3113 vindemiae
947 3057 1187 3113 lzetitiam
1208 3065 1620 3128 congregantes,
1640 3059 1874 3116 hostium

1953 580 2170 636 miseria
2201 592 2305 648 est,
2334 597 2438 637 nec
2486 584 2537 637 in
2585 585 2686 650 bis,
2718 601 2853 652 quos
2883 598 3097 654 semper
3125 595 3381 639 venerata
3415 594 3517 650 est,

1953 673 2154 728 habere
2189 675 2512 730 subsidium.
2553 677 2794 740 Deserta,
2829 678 3024 747 inquit,
3060 677 3266 748 viribus
3296 678 3424 738 tuis.
3465 687 3522 732 et

1953 763 2164 818 cunctis
2185 768 2674 836 prepugnatoribus
2697 767 3021 832 interiectis,
3050 783 3242 837 perges
3265 771 3332 822 ad
3355 768 3518 831 idola,
3592 761 3602 770 ’

1954 857 2179 912 delubra
2232 858 2602 923 veneraberis,
2656 875 2754 914 nec
2806 861 3069 935 1920in
3123 861 3231 916 illis
3283 862 3520 930 reperies

1955 949 2234 1013 auxilium,
2263 950 2456 1018 quibus
2473 951 2697 1007 vastitas
2721 962 2897 1007 tecum
2922 953 3226 1007 communis
3249 954 3521 1009 adveniet.

2028 1040 2208 1109 (Vers.
2248 1041 2357 1108 15.)
2397 1061 2413 1094 ι
2457 1042 2572 1097 IIoc
2608 1043 2830 1098 verbum
2865 1044 3009 1113 quod
3044 1045 3260 1101 locutus
3302 1055 3386 1100 est
3420 1047 3524 1100 Do-

1958 1134 2137 1187 minus
2168 1137 2235 1189 ad
2268 1134 2422 1190 Moab
2453 1151 2516 1188 ex
2555 1145 2704 1190 tunc.
2746 1154 2765 1187 ι
2802 1137 2882 1191 Ex
2916 1152 3022 1205 quo
3048 1129 3215 1207 putas
3246 1137 3528 1206 tempore?

1959 1226 2225 1282 Videlicet
2257 1243 2323 1282 ex
2358 1243 2444 1291 eo,
2477 1243 2584 1297 quo
2610 1239 2825 1284 creatus
2851 1238 2935 1284 est
2960 1229 3137 1284 Moab.
3173 1231 3239 1283 Et
3269 1230 3527 1284 Dominus

1959 1318 2036 1372 ait
2067 1335 2082 1371 :
2116 1317 2370 1373 Moabitw
2399 1329 2446 1374 et
2492 1320 2806 1374 Ammanita:
2836 1336 2938 1373 non
2968 1321 3237 1374 intrabunt
3269 1323 3320 1375 in
3350 1320 3531 1375 Eccle-

1960 1409 2097 1462 siam
2133 1408 2233 1464 Dei
2258 1409 2440 1480 (Deut.
2472 1425 2628 1473 χχιιι,
2664 1410 2740 1480 5).
2774 1409 2898 1465 Sive
2925 1427 2990 1465 ex
3023 1420 3146 1464 tunc
3176 1425 3276 1481 pro
3304 1411 3530 1478 antiquo

1962 1507 2202 1570 tempore
2249 1500 2633 1570 intelligamus,
2673 1500 2818 1570 quod
2865 1501 2992 1554 olim
3037 1502 3215 1556 divina
3263 1503 3530 1556 sententia

1962 1590 2068 1645 ista
2100 1593 2310 1648 decreta
2341 1593 2469 1658 sint,
2498 1607 2608 1647 non
2638 1597 2782 1662 quod
2814 1594 3148 1662 praescientia
3183 1594 3274 1648 Dei
3305 1609 3526 1649 causam

1959 1685 2233 1738 vastitatis
2283 1685 2562 1752 attulerit;
2612 1684 2704 1739 sed
2740 1687 2882 1755 quod
2932 1687 3156 1741 vastitas
3205 1686 3389 1740 futura
3434 1685 3529 1740 Dei

1963 1774 2236 1844 majestati
2274 1785 2511 1843 praenota
2549 1777 2639 1830 sit.
3395 1783 3404 1790 ”

2039 1865 2220 1936 (Vers.
2258 1864 2367 1935 ιι.)
2405 1883 2424 1917 s
2458 1863 2524 1917 Et
2569 1881 2712 1921 nunc
2757 1865 2966 1922 locutus
2993 1875 3080 1921 est
3125 1866 3401 1932 Dominus,
3433 1865 3532 1920 di-

1969 1971 2098 2012 cens
2131 1977 2144 2014 :
2178 1956 2232 2011 In
2263 1957 2432 2011 tribus
2461 1959 2623 2012 annis
2655 1957 2809 2027 quasi
2845 1958 2974 2011 anni
3012 1958 3354 2020 mercenarii,
3386 1955 3534 2011 aufe-

1969 2057 2123 2104 retur
2150 2049 2321 2120 gloria
2350 2049 2510 2104 Moab
2537 2064 2702 2118 super
2733 2049 2880 2104 omni
2924 2049 3118 2118 populo
3150 2050 3336 2114 multo,
3363 2055 3418 2104 et
3449 2062 3535 2104 re-

1970 2139 2244 2210 linquetur
2274 2155 2472 2209 parvus
2511 2149 2566 2195 et
2599 2141 3211 2219 modicus-nequaquam
3251 2141 3469 2195 nniltus.
3504 2159 3530 2193 ι

1969 2231 2258 2302 Prophetia
2308 2233 2407 2287 ista
2430 2270 2446 2296 ,
2493 2240 2553 2286 ut
2596 2247 2756 2302 supra
2792 2232 3026 2288 diximus
3049 2271 3065 2296 ,
3115 2241 3327 2288 mortuo
3356 2233 3536 2287 Acha:

1973 2335 2162 2380 contra
2214 2324 2476 2382 Moabitas
2524 2324 2798 2394 dirigitur,
2844 2334 3103 2393 regnante
3149 2322 3404 2387 Ezechia,
3435 2326 3537 2378 sub

1973 2435 2083 2490 quo
2113 2420 2297 2475 decem
2333 2420 2504 2476 tribus
2537 2435 2566 2472 a
2599 2418 2970 2474 Sennacherib
3022 2433 3145 2487 rege
3188 2417 3536 2488 Assyriorum

1974 2512 2028 2568 in
2075 2512 2437 2582 captivitatem
2467 2511 2644 2564 ductae
2676 2519 2822 2565 sunt.
2858 2508 3042 2578 Itaque
3072 2510 3214 2564 sicut
3264 2523 3544 2563 mercena-

1974 2608 2091 2662 rius
2123 2605 2256 2661 solis
2289 2614 2570 2674 exspectat
2597 2603 2931 2669 occubitum,
2967 2613 3026 2658 et
3055 2604 3244 2659 diebus
3273 2618 3339 2659 ae
3370 2605 3544 2659 noctis

1975 2699 2082 2754 bus
2112 2697 2271 2753 linem
2317 2696 2498 2766 operis
2531 2695 2894 2766 prmstolatur,
2930 2704 2990 2750 ut
3033 2702 3291 2750 statutam
3340 2709 3545 2752 merce-

1977 2791 2096 2843 dem
2153 2786 2383 2854 accipiat
2431 2804 2446 2841 :
2495 2785 2576 2842 sic
2620 2795 2674 2839 et
2716 2793 2836 2854 post
2888 2775 2996 2840 tres
3045 2799 3215 2839 annos
3251 2794 3312 2838 et
3354 2784 3545 2851 Moab,

1977 2879 2200 2950 Assyrio
2228 2881 2500 2945 veniente,
2528 2877 2816 2941 delebitur,
2841 2885 2894 2930 et
2921 2876 3006 2930 vix
3036 2876 3188 2944 pauci
3231 2876 3544 2947 relinquen-

1981 2971 2150 3026 tur‘in
2180 2980 2345 3037 terra,
2376 2971 2467 3040 qui
2501 2969 2758 3025 subrutus
2801 2965 3042 3022 habitent
3065 2967 3332 3035 civitates,
3363 2975 3420 3021 et
3445 2967 3546 3023 de-

1981 3071 2159 3118 sertos
2203 3075 2364 3131 agros
2411 3069 2725 3116 exerceant.
2776 3057 2961 3112 Potest
3007 3066 3062 3112 et
3108 3058 3178 3112 de
3224 3058 3546 3129 Babylonica

297 3152 581 3204 exercitus
620 3147 878 3218 intellige,
905 3157 961 3202 et
990 3147 1135 3216 quod
1168 3147 1223 3202 in
1251 3147 1370 3218 ipso
1403 3147 1599 3205 laetitiae
1631 3156 1876 3222 tempore
1904 3181 1949 3243 ο
1980 3153 2292 3223 captivitate
2321 3153 2561 3222 praedici,
2585 3151 2729 3223 quod
2757 3159 2878 3222 post
2913 3159 3126 3221 captam
3153 3148 3472 3215 Jerusalem,
3495 3160 3553 3206 et

304 3242 648 3310 captivitatis
674 3248 892 3311 tempus
929 3240 1235 3295 advenerit.

384 3334 565 3402 (Vers.
610 3332 724 3402 i0.)
769 3349 792 3384 ι
835 3331 904 3386 Et
947 3331 1225 3389 sisteretur
1255 3332 1463 3399 laetitia,
1493 3342 1551 3390 et
1588 3335 1886 3392 exsultatio

307 3427 385 3480 de
413 3424 688 3479 Carmelo.
737 3441 756 3476 ι
786 3423 988 3478 Idioma
1011 3423 1420 3492 Scripturarum
1443 3434 1548 3493 est,
1573 3425 1719 3495 quod
1742 3440 1886 3482 sem-

309 3533 414 3588 per
441 3516 745 3572 Carmelum
769 3525 1005 3571 montem
1034 3516 1305 3587 opimum,
1325 3527 1488 3588 atque
1508 3532 1886 3575 nemorosum.

301 3611 409 3678 qui
464 3609 784 3665 Ptolemaidi
821 3610 1088 3677 imminet,
1118 3619 1173 3665 et
1226 3609 1284 3664 in
1322 3625 1432 3682 quo
1485 3613 1662 3668 oravit
1713 3611 1885 3680 Elias,

305 3701 586 3756 fertilitati
615 3715 669 3756 et
691 3701 1036 3756 abundantiae
1049 3711 1350 3772 comparet,
1377 3716 1440 3757 ac
1467 3717 1567 3772 per
1595 3703 1696 3758 hoc
1719 3703 1887 3772 signi-

315 3795 450 3847 ticat
481 3809 696 3847 otunem
748 3793 1009 3860 laetitiam,
1041 3802 1094 3847 et
1129 3792 1466 3848 fertilitatem
1497 3793 1564 3850 de
1597 3794 1889 3852 uberrimis

305 3885 588 3954 quonda
609 3885 833 3940 urbibus
859 3884 1232 3940 auferendum.

395 3992 420 4027 ι
457 3973 521 4028 Et
552 3975 606 4029 in
639 3975 812 4030 vineis
846 3987 956 4030 non
983 3975 1297 4044 exsultabit,
1338 3991 1515 4046 neque
1547 3977 1826 4048 jubilabit.
1863 3995 1885 4031 ο

311 4066 655 4122 Subauditur
679 4066 830 4134 prior
857 4067 1238 4132 vindemiator,
1271 4068 1324 4122 id
1357 4079 1462 4134 est,
1490 4071 1713 4127 colonus
1743 4070 1892 4128 Moa-

311 4158 510 4212 bitidis
539 4158 848 4226 provinciae.
882 4157 1123 4228 Denique
1154 4160 1340 4214 statim
1369 4161 1602 4230 subjecit
1629 4178 1645 4215 :
1827 4141 1829 4144 i

403 4268 422 4300 ι
469 4247 662 4303 Vinum
711 4249 766 4303 in
816 4249 1070 4304 torculari
1115 4266 1224 4306 non
1265 4251 1497 4308 calcabit
1543 4254 1633 4322 qui
1680 4253 1892 4310 calcare

313 4352 728 4397 consueverat:
761 4355 947 4398 vocem
986 4342 1312 4397 calcantium
1363 4344 1581 4402 abstuli.
1618 4364 1638 4398 ι
1673 4345 1892 4416 Nequa-

319 4449 490 4503 quam
515 4432 566 4495 in
591 4433 857 4488 vindemia
887 4433 1039 4489 laetus
1057 4434 1418 4491 vindemiator
1439 4437 1678 4492 celeuma
1710 4440 1730 4470 ³
1756 4453 1889 4493 can-

1984 3243 2272 3300 transitum
2319 3259 2585 3300 annorum
2635 3243 2831 3308 trium,
2878 3240 3034 3296 Moab
3067 3257 3095 3294 a
3145 3241 3409 3297 Cbaldzeis
3453 3257 3550 3295 va-

1982 3334 2175 3391 stands
2206 3336 2296 3402 sit,
2321 3335 2438 3391 sive
2466 3334 2606 3406 quod
2633 3335 2688 3389 in
2713 3334 2876 3389 trium
2903 3349 3172 3388 annorum
3203 3335 3382 3404 spatio
3407 3334 3550 3389 nulla

1981 3428 2063 3485 eis
2086 3428 2258 3483 danda
2288 3428 2359 3484 sit
2390 3431 2627 3498 requies.

2055 3520 2210 3593 (Cap.
2246 3517 2412 3575 XVII.
2440 3549 2503 3562 ——
2527 3518 2681 3574 Vers.
2727 3519 2806 3590 i.)
2841 3538 2860 3571 ι
2898 3519 3048 3575 Onus
3094 3519 3385 3576 Damasci:
3414 3519 3554 3574 Ecce

1985 3613 2282 3668 Damascus
2326 3611 2536 3668 desinet
2580 3625 2700 3667 esse
2728 3612 2923 3666 civitas
2955 3628 2969 3667 :
2999 3619 3054 3666 et
3079 3613 3186 3674 erit
3229 3611 3368 3666 sicut
3397 3624 3554 3663 acer-

1983 3721 2084 3762 vus
2137 3705 2374 3773 lapidum
2423 3705 2477 3758 in
2527 3703 2708 3758 ruina.
2758 3702 3038 3758 Derclictte
3089 3703 3336 3759 civitates
3382 3699 3556 3755 Aroer

1986 3796 2240 3868 gregibus
2283 3801 2475 3860 erunt,
2527 3803 2582 3850 et
2630 3795 2970 3863 requiescunt
3024 3795 3126 3861 ibi,
3181 3804 3236 3850 et
3287 3809 3399 3848 non
3451 3793 3557 3850 erit

1986 3889 2078 3960 qui
2111 3894 2403 3945 exterreat.
2433 3885 2501 3940 Et
2543 3886 2781 3942 cessabit
2820 3885 3145 3956 adjutorimn
3172 3887 3246 3941 ab
3278 3885 3553 3954 Ephraim,

1988 3989 2044 4037 et
2091 3994 2316 4051 regnum
2363 3995 2392 4033 a
2449 3978 2748 4046 Damasco,
2799 3987 2854 4034 et
2905 3977 3144 4049 reliquia:
3191 3977 3364 4048 Syriae
3414 3977 3559 4032 sicut

1989 4072 2160 4144 gloria
2205 4072 2434 4127 ﬁliorum
2468 4071 2630 4127 Israel
2659 4081 2841 4134 erunt,
2880 4071 3010 4125 dicit
3062 4069 3322 4125 Doniinus
3350 4067 3560 4123 exerci-

1993 4175 2165 4220 tuum.
2202 4183 2223 4218 »
2258 4164 2385 4219 Post
2413 4163 2742 4232 Babylonem
2786 4171 2850 4218 et
2899 4162 3235 4217 I’hilistlneos
3279 4171 3334 4215 et
3380 4159 3558 4226 Moab,

1993 4260 2062 4314 ad
2096 4257 2452 4323 Damascum,
2507 4256 2559 4311 id
2591 4264 2676 4312 est
2721 4254 2922 4321 Aram,
2968 4268 3148 4309 sermo
3192 4253 3561 4316 convertitur,

1993 4367 2113 4422 qua:
2141 4359 2198 4406 et
2249 4351 2363 4420 ipsa
2413 4348 2614 4418 regalis
2642 4347 2913 4418 quondam
2949 4347 3144 4402 civitas
3192 4345 3295 4400 fuit
3327 4345 3368 4410 ³,
3401 4355 3458 4400 et
3507 4344 3562 4400 in

1995 4443 2142 4500 omni
2189 4443 2346 4514 Syria
2401 4441 2567 4498 tenuit
2602 4440 2960 4511 principatum
2993 4456 3008 4493 :
3045 4440 3270 4494 necdum
3303 4436 3567 4492 ﬂorebant

315 4526 500 4594 nbit,
553 4526 650 4582 sed
684 4526 894 4598 ubique
949 4526 1160 4582 hostilis
1211 4529 1471 4596 vastitas,
1521 4539 1576 4586 et
1625 4529 1893 4586 victorum
1928 4537 1972 4595 υ
2003 4535 2282 4590 Antiochia
2312 4544 2361 4590 et
2396 4532 2653 4589 Laodicia
2686 4542 2744 4588 et
2771 4532 3017 4601 Apamia,
3049 4546 3187 4600 quas
3218 4530 3397 4593 urbes,
3445 4537 3567 4595 post

320 4623 536 4678 orietur
562 4622 789 4678 clamor.

408 4715 581 4782 (Verr.
621 4717 728 4784 Η.)
768 4735 786 4769 ι
823 4715 998 4786 Super
1033 4721 1147 4773 hoc
1191 4724 1381 4772 venter
1429 4730 1580 4771 meus
1623 4715 1691 4770 ad
1741 4714 1898 4770 Moab

319 4807 488 4874 quasi
523 4810 731 4862 cithara
775 4808 1010 4873 sonabit,
1042 4819 1098 4865 et
1148 4811 1357 4864 viscera
1407 4823 1526 4865 mea
1570 4809 1637 4862 ad
1683 4823 1898 4862 murum

319 4900 472 4952 cocti
503 4898 712 4954 lateris.
749 4918 769 4951 ι
804 4899 884 4954 Ne
909 4901 1031 4968 quis
1062 4909 1278 4970 putaret
1307 4901 1580 4970 planctum
1616 4898 1902 4968 Propheta:

322 4989 710 5046 exsultationis
745 4991 1027 5058 indictum,
1080 5007 1175 5062 per
1207 5008 1370 5062 quam
1421 4990 1670 5046 inimicos
1711 4990 1900 5061 pupuli

327 5083 501 5138 Israel
530 5083 790 5152 gauderet
817 5099 942 5140 esse
969 5085 1230 5154 captivos,
1261 5100 1324 5139 ex
1371 5084 1586 5150 allecto,
1621 5092 1676 5139 et
1719 5099 1782 5138 ex
1819 5084 1902 5138 iu-

331 5185 473 5229 ιιωο
507 5175 688 5231 cordis
719 5175 928 5242 dolore,
960 5186 1014 5231 et
1048 5177 1474 5246 potentissimam
1511 5176 1782 5246 quondam
1814 5191 1903 5230 ur-

326 5267 460 5322 bem
494 5267 771 5322 subrutam
814 5269 998 5335 lugere
1030 5283 1088 5323 se
1115 5268 1267 5322 dicit.

406 5356 588 5428 (Vers.
624 5357 738 5428 12.)
771 5379 793 5412 s
834 5359 898 5416 Et
925 5361 1047 5426 erit,
1084 5375 1203 5414 cum
1235 5362 1550 5429 apparuerit
1579 5363 1722 5429 quod
1755 5362 1903 5414 labo-

327 5452 478 5506 ravit
527 5447 687 5506 Moab
744 5466 908 5520 super
963 5451 1195 5508 excelsis
1243 5452 1393 5515 suis,
1449 5450 1781 5518 ingredietur
1835 5450 1901 5504 ad

409 5624 426 5655 ί
455 5621 512 5674 1η
543 5636 640 5675 sua
675 5621 928 5676 versione
963 5622 1203 5690 prmt‘ert,
1229 5633 1276 5677 ct
1301 5638 1508 5678 umeam
1541 5621 1794 5677 Sabama.

404 5693 428 5722 ³
454 5691 650 5745 Cautio
685 5701 967 5746 nautarum
997 5701 1049 5747 et
1079 5694 1551 5748 vindemiatorum.

413 5763 434 5793 ³
467 5761 686 5833 Eusebii
730 5761 892 5833 verba
935 5771 1061 5816 sunt
1107 5779 1121 5816 :
1171 5762 1314 5831 Μόνη
1361 5765 1470 5832 γὰρ
1508 5763 1797 5833 Διμασκὸς
1833 5757 1902 5833 ἦν

338 5834 468 5888 τότε
500 5831 602 5900 τῆς
630 5832 830 5903 Συρίας
861 5833 1078 5904 ἁπάσης
1111 5833 1387 5904 κρατοῦτα.
1409 5849 1422 5864 ο
1442 5831 1628 5904 μήπω
1647 5834 1753 5888 τῶν
1779 5832 1902 5888 καθ’

2000 4627 2364 4684 Alexandrum
2398 4633 2453 4682 et
2492 4625 2839 4681 Macedonum
2886 4624 3196 4694 imperium,
3229 4633 3414 4676 auctas
3448 4635 3570 4675 esse

2002 4717 2378 4788 cognovimus.
2431 4713 2565 4782 Quia
2618 4715 2780 4785 igitur
2827 4728 3038 4783 semper
3085 4715 3271 4768 dcccm
3321 4710 3568 4764 tribubus

2001 4817 2191 4865 contra
2221 4807 2416 4862 Judam
2447 4805 2716 4876 praebebat
2746 4806 3024 4867 auxilium,
3056 4814 3114 4858 ut
3147 4803 3348 4870 Regum
3379 4812 3433 4854 et
3466 4799 3570 4854 Pa-

2003 4901 2374 4971 ralipomenon
2420 4908 2606 4954 narrat
2640 4897 2866 4953 historia
2904 4916 2917 4952 :
2949 4897 3112 4952 etiam
3164 4895 3293 4962 ipsis
3342 4892 3567 4947 vastita-

2005 5003 2112 5049 tem
2161 4994 2229 5047 ab
2280 4990 2522 5063 Assyriis
2569 4989 3001 5060 appropinquare
3055 4983 3211 5055 193
3265 4984 3566 5054 signiﬁcat,

2003 5087 2221 5141 dicente
2257 5098 2379 5152 rege
2405 5083 2753 5151 Assyriorum
2785 5097 2799 5134 :
2830 5077 2954 5146 Cepi
2993 5076 3268 5137 Arabiam,
3295 5085 3348 5128 et
3379 5075 3572 5127 Dantu-

2005 5192 2181 5244 scum,
2212 5185 2265 5232 ct
2307 5174 2630 5229 Samariam.
2659 5173 2810 5226 Sicut
2851 5171 2995 5224 enim
3040 5169 3160 5222 illas
3195 5167 3334 5236 cepi,
3365 5176 3417 5220 et
3449 5167 3571 5218 uni-
3633 5178 3638 5183 ‘

2007 5283 2166 5325 versa
2216 5283 2401 5338 regna,
2431 5266 2640 5334 capiam
2667 5274 2722 5318 et
2769 5272 2837 5316 te.
2868 5260 2933 5314 Et
2965 5261 3016 5313 in
3062 5258 3270 5328 Regum
3301 5257 3575 5310 volumine

2007 5361 2235 5429 legimus
2279 5359 2574 5415 :Ascendit
2621 5373 2715 5409 rea;
2761 5353 3092 5422 Assyriorum
3139 5351 3478 5411 Damascum,
3523 5357 3574 5401 et

2007 5457 2143 5526 cepit
2167 5469 2306 5518 eam,
2335 5462 2384 5506 et
2418 5447 2689 5504 transtulit
2713 5447 2765 5500 in
2792 5445 3045 5517 Cyrenem
3072 5442 3121 5515 (l
3139 5443 3180 5497 γ
3207 5442 3329 5510 Reg.
3360 5455 3470 5504 xw,
3493 5437 3573 5507 9).

2007 5627 2154 5697 ἡμᾶς
2183 5623 2460 5691 ἐπιφανῶν
2497 5625 2554 5697 ἐγ
2597 5623 2671 5697 1τῇΔ
2700 5619 2897 5697 Eppia
2915 5619 3130 5697 ςπὸ).εων
3162 5616 3576 5684 ὲγεγηρμένων,

2020 5689 2351 5764 δᾹντιοχείέις
2406 5693 2682 5764 φημὶ-καὶ
2709 5689 2819 5743 τῶν
2846 5689 3022 5745 ἄλλων
3044 5705 3058 5721 ο
3093 5701 3320 5756 quorum
3350 5699 3410 5739 se
3443 5699 3579 5754 pcue

2011 5760 2362 5836 interpretem
2397 5765 2509 5834 agit
2539 5760 2918 5832 Hieronymus.
