3962 6192
406 297 510 359 179

1504 347 1512 357 ι
1567 312 1625 376 3.
1675 308 1992 379 EUSEBll
2036 320 2483 386 IIlERONYMi

3566 278 3671 396 no

400 411 573 469 καθίει
621 430 841 512 quoque;
873 416 1170 512 ίηίέἷίοείιν
1220 423 1312 492 Qui
1361 434 1480 479 erat
1526 440 1620 483 rex
1674 431 1920 488 Damasci
1967 437 2061 495 :A
2089 438 2318 504 sidium,
2346 449 2400 494 et
2444 437 2817 511 pinguissima:
2845 455 3059 508 carnes,
3096 448 3147 496 et
3195 441 3459 512 refugium
3493 452 3673 498 cunar-

397 521 518 576 qua:
551 507 754 573 omnia,
802 505 1034 564 Ezceltia
1087 511 1480 587 Hierosolymis
1530 533 1814 588 regnante.
1863 538 1984 591 pcr-

395 614 555 669 pessa
586 610 692 656 est.
723 599 882 670 Ecce,
920 605 1119 673 inquit,
1146 605 1443 662 Damascus
1471 610 1674 666 desinet
1716 628 1826 669 esse
1861 617 1984 670 cici-

400 701 521 756 tas;
542 690 655 760 jam
690 691 867 748 vicina
900 696 1187 763 captivitas
1229 708 1315 753 est
1342 700 1492 769 :jam
1536 702 1794 774 Assyrius
1823 720 1980 761 suum

402 786 573 842 movit
617 790 947 843 exercitum.
981 790 1044 844 Et
1073 790 1180 844 erit
1206 791 1348 845 sicut
1379 806 1607 848 acervus
1641 795 1879 865 lapidum
1924 800 1979 853 iu

397 878 634 945 ruinam,
669 888 728 934 ut
772 882 1155 938 tantummodo
1188 885 1471 953 parietinis
1518 898 1581 942 ac
1614 889 1857 958 primitiae
1886 904 1981 961 po.

397 971 580 1026 tentia:
613 974 839 1044 vestigia
893 978 946 1031 In
998 977 1277 1031 ruinarum
1333 980 1709 1050 magnitudine
1752 982 1979 1040 demon-

395 1075 663 1122 strentur.
702 1064 985 1124 Derelictac
1019 1069 1271 1125 civitates
1300 1070 1475 1127 Arocr
1511 1074 1764 1144 gregibus
1795 1076 1976 1130 erant.

390 1154 569 1211 Arocr
639 1160 837 1227 myricc
910 1160 1328 1230 interpretatur,
1380 1178 1503 1232 quae
1550 1166 1771 1235 preprie
1818 1166 1980 1221 urbor

393 1248 447 1301 in
494 1248 788 1306 solitudine
818 1260 875 1307 et
921 1253 1063 1308 salsa
1101 1253 1266 1309 humo
1314 1256 1577 1319 nascitur,
1632 1266 1686 1311 et
1735 1270 1832 1326 per
1880 1253 1981 1314 hoc

394 1345 624 1400 vastitas
650 1346 1079 1405 demonstratur.
1122 1349 1460 1419 Requiescertt
1510 1351 1606 1420 ibi,
1654 1350 1979 1409 subauditur

396 1454 601 1507 greges,
632 1448 688 1495 et
732 1453 839 1495 non
885 1442 990 1496 erit
1035 1442 1126 1510 qui
1160 1452 1454 1499 exterreat.
1489 1443 1661 1500 Tanta
1695 1447 1840 1503 enim
1873 1450 1978 1505 erit

397 1529 655 1597 solitudo,
690 1539 747 1586 ut
778 1547 878 1586 nec
906 1532 1189 1588 insidiator
1219 1534 1491 1589 timendus
1521 1535 1613 1590 sit.
1651 1533 1724 1589 Et
1758 1538 1978 1591 cessabit

396 1621 728 1691 adjatariuat
770 1624 837 1678 ab
874 1622 1128 1695 Epitraim
1154 1641 1176 1679 :
1207 1636 1547 1696 nequaquam
1580 1628 1765 1682 decem
1805 1630 1977 1685 tribus

399 1717 454 1769 in
486 1715 573 1769 illa
608 1725 799 1771 contra
826 1714 1021 1770 ludam
1047 1716 1321 1774 habebunt
1351 1720 1637 1775 auxilium.
1666 1719 1736 1774 Et
1761 1732 1977 1793 regnum

2087 540 2269 587 ccscet
2314 531 2482 588 Jacob
2517 550 2534 589 :
2572 544 2916 602 nequaquam
2965 530 3110 588 enim
3165 533 3418 601 habebit,
3466 538 3670 604 quibus

2080 624 2287 697 junciis
2344 636 2521 680 vastct
2578 624 2901 682 Jerusalem.
2964 623 3221 699 Legimus
3285 642 3448 697 supra
3519 630 3667 698 quod

2085 719 2394 774 ascenderit
2427 712 2591 773 Rasin
2640 735 2731 774 rex
2776 719 2948 790 Syriae
2981 730 3037 774 et
3082 719 3290 775 Phacee
3335 718 3504 775 Filius
3554 722 3668 777 Bo-

2084 810 2293 875 melizc,
2329 825 2422 864 rex
2474 810 2671 877 lsrael,
2710 813 2761 866 in
2808 808 3148 875 Jerusalem,
3192 812 3261 867 ad
3314 813 3669 883 pradiandum

2084 911 2275 957 coutta
2331 917 2450 956 eam
2505 921 2519 957 :
2577 902 2998 973 nuntiatumque
3054 905 3129 960 sit
3183 905 3369 960 domui
3427 904 3596 960 David
3646 923 3672 967 ι

2085 989 2349 1061 Requievit
2396 990 2554 1063 Syria
2602 1010 2760 1064 super
2782 992 3059 1065 Ephraim,
3086 994 3154 1050 de
3179 996 3373 1065 quibus
3396 996 3671 1065 Propheta

2086 1082 2326 1152 loquitur
2363 1086 2430 1139 ad
2480 1086 2660 1141 A’cbaz
2689 1105 2703 1143 :
2737 1086 2866 1142 Noli
2898 1089 3115 1153 timere,
3160 1097 3212 1142 et
3259 1105 3350 1142 cor
3399 1099 3550 1144 tuum
3601 1107 3668 1144 ne

2085 1175 2338 1245 formidet
2393 1194 2424 1231 α
2478 1178 2682 1233 duabus
2737 1178 2919 1234 caudis
2991 1180 3235 1234 titionum
3286 1181 3666 1250 fumigantium

2083 1273 2304 1339 horum,
2349 1274 2404 1324 in
2437 1273 2517 1325 ira
2552 1271 2752 1342 furoris
2803 1270 2969 1327 Rasin
3020 1273 3157 1342 regis
3206 1270 3413 1343 Syria,
3463 1283 3511 1328 et
3565 1274 3673 1342 ﬁlii

2083 1356 2354 1429 Romrlia',
2382 1380 2441 1418 eo
2481 1365 2621 1434 quod
2682 1367 2960 1419 consilium
3006 1366 3182 1420 inierit
3211 1377 3395 1421 contra
3422 1376 3474 1422 te
3503 1365 3669 1438 Syria

2081 1455 2368 1524 pessimum
2399 1452 2654 1525 Epltraim
2689 1467 2735 1511 et
2766 1457 2912 1525 [ilius
2944 1456 3220 1513 Rameliw.

2156 1551 2336 1623 (Vers.
2369 1551 2422 1617 5,
2457 1552 2536 1623 6.)
2573 1572 2590 1604 ι
2623 1552 2691 1607 Et
2723 1552 2828 1608 erit
2859 1554 3001 1610 sicut
3035 1568 3371 1625 congregans
3400 1554 3454 1610 in
3487 1570 3671 1611 messe

2081 1646 2222 1715 quod
2252 1646 2602 1709 restiterit,ct
2620 1646 2905 1703 brachium
2932 1646 3054 1717 ejus
3079 1649 3258 1717 spicas
3288 1650 3460 1721 leget:
3482 1661 3539 1707 et
3560 1651 3677 1706 erit

2085 1740 2227 1794 sicut
2271 1754 2523 1809 quaerens
2558 1739 2739 1809 spicas
2774 1741 2828 1794 in
2875 1741 3037 1796 valle
3068 1741 3355 1810 Baphaim.
3406 1744 3471 1797 Et
3503 1744 3674 1800 relin-

395 1823 429 1860 a
479 1807 772 1872 Damasco;
820 1807 930 1862 ἀπὸ
979 1807 1164 1862 ποινοῦ
1201 1811 1255 1877 (a
1290 1810 1511 1879 uulgata
1563 1813 1669 1867 sire
1716 1790 1979 1869 communi

2277 1790 2519 1809 Ἵππη---
2558 1790 2735 1809 ψη-
2890 1790 3017 1796 ._---
3068 1790 3355 1810 --_,-_-_-.---
3406 1790 3470 1797 _-

2089 1837 2285 1898 quotur
2315 1829 2367 1883 in
2409 1844 2475 1884 eo
2503 1829 2647 1886 sicut
2684 1845 2955 1896 racemus,
2987 1840 3043 1887 et
3071 1831 3215 1888 sicut
3243 1835 3501 1889 excussio
3529 1836 3669 1890 oleae

395 1900 648 1970 editione)
694 1901 1041 1965 subauditur,
1071 1902 1316 1959 cessabit.
1366 1902 1595 1970 Quando
1626 1913 1805 1962 autem
1849 1898 1981 1960 dicit

396 2006 616 2047 cessare
644 2008 871 2062 regnum
898 2003 952 2049 et
975 1993 1279 2064 quiescere,
1316 2004 1422 2051 non
1469 2006 1783 2067 perpetuam
1817 1992 1981 2067 signi-

398 2085 524 2140 ﬁcat
559 2088 891 2152 vastitatem,
923 2089 1029 2142 sed
1061 2088 1240 2149 aufert
1273 2093 1327 2143 in
1375 2104 1615 2159 praesens
1661 2090 1978 2159 potentiam,

396 2194 495 2249 per
525 2190 690 2248 quam
719 2180 772 2233 in
798 2180 946 2235 omni
981 2180 1139 2252 Syria
1173 2194 1297 2237 ante
1329 2186 1614 2256 regnabat.
1652 2183 1721 2238 Et
1750 2185 1982 2254 reliquiae

398 2269 568 2341 Syria:
596 2272 735 2326 sicut
761 2273 935 2342 gloria
963 2274 1197 2343 ﬁliorum
1224 2273 1397 2330 Israel
1427 2288 1598 2342 erant,
1629 2276 1759 2331 dicit
1793 2275 1978 2330 Domi-

399 2379 497 2417 ηαδ
542 2366 886 2429 exercituum.
940 2367 1259 2433 Quomodo,
1313 2370 1517 2437 inquit,
1566 2366 1753 2423 decent
1809 2369 1981 2423 tribus

396 2452 623 2524 Assyrio
655 2455 947 2524 populante
976 2456 1166 2511 dcletze
1211 2466 1358 2525 sunt,
1389 2469 1440 2514 et
1480 2464 1658 2515 mnn’s
1690 2460 1860 2530 gloria
1893 2472 1982 2513 ea-

400 2563 520 2602 rum
570 2547 625 2601 iu
674 2548 1047 2616 captivitatem
1095 2548 1257 2604 ducta
1308 2551 1549 2605 cst:sic
1578 2550 1754 2620 pauci,
1789 2552 1878 2622 qui
1929 2553 1979 2605 in

398 2640 668 2695 Damasco
719 2640 1044 2700 resederint.
1090 2640 1549 2709 immutabuntur,
1599 2653 1655 2698 et
1706 2644 1983 2698 habebunt

400 2733 579 2801 gentis
618 2731 843 2801 gloriam
883 2733 1066 2786 sociae.
1104 2732 1344 2788 Gloriam
1368 2745 1475 2804 per
1513 2736 1741 2791 ironiam
1777 2737 1978 2792 dictam

399 2826 609 2892 accipe,
639 2839 736 2895 pro
760 2824 1077 2895 ignominia.
1112 2824 1229 2881 line
1269 2836 1451 2882 autem
1500 2839 1667 2883 totum
1712 2829 1824 2895 lict,
1855 2829 1980 2898 quia

401 2916 665 2970 Dominus
711 2917 927 2973 locutus
972 2926 1078 2981 est,
1111 2917 1266 2988 cujus
1304 2920 1468 2974 verba
1520 2921 1673 2975 irrita
1718 2936 1839 2976 esse
1876 2934 1979 2974 non

398 3018 651 3077 possunt.
681 3006 910 3076 Quidam
950 3011 1090 3065 hanc
1124 3012 1464 3083 prophetiam
1497 3015 1742 3069 eamdem
1792 3026 1984 3085 putant

2084 1923 2314 1977 duarum
2366 1930 2461 1987 aut
2509 1924 2671 1978 trium
2721 1923 2983 1981 olivarum
3034 1925 3090 1980 iu
3140 1926 3455 1983 summitate
3500 1928 3667 1993 rami,

2082 2017 2197 2070 sive
2251 2025 2486 2086 quatuor
2548 2028 2641 2071 aut
2707 2018 2950 2088 quinque
3003 2019 3056 2073 in
3110 2019 3481 2075 cacuminibus
3544 2020 3675 2087 ejus

2083 2106 2293 2163 fructus
2339 2109 2492 2178 ejus,
2543 2107 2679 2163 dicit
2733 2109 3000 2181 Dominus
3049 2109 3189 2166 Deus
3242 2110 3427 2167 Israel.
3483 2130 3505 2164 ι
3560 2110 3675 2178 Qui

2084 2212 2404 2270 praesentem
2462 2203 2713 2259 Damasci
2762 2205 3070 2259 vastitatem
3108 2206 3242 2267 ,sub
3291 2206 3535 2262 Romane
3584 2208 3671 2261 in-

2087 2292 2336 2363 telligunt
2389 2308 2551 2362 regno
2599 2294 2713 2349 haec
2758 2295 2824 2348 de
2862 2296 3121 2364 apostolis
3174 2297 3480 2364 signiﬁcata
3531 2312 3670 2353 con-

2086 2380 2517 2455 tcndttnl,,quod
2548 2387 2818 2456 quomodo
2844 2402 3030 2457 paucae
3075 2388 3236 2457 spicas
3280 2398 3335 2443 et
3375 2389 3534 2444 oliva:
3576 2404 3673 2444 re-

2088 2492 2309 2532 manere
2341 2478 2556 2533 soleant
2604 2478 2660 2532 in
2709 2494 2837 2549 agro
2867 2480 2947 2534 vel
2985 2479 3041 2535 in
3084 2481 3392 2546 arboribus,
3428 2482 3505 2536 sic
3539 2481 3673 2538 reli-

2087 2568 2229 2635 quia:
2274 2564 2444 2622 Israel
2489 2570 2807 2636 salvcntur;
2847 2571 3081 2625 maxime
3105 2572 3228 2641 quia
3260 2582 3522 2642 sequatur
3553 2591 3568 2625 :
3597 2572 3671 2628 In

2084 2658 2169 2712 die
2217 2658 2311 2712 illa
2358 2658 2707 2713 ittclinabitur
2756 2660 2911 2714 homo
2956 2660 3028 2715 ad
3073 2661 3331 2730 factorem
3379 2678 3573 2736 suam,
3610 2673 3670 2718 et

2084 2752 2226 2805 oculi
2256 2753 2373 2822 ejus
2418 2752 2488 2805 ad
2520 2751 2774 2807 Sanctum
2807 2752 2979 2809 Israel
3011 2756 3308 2825 respiciant,
3340 2756 3392 2811 id
3436 2765 3542 2821 est,
3591 2758 3669 2810 ad

2082 2842 2384 2900 Christum.
2420 2845 2564 2901 Duas
2598 2845 2793 2910 olivas,
2821 2854 2876 2900 et
2903 2854 3034 2912 tres,
3065 2857 3120 2901 et
3142 2858 3392 2916 quatuor,
3423 2857 3476 2902 et
3499 2848 3674 2917 quin—

2086 2954 2218 3009 que,
2244 2938 2660 3008 quatuordecim
2694 2938 2973 3008 apostolos
3000 2939 3443 3009 interpretantur,
3471 2939 3524 2994 id
3548 2950 3669 3004 est,

2084 3032 2372 3088 duodecim
2405 3032 2495 3104 qui
2532 3032 2693 3087 electi
2719 3041 2865 3096 sunt,
2895 3041 2950 3087 et
2978 3032 3466 3087 tertiumdccimum
3496 3030 3669 3089 Jaco-

400 3115 542 3165 essc,
575 3114 735 3172 quam
771 3100 825 3156 in
861 3101 1095 3161 Jeremia
1133 3104 1361 3174 legimus
1395 3123 1409 3160 :
1449 3105 1718 3161 Dissoluta
1753 3116 1832 3161 est
1866 3107 1975 3163 Da-

2089 3126 2209 3179 bmu
2242 3129 2283 3191 ',
2309 3126 2399 3195 qui
2421 3100 2732 3193 appellatur
2763 3124 2929 3181 frater
2962 3124 3121 3195 195
3153 3124 3396 3191 Domini;
3429 3124 3662 3179 Paulum

399 3212 648 3260 muscus,
700 3212 850 3252 versa
894 3204 969 3252 est
1018 3199 1074 3252 in
1122 3198 1339 3269 fugam,
1392 3207 1590 3253 tremor
1638 3200 1979 3271 apprehendit

403 3305 546 3354 eant,
575 3291 827 3359 angustia
852 3300 898 3343 ct
929 3290 1134 3345 dolores
1166 3302 1439 3345 tenuerunt
1465 3306 1579 3345 eam
1609 3296 1762 3363 quasi
1789 3300 1979 3361 parm-

400 3382 618 3436 rieutcm
666 3379 885 3445 (Jercm.
919 3396 1064 3445 thx,
1095 3381 1235 3448 24,).
1285 3381 1350 3435 Et
1385 3379 1576 3435 iterum
1605 3396 1621 3434 :
1649 3380 1978 3457 Sacccttdain

399 3476 572 3545 ignem
593 3475 647 3529 iu
669 3491 819 3529 muro
842 3472 1109 3541 Damasci,
1127 3484 1177 3529 et
1200 3475 1470 3530 devorabil
1488 3475 1677 3529 macula
1703 3474 1979 3530 Bcnadab.

403 3568 554 3637 (ibid.
580 3568 698 3637 Ξῖ).
725 3568 830 3623 Sed
859 3569 1138 3624 sciendum
1163 3570 1307 3641 quod
1331 3569 1396 3623 ab
1425 3558 1658 3625 Jcremia
1688 3567 1979 3640 Babylonia

400 3659 696 3728 captivitas
750 3661 1096 3716 Damascenis
1146 3652 1297 3717 urbis
1353 3658 1710 3730 describitur,
1764 3661 1817 3717 id
1860 3670 1979 3727 est,

399 3767 702 3822 paucorum
732 3768 870 3823 quos
903 3750 1064 3825 194
1092 3755 1434 3824 Assyriorum
1473 3768 1567 3808 rex
1598 3752 1895 3824 reliquerat
1926 3752 1979 3808 in

398 3860 486 3901 ea.
538 3844 708 3900 lenias
742 3855 922 3899 autem
953 3847 1189 3901 vicinam
1224 3845 1292 3900 ab
1337 3845 1577 3916 Assyriis
1606 3845 1976 3916 captivitatem

400 3937 631 3991 nuntiat.
677 3934 782 3990 Alii
829 3938 1101 3991 aestimant
1135 3935 1201 3991 de
1231 3936 1473 3991 Romana
1501 3936 1813 4005 captivitate
1845 3948 1983 4007 prac-

401 4028 531 4095 rlici,
566 4029 826 4099 quoniam
885 4028 993 4100 (Al.
1028 4028 1271 4098 quando)
1323 4037 1379 4083 et
1430 4025 1738 4082 Judazorum
1788 4036 1979 4098 captus

401 4129 486 4177 est
538 4121 800 4190 populus;
853 4131 906 4176 et
957 4118 1255 4177 Damascus
1306 4119 1392 4175 cui
1443 4120 1744 4190 imperabat
1790 4122 1976 4186 Arela,

404 4214 638 4268 similem
669 4213 929 4269 sustinuit
955 4214 1272 4268 servitutem
1305 4228 1319 4266 :
1355 4220 1416 4267 ut
1445 4224 1639 4268 cuncm
1671 4220 1792 4283 quin.
1817 4224 1980 4287 super

403 4323 524 4363 eam
556 4308 755 4377 scripta
787 4313 935 4372 sunt,
962 4307 1030 4361 ad
1065 4305 1267 4361 Christi
1299 4311 1540 4375 tempus,
1576 4310 1627 4361 ct
1665 4309 1731 4361 ad
1763 4316 1979 4378 aposto-

402 4402 577 4458 lorum
628 4398 884 4471 mysteria
919 4395 1334 4453 transferantur.
1638 4412 1641 4415 λ

2084 3210 2299 3291 quoque
2351 3218 2671 3290 Apostolum
2728 3233 2823 3274 vas
2866 3218 3149 3287 ejectionis
3200 3217 3342 3287 (Act.
3393 3219 3515 3286 vn).
3547 3218 3664 3282 Qui

2082 3329 2212 3369 vero
2255 3313 2609 3383 Assyriorum
2642 3313 2980 3381 temporibus
3015 3321 3209 3380 putant
3242 3310 3504 3378 completa
3532 3326 3666 3378 quae

2084 3407 2223 3460 dicta
2258 3414 2408 3470 sunt,
2455 3405 2556 3459 hoc
2603 3404 2792 3459 volunt
2826 3403 3072 3474 intelligi,
3120 3402 3262 3473 quod
3301 3404 3402 3458 sub
3434 3403 3662 3474 Assyria

2084 3497 2396 3567 captivitate
2444 3496 2739 3551 Damascus
2791 3510 2899 3550 non
2945 3495 3023 3550 ‘sit
3053 3495 3278 3551 omnino
3323 3492 3519 3559 deleta,
3553 3494 3659 3549 sed

2013 3622 2032 3634 ο
2086 3589 2364 3644 translatis
2410 3588 2734 3657 quibusdam
2764 3589 2817 3642 itt
2848 3585 3139 3658 Cyrenem,
3172 3586 3277 3639 alia
3325 3596 3449 3653 pars
3476 3583 3666 3639 culto-

2083 3695 2203 3734 rum
2232 3690 2390 3736 terrte
2416 3678 2635 3734 dimissa
2662 3680 2754 3743 sit,
2780 3692 2901 3746 qua:
2926 3688 2981 3731 et
3009 3677 3122 3746 ipsa
3150 3685 3332 3747 postea
3361 3675 3664 3747 Babylonio

2086 3780 2331 3827 vastante
2380 3770 2555 3826 deleta
2612 3778 2697 3825 est
2741 3788 2758 3823 :
2794 3770 2967 3824 donec
3014 3769 3114 3825 sub
3166 3766 3549 3824 Macedonibus
3600 3777 3667 3825 et

2082 3859 2392 3923 Ptolemaeis
2425 3863 2447 3895 ²
2477 3877 2693 3918 rursum
2748 3862 3162 3926 instauraretur,
3213 3871 3271 3917 et
3314 3863 3371 3916 in
3420 3863 3664 3916 adventu

2083 3956 2294 4013 Christi
2338 3964 2484 4012 esset
2515 3955 2734 4026 quidem
2764 3956 2975 4020 civitas,
3003 3955 3100 4010 sed
3129 3966 3237 4009 non
3270 3964 3430 4009 tanta
3470 3960 3668 4023 poteri-

2086 4051 2172 4106 tize
2205 4059 2420 4121 quanta:
2449 4058 2606 4105 antea
2640 4048 2839 4105 fuerat.
2872 4047 2941 4102 Et
2981 4058 3062 4105 est
3092 4062 3287 4103 sensus
3318 4068 3331 4103 :
3361 4058 3465 4102 tam
3498 4049 3666 4116 pauci

2083 4144 2446 4200 remanebunt
2482 4142 2534 4196 in
2565 4142 2848 4205 Damasco,
2879 4156 3038 4209 quam
3085 4141 3264 4196 solent
3295 4150 3414 4209 post
3450 4155 3669 4194 messo-

2083 4248 2172 4289 res
2202 4247 2388 4303 pauca:
2434 4246 2716 4287 remanere
2762 4231 2947 4300 spica,
2975 4246 3109 4300 quas
3138 4233 3194 4285 in
3221 4231 3359 4286 valle
3387 4229 3665 4300 Raphaim

2084 4325 2354 4379 latissima
2385 4330 2438 4377 ct
2467 4322 2841 4392 potentissima
2888 4323 3064 4378 solent
3117 4338 3380 4389 pauperes
3425 4323 3608 4392 legere
3648 4344 3667 4379 :

2090 4421 2174 4472 vel
2205 4419 2257 4472 in
2297 4417 2417 4471 olea
2455 4430 2637 4472 pauca:
2683 4415 2858 4475 olivae.
2906 4428 3023 4483 quat
3054 4413 3388 4484 diligentiam
3427 4412 3673 4482 legentis

474 4491 660 4564 (Vers:
680 4492 762 4562 ἁ.)
794 4508 813 4543 α
846 4490 913 4545 Et
936 4491 1040 4547 erit
1067 4491 1120 4544 in
1152 4488 1239 4544 die
1266 4490 1380 4564 illa,
1409 4479 1777 4547 attcnnabitur
1807 4492 1979 4564 gloria

2089 4510 2377 4566 evaserint.

399 4588 588 4651 Jacoh,
613 4582 916 4655 ct'pingucs
935 4598 1127 4640 carnes
1150 4584 1269 4654 ejus
1300 4596 1658 4641 marcescant.
1686 4598 1703 4637 ι
1729 4584 1978 4653 Quando,

402 4682 600 4753 inquit,
647 4679 948 4736 Damascus
992 4686 1147 4749 capta
1182 4679 1368 4747 fuerit,
1400 4688 1455 4734 ct
1491 4679 1682 4736 civitas
1721 4695 1841 4735 esse
1886 4682 1981 4735 dc-

406 4779 581 4841 sierit,
617 4784 671 4830 ct
699 4773 825 4829 talis
855 4789 972 4829 eam
1007 4771 1172 4842 gloria
1208 4774 1574 4839 coronavcrit,
1608 4773 1785 4845 q‘ualis
1823 4790 1983 4829 coro.

408 4869 555 4925 navit
582 4866 771 4935 lsrael,
801 4867 854 4922 id
886 4875 988 4930 est,
1023 4865 1206 4920 dcccm
1242 4865 1418 4921 tribus
1450 4881 1462 4918 :
1499 4874 1626 4921 tunc
1654 4880 1814 4921 omne
1849 4881 1984 4937 pra:-

484 5079 500 5109 ¹
539 5077 756 5131 Eusebii
808 5075 1074 5131 sententia
1125 5082 1229 5137 cst,
1278 5088 1437 5143 quam
1489 5071 1608 5142 ipse
1642 5087 1706 5127 ex
1751 5073 1984 5143 Origene

403 5148 692 5216 expressit,
722 5156 774 5200 et
808 5147 859 5200 in
897 5161 1059 5214 quam
1097 5142 1305 5216 tantum
1341 5142 1516 5216 abest,
1541 5150 1612 5216 ut
1648 5154 1829 5216 uoster
1856 5142 1981 5200 llic-

403 5210 664 5288 ronymus
690 5210 1025 5288 concesserit
1065 5214 1258 5288 (quod
1284 5213 1493 5288 putavit
1538 5210 1979 5269 Montl'auconius

404 5292 460 5345 in
495 5283 639 5342 notis
684 5286 751 5339 ad
798 5289 942 5341 hunc
991 5283 1209 5341 Eusebii
1248 5283 1475 5352 locum),
1510 5291 1567 5335 ut
1614 5292 1733 5336 eam
1780 5294 1837 5338 et
1878 5288 1983 5339 sub

403 5361 633 5414 aliorum
687 5356 905 5409 nomine
955 5357 1043 5410 hic
1095 5355 1315 5414 referat,
1350 5362 1402 5407 et
1446 5353 1655 5421 jamdiu
1710 5365 1869 5409 antea
1926 5358 1980 5409 itt

407 5432 549 5486 libro
582 5435 769 5481 contra
818 5423 1121 5478 llelvidiuut
1162 5419 1566 5493 improbavcrit.
1612 5419 1751 5476 Sunt
1797 5434 1978 5480 autent

410 5498 627 5554 Eusebii
660 5498 822 5551 verba
855 5512 868 5548 :
899 5494 967 5550 0i
1003 5494 1061 5546 δὲ
1109 5493 1295 5564 λοιποὶ
1338 5494 1486 5564 παρὰ
1536 5493 1661 5554 τοὺς
1685 5497 1832 5564 τρεῖς
1861 5499 1984 5548 τού-

408 5586 534 5633 τους
586 5567 804 5635 (nempe
854 5566 1063 5635 Πέτρον
1115 5567 1208 5635 καὶ
1263 5561 1523 5618 Ἰάκωϐον
1578 5563 1977 5635 καὶίωάννην,

408 5652 640 5709 quorum
673 5633 838 5706 supra
867 5633 1138 5709 meminit)
1168 5635 1217 5709 oi
1244 5635 1638 5709 τέσοαρέςεισι
1668 5635 1761 5709 κα)
1794 5634 1975 5709 πέντε,

410 5704 503 5762 ἐπὶ
524 5708 649 5769 τοὺς
681 5704 955 5776 τέοσαρας
1007 5704 1262 5776 καὶτοὺς
1290 5705 1474 5776 πέντε,
1502 5705 1633 5756 δέκα
1661 5706 1756 5776 καὶ
1789 5707 1983 5758 τέσσα-

412 5796 512 5852 ρας
548 5781 765 5850 ποιήσει
797 5772 923 5842 τοὺς
962 5778 1191 5841 πάντας,
1216 5772 1289 5831 ὧν
1318 5773 1526 5828 δώδεκα.
1557 5776 1655 5845 μὲν
1679 5774 1801 5838 τοὺς
1832 5776 1980 5848 πρώ-

2163 4599 2341 4673 (Vers.
2375 4600 2430 4666 7,
2466 4600 2547 4668 8.)
2582 4618 2599 4651 ι
2641 4601 2699 4653 In
2746 4598 2834 4654 die
2883 4597 2973 4652 illa
3016 4596 3361 4656 inclinabitnr
3401 4598 3559 4652 homo
3592 4601 3673 4655 ad

2088 4695 2354 4750 {actorem
2404 4710 2584 4758 suum,
2622 4702 2676 4748 et
2705 4690 2844 4747 oculi
2894 4691 3015 4758 ejus
3065 4692 3132 4744 ad
3185 4689 3444 4749 Sanctum
3491 4689 3679 4748 Israel

2088 4788 2403 4857 respicient.
2435 4786 2501 4842 Et
2545 4802 2650 4841 non
2690 4784 3042 4840 inclinabitur
3067 4782 3134 4838 ad
3168 4783 3381 4847 altaria,
3411 4798 3535 4853 quae
3584 4786 3681 4839 fe-

2088 4891 2282 4937 cerunt
2336 4895 2535 4936 mauus
2601 4880 2746 4951 ejus,
2794 4887 2852 4934 et
2896 4893 3033 4946 qua
3070 4877 3277 4947 operati
3330 4886 3457 4932 sunt
3501 4875 3681 4949 digiti

2085 5099 2216 5145 τους
2271 5080 2607 5142 ἀποστόλους
2657 5081 2834 5143 εἴποις
2878 5080 2945 5134 ἂν
2998 5079 3157 5145 εἶναι,
3214 5081 3316 5135 οὐκ
3352 5081 3556 5136 ἐλάττω
3613 5084 3689 5141 δὲ

2088 5152 2267 5207 αὐτῶν
2299 5155 2400 5223 τὴν
2428 5151 2633 5223 ἀρετὴν
2687 5151 2901 5223 Upim
2952 5155 3045 5206 και
3085 5152 3250 5223 αὑτὸν
3296 5152 3425 5206 οντα
3462 5153 3690 5223 arma».

2086 5220 2408 5292 ἀπόσςςολον,
2444 5221 2540 5274 καὶ
2575 5220 2667 5273 τὸν
2705 5220 2963 5275 Ἰάκωϐον
2998 5222 3283 5291 γεγονέται
3314 5223 3404 5276 τὸν
3429 5222 3689 5292 ἀδελφὸν

2086 5294 2180 5345 τοῦ
2221 5287 2445 5359 Κυρίου,
2481 5303 2593 5344 etc.
2629 5309 2649 5361 :7
2677 5306 2807 5361 quas
2849 5287 3168 5346 tantunth
3217 5287 3693 5355 comtucntatdris

2084 5364 2263 5487 {inicio
2294 5362 2353 5416 S.
2389 5362 2585 5417 Doctor
2619 5360 2764 5416 dare.
2789 5360 2997 5417 Latinis
3047 5374 3264 5433 quoque
3309 5363 3532 5417 auribus
3567 5377 3694 5423 vo-

2109 5444 2204 5487 utt.

2109 5434 2204 5488 uit.

2158 5503 2459 5580 {Drusilla
2506 5511 2953 5580 ex_vete_re.suo
2992 5501 3156 5567 libro,
3202 5501 3511 5580 Tlioiamtria
3562 5504 3693 5580 legi

2084 5573 2216 5639 vult,
2256 5576 2394 5642 quod
2431 5582 2486 5627 et
2518 5573 2674 5628 nobis
2702 5572 2831 5628 alibi
2880 5578 3128 5642 notatum
3166 5584 3252 5630 est
3279 5574 3345 5628 ad
3371 5572 3691 5642 Anticum;-

2085 5660 2202 5701 rum
2251 5640 2638 5715 inscribenda
2681 5659 2911 5702 morem.
2946 5640 3076 5701 Vide
3119 5643 3215 5701 lib.
3250 5640 3570 5715 Nominatus,
3602 5651 3696 5708 ad

2086 5730 2281 5771 nomen
2313 5712 2750 5769 Bartholomwus.
