3962 6192
313 305 419 371 181

892 307 1380 371 COMMENTAR.
1418 307 1498 368 IN
1535 307 1798 382 ISAIAM
1838 306 2300 368 PROPHE'I‘AM
2329 306 2473 369 LIB.
2500 309 2572 378 V,
2612 306 2776 374 CAP.
2809 304 3035 369 XVIII.

3479 302 3578 370 182

317 402 475 477 illius
507 438 520 477 :
552 430 606 475 et
655 436 761 476 non
812 423 1109 492 respicieht
1153 421 1304 479 lucos
1338 431 1390 479 et
1424 423 1671 479 delubra.
1722 441 1743 477 ι
1790 420 1904 477 lloc
1930 420 2178 484 A-Sorec
2210 422 2558 492 degenerabit
2586 422 2641 478 in
2674 422 3005 489 labruscam,
3027 435 3213 477 semen
3245 428 3394 476 tuum
3426 434 3574 489 spem

317 514 523 568 Christi
558 514 895 584 temporibus
929 526 1117 585 putant
1148 531 1269 571 esse
1295 514 1645 586 completum,
1680 514 1901 584 quando

314 608 602 663 destrueto
656 621 822 677 regno
882 606 1160 672 Damasci,
1219 620 1540 678 perpetuum
1599 606 1902 662 Salvatoris

314 699 590 754 successit
635 699 951 768 imperium,
982 710 1037 754 et
1068 701 1385 758 idololatria:
1426 716 1583 756 error
1609 709 1693 756 est
1724 701 1905 754 immi-

316 800 509 847 nutus.
561 790 655 845 Pia
705 792 923 859 quidem
975 792 1226 867 voluntas
1276 794 1775 863 interpretantium,
1807 792 1903 848 sed

322 896 437 935 non
473 896 699 935 servans
728 881 968 937 historia:
999 885 1269 939 ordinem.
1294 881 1405 939 Nos
1438 893 1617 939 autem
1649 882 1899 946 dicimus,

315 971 466 1039 quod
496 972 757 1030 subversa
793 973 1075 1039 Damasco,
1109 984 1161 1028 et
1196 975 1383 1029 decem
1435 973 1681 1029 tribubus
1723 973 1904 1029 ductis

321 1063 379 1117 in
410 1062 691 1132 Assyrios,
720 1064 923 1120 residui
950 1066 1188 1121 tribuum
1220 1068 1310 1136 qui
1337 1073 1499 1123 erant
1528 1082 1591 1121 es
1623 1065 1808 1131 Israel,
1834 1065 1902 1119 ad

323 1155 576 1211 Ezechias
608 1156 819 1212 litteras
848 1158 1093 1213 conversi
1124 1159 1234 1214 sint
1274 1160 1339 1214 ad
1377 1160 1581 1215 cultum
1614 1159 1728 1225 Dci,
1758 1167 1812 1213 et
1837 1158 1903 1212 ad

325 1244 588 1316 templum
630 1244 936 1303 Jerusalem
982 1248 1326 1313 advenerim,
1364 1249 1904 1318 sicuti’aralipome-

220 1364 235 1378 ο
323 1352 431 1393 non
465 1348 656 1393 narrat
702 1340 931 1395 historia
960 1339 1026 1409 (Il
1062 1339 1255 1396 Paral.
1293 1340 1399 1410 ιιι).
1439 1342 1616 1396 Deleta
1641 1354 1771 1409 ergo
1797 1340 1902 1394 Da-

323 1444 532 1495 masco,
582 1442 974 1489 convertentur
1025 1434 1271 1489 homines
1306 1434 1371 1488 ad
1408 1433 1669 1488 factorem
1717 1446 1900 1497 suum,

325 1522 379 1577 id
413 1532 521 1591 est,
555 1524 624 1579 ad
654 1540 775 1580 eum
806 1525 899 1597 qui
933 1541 1031 1582 eos
1061 1526 1289 1591 creavit,
1319 1534 1372 1582 et
1414 1525 1558 1581 oculi
1590 1540 1775 1581 eorum
1810 1537 1927 1580 ne-.

322 1628 601 1685 quaquam
638 1616 778 1673 idola
812 1633 933 1687 quae
977 1617 1221 1674 iecerant
1252 1618 1306 1673 in
1342 1616 1531 1672 Bethel
1573 1626 1631 1671 et
1676 1615 1728 1669 in
1763 1614 1901 1681 Dan,

323 1706 422 1762 sed
480 1706 650 1762 Deum
704 1709 1033 1779 respicient,
1105 1718 1519 1767 contemnentes
1576 1707 1802 1763 delubra
1848 1713 1903 1761 et

320 1795 540 1864 altaria,
574 1814 694 1867 qua:
723 1802 930 1870 operati
964 1810 1092 1856 sunt
1119 1800 1273 1871 digiti
1304 1815 1513 1857 eorum.

395 1889 576 1957 (Vers.
607 1889 685 1959 9.)
724 1911 743 1944 ι
784 1891 841 1946 lu
875 1891 965 1948 die
1008 1892 1101 1948 illa
1144 1902 1308 1949 erunt
1341 1891 1898 1953 civitateslortitudi-

322 1981 409 2036 nis
440 1981 562 2051 ejus
597 1984 868 2038 derelicta!
903 1985 1043 2041 sicut
1081 1994 1287 2050 aratra.
1321 1994 1377 2045 et
1404 1994 1617 2057 segetes
1642 1998 1767 2055 quae
1806 1985 1901 2039 de-

323 2076 531 2131 relictae
554 2087 679 2132 sunt
700 2092 731 2131 a
759 2076 900 2133 facie
922 2078 1157 2134 ﬁliorum
1184 2078 1372 2143 Israel,
1394 2087 1452 2135 et
1471 2079 1577 2134 erit
1603 2077 1841 2135 deserta.
1872 2094 1893 2131 ι

323 2164 441 2222 Hoc
494 2183 601 2223 non
656 2168 898 2239 loquitur
949 2181 1139 2226 contra
1191 2170 1534 2236 Dantsscum,
1583 2169 1678 2227 sed
1710 2178 1901 2227 contra

325 2263 517 2321 decem
553 2263 751 2330 tribus,
795 2277 917 2333 qua:
954 2263 1289 2318 vocabantur
1312 2263 1512 2330 Israel;
1541 2274 1602 2319 ut
1628 2263 1900 2333 quomodo

320 2357 394 2411 ad
428 2356 720 2410 adventum
755 2371 817 2410 es
849 2353 1087 2427 Egypto
1114 2354 1294 2425 populi
1325 2354 1447 2422 Dei,
1489 2367 1682 2411 omnes
1712 2364 1901 2425 gentes

318 2461 444 2516 ῳιεθ
501 2445 811 2501 incolebant
859 2454 1061 2503 terram
1114 2444 1560 2514 repromissionis
1602 2446 1661 2511 ⁸,
1717 2445 1899 2502 subito

320 2554 530 2609 pavore
578 2538 888 2593 conterrita:
938 2546 1119 2591 aratra
1168 2536 1520 2601 dimiserunt,
1566 2549 1901 2608 acervosqtte

320 2636 541 2702 frugum
601 2630 762 2702 196
811 2640 864 2684 et
915 2629 1088 2685 media
1141 2644 1344 2700 opera,
1393 2629 1622 2685 salutem
1672 2631 1899 2700 pedibus

323 2725 673 2794 requirentes
707 2741 721 2777 :
749 2725 831 2779 sic
860 2730 915 2776 et
947 2731 1090 2775 terra
1122 2720 1288 2776 Israel
1328 2720 1498 2776 multo
1531 2729 1777 2791 tempore
1800 2722 1896 2777 de.

317 2818 497 2874 solata
541 2823 881 2885 permaneat.
918 2812 1073 2870 Unde
1104 2813 1274 2869 miror
1304 2829 1403 2883 pro
1428 2813 1631 2870 aratris
1659 2825 1716 2869 et
1747 2830 1899 2871 accr-

319 2909 407 2963 vis
438 2907 657 2977 frugum
686 2905 921 2960 voluisse
948 2902 1201 2973 Aquilam
1228 2903 1599 2969 interpretari,
1635 2910 1818 2955 testam
1846 2912 1894 2955 et

317 3001 513 3064 Ernir;
545 2997 954 3071 Symmachum,
984 2997 1179 3059 sileant
1215 3006 1264 3051 et
1312 2995 1506 3057 Amir;
1531 2992 1672 3047 LXX.
1703 2995 1895 3050 Amor.

2005 515 2285 583 promittet
2336 516 2386 569 in
2419 515 2697 584 germine;
2729 516 2825 570 sed
2858 528 2981 569 cum
3031 515 3317 569 maturitas
3346 510 3579 565 advene-

2009 606 2100 665 rit.
2151 606 2360 660 ahaiio
2412 610 2739 663 demetetur.
2788 607 2853 661 Et
2900 616 3030 660 tunc
3063 605 3268 660 dolebis
3319 603 3576 687 graviter,

2004 701 2221 766 quando
2254 710 2469 766 sperata
2498 709 2557 753 et
2586 714 2719 766 pene
2745 701 2854 769 jam
2888 706 3035 755 tenta
3072 698 3396 769 perdideris;

2077 786 2260 856 (Vers.
2293 785 2498 857 i235.)
2536 798 2557 841 ι
2595 787 2688 843 Υὲθ
2719 787 3051 843 multitudini
3085 789 3403 858 populorhm
3434 785 3577 841 mul-

2004 888 2206 947 torum,
2241 890 2299 933 ut
2348 880 2635 935 multitudo
2687 882 2854 935 maris
2907 880 3272 947 sonantis;et
3318 879 3631 972 tumultusx

2008 975 2309 1035 turbarum,
2345 973 2489 1027 sicut
2542 972 2755 1027 sonitus
2811 982 3079 1043 aquarum
3117 974 3408 1026 multarum
3440 988 3457 1036 ;
3486 984 3579 1025 so-

2005 1064 2215 1121 nabunt
2238 1064 2442 1134 populi,
2475 1064 2619 1121 sicut
2645 1064 2853 1119 sonitus
2876 1072 3139 1136 aquarum
3165 1064 3575 1129 inundantium;

2004 1168 2061 1213 et
2100 1159 2400 1227 increpabit
2449 1172 2595 1223 emn,
2646 1167 2703 1212 et
2762 1156 2930 1227 fugiet
2979 1156 3163 1226 procul
3198 1164 3291 1222 ;ct
3339 1152 3580 1225 rapietur

2005 1250 2146 1305 sicut
2190 1249 2366 1318 pulvis
2402 1248 2664 1304 montium
2701 1262 2732 1302 a
2782 1249 2922 1303 facie
2969 1248 3134 1312 venti,
3158 1254 3212 1301 et
3251 1246 3391 1301 sicut
3418 1245 3579 1301 turbo

2004 1354 2189 1394 coram
2245 1348 2589 1410 tempestate.
2642 1339 2702 1394 in
2758 1349 3002 1409 tempore
3057 1348 3338 1409 vespere;
3372 1348 3428 1393 et
3453 1351 3581 1392 ecce

2010 1430 2248 1484 turbatio
2278 1430 2330 1483 in
2364 1430 2652 1496 matutino,
2672 1440 2728 1484 et
2754 1445 2860 1486 non
2885 1430 3165 1486 subsistet.
3189 1428 3315 1484 Haec
3342 1436 3426 1484 est
3455 1440 3580 1498 pars

2003 1536 2216 1588 eorum,
2247 1522 2341 1591 qui
2375 1529 2729 1577 vastaverunt
2779 1536 2896 1585 nos.
2944 1530 2999 1576 et
3047 1532 3168 1577 sors
3209 1519 3577 1589 diripientium

2005 1625 2125 1664 nos.
2164 1629 2184 1663 ι
2215 1609 2317 1675 Qui
2340 1614 2680 1681 superiorem
2725 1611 2980 1667 Damasci
3011 1612 3378 1681 captivitatem
3411 1624 3444 1665 ι
3472 1609 3582 1665 Ro-

2007 1704 2182 1758 manis
2220 1703 2424 1757 illatam
2455 1705 2748 1768 aestimant,
2780 1713 2835 1760 el
2858 1706 2965 1760 hoc
2996 1706 3137 1773 quod
3158 1703 3424 1773 scriptum
3448 1713 3532 1759 est
3563 1718 3577 1769 ;

1932 1770 1976 1830 Β
2004 1792 2367 1848 Incliuabitur
2414 1795 2570 1849 homo
2618 1798 2688 1849 ad
2734 1796 2986 1864 {actorem
3015 1770 3194 1859 suum,
3226 1770 3440 1850 etiocttli
3464 1795 3579 1860 eius

2005 1891 2077 1944 ad
2109 1889 2365 1945 Sanctum
2384 1887 2554 1944 Israel
2573 1892 2868 1958 respicient,
2888 1892 2954 1943 ad
2983 1889 3225 1958 Christi,
3261 1899 3317 1943 et
3358 1901 3578 1959 spasm-

2003 1982 2178 2039 lorum
2205 1991 2453 2051 tempora
2484 1981 2751 2038 referunt.
2800 1982 2958 2053 197
2986 1981 3096 2037 Nec
3122 1994 3231 2036 non
3277 1980 3404 2035 illud
3434 1979 3578 2049 quod

2001 2076 2291 2145 sequitur:
2330 2074 2612 2130 l’lantabis
2663 2075 3048 2143 plantatiouent
3093 2073 3323 2144 ﬁdelem,
3376 2082 3423 2127 et
3457 2088 3579 2144 ger»

2001 2184 2121 2224 men
2168 2169 2399 2227 alienum
2450 2167 2784 2223 seminabis:
2829 2169 2884 2223 in
2938 2168 3027 2221 die
3064 2167 3412 2237 plantationis
3471 2150 3577 2224 tua

1999 2263 2271 2330 labrusca,
2295 2272 2350 2318 et
2384 2273 2601 2329 cetera,
2661 2262 2730 2317 de
2790 2262 3108 2317 infidelitate
3143 2264 3167 2294 ⁸
3205 2263 3450 2318 sentiunt
3479 2261 3578 2317 .Iu-

2000 2356 2262 2411 darorum.
2285 2357 2352 2412 Et
2380 2357 2483 2413 hoc
2503 2356 2802 2426 capitulum
2827 2358 2970 2427 quod
3002 2371 3144 2411 nunc
3172 2357 3572 2426 proposuimus,

1998 2460 2164 2516 super
2219 2446 2464 2502 Ethnicis
2523 2447 2978 2518 interpretantur,
3032 2449 3124 2517 qui
3177 2454 3577 2518 persequuntur

2000 2535 2325 2593 Ecclesiam.
2353 2536 2489 2592 Illud
2537 2550 2749 2609 quoque
2788 2540 2930 2611 quod
2967 2541 3210 2610 sequitur
3231 2584 3246 2608 ,
3275 2532 3575 2610 Increpabit

1996 2641 2138 2691 eum.
2171 2639 2220 2684 et
2254 2631 2419 2702 fugiet
2446 2631 2657 2697 procul,
2706 2631 2771 2685 de
2815 2631 3034 2686 diabolo
3062 2630 3354 2699 accipiunt,
3395 2640 3574 2700 tropo-

1997 2721 2166 2791 iogica
2212 2710 2654 2793 interpretatione
2689 2723 2997 2781 vastitatem
3041 2730 3475 2793 persecutorum,
3520 2728 3575 2773 et

1997 2814 2303 2870 daemonum
2351 2818 2805 2873 demonstrantes.
2851 2808 2962 2872 Nos
3005 2821 3185 2871 autem
3221 2818 3454 2885 emptum
3487 2829 3577 2868 se-

1997 2909 2215 2977 quimur
2251 2909 2524 2977 ordinem,
2552 2919 2607 2966 et
2639 2912 2895 2966 historica
2921 2910 3270 2964 fundamenta
3314 2909 3576 2964 historico

1996 3005 2239 3060 culmine
2274 3005 2632 3075 pretegimus.
2684 3005 2797 3071 Vm,
2842 3007 3036 3075 inquit,
3092 3004 3359 3060 unitersis
3405 3005 3580 3074 genti-

316 3093 492 3145 rimas
536 3099 585 3143 et
632 3088 836 3143 Ευωοε.
889 3087 1046 3142 Solus
1080 3087 1380 3141 Theodotio
1411 3084 1732 3143 Ilebraicum
1767 3096 1891 3141 ver-
1924 3117 1972 3178 Ο
2003 3098 2123 3163 bus,
2180 3105 2301 3167 qua}
2364 3099 2735 3154 militaverunt
2802 3110 2989 3155 contra
3052 3096 3301 3169 populum
3373 3113 3574 3163 menm’

316 3186 449 3241 bum
486 3185 689 3253 posuit,
720 3198 818 3238 λικε
859 3199 928 3238 ετ
962 3198 1033 3237 sit
1057 3196 1089 3237 ιι
1120 3197 1135 3237 ι
1163 3181 1307 3252 quod
1341 3182 1480 3251 apud
1514 3193 1609 3236 eos
1638 3183 1896 3241 emenda-

316 3280 427 3335 tius
474 3278 670 3348 lngiter
717 3291 887 3333 nones
916 3278 1091 3347 tur-r1)
1136 3288 1203 3333 ετ
1239 3292 1367 3332 turn
1397 3274 1645 3346 (—tenm)
1683 3274 1759 3341 ,id
1788 3284 1893 3340 est,

309 3385 553 3427 uomeres
579 3381 633 3429 et
665 3371 837 3426 acervi
868 3377 1117 3440 segetum.
1445 3419 1455 3435 ι
1886 3388 1893 3401 ι

391 3461 571 3531 (Vers.
610 3463 719 3531 ιο.)
759 3481 779 3514 ε
822 3462 962 3526 Ouin
1008 3461 1172 3518 oblita
1207 3474 1268 3515 es
1299 3459 1395 3515 Dei
1442 3457 1744 3515 Salvatoris
1793 3459 1894 3522 tui,

307 3566 371 3612 es
407 3554 564 3608 fortis
598 3552 865 3623 adjutoris
900 3552 978 3607 tui
1012 3566 1116 3606 nou
1145 3566 1207 3607 es
1248 3550 1552 3605 recordata.
1591 3568 1611 3601 ι
1647 3549 1777 3612 Ista,
1809 3549 1897 3603 in-

311 3645 457 3714 quit,
493 3642 847 3713 perpetieris,
897 3657 930 3697 ο
979 3640 1182 3706 Israel,
1216 3640 1347 3711 quia
1408 3638 1673 3709 reliquisti
1724 3636 1895 3692 Deum

316 3738 661 3794 Salvatorcm
698 3747 869 3802 tuum,
903 3735 994 3804 qui
1042 3743 1092 3787 te
1132 3733 1387 3794 liberavit
1415 3747 1480 3788 ex
1509 3730 1764 3802 Egypto,
1800 3732 1896 3800 qui

316 3830 422 3884 tibi
450 3840 655 3899 gentes
699 3826 927 3898 subjecit
958 3825 1245 3881 inimicas:
1273 3832 1328 3879 et
1372 3823 1637 3892 adjutoris
1667 3824 1741 3879 tui
1788 3836 1895 3878 non

310 3935 379 3976 es
400 3920 707 3977 recordata.

401 4030 421 4063 α
461 4010 755 4078 Propterea
806 4009 1072 4080 plantabis
1117 4008 1504 4078 plantatiouem
1554 4008 1792 4074 ﬁdelem,
1839 4018 1897 4065 ct

311 4123 543 4179 germen
592 4107 826 4163 alienum
862 4106 1182 4161 seminabis.
1219 4121 1239 4157 ι
1276 4105 1387 4159 lloc
1437 4105 1682 4174 pressius
1711 4114 1767 4160 et
1800 4120 1897 4174 per

311 4200 546 4255 ironiam
586 4186 894 4269 legenddm.
927 4197 1093 4263 Quia,
1132 4197 1330 4266 inquit,
1357 4196 1519 4251 oblita
1552 4210 1605 4251 es
1638 4197 1737 4251 Dei
1770 4196 1899 4251 Salo

309 4293 515 4348 ceteris
544 4293 643 4357 tui,
674 4302 723 4345 et
753 4293 905 4362 [ortis
940 4292 1206 4360 advjutoris
1238 4291 1314 4345 tui
1359 4302 1460 4343 non
1486 4305 1539 4344 es
1568 4289 1849 4344 recordata
1873 4306 1896 4345 :

309 4400 444 4440 num
476 4385 678 4441 idcirco
706 4385 952 4456 plantare
980 4386 1203 4442 dehehis
1236 4383 1620 4453 plantationem
1655 4383 1891 4449 lidelem,

1998 3206 2227 3261 quarum
2254 3198 2435 3247 tantus
2465 3192 2699 3263 impetus
2727 3192 2849 3256 iuit,
2877 3200 2937 3248 ut
2968 3194 3131 3249 maris
3156 3190 3407 3249 ﬂuctibus
3435 3206 3576 3248 eoa:-

1996 3286 2246 3354 quandus
2266 3285 2353 3339 sit.
2381 3286 2486 3341 Sed
2517 3298 2637 3341 cum
2672 3287 2918 3342 venerint
2945 3289 3246 3350 smvientes,
3273 3294 3326 3340 ct
3346 3286 3576 3340 inunda-

1996 3381 2175 3435 verint
2206 3390 2406 3434 terram
2442 3392 2642 3447 meam,
2680 3391 2805 3435 tunc
2853 3383 3109 3451 princeps
3144 3396 3332 3436 earum
3363 3380 3575 3437 Senna-

1997 3472 2188 3527 cherib
2212 3474 2280 3527 ab
2305 3488 2371 3528 eo
2410 3473 2577 3543 fugiet
2604 3474 2941 3542 increpatus,
2972 3482 3025 3526 et
3049 3474 3187 3527 sicut
3212 3472 3385 3543 pulvis
3417 3480 3577 3527 vento

1999 3574 2246 3633 reptante
2292 3564 2640 3636 dispergitur,
2676 3575 2731 3619 et
2771 3566 2927 3619 turb’o
2976 3565 3027 3618 in
3085 3564 3311 3619 sublime
3343 3564 3577 3620 volvitur

1998 3656 2051 3711 iu
2088 3667 2412 3725 tempestate
2445 3674 2458 3710 :
2492 3658 2572 3713 sic
2616 3659 2706 3712 ille
2741 3656 3192 3728 appmpiuquahit
3240 3656 3452 3726 quidem
3483 3656 3576 3713 .lco

1997 3748 2255 3812 rusaiern',
2287 3749 2544 3803 obsidens
2568 3764 2686 3804 eam
2721 3764 2735 3802 :
2768 3750 2857 3803 scd
2886 3748 3219 3815 pcreutictur
3242 3748 3309 3801 ab
3341 3749 3532 3820 angelo
3558 3765 3575 3815 ;

1996 3838 2179 3893 veniet
2204 3852 2381 3900 mane,
2415 3848 2470 3892 et
2493 3838 2728 3892 deletum
2760 3841 3013 3906 potentia:
3043 3854 3153 3895 suae
3183 3839 3388 3893 videbit
3421 3855 3576 3894 exer-

1997 3932 2187 3986 citum.
2220 3930 2287 3985 Et
2312 3932 2426 4003 lucc.
2447 3931 2545 3985 erit
2580 3938 2705 4000 pars
2736 3946 2915 3984 eorum
2956 3932 3047 4000 qui
3090 3941 3419 3985 vastaverunt
3457 3948 3570 3988 nos.

1999 4023 2113 4079 Iloc
2147 4022 2418 4091 PrOphcta
2468 4023 2705 4091 loquitur
2758 4022 2840 4075 vel
2885 4037 2953 4077 ex
2989 4034 3216 4092 persona
3250 4022 3453 4092 pepuli,
3488 4023 3572 4076 vel

1997 4126 2056 4167 se
2080 4111 2256 4180 ipsum
2287 4110 2521 4180 iungens
2552 4111 2696 4177 genti
2723 4122 2835 4164 suae
2862 4109 3053 4165 Postea
3079 4108 3308 4177 legimus
3335 4124 3353 4165 :
3381 4107 3578 4182 Egres-

1997 4217 2087 4255 sus
2138 4209 2215 4256 est
2280 4200 2499 4270 angelus
2538 4199 2772 4267 Domini,
2801 4210 2850 4255 et
2874 4202 3132 4269 percussit
3171 4203 3228 4255 in
3254 4204 3447 4258 castris
3478 4205 3576 4257 As-

1999 4293 2269 4365 syriorum
2321 4301 2528 4345 centum
2569 4292 2835 4360 octoginta
2866 4294 3093 4363 quinque
3126 4295 3299 4349 millia
3335 4311 3354 4350 :
3383 4306 3430 4349 et
3459 4311 3580 4349 attr-

1999 4393 2249 4440 rexerant
2281 4398 2454 4450 mane,
2495 4393 2544 4438 οι
2580 4399 2697 4439 ecce
2722 4400 2898 4439 omnes
2930 4386 3194 4440 cadavera
3224 4396 3574 4445 mortuorum.

306 4489 367 4535 et
392 4493 500 4534 non
526 4479 704 4547 potius
728 4478 966 4535 alienum
993 4478 1261 4534 seminare
1283 4491 1528 4548 germen,
1547 4475 1691 4547 quod
1718 4476 1890 4533 hostis
1924 4471 1967 4525 D
1994 4475 2061 4532 Et
2091 4492 2329 4548 egressus
2370 4484 2468 4543 est,
2524 4484 2573 4529 et
2629 4477 2781 4541 abiit,
2811 4487 2861 4532 et
2903 4493 3138 4534 reversus
3175 4487 3252 4533 est
3280 4477 3577 4533 Sentiat-he-

307 4570 550 4640 eripiat?
580 4569 674 4626 Vel
723 4581 873 4628 certe
914 4572 997 4627 sic
1024 4588 1037 4626 :
1065 4570 1209 4627 lllios
1243 4584 1415 4632 meos,
1462 4569 1552 4639 qui
1590 4569 1656 4626 de
1704 4568 1884 4638 populi

314 4664 423 4717 mei
471 4664 640 4734 stirpe
667 4665 912 4732 generati
942 4674 1098 4731 situt,
1129 4665 1247 4719 ideo
1278 4662 1515 4717 fundasti
1547 4662 1598 4715 in
1632 4670 1797 4722 terra.
1831 4672 1890 4716 ut

305 4768 410 4809 eos
443 4753 650 4810 alienos
677 4767 732 4810 et
764 4756 1030 4826 pessimos
1065 4756 1255 4811 iacias.

384 4844 562 4915 (Vera.
596 4846 710 4915 ll.)
749 4865 768 4899 α
805 4847 861 4902 In
892 4848 981 4903 die
1010 4847 1360 4915 plantationis
1396 4858 1503 4904 tuae
1530 4849 1803 4914 labrusca,
1830 4857 1888 4904 et

311 4953 477 4993 ntane
504 4954 691 4995 semen
724 4948 873 4995 tuum
904 4939 1136 4996 ﬂorcbit.
1163 4941 1352 4996 Ablata
1374 4953 1474 4996 est
1504 4943 1696 4998 messis
1723 4944 1774 4996 in
1803 4944 1890 4999 die

311 5032 665 5097 lmreditatis,
692 5041 749 5087 et
777 5032 980 5088 dolebit
1012 5032 1127 5104 [ΑΙ.
1160 5033 1397 5107 dolebis]
1420 5036 1674 5105 graviter.
1708 5054 1728 5086 ι
1757 5034 1885 5102 Hos,

308 5123 513 5194 inquit,
567 5138 790 5194 operum
847 5136 1060 5181 tuorum
1115 5126 1327 5184 fruetus
1377 5129 1605 5197 capies:
1640 5127 1764 5184 vitis
1799 5138 1888 5183 tua

386 5271 407 5303 ⁸
439 5271 672 5343 Qonsule
700 5273 931 5343 Proeop.
962 5273 1014 5328 iu
1052 5274 1298 5337 Vandal.,
1326 5277 1418 5330 lib.
1450 5287 1507 5341 ll,
1534 5290 1585 5329 c.
1625 5274 1707 5331 l0.

380 5343 404 5413 ξ
445 5340 619 5413 Varie.
647 5342 713 5397 de
742 5340 1058 5413 infelicitate
1102 5346 1356 5412 sentiunt,
1388 5356 1495 5401 etc.

380 5412 419 5487 '7
447 5408 692 5487 Placeret
726 5408 920 5487 ητίριο
951 5430 1014 5487 cit
1043 5424 1223 5469 vetere
1248 5408 1352 5470 suo
1375 5432 1476 5471 tns.
1500 5420 1691 5487 rcpoui
1725 5417 1891 5473 Theo-

302 5482 455 5558 dotio
477 5484 657 5537 navim
695 5500 794 5558 pro
818 5483 1285 5558 Tlteodotionpves
1316 5500 1337 5539 :
1367 5497 1421 5541 et
1462 5482 1580 5541 moi
1618 5488 1812 5558 Aquila
1834 5490 1888 5543 in

302 5555 563 5626 umbraut
584 5570 681 5622 pro
709 5556 786 5608 bis
827 5554 1096 5626 uiuorum.
1141 5556 1471 5623 Sull‘ragium
1517 5558 1636 5626 ejus
1673 5554 1890 5626 conjec-

303 5633 443 5696 tura:
465 5624 668 5696 addunt
697 5626 800 5689 ipsi
828 5624 987 5696 LXX.
1011 5626 1103 5696 qui
1131 5628 1307 5681 navim
1340 5624 1683 5696 interpretati
1719 5624 1847 5683 sunt
1872 5648 1885 5683 :

298 5693 447 5745 Οὐαὶ
472 5695 574 5761 τῆς
615 5695 817 5747 πλοίων
863 5693 1155 5764 πτέρυγες,
1199 5712 1274 5751 va:
1316 5693 1710 5751 terrce'naoium
1735 5700 1885 5753 alar:

308 5775 427 5818 tum
462 5768 575 5834 ipse
607 5764 981 5836 Hieronymus,
1021 5768 1112 5820 ιιι).
1171 5770 1440 5836 scqucuti,
1472 5769 1561 5822 ubi
1608 5772 1707 5823 hoc
1742 5769 1883 5824 idcut

1990 4568 2067 4622 rt'b
2116 4581 2211 4622 rea:
2256 4567 2595 4637 Assyriorum
2622 4576 2672 4621 et
2697 4568 2953 4624 habitarit
2982 4572 3038 4624 in
3063 4568 3259 4624 Nlnive
3295 4565 3350 4645 (ι
3369 4570 3405 4624 γ
3446 4570 3570 4642 Reg.

1991 4676 2106 4727 xix,
2139 4660 2229 4727 35,
2259 4660 2370 4729 '56).

2063 4753 2221 4826 (Cap.
2266 4752 2450 4810 XVIII.
2472 4786 2544 4798 --
2564 4756 2692 4812 Vers
2721 4756 2797 4827 l.)
2818 4775 2837 4809 ι
2867 4755 2954 4812 Vae
2988 4767 3146 4813 terra:
3183 4756 3429 4827 eymhalo
3462 4755 3575 4809 ala-

1994 4860 2114 4900 rum
2164 4860 2286 4918 qute
2333 4856 2418 4902 est
2462 4857 2609 4904 trans
2665 4848 3228 4915 lluminauEtbioplze.
3267 4866 3285 4899 ι
3337 4847 3569 4901 Verbum

1994 4936 2317 4992 Hebraicum
2368 4952 2562 4995 SELSBL
2622 4921 2827 5011 (5353),
2885 4941 3025 5010 quod
3075 4939 3458 5009 Symmachus,
3484 4957 3575 4994 so-

1995 5031 2187 5093 nilum,
2221 5025 2582 5099 Tlteodotion,
2612 5047 2732 5086 ares
2760 5029 3102 5099 interpretati
3140 5038 3267 5084 sunt
3300 5030 3347 5093 ³,
3383 5040 3439 5083 et
3468 5046 3571 5084 nos

1995 5125 2045 5178 in
2081 5119 2380 5189 cymbalum
2412 5121 2697 5179 vertimus.
2717 5121 2909 5192 Aquila
2941 5122 3018 5175 bis
3054 5119 3298 5176 umbraut
3328 5132 3569 5207 transtu:

1997 5285 2159 5341 caput
2188 5285 2552 5347 recognoscit,
2607 5285 2661 5329 et
2713 5276 2988 5347 Aquuam,
3023 5290 3121 5341 pro
3155 5277 3418 5347 cymbala,
3454 5295 3568 5331 um-

1997 5349 2149 5401 bram
2196 5345 2402 5400 alarum
2455 5348 2868 5415 interpretatum
2923 5345 3094 5401 fuisse
3155 5345 3337 5403 tradit.
3387 5347 3567 5402 Nihilo

1995 5420 2177 5472 secius
2212 5427 2459 5471 neutrum
2491 5418 2665 5469 locum
2693 5424 2881 5471 contra
2908 5430 3035 5470 mss.
3061 5418 3217 5471 iidem
3251 5419 3564 5472 mutandum

1993 5487 2265 5551 existimo,
2302 5501 2425 5541 nam
2472 5485 2727 5542 Drusiani
2776 5486 2981 5542 codicis
3034 5500 3146 5541 non
3191 5498 3298 5541 tam
3325 5489 3423 5542 hoc
3447 5488 3567 5542 loco

1992 5558 2248 5611 laudatur
2284 5557 2604 5626 auctoritas.
2644 5572 2802 5626 quam
2834 5557 2953 5626 ejus
2995 5559 3083 5626 qui
3123 5558 3270 5625 legit,
3304 5558 3566 5615 studium.

1992 5642 2099 5697 quo
2130 5636 2460 5693 postremam
2488 5624 2540 5680 Ν
2576 5624 2811 5682 litteram
2846 5624 2900 5682 in
2928 5624 3317 5683 'l‘ltcodotiouis
3342 5629 3569 5683 nomine

1994 5698 2118 5751 inde
2135 5699 2387 5768 auulsam
2417 5698 2769 5768 subsequenti
2800 5700 2962 5752 verbo
2986 5714 3102 5751 ares
3138 5700 3386 5762 prmttxit.
3420 5699 3563 5753 tion-

1993 5779 2074 5822 tra
2134 5766 2494 5836 Ilierouyutus
2531 5766 2609 5824 iu'
2638 5772 2878 5825 subnexa
2941 5769 3298 5837 expositione,
3354 5770 3494 5839 quod
3530 5785 3561 5820 ιι
