3972 6198
393 321 491 376 12ῖῖ

1548 336 1611 399 S.
1654 337 1961 401 EUSEBII
2000 342 2435 409 HIERONYMI

3524 355 3628 422 184

382 424 466 479 ltt.
500 425 606 479 Sed
631 428 905 534 sciendum
930 436 1073 503 quod
1115 437 1300 493 umbra
1334 442 1565 514 seruate)
1614 446 1836 511 dicitur,
1865 449 1956 502 hic
1984 450 2031 509 Α
2062 453 2262 508 randus
2294 465 2374 509 est
2409 472 2425 523 ;
2457 457 2521 512 ad
2556 467 2792 527 gentem,
2824 473 2944 529 quae
2981 458 3074 516 Dei
3115 475 3326 532 semper
3351 471 3633 534 expecta-

384 526 565 572 autem
593 519 795 591 syllaba
831 523 943 592 ipsa
990 532 1317 596 geminatur.
1391 535 1467 589 Ex
1517 552 1625 607 quo
1670 554 1955 608 possumus

386 610 589 664 dictum
640 614 985 685 intelligere:
1023 619 1113 677 Vin
1162 634 1335 690 terra,
1387 643 1507 697 qua:
1542 630 1595 683 in
1631 631 1817 685 umbra
1847 632 1959 686 aia-

386 716 504 754 rum
536 719 755 760 suarutn
787 709 1076 775 pollicetur
1102 716 1385 772 auxilium.
1415 718 1480 773 Et
1520 736 1643 774 cum
1679 720 1956 790 Scriptum

384 793 524 848 dicat
555 812 569 848 :
606 797 709 863 Qui
740 798 940 856 habitat
964 804 1018 857 in
1049 806 1321 874 adjutorio
1354 811 1637 877 Altissimi,
1672 813 1725 866 in
1750 824 1955 883 prolec-

386 888 522 940 tione
548 887 645 942 Dei
673 892 789 945 εωιί
820 898 1419 971 commorabitttr(Psul.
1441 917 1529 967 xc,
1554 904 1626 970 i),
1650 919 1747 973 pro
1763 920 1872 974 quo
1901 908 1953 960 in

316 972 319 977 “
382 977 612 1033 liebrazo
642 983 907 1052 scriptum
940 987 1101 1059 198
1124 1000 1227 1057 est,
1262 990 1327 1045 In
1348 995 1534 1047 umbra
1570 972 1954 1065 omnipotentis

384 1074 798 1128 commorabitur
821 1092 840 1130 :
876 1079 1048 1145 ipsam
1095 1081 1187 1137 Dei
1220 1085 1629 1141 similitudinem
1667 1088 1866 1144 habere
1896 1104 1955 1145 se

377 1162 619 1233 jactans,
650 1152 798 1231 alin
854 1172 1110 1241 periculis
1168 1177 1460 1231 constituta
1508 1178 1629 1236 aliis
1672 1180 1953 1251 suffragari

384 1258 737 1321 repromittit.
771 1259 1053 1330 Signiﬁcat
1086 1276 1266 1321 autem
1293 1269 1409 1324 sive
1434 1269 1535 1336 No,
1574 1270 1791 1341 Egypti
1821 1272 1953 1327 civi-

386 1357 572 1413 tatem,
606 1366 725 1419 qna-
743 1368 883 1408 nunc
908 1355 1228 1413 Alexandria
1259 1360 1475 1424 dicitur,
1494 1362 1609 1418 sive
1636 1362 1952 1432 Egyptum,

385 1440 438 1491 in
471 1455 573 1508 qua
604 1456 817 1513 semper
867 1445 1165 1504 Jerusalem
1219 1453 1373 1520 quasi
1430 1469 1595 1522 super
1643 1466 1952 1523 quassatam

384 1534 707 1590 arnmlinem
739 1538 923 1592 innixa
955 1552 1059 1605 est,
1087 1558 1205 1611 qua:
1228 1544 1505 1600 confracta
1530 1561 1747 1600 manum
1776 1549 1956 1616 perfo-

386 1634 467 1678 rat
496 1624 877 1683 incumbentis.
906 1632 969 1684 Et
1021 1643 1104 1688 est
1138 1634 1225 1689 hic
1256 1637 1390 1690 ordo
1428 1636 1830 1707 pulcherrimus
1858 1647 1954 1694 :ut

380 1718 651 1781 quomodo
674 1719 725 1772 in
772 1722 937 1788 priori
984 1723 1205 1781 Visione
1253 1743 1431 1784 sermo
1476 1731 1823 1799 prepbeticus
1851 1731 1955 1787 Da-

2061 542 2153 598 bat
2177 548 2460 613 auxilium,
2488 560 2542 605 et
2567 551 2920 606 nihilominus
2949 551 3016 605 ab
3057 553 3309 608 omnibus
3336 554 3629 621 conculca-

2059 642 2197 702 tur;
2230 637 2386 706 cujus
2442 649 2641 694 terram
2699 642 2949 708 ﬂumina,
2984 642 3036 697 id
3082 653 3188 710 est,
3238 646 3437 701 diversi
3475 659 3633 715 reges

2059 725 2366 796 depopulati
2393 741 2539 786 sunt.
2570 731 2674 786 Alii
2721 743 2901 788 autem
2951 742 3168 805 putant,
3217 735 3359 805 quod
3389 746 3635 805 apostro-

2058 817 2164 887 pha
2200 820 2463 890 dirigatur
2486 823 2552 877 ad
2589 825 2895 892 Dominum,
2924 836 2977 882 et
3020 826 3306 882 sitsensus
3348 844 3363 883 :
3397 828 3441 882 0
3468 826 3629 894 Deus,

2057 908 2147 978 qui
2192 910 2359 966 mittis
2416 912 2468 967 in
2527 928 2674 970 mare
2724 916 2902 971 smculi
2993 916 3154 971 istius
3207 917 3519 985 prepbetas,
3576 926 3631 970 et

2056 998 2210 1068 quasi
2262 1015 2361 1068 per
2409 1001 2664 1071 epistolas
2723 1003 3064 1073 navigantes,
3102 1006 3357 1074 populum
3390 1020 3631 1060 commo-

2058 1105 2217 1158 nens,
2246 1094 2353 1148 tuis
2385 1096 2617 1164 imperas
2647 1097 2853 1153 nuntiis
2892 1112 2907 1153 :
2941 1098 3020 1153 ite
3047 1098 3305 1153 velociter
3326 1098 3392 1151 ad
3414 1109 3627 1166 gentem

2056 1198 2235 1238 meam
2286 1186 2573 1241 laceratam
2641 1199 2807 1258 atque
2861 1188 3204 1255 convulsam,
3252 1188 3317 1243 ad
3374 1188 3626 1257 pupulum

2056 1275 2518 1345 robustissimum,
2549 1280 2641 1350 qui
2688 1282 2939 1335 omnibus
2981 1282 3253 1349 quondam
3302 1281 3362 1335 in
3394 1279 3626 1334 circuitu

2057 1371 2309 1436 gentibus
2341 1372 2533 1425 terrori
2586 1371 2715 1437 fuit,
2768 1372 2863 1442 qui
2918 1386 3135 1442 semper
3174 1373 3265 1426 Dei
3294 1371 3627 1442 exSpcctavit

2056 1460 2346 1526 auxilium,
2381 1470 2436 1516 et
2496 1477 2594 1531 pro
2646 1473 2997 1533 peccatorum
3043 1465 3444 1549 .magnitudine,
3479 1463 3624 1532 quod

2058 1559 2260 1618 sperat,
2318 1567 2425 1607 non
2473 1563 2714 1609 meretur
2760 1555 3045 1624 accipere;
3084 1555 3242 1625 cujus
3284 1556 3624 1610 diversarum

2050 1644 2297 1710 gentium
2332 1658 2489 1714 reges
2520 1653 2801 1700 vastavere
2831 1654 3059 1710 terram,
3093 1658 3147 1702 et
3172 1657 3365 1700 caetera
3395 1661 3511 1716 qua:
3540 1661 3625 1701 se-

2057 1721 2319 1803 quuntur.
2349 1735 2617 1793 Eusebius
2679 1738 3032 1794 Carsariensis
3086 1741 3400 1796 historieam
3457 1741 3626 1795 inter-

382 1822 568 1862 masco
602 1810 933 1881 minabatur,
998 1819 1143 1886 quod
1197 1821 1378 1876 decem
1439 1823 1611 1879 tribus
1644 1826 1697 1879 in
1733 1826 1821 1879 illa
1852 1826 1951 1880 ha-
1978 1794 2027 1855 Β
2055 1828 2408 1896 pretationem
2447 1829 2601 1884 titulo
2650 1831 3052 1900 repromittens,
3103 1832 3333 1887 diversis
3376 1833 3624 1888 sensibus

377 1898 599 1956 buerint
630 1906 919 1974 auxilium,
968 1912 1393 1967 misericordiam
1428 1914 1519 1970 Dei
1554 1929 1810 1987 rogantes
1835 1935 1851 1986 ;
1874 1921 1951 1975 sic

378 1996 542 2047 etiam
592 2013 735 2051 nunc
769 2000 1004 2071 Egypto
1055 2007 1280 2061 vastitas
1311 2009 1668 2077 praedicetur;
1694 2011 1764 2067 ob
1797 2012 1951 2080 cujus

379 2087 641 2142 auxilium
671 2091 761 2146 Dei
790 2094 1035 2164 neglecta
1085 2099 1157 2151 sit
1219 2099 1512 2156 invocatio.
1547 2100 1661 2171 Ipsa
1695 2113 1779 2160 est
1804 2105 1949 2162 enim

382 2190 547 2247 terra,
580 2198 700 2251 quae
728 2197 807 2242 est
848 2199 994 2245 trans
1023 2189 1241 2247 ﬂumina
1264 2194 1570 2266 AﬂthiOpiae,
1590 2198 1768 2264 idest,
1802 2210 1952 2255 trans

380 2276 529 2329 rivos
554 2276 659 2332 Nili
686 2278 945 2347 ﬂuminis,
980 2299 1139 2352 quem
1178 2288 1242 2340 de
1276 2287 1548 2360 jEthiopia
1580 2290 1630 2343 in
1654 2289 1948 2361 Egyptum

378 2362 546 2454 littere
580 2379 737 2421 nemo
778 2368 1006 2424 dubitat.
1053 2371 1238 2428 Potest
1268 2375 1531 2448 Egyptus
1569 2380 1775 2434 alarum
1802 2398 1952 2454 cym-

374 2453 554 2506 balum
612 2456 717 2510 dici
765 2470 988 2530 propter
1052 2464 1387 2521 velocitatem
1451 2469 1663 2540 frugum
1720 2488 1735 2539 ;
1791 2453 1950 2529 velox

375 2543 574 2610 quippe
606 2554 660 2598 et
692 2548 942 2603 enncitus
990 2552 1169 2607 avium
1225 2555 1437 2611 volatus
1492 2560 1669 2615 reddit
1713 2564 1949 2631 cymbali

375 2634 637 2689 sonitum.
678 2636 907 2703 Quidam
941 2657 1005 2695 ex
1036 2658 1102 2697 eo
1127 2646 1269 2714 quod
1318 2649 1564 2718 sequitur
1602 2668 1616 2707 :
1656 2653 1761 2719 Qui
1791 2656 1951 2709 mittit

374 2726 428 2778 in
462 2728 599 2781 mari
624 2728 847 2798 legatos,
876 2744 922 2786 et
954 2734 1007 2787 iu
1040 2738 1178 2797 uasis
1208 2742 1396 2809 papyri
1414 2752 1581 2811 “super
1610 2762 1798 2814 aquas.
1830 2745 1951 2801 Bo-

376 2833 596 2874 tnanntn
656 2836 879 2892 regnum
936 2825 1354 2897 intelligunt/ct
1408 2850 1621 2891 omnem
1671 2837 1949 2895 historiam

375 2908 622 2963 referunt
647 2911 714 2965 ad
766 2914 1104 2983 Vespasiani,
1138 2929 1193 2972 et
1243 2919 1348 2975 Titi
1401 2932 1669 2996 tempora,
1699 2942 1731 2982 a
1756 2929 1952 2999 quibus

376 3002 749 3079 Hierosolyma
802 3011 1059 3069 subversa
1120 3024 1229 3072 est.
1264 3018 1371 3075 Sed
1423 3020 1522 3075 hoc
1570 3019 1695 3076 iidei
1756 3032 1952 3077 nostrae

2054 1927 2338 1988 evagatur,
2365 1918 2521 1989 cujus
2572 1935 2692 1975 cum
2744 1922 2915 1977 libros
2971 1922 3224 1991 legerem,
3276 1924 3419 1978 aliud
3458 1925 3626 1978 multo

2052 2010 2250 2079 reperi,
2278 2026 2437 2080 quam
2483 2011 2660 2069 indice
2696 2015 3062 2084 promittebat.
3103 2013 3423 2084 Ubicunque
3478 2017 3621 2070 enim

2050 2104 2401 2159 eumhistoria
2425 2106 2701 2173 deiecerit,
2781 2106 2975 2163 transit
3014 2107 3081 2162 ad
3108 2109 3439 2179 allegoriam,
3468 2121 3520 2165 et
3549 2113 3622 2166 ita

2053 2206 2302 2265 separata
2332 2199 2635 2267 consociat,
2684 2209 2744 2255 ut
2793 2201 2956 2255 mirer
3003 2216 3123 2255 eum
3177 2216 3312 2257 nova
3359 2205 3628 2261 sermonis

2052 2286 2258 2343 fabrica
2293 2289 2348 2344 in
2381 2304 2548 2344 unum
2615 2306 2813 2361 corpus
2866 2291 3097 2362 lapidem
3138 2293 3450 2363 ferrumque
3483 2310 3621 2351 con-

2048 2379 2296 2450 jungere.
2330 2379 2442 2435 Hoc
2464 2380 2702 2437 breviter
2730 2384 3002 2446 admonui,
3032 2398 3099 2439 ne
3142 2386 3267 2454 quis
3300 2389 3322 2418 ’
3348 2403 3446 2442 nos
3472 2398 3623 2457 putet

2052 2485 2119 2526 ex
2143 2471 2286 2527 illius
2317 2472 2557 2528 fontibus
2614 2481 2888 2530 mutuasse
2940 2491 3060 2545 quae
3110 2478 3380 2544 dicimus;
3415 2494 3537 2533 nam
3566 2488 3623 2535 et

2052 2564 2107 2618 in
2132 2566 2380 2633 praesenti
2410 2564 2644 2635 capitulo
2684 2568 2971 2622 adversum
3019 2566 3231 2626 Judaaos
3282 2583 3337 2623 et
3367 2569 3623 2625 Hieroso-

2060 2654 2263 2725 lymam
2294 2656 2426 2711 dicit
2479 2657 2821 2727 prophetiam
2861 2658 3042 2730 dirigi,
3075 2661 3217 2729 quod
3253 2660 3306 2714 iu
3351 2662 3624 2731 principio

2055 2746 2183 2803 ﬁdei
2212 2746 2542 2805 Christianae
2585 2748 2824 2818 ad,totas
2862 2761 3047 2821 gentes
3071 2753 3323 2819 epistolas
3354 2752 3625 2820 miserint,

2054 2853 2124 2893 ne
2144 2842 2484 2907 susciperent
2503 2842 2805 2911 passionem
2824 2842 3026 2898 Christi
3056 2861 3077 2911 ;
3110 2854 3162 2899 et
3188 2845 3433 2901 miserint
3452 2859 3624 2914 usque

2052 2926 2119 2981 ad
2152 2926 2488 2997 Albiopiam
2535 2940 2589 2985 et
2624 2930 3028 2989 Occidentalem
3074 2935 3309 3006 plagam,
3341 2945 3623 3004 totumque

2053 3019 2241 3073 orbem
2289 3017 2455 3088 hujus
2510 3018 2859 3091 blasphemiae
2917 3022 3362 3079 disseminatione
3383 3023 3623 3093 comple-

371 3112 482 3152 non
515 3102 791 3168 convenit,
831 3092 889 3158 ιιί
920 3106 1157 3163 minetur
1200 3109 1459 3167 Dominus
1490 3127 1653 3181 regno
1683 3112 1947 3182 Romano,
1977 3134 2020 3196 ο
2054 3110 2248 3166 verint.

372 3205 540 3259 quare
592 3195 810 3263 impiam
862 3210 1077 3267 gentem
1137 3202 1489 3271 subvenerit,
1541 3214 1595 3260 et
1646 3222 1856 3262 rursum
1890 3208 1942 3262 in

372 3295 609 3340 montem
639 3286 767 3343 Sion
801 3288 947 3344 dicat
991 3306 1208 3348 munera
1243 3294 1564 3365 deferenda,
1594 3298 1695 3353 nisi
1722 3299 1863 3355 forte
1894 3310 1949 3355 et

372 3380 485 3430 huic
516 3379 871 3447 spiritualiter
900 3384 1226 3453 ingEcclesia
1268 3390 1620 3461 accipiamus.

446 3468 631 3538 (Vers.
653 3471 731 3540 2.)
762 3492 778 3523 ι
814 3474 915 3541 Qui
963 3480 1127 3532 mittit
1160 3480 1213 3533 in
1254 3483 1388 3535 mari
1423 3482 1648 3553 legatos,
1677 3493 1729 3539 et
1767 3485 1822 3540 in
1852 3500 1947 3541 va-

371 3566 447 3616 sis
472 3567 654 3633 papyri
680 3582 847 3636 super
873 3584 1065 3639 aquas.
1102 3570 1199 3633 Ite,
1236 3576 1410 3644 angeli
1453 3577 1682 3640 veloces.
1714 3580 1781 3633 ad
1812 3595 1946 3648 gen-

371 3664 479 3710 tem
511 3660 823 3714 coitvulsatn
859 3673 911 3714 et
963 3666 1335 3731 dilaceratatn,
1376 3668 1440 3723 ad
1481 3672 1735 3740 populum
1782 3675 1947 3730 terri-

370 3746 552 3811 bilem,
571 3759 693 3818 post
715 3767 872 3819 qut-tn
903 3771 1005 3808 non
1031 3758 1281 3824 estalius,
1301 3760 1364 3814 ad
1389 3772 1598 3831 gentem
1624 3777 1942 3834 exspectan-

373 3849 476 3894 tem
529 3852 581 3897 et
643 3846 1055 3914 conculcatam,
1102 3850 1257 3917 cujus
1323 3853 1665 3923 diripuerunt
1722 3858 1942 3913 ﬂumina

370 3946 570 3987 terram
588 3936 729 4005 ejus.
757 3957 775 3991 ι
801 3942 951 4008 Apud
975 3941 1225 3998 liebrtros
1246 3955 1298 4000 et
1320 3949 1581 4018 Afgyptus
1597 3950 1945 4022 et/Egyptius

369 4026 717 4099 etASgyptii,
779 4047 886 4084 uno
942 4034 1202 4089 vocabulo
1270 4048 1652 4107 nuncupantur
1704 4057 1942 4097 ιιεειιΑιιι

369 4123 625 4193 (mare).
682 4124 793 4180 lloc
823 4128 1027 4182 dietuut
1068 4131 1160 4197 sit,
1192 4145 1257 4185 ne
1281 4132 1402 4200 quis
1440 4133 1491 4185 in
1526 4135 1689 4189 verbo
1718 4135 1940 4202 haareat,

369 4230 492 4270 cu-u
526 4234 623 4284 pro
653 4234 851 4288 genere
882 4220 1144 4277 feminino
1174 4225 1530 4280 masculinum
1570 4229 1857 4295 invenerit,
1892 4232 1941 4285 id

367 4324 470 4379 est,
502 4328 604 4381 pro
633 4324 771 4370 terra
805 4314 1103 4383 hominem,
1139 4320 1267 4387 quia
1303 4328 1356 4374 et
1402 4336 1542 4375 nunc
1566 4323 1765 4377 dicitur
1795 4341 1809 4380 :
1840 4324 1944 4390 Qui

369 4406 530 4458 mittit
562 4408 616 4460 iu
664 4407 801 4460 mari
852 4406 1069 4476 legatos,
1097 4407 1195 4461 hoc
1230 4416 1332 4469 est,
1366 4408 1480 4477 ipsa
1518 4409 1800 4475 Mesraim,
1829 4412 1969 4481 ipse.

2125 3201 2304 3274 (Vera.
2340 3202 2419 3275 3.)
2461 3221 2481 3258 ι
2515 3202 2717 3260 Omnes
2758 3204 3088 3261 habitatores
3116 3206 3264 3262 orbis
3304 3206 3397 3275 qui
3438 3221 3620 3262 mora-

2050 3295 2181 3350 mini
2223 3296 2275 3349 in
2305 3304 2472 3361 terra,
2505 3310 2626 3351 cum
2655 3296 2922 3351 evelatttm
2957 3295 3119 3352 fuerit
3148 3298 3357 3366 signum
3393 3298 3445 3351 in
3468 3313 3620 3352 mon-

2049 3389 2212 3453 tibus,
2234 3387 2503 3455 videbitis,
2525 3398 2578 3443 et
2593 3390 2897 3459 clangorem
2918 3388 3058 3443 tubae
3080 3390 3331 3444 audietis.
3361 3406 3380 3440 ι
3396 3390 3621 3445 Cuncta:

2048 3480 2247 3551 inquit,
2275 3492 2484 3550 gentes,
2510 3495 2607 3551 per
2637 3480 2949 3546 circuitum,
2981 3480 3198 3550 quando
3224 3496 3400 3536 meam
3420 3480 3620 3549 jussio-

2046 3586 2198 3638 nem,
2217 3572 2373 3643 quasi
2392 3573 2604 3641 signum
2631 3574 2682 3627 in
2719 3574 2996 3629 montibus
3016 3574 3308 3640 elevatum,
3332 3588 3621 3642 meumque

2046 3664 2547 3736 200imperium,
2581 3666 2733 3732 quasi
2784 3666 3089 3733 clangorem
3138 3668 3278 3721 tubas
3306 3665 3619 3720 sublimiter

2049 3758 2357 3814 resonantis
2416 3757 2722 3825 audieritis,
2782 3766 2909 3812 tunc
2963 3758 3211 3813 videbitis
3256 3758 3381 3827 quid
3421 3770 3621 3825 [ιι-ωερε

2044 3850 2245 3922 perint.

2119 3942 2299 4013 (Vers.
2332 3944 2413 4013 4.)
2454 3962 2472 3997 ι
2516 3943 2652 4011 Quia
2698 3944 2812 3998 haec
2862 3943 2993 3998 dicit
3058 3942 3319 3997 Dominus
3362 3942 3427 3995 ad
3482 3955 3613 3996 me:

2045 4036 2358 4102 Quieseam,
2386 4047 2440 4091 et
2489 4037 2845 4091 considerabo
2899 4036 2954 4089 in
2992 4036 3111 4090 ioco
3147 4050 3287 4090 meo.
3320 4053 3338 4086 ι
3366 4034 3505 4100 Quid
3533 4042 3620 4089 est

2046 4132 2188 4202 quod
2223 4131 2434 4186 locutus
2458 4142 2541 4186 est
2578 4129 2836 4183 Dominus
2860 4128 2925 4183 ad
2953 4128 3273 4196 Prophetam
3294 4127 3316 4181 τ
3335 4126 3447 4181 Hoc
3472 4127 3616 4196 quod

2046 4225 2292 4295 sequitur
2324 4239 2338 4277 :
2376 4221 2553 4277 Donec
2581 4222 2799 4276 veniant
2823 4236 2941 4290 qua:
2974 4222 3225 4289 praecepi,
3256 4221 3308 4273 in
3344 4235 3464 4275 mea
3489 4223 3619 4275 sede

2046 4318 2389 4386 requiescam
2426 4331 2441 4380 ;
2474 4323 2529 4367 ttt
2561 4313 2731 4368 Judaei
2765 4322 2971 4382 putant,
3004 4313 3057 4367 in
3099 4311 3357 4382 Temple;
3395 4321 3451 4367 ut
3491 4326 3614 4376 nos,

2049 4412 2102 4465 in
2142 4409 2482 4466 coelestibus.
2515 4405 2581 4459 Et
2620 4405 3000 4471 considerabo,
3054 4405 3247 4475 inquit,
3297 4403 3391 4471 qui
3430 4418 3616 4459 rerum

368 4499 675 4570 Egyptius,
736 4514 801 4554 eo
854 4499 1000 4569 quod
1050 4501 1115 4553 de
1156 4500 1505 4567 Alexandria,
1551 4518 1671 4572 qua:
1702 4512 1849 4569 tunc,
1880 4515 1937 4558 ttt
1974 4497 2015 4551 D
2046 4502 2167 4556 iinis
2198 4500 2466 4555 adveniat.

367 4594 627 4656 diximus,
695 4592 774 4647 No
818 4592 1133 4655 vocabatur,
1183 4591 1342 4661 199
1394 4594 1551 4663 legati
1616 4595 1762 4648 missi
1812 4607 1935 4649 sunt

367 4684 801 4754 Hierosolymam
835 4691 889 4736 et
914 4682 966 4735 in
999 4682 1145 4735 vasis
1175 4683 1379 4752 papyri,
1414 4684 1463 4738 id
1492 4694 1596 4747 est,
1629 4686 1869 4755 epistoiis
1896 4687 1937 4752 ¹,

365 4779 481 4830 sive
531 4780 776 4836 navibus,
839 4790 994 4829 suum
1056 4774 1162 4829 illis
1214 4776 1477 4829 auxilium
1540 4781 1938 4846 promittentes,

366 4873 602 4921 dixerint
636 4883 649 4921 :
684 4866 765 4919 Ite
799 4867 1043 4920 uelociter
1074 4868 1142 4920 ad
1164 4869 1469 4922 Jttdxorum
1497 4879 1696 4936 gentem
1723 4872 1939 4924 convul-

364 4981 505 5024 sum,
546 4974 601 5015 et
648 4963 996 5031 Assyriorum
1046 4963 1458 5030 impugnatioue
1500 4963 1790 5017 laremtant
1818 4978 1839 5015 :
1874 4965 1938 5019 ad

365 5057 620 5125 populum
672 5056 947 5125 quondam
1008 5056 1345 5117 terribilem,
1397 5055 1487 5123 qui
1550 5056 1639 5109 Dei
1692 5059 1945 5113 utebatur

366 5148 616 5215 imperio,
657 5150 723 5201 ad
774 5148 934 5216 cujus
987 5148 1282 5217 potentiam
1332 5150 1510 5203 nullus
1550 5149 1689 5205 alius
1724 5164 1946 5220 compa.

364 5281 587 5346 singulis
612 5276 997 5353 interpretibus
1024 5282 1343 5337 translatum
1358 5294 1467 5344 est.
1488 5283 1644 5338 simul
1670 5283 1934 5352 jungens,

296 5359 303 5365 ’
364 5356 541 5405 arium
602 5370 818 5422 quoque
891 5357 1086 5422 ingerit
1148 5370 1339 5408 ttOtttett
1380 5356 1689 5418 :Comitus,
1747 5356 1939 5423 inquit,

363 5440 538 5492 mugitu
574 5428 776 5475 solutus
810 5425 980 5477 reddit
1013 5424 1241 5492 rymbali
1274 5426 1530 5477 sonitum.
1570 5426 1810 5491 Denique
1846 5441 1941 5477 vo—

365 5481 593 5554 ιὶλὸξέτῖς
617 5495 885 5563 geminata
922 5481 1129 5563 syllaba
1150 5508 1293 5549 recte
1324 5497 1401 5547 bis
1430 5497 1667 5547 umbraut
1693 5481 1939 5563 A'quilaut

366 5584 421 5616 1.-
446 5582 549 5618 nam
578 5584 662 5620 ssi?
696 5570 1048 5635 persuadent.

442 5639 450 5663 '
501 5636 693 5690 lit-ulc
725 5652 842 5705 qua:
892 5636 1245 5691 observamus
1282 5637 1336 5691 in
1387 5638 1546 5706 epist.
1582 5636 1672 5702 5i,
1706 5652 1852 5691 num.
1889 5636 1939 5700 1,

366 5722 475 5759 liti.

434 5781 453 5809 ’
496 5780 660 5848 ilnjus
698 5782 890 5851 opinor
943 5778 1337 5847 expositionem
1391 5780 1613 5849 capituli
1678 5787 1941 5850 pernegat

2120 4615 2139 4647 ι
2182 4595 2337 4649 Sicut
2377 4593 2674 4647 meridiana
2713 4591 2804 4647 lux
2849 4592 2994 4647 clara
3042 4599 3144 4657 est,
3187 4601 3241 4646 et
3273 4591 3415 4647 sicut
3441 4585 3616 4648 nubes

2044 4688 2184 4741 roris
2215 4687 2264 4738 itt
2301 4687 2387 4739 die
2411 4686 2629 4739 messis.
2670 4704 2689 4738 ι
2718 4684 2867 4740 Sicut
2896 4686 2950 4739 in
2981 4695 3092 4741 toto
3121 4687 3205 4740 die
3238 4686 3373 4741 nihil
3393 4695 3474 4741 est
3500 4686 3617 4740 cla-

2043 4777 2157 4831 rius
2193 4776 2441 4837 meridie,
2481 4776 2695 4844 quando
2724 4776 2803 4829 sol
2847 4778 2913 4830 de
2952 4778 3130 4832 medio
3157 4777 3294 4833 cmlo
3327 4778 3528 4841 rutilat,
3560 4787 3617 4832 et

2041 4884 2255 4924 omnem
2277 4876 2285 4934 λ
2306 4870 2493 4922 orbem
2524 4869 2729 4937 pariter
2777 4868 3026 4934 illustrat,
3061 4879 3115 4923 et
3155 4870 3294 4923 sicut
3323 4870 3373 4923 in
3402 4880 3534 4925 aestu
3561 4883 3618 4925 et

2042 4963 2225 5017 calore
2251 4971 2511 5027 torrente,
2548 4958 2767 5031 quando
2821 4961 2998 5015 nudus
3045 4976 3249 5016 messor
3275 4963 3614 5032 excoquitur,

2043 5064 2098 5109 et
2130 5052 2313 5125 operis
2367 5053 2798 5125 magnitudinem
2840 5048 3114 5109 anhelitus
3150 5054 3365 5123 probat,
3422 5056 3620 5123 gratis-

2042 5148 2176 5203 sima
2198 5158 2281 5203 est
2317 5149 2454 5203 roris
2490 5148 2796 5218 temperies,
2832 5147 2877 5203 si
2934 5158 3152 5204 arentes
3200 5148 3473 5217 stipulas?
3499 5162 3616 5203 ma-

2044 5304 2101 5343 se
2123 5286 2192 5341 ab
2225 5287 2457 5340 Eusebio
2512 5296 2807 5349 mutuasse,
2865 5299 2978 5348 aut,
3036 5284 3180 5354 quod
3217 5284 3613 5340 Moutfaueonio

2044 5359 2239 5427 placet,
2288 5359 2354 5411 de
2412 5367 2524 5410 toto
2566 5358 2969 5411 Commentario
3027 5356 3304 5427 intelligit,
3351 5356 3403 5410 in
3450 5370 3610 5425 quem

2042 5425 2192 5482 certe
2226 5428 2480 5495 pleraque
2503 5428 2603 5481 alia
2633 5428 2924 5494 congessit,
2958 5441 3077 5492 qua:
3106 5425 3372 5480 Eusebius
3399 5442 3496 5478 nec
3526 5435 3611 5478 at-

2046 5500 2160 5565 tigit
2196 5500 2433 5563 quidem,
2470 5513 2565 5550 nec
2608 5499 2781 5562 potuit
2810 5496 3075 5564 attigisse.
3107 5496 3372 5549 Cmterutn
3410 5496 3609 5548 nedum

2044 5569 2333 5622 historicas
2362 5570 2571 5634 aliquot
2602 5566 2989 5633 expositiones,
3039 5566 3355 5633 allegoricus
3392 5580 3610 5634 quoque

2045 5641 2336 5697 unnnullas
2359 5639 2426 5689 ab
2459 5639 2545 5690 illo
2582 5637 2855 5704 accepisse
2880 5635 2937 5687 S.
2974 5634 3281 5699 Ductorem,
3310 5635 3443 5704 ipsae
3473 5648 3610 5703 quas

2045 5708 2271 5763 subinde
2306 5717 2647 5770 :tnttolzttuus,
2684 5706 2993 5758 testimonio
3029 5716 3174 5759 sunt.

2118 5780 2137 5809 ³
2178 5780 2325 5833 Vatic
2358 5820 2371 5839 ,
2407 5779 2539 5831 sicut
2568 5787 2777 5830 urentes.
2801 5777 3043 5839 stipulas.
3081 5785 3133 5827 et
3165 5792 3284 5828 mox
3322 5776 3454 5833 facit
