3972 6198
275 323 278 326 ’
308 335 413 402 tas

877 334 1288 402 COMMENTI.
1304 338 1377 401 R.
1422 339 1504 402 IN
1543 340 1806 404 ISAIAM
1840 339 2298 410 l‘ROPIlE'l‘AM
2351 349 2496 416 LIB.
2527 354 2597 427 V,
2634 353 2793 416 CAP.
2830 353 2991 418 XIX.

3464 341 3567 425 ise

311 459 522 510 tutinns
567 455 766 510 humor
807 456 1070 511 recabiles
1123 456 1329 512 faciat:
1362 459 1445 513 ita
1481 475 1641 517 meus
1669 475 1874 526 sermo,
1907 467 1955 525 Α
1983 475 2084 526 est,
2117 468 2256 522 dtina
2308 470 2567 526 mittenda
2598 470 2728 539 sint,
2757 481 2813 527 et
2855 471 3144 528 offerenda:
3174 471 3406 529 victima:
3450 478 3566 546 spi-

313 564 474 615 quem
517 547 873 602 considerabo
907 547 963 602 in
995 548 1116 604 loco
1152 563 1296 616 tneo,
1332 551 1543 607 cunctis
1570 552 1625 608 in
1656 568 1743 608 me
1772 568 1889 610 cre-

314 639 574 693 dentibus
600 646 791 709 gratus
820 639 1095 695 adveniet.

386 769 568 840 (Vers.
595 770 650 835 5,
673 771 755 840 6.)
803 790 822 825 ο
859 772 998 828 Ante
1020 787 1248 830 messem
1281 779 1425 832 enim
1457 787 1602 833 totus
1633 778 1890 850 eilloruit,

313 875 365 920 et
409 863 700 918 immatura
732 864 996 933 perfectio
1044 869 1391 936 germinavit,
1432 880 1484 926 et
1531 873 1892 941 praccideutur

315 953 612 1008 ramusculi
663 958 781 1023 ejus
820 954 1071 1022 falcibus,
1120 967 1175 1012 et
1212 975 1330 1028 quae
1364 961 1618 1016 derelicta
1667 964 1892 1031 fuerint,

313 1045 700 1100 abscindentur
727 1057 781 1100 et
837 1049 1296 1105 excutientur.’Et
1320 1052 1698 1122 relinquentur
1730 1058 1890 1112 simul

314 1139 511 1192 avibus
542 1139 806 1192 montium
837 1150 892 1194 et
931 1142 1121 1197 bestiis
1164 1151 1346 1210 terrae,
1392 1156 1445 1199 et
1472 1157 1663 1202 aestate
1697 1165 1892 1217 perpea

317 1241 412 1286 tua
459 1241 622 1286 erunt
673 1248 839 1301 super
899 1249 1022 1288 eum
1077 1235 1351 1303 volucres,
1389 1249 1442 1292 et
1483 1254 1671 1296 nuines
1706 1242 1893 1296 bestia:

317 1336 480 1381 terra:
501 1342 665 1396 super
722 1328 871 1382 illum
925 1329 1275 1399 byemabunt.
1310 1330 1498 1398 iQuia
1551 1334 1618 1387 de
1669 1335 1894 1390 meridie

319 1419 555 1484 dixerat,
580 1431 634 1474 et
666 1420 861 1473 nubem
899 1421 1038 1476 roris
1078 1423 1129 1475 in
1159 1432 1350 1478 testate
1373 1439 1436 1479 ac
1469 1439 1643 1480 messe
1674 1427 1892 1494 prmnii-

318 1520 491 1573 serat,
529 1521 583 1564 et
619 1511 688 1565 ab
721 1509 1056 1582 agricultura
1117 1515 1523 1570 translationem
1567 1527 1894 1587 sumpserat,

317 1611 502 1653 servat
527 1614 644 1652 eam
692 1599 747 1654 in
801 1599 1048 1670 reliquis,
1108 1603 1423 1659 describens
1455 1605 1674 1676 [Egypti
1705 1623 1896 1676 super-

314 1690 487 1754 biam,
519 1702 572 1744 et
609 1692 790 1759 populi
845 1693 994 1748 illius
1033 1698 1365 1762 vastitatem,
1404 1707 1459 1751 et
1497 1700 1762 1753 cadavera
1797 1716 1892 1767 per

315 1787 1004 1855 universamprovinciam,
1029 1805 1149 1860 qua:
1179 1806 1208 1844 a
1240 1791 1550 1848 volucribus
1579 1795 1889 1849 devorauda

315 1875 450 1930 sint.
502 1875 786 1942 Quomodo
844 1879 987 1934 enim
1053 1890 1180 1936 ante
1251 1884 1614 1938 maturitatem
1681 1898 1892 1955 segetes

313 1979 686 2038 erumpentes,
721 1970 830 2025 cito
880 1984 1128 2040 pereunt,
1185 1983 1240 2029 et
1297 1985 1586 2045 antequam
1631 1978 1893 2046 perfectio

262 2045 276 2054 ’
316 2062 578 2128 temporis
629 2061 828 2128 veniat,
898 2065 1266 2134 germinantes
1311 2067 1528 2122 inutiles
1581 2045 1704 2122 sunt
1744 2087 1759 2124 :
1793 2073 1890 2137 sic,

317 2152 517 2222 inquit,
549 2153 790 2225 Egyptii
823 2158 1006 2225 populi
1034 2159 1186 2226 quasi
1234 2160 1370 2214 rami
1413 2161 1628 2216 inutiles
1667 2161 1896 2217 falcibus

316 2250 709 2314 przrcitleutur,
747 2258 798 2301 et
827 2259 1038 2302 cuncta:
1061 2253 1388 2319 propagines
1415 2251 1785 2306 nudabuntur.
1819 2256 1895 2308 Ac

315 2353 387 2391 ne
400 2349 745 2406 putares-um
774 2339 999 2396 devinea
1025 2343 1225 2403 dicere.
1244 2354 1319 2407 ,et
1340 2360 1449 2398 non
1472 2345 1536 2398 de
1561 2346 1890 2414 hominibus,

314 2430 480 2500 vertit
506 2432 873 2500 metaphoram
903 2435 954 2487 in
981 2433 1220 2488 historia:
1259 2435 1540 2490 veritatem
1570 2453 1584 2490 :
1621 2437 1689 2490 Et
1729 2438 1896 2493 relin-

311 2537 564 2591 quemur,
584 2523 780 2592 inquit,
806 2525 966 2579 simul
985 2526 1166 2580 avibus
1186 2528 1458 2592 montium,
1481 2539 1527 2582 et
1547 2529 1724 2586 bestiis
1740 2547 1899 2597 super

317 2622 495 2668 terrae.
524 2621 666 2670 Aves
715 2616 859 2670 enim
899 2625 953 2671 et
985 2616 1172 2672 bestiae
1203 2619 1593 2676 nonabscisos
1635 2622 1896 2678 arborum

316 2720 530 2768 ramos,
567 2709 662 2761 sed
716 2710 981 2764 cadavera
1027 2711 1306 2765 devorant.
1370 2712 1640 2783 Legamus
1684 2715 1900 2784 plenius

317 2795 594 2860 Ezechiel,
628 2799 715 2853 ubi
743 2799 1028 2870 prophetat
1055 2801 1212 2871 201
1245 2814 1435 2858 contra
1465 2803 1815 2863 Pharaonem
1847 2816 1902 2862 et

317 2898 512 2944 contra
541 2890 834 2961 Egyptum
862 2904 953 2947 :et
978 2894 1095 2949 hazc
1123 2895 1305 2950 omnia
1335 2897 1679 2964 apertissime
1697 2899 1900 2968 scripta

319 2980 662 3050 reperiemus
695 2982 911 3054 (Eucti.
937 2985 1112 3055 utr).
1164 2987 1426 3058 Quodque
1477 2989 1612 3044 dicit
1645 2989 1901 3047 :ZEstate

314 3083 573 3139 perpetua
596 3084 750 3127 erunt
778 3091 934 3145 super
965 3091 1083 3130 eum
1133 3078 1386 3142 rolucres,
1428 3090 1476 3134 et
1503 3097 1682 3136 omnes
1725 3084 1903 3139 bestia

316 3180 480 3231 super
513 3165 662 3218 illum
684 3167 1127 3236 hyemabuut,aut
1150 3185 1277 3225 vere
1306 3171 1714 3228 interfectorum
1742 3175 1909 3244 signi-
1936 3167 1980 3228 C

319 3255 892 3335 ﬁcatntultitudinem,
922 3266 1016 3313 aut
1063 3276 1159 3328 per
1208 3263 1454 3318 eamdem
1496 3264 1902 3321 translationem

317 3348 684 3412 demonstrat,
715 3349 857 3419 quod
883 3364 914 3402 a
937 3351 1149 3406 cunctis
1176 3351 1428 3420 gentibus
1480 3354 1772 3409 vastandas
1813 3355 1902 3410 sit.

395 3484 574 3557 (Vers.
599 3485 680 3554 7.)
710 3503 730 3537 ι
765 3487 822 3542 in
849 3497 1098 3558 tempore
1123 3488 1214 3543 illo
1253 3487 1528 3543 deferetur
1565 3504 1758 3545 munus
1798 3489 1905 3546 Do-

322 3579 478 3634 mino
512 3579 850 3634 exercituum
895 3596 924 3634 a
951 3583 1153 3652 populo
1189 3582 1400 3638 divulso
1440 3590 1493 3636 et
1529 3582 1845 3650 dilacerata,
1873 3599 1904 3639 a

323 3671 531 3740 popqu
557 3671 807 3735 terribili,
839 3680 959 3740 post
981 3687 1140 3741 quem
1169 3687 1274 3726 non
1309 3672 1410 3727 fuit
1439 3672 1579 3729 alius
1608 3691 1623 3730 :
1653 3689 1683 3728 a
1747 3684 1906 3744 gente

320 3773 702 3834 exspectante,
748 3775 1100 3834 exspectante
1153 3776 1208 3821 et
1252 3767 1588 3834 conculcata,
1637 3769 1795 3841 cujus
1823 3771 1907 3826 di-

325 3857 614 3924 ripuerunt
647 3854 870 3909 ﬂumina
910 3866 1109 3912 terram
1163 3857 1302 3927 ejus,
1349 3857 1415 3912 ad
1447 3858 1623 3914 locum
1669 3859 1906 3916 nominis

325 3944 543 4000 Domini
599 3947 937 4002 exercituum
991 3957 1232 4002 montem
1284 3946 1440 4005 Sion.
1481 3949 1900 4024 sPostIEgypti

321 4039 636 4092 vastitatem
667 4049 723 4092 et
757 4039 990 4094 deletum
1031 4036 1148 4107 ejus
1207 4039 1515 4108 imperium,
1553 4057 1900 4114 nequaquam

328 4131 498 4185 Israel
524 4131 577 4185 in
614 4130 985 4184 umbratillius
1027 4130 1265 4185 vanitate
1309 4131 1568 4198 conﬁdet,
1599 4134 1692 4187 sed
1724 4148 1904 4188 rever-

330 4233 482 4280 tetur
504 4226 569 4276 ad
600 4223 905 4288 Dominam,
932 4231 985 4277 et
1032 4237 1128 4277 sua
1162 4237 1392 4276 munera
1428 4223 1635 4279 deferet
1660 4225 1907 4280 admou-

329 4325 440 4371 tetn
470 4315 625 4382 Sion,
665 4313 719 4369 id
751 4324 856 4379 est,
906 4312 960 4368 in
987 4311 1243 4382 templum
1279 4314 1418 4386 ejus,
1456 4324 1510 4370 et
1548 4315 1701 4371 illum
1729 4319 1904 4372 solum

327 4425 550 4479 rogans,
575 4413 732 4480 cujus
783 4424 970 4464 verum
1018 4418 1392 4480 aeternumque
1433 4411 1742 4478 prasidium
1796 4421 1902 4466 est.

1992 556 2242 613 rituales.

2066 648 2220 718 (Cap.
2264 647 2410 703 XIX.
2443 679 2512 691 -—
2556 651 2710 708 Vers.
2758 651 2835 722 Ι.)
2889 672 2908 704 ι
2947 651 3098 710 Onus
3144 653 3381 725 Egypti.
3431 655 3570 712 Ecce

1991 738 2253 795 Dominus
2283 743 2538 797 ascendet
2569 758 2734 812 supra
2766 743 2963 799 nubem
2995 745 3190 812 levem,
3218 756 3272 800 et
3301 746 3571 815 ingredie-

1994 838 2082 883 tur
2110 829 2431 901 IEgyplum,
2469 842 2524 886 et
2563 833 2925 888 movebuntur
2967 834 3261 891 simulacra
3291 831 3510 908 ὥς)γηί
3541 853 3571 893 a

1992 919 2131 975 facie
2163 923 2309 992 ejus,
2336 932 2389 977 ct
2416 939 2514 978 cor
2544 921 2764 994 Egypti
2815 925 3055 981 tabescet
3085 927 3136 980 in
3169 929 3347 984 medio
3376 930 3516 999 ejus.
3549 945 3568 980 ο

1991 1013 2160 1069 Moris
2207 1024 2288 1070 est
2336 1013 2766 1086 Scripturarum,
2808 1017 3058 1072 obscuris
3109 1019 3394 1074 manifesta
3441 1020 3573 1076 sub-

1993 1115 2234 1172 nectere,
2277 1116 2332 1162 et
2372 1109 2516 1179 quod
2557 1110 2714 1178 prius
2759 1109 2860 1164 sub
2899 1111 3272 1180 acnigmatibus
3312 1112 3576 1176 dixerint,

1994 1207 2183 1264 aperta
2221 1213 2353 1252 voce
2406 1201 2672 1265 proterre.
2727 1199 2879 1255 Unde
2927 1211 2980 1256 et
3026 1202 3080 1255 in
3135 1203 3389 1271 praesenti
3435 1203 3577 1268 loco,

1995 1287 2124 1356 quia
2157 1295 2344 1341 contra
2375 1286 2668 1357 Egyptum
2698 1288 2876 1344 fuerat
2909 1291 3271 1346 comminatus
3298 1309 3312 1342 :
3355 1290 3444 1346 Va:
3476 1301 3580 1344 ter-

1997 1392 2070 1431 ra:
2095 1377 2429 1432 obumbranti
2449 1378 2573 1445 alis,
2599 1395 2718 1447 qua:
2747 1390 2823 1434 est
2849 1391 2996 1435 trans
3019 1381 3242 1450 ﬂumina
3268 1381 3580 1450 .‘EttiiOpia',

1995 1478 2050 1524 et
2089 1481 2281 1524 cmtera
2312 1487 2434 1541 qua:
2464 1474 2814 1542 propheticus
2847 1491 3028 1529 sermo
3072 1477 3352 1531 contexuit
3391 1494 3404 1530 :
3440 1491 3585 1530 nunc

1998 1561 2428 1617 manifestiorem
2484 1563 2613 1618 fecit
2671 1565 3122 1634 intelligentiam,
3176 1577 3232 1622 et
3283 1568 3348 1621 ad
3407 1569 3580 1639 ipsam

1998 1654 2340 1710 comminans
2387 1654 2684 1726 Egyptum
2740 1657 3002 1726 loquitur,
3041 1661 3186 1728 quod
3244 1673 3582 1729 nequaquam

2001 1760 2098 1814 per
2128 1746 2377 1814 angelos,
2409 1746 2502 1801 sed
2535 1745 2651 1815 ipse
2680 1747 2940 1802 Dominus
2984 1752 3162 1802 veniat
3193 1765 3357 1816 super
3382 1753 3586 1804 nubem

1924 1821 1963 1878 Β
1995 1837 2190 1902 levent,
2224 1837 2278 1891 id
2312 1845 2416 1905 est,
2450 1838 2717 1904 velocem,
2749 1847 2804 1894 et
2847 1839 3188 1908 ingrediatur
3221 1843 3381 1911 202
3419 1843 3585 1912 A53)"-

2002 1940 2176 2000 ptum,
2209 1940 2262 1986 et
2296 1932 2438 1988 idola
2481 1931 2706 2003 Egypti
2747 1935 3203 1998 contremiscam,
3234 1936 3588 2004 tabescatque

2000 2039 2098 2079 cor
2126 2024 2369 2090 fortium,
2406 2035 2462 2080 et
2493 2024 2797 2082 Ezechielis
2829 2025 2940 2098 [Αι.
2965 2027 3246 2100 leremiac]
3268 2029 3583 2084 vaticinium

1997 2123 2386 2191 compleatur:
2427 2122 2744 2190 Disperdam
2795 2124 3112 2190 simulacra,
3149 2135 3198 2181 et
3252 2143 3454 2180 cessare
3500 2128 3587 2196 fa-

1998 2214 2138 2266 ciam
2184 2214 2326 2268 idola
2361 2214 2427 2269 de
2462 2215 2722 2284 Memphis
2767 2215 2986 2287 (Ezeclt.
3028 2233 3156 2281 xxx,
3193 2218 3304 2288 l5).
3353 2220 3592 2285 Quidam

2011 2311 2176 2358 totam
2215 2305 2356 2359 hanc
2389 2307 2729 2375 prophetiam
2768 2307 2834 2362 ad
2869 2307 3168 2364 Salvatoris
3211 2319 3450 2379 tempora
3503 2315 3592 2366 re"

2000 2393 2203 2460 ferunt,
2236 2400 2454 2466 quando
2490 2399 2770 2467 ingressus
2809 2410 2894 2454 est
2937 2415 3102 2469 super
3138 2402 3330 2456 nubem
3383 2403 3584 2468 levem,

2000 2487 2054 2542 id
2089 2495 2195 2552 est,
2225 2502 2423 2558 corpus
2472 2490 2796 2555 humanum,
2830 2493 2974 2559 quod
3011 2507 3079 2544 ex
3120 2491 3340 2562 Virgine
3383 2509 3588 2549 assum-

2001 2587 2215 2646 pserat,
2249 2579 2396 2633 nullo
2449 2579 2700 2635 humana:
2740 2582 3146 2661 commistionis
3190 2585 3400 2640 semine
3450 2601 3588 2654 pra:-

2002 2679 2287 2741 gravatum
2311 2685 2326 2726 :
2353 2672 2466 2726 sive
2492 2677 2636 2738 quod
2660 2688 2689 2726 a
2718 2672 2858 2729 nube
2877 2674 2978 2729 levi
3011 2684 3258 2744 portatus
3283 2676 3376 2742 sit,
3407 2677 3458 2732 id
3485 2685 3595 2742 est,

2003 2775 2239 2832 corpore
2285 2762 2563 2833 virginali,
2589 2771 2645 2817 et
2673 2765 2740 2817 ad
2767 2763 3078 2834 ingressum
3109 2766 3228 2835 ejus
3257 2781 3448 2821 omnes
3482 2769 3588 2822 die-

2005 2868 2198 2909 mones
2251 2854 2721 2919 contremuerint,
2781 2861 3021 2925 tuncque
3079 2858 3256 2927 prima
3321 2858 3586 2912 idolorum

2006 2947 2166 3003 ruina
2207 2945 2398 3014 fuerit,
2433 2948 2780 3020 praesentiam
2825 2948 3038 3006 Domini
3086 2951 3228 3008 ferre
3273 2968 3380 3008 non
3428 2951 3596 3008 susti-r

2006 3053 2168 3094 nens.

2089 3128 2270 3200 (Vcrs.
2313 3130 2394 3201 9.)
2441 3149 2459 3182 ι
2497 3131 2561 3192 Ει
2592 3147 2921 3190 concurrere
2950 3134 3142 3190 faciam
3176 3131 3460 3206 Egyptius
3500 3136 3594 3190 ad-

2013 3232 2204 3273 versus
2243 3219 2553 3290 Egyptios,
2591 3231 2644 3278 et
2691 3225 2950 3295 pugnabit
2995 3227 3076 3280 vir
3119 3237 3310 3281 contra
3355 3227 3594 3282 amicum

2011 3323 2190 3378 suum,
2237 3313 2429 3368 civitas
2485 3313 2742 3369 adversus
2796 3316 3095 3383 civitatem,
3131 3328 3186 3372 et
3232 3330 3456 3386 regnum
3505 3318 3596 3372 ad-

2008 3413 2205 3455 versus
2251 3417 2500 3471 regnum.
2549 3421 2568 3454 ι
2627 3401 2877 3474 ingresso
2920 3404 3213 3476 Aﬁgyptum
3261 3405 3511 3471 Domino,
3539 3415 3597 3462 et

2008 3493 2446 3562 potentissimam
2501 3507 2717 3564 gentem
2772 3497 2855 3551 sui
2915 3497 3198 3565 praesentia
3249 3499 3595 3564 destruente,

2007 3583 2114 3639 crit
2137 3583 2312 3650 prima
2340 3583 2568 3637 victoria
2603 3583 2868 3638 dissidere
2893 3584 3176 3656 Egyptios
3213 3599 3404 3639 contra
3427 3585 3596 3656 Aﬁgy-

2008 3675 2170 3744 ptios,
2202 3685 2256 3728 et
2286 3675 2577 3729 adversam
2610 3690 2670 3730 se
2707 3676 2892 3730 rebelli
2936 3678 3062 3731 odio
3104 3677 3363 3731 dimicare
3395 3688 3408 3729 :
3449 3679 3593 3747 quod

2010 3767 2344 3836 temporibus
2397 3767 2745 3838 Assyriorum
2806 3776 2860 3821 et
2914 3767 3412 3822 Nabuchodonosor
3451 3768 3598 3836 regis

2008 3857 2285 3930 Babylonii
2317 3857 2518 3912 factum
2547 3873 2687 3922 esse,
2721 3857 3075 3912 manifestum
3109 3868 3214 3922 est,
3243 3858 3364 3913 aliis
3395 3858 3595 3914 seden-

2007 3953 2174 4018 tibus,
2211 3963 2266 4008 et
2310 3953 2432 4006 aliis
2475 3952 2922 4023 repugnantibus.
2973 3952 3124 4018 Quod
3161 3962 3341 4006 autem
3375 3952 3486 4005 haec
3527 3951 3596 4006 de

2006 4044 2334 4115 Babylonica
2394 4047 2708 4114 captivitate
2773 4043 3070 4114 praedicat,
3120 4041 3386 4097 Jeremias
3443 4043 3596 4099 testis

2005 4146 2110 4203 est,
2137 4137 2324 4194 dicens
2353 4151 2369 4191 :
2413 4135 2589 4190 Vitula
2620 4135 2831 4206 elegans
2861 4147 3014 4205 atque
3040 4137 3276 4206 formosa
3305 4135 3596 4205 digyptus,

2005 4227 2310 4282 stimulator
2340 4227 2404 4280 ab
2433 4225 2694 4296 Aquilone
2720 4225 2889 4279 veniet
2928 4226 2998 4279 ei.
3036 4224 3105 4280 Et
3150 4240 3366 4278 rursum
3403 4235 3418 4276 :
3449 4225 3596 4278 Con-

2007 4321 2128 4389 fusa
2171 4329 2245 4373 est
2279 4319 2394 4388 ﬁlia
2430 4317 2686 4389 Egypti,
2740 4327 2788 4370 et
2837 4317 3040 4370 tradita
3095 4318 3151 4370 in
3201 4333 3364 4369 manu
3413 4317 3599 4386 papuli

2007 4410 2284 4480 Aquilonis
2326 4408 2542 4480 (lerant.
2587 4423 2729 4472 XLVI,
2766 4406 2860 4473 20,
2907 4408 3023 4479 24).
3077 4407 3331 4462 Ezechiel
3382 4422 3602 4476 quoque

329 4500 448 4579 Hoc
475 4512 653 4555 autem
682 4499 784 4556 sub
822 4499 1134 4556 Zorobabel
1157 4510 1210 4554 et
1241 4498 1393 4568 J‘esu,
1421 4509 1477 4555 et
1509 4500 1645 4555 Ezra
1674 4517 1738 4557 ac
1763 4500 1906 4556 Nee-
1940 4511 1988 4569 ο
2011 4501 2312 4572 prophetiae
2341 4501 2668 4554 auctoritate
2710 4500 3060 4554 consentiens
3093 4508 3109 4552 ξ
3145 4499 3214 4552 Et
3250 4516 3475 4564 cessare,
3516 4501 3603 4554 in-

326 4597 440 4649 mla
493 4593 693 4648 factum
752 4592 1128 4663 intelligimus.
1187 4591 1349 4657 LXX,
1395 4607 1495 4663 pro
1540 4607 1606 4648 eo
1635 4593 1780 4663 quod
1811 4608 1908 4649 nos

326 4684 570 4741 diximus
611 4699 627 4734 τ
679 4689 1090 4752 exspectantem,
1137 4691 1542 4752 exspectantem,
1595 4693 1651 4738 et
1699 4684 1754 4738 in
1805 4683 1911 4738 lle-

328 4777 520 4833 braico
546 4776 808 4846 script-um
831 4783 936 4841 est,
963 4787 1280 4844 sparenlem,
1303 4785 1626 4845 sperantem,
1655 4785 1912 4831 econtra-

328 4871 417 4927 rio
439 4868 771 4938 interpretati
802 4877 931 4923 sunt
962 4870 1307 4934 ἀνέλπιστον,
1339 4867 1400 4924 id
1422 4878 1525 4934 est,
1563 4884 1664 4922 non
1688 4885 1910 4938 speran-

327 4975 457 5017 tem.
514 4963 583 5017 Et
647 4963 719 5018 ob
767 4962 907 5018 bane
958 4977 1182 5017 causam
1236 4963 1502 5018 dederunt
1559 4963 1906 5019 occasionem

328 5054 569 5110 Eusebio
598 5057 642 5121 ³,
668 5065 729 5109 ut
751 5054 854 5109 hoc
879 5054 948 5110 de
972 5055 1223 5123 gentibus
1253 5055 1446 5125 magis,
1479 5070 1599 5124 quae
1630 5070 1731 5110 nec
1757 5071 1907 5126 spem

329 5141 588 5215 habeant,
622 5163 721 5203 nec
750 5145 1156 5202 Testamentum
1186 5145 1304 5212 Dei,
1340 5160 1442 5202 nec
1468 5145 1791 5217 Pmpbetas,
1822 5149 1909 5201 in-

334 5239 692 5308 telligendum
732 5240 1022 5308 putaverit,
1055 5241 1234 5307 jquam
1270 5239 1337 5292 de
1370 5235 1573 5293 Judaeis
1620 5253 1634 5291 :
1667 5239 1811 5309 quod
1840 5239 1909 5294 ab

327 5332 466 5402 ipsis
509 5341 696 5402 postea
747 5329 1027 5394 Ecclesiae,
1072 5344 1198 5400 quae
1243 5330 1300 5384 in
1353 5331 1576 5400 specula
1613 5331 1906 5386 constituta

407 5513 423 5544 ⁸
470 5509 732 5566 Eusebius
753 5526 942 5567 revera
970 5512 1060 5566 hic
1088 5510 1214 5564 illud
1241 5518 1507 5564 memorat
1531 5510 1738 5564 Domini
1764 5526 1905 5578 pra:-

329 5590 551 5652 ceptum
585 5583 864 5650 dISeipulis
905 5585 1022 5638 suis
1054 5581 1177 5638 :Ite
1216 5582 1390 5652 patina
1418 5581 1488 5633 ad
1508 5595 1625 5652 oves
1669 5597 1786 5648 qua:
1819 5597 1908 5647 pe-

328 5649 534 5706 rierunt
592 5649 783 5706 domus
839 5652 1031 5718 Israel,
1088 5649 1445 5708 etc.’Euntes
1497 5649 1678 5704 docete
1729 5667 1906 5704 omnes

328 5732 507 5793 gentes
537 5723 594 5776 in
621 5723 830 5776 nomine
854 5739 986 5787 meo,
1008 5723 1320 5787 subditque,
1353 5719 1735 5793 Οὐιγᾴρ-πρὸς
1767 5737 1905 5788 γνω-

341 5789 538 5862 signa;
568 5797 665 5847 καὶ
720 5793 852 5863 πρὸς
899 5795 1133 5857 οἰκείους
1180 5795 1330 5857 τινὰς
1363 5789 1457 5848 καὶ
1482 5791 1747 5862 ἁδελφθὺς
1772 5795 1905 5846 ἁπεη

2015 4595 2156 4663 quit,
2185 4590 2818 4662 faciam-multitudinem
2865 4589 3090 4662 Αἶρε]ρεῦ
3123 4592 3178 4647 in
3219 4607 3379 4646 manu
3410 4591 3604 4645 Nabuu

2015 4685 2343 4740 chodonosor
2375 4687 2514 4754 regis
2551 4683 2861 4755 Babylonis.
2909 4683 2977 4738 Et
3011 4685 3204 4739 iterum
3231 4691 3253 4738 τ
3283 4684 3602 4755 Coufortabo

2015 4779 2235 4832 brachia
2280 4777 2417 4848 regis
2450 4775 2758 4846 Babylonis,
2789 4775 3028 4847 daboque
3067 4775 3299 4846 gladium
3339 4791 3510 4829 meum
3543 4778 3602 4830 in

2015 4881 2177 4920 manu
2225 4867 2378 4936 ejus,
2420 4875 2470 4918 et
2527 4865 2864 4937 confringant
2909 4866 3129 4920 brae/tia
3168 4865 3489 4920 Pharaonis.
3531 4866 3602 4921 Et

2014 4960 2180 5013 scient
2212 4958 2336 5027 quia
2364 4973 2459 5026 ego
2486 4957 2770 5025 Dominus,
2796 4974 2914 5012 cum
2942 4958 3138 5011 dedero
3163 4955 3400 5026 gladium
3429 4974 3602 5012 meum

2015 5051 2071 5105 in
2116 5066 2282 5103 manu
2329 5049 2464 5119 regis
2513 5048 2828 5120 Babylonis,
2864 5056 2914 5102 et
2952 5047 3244 5101 attenderit
3279 5061 3401 5101 eum
3445 5064 3602 5116 super

2017 5151 2217 5198 terram
2247 5137 2492 5212 ﬂgypti,
2530 5152 2578 5194 et
2613 5143 2921 5210 dispergam
2952 5138 3250 5208 zEgyptum
3278 5139 3333 5192 in
3361 5140 3607 5194 nationes

2017 5233 2237 5304 (Ezech.
2269 5247 2397 5298 xxx,
2426 5231 2514 5294 10.
2543 5229 2615 5283 24
2644 5242 2691 5283 et
2725 5233 2880 5299 seq~.).
2915 5227 2974 5283 Si
3008 5237 3190 5283 autem
3229 5228 3296 5283 ad
3357 5237 3601 5298 tempora

2014 5323 2300 5381 referimus
2335 5321 2661 5390 Salvatoris,
2701 5319 2830 5376 illud
2871 5321 2938 5376 de
2972 5319 3273 5392 Evangelia
3317 5332 3599 5374 sumamus

2017 5507 2319 5570 στέλλοντα,
2334 5504 2620 5574 ἀλλὰ-πρὸς
2637 5503 2784 5562 τινὰς
2799 5501 3269 5572 ἀπεξενωμένους,
3282 5498 3598 5574 ἀγνώστορς

2015 5581 2214 5650 ἄνδρες
2238 5578 2332 5628 καὶ
2362 5569 2691 5650 ἀλλογένεῖςΔ
2708 5575 2844 5650 frob;
2879 5569 2936 5627 év
2978 5569 3115 5650 πᾶξαι
3155 5576 3266 5650 τοῖς
3291 5573 3497 5650 tonent,
3515 5569 3595 5650 ,ὲν

2014 5639 2126 5713 (λς’
2157 5644 2298 5718 ἦσαν
2351 5639 2614 5718 μετξώροι
2671 5643 2926 5718 ἀληθῶς,
2987 5643 3089 5718 ἐπὶ
3138 5642 3307 5718 μηδὲν
3372 5639 3595 5718 ἐᾷρᾳιου

2016 5709 2268 5781 toi-065;,
2303 5709 2630 5788 πῧιεινόμὲνοι
2654 5715 2748 5768 καὶ
2762 5709 3378 5788 ’περιφερόμενδίπάντι
3405 5709 3604 5780 ἀνέμῳ

2017 5793 2112 5857 τῆς
2141 5788 2402 5843 noluit-$90
2429 5787 2636 5854 πλάνης
2659 5827 2674 5842 .
