3972 6198
387 348 491 414 181

1547 359 1607 424 s.
1651 360 1961 424 unseen
2003 358 2440 423 HIERONYMI
2476 328 2487 347 '
2568 352 2581 373 '

3542 356 3643 423 188

387 457 694 526 exemplum
730 473 746 514 :
779 459 955 515 Nolite
989 470 1176 535 putare
1216 464 1356 535 quod
1395 466 1505 521 veni
1542 485 1725 537 pacem
1764 473 1963 526 mittere
1991 472 2036 527 A
2067 488 2203 535 rum,
2230 481 2278 525 et
2312 471 2547 525 universi
2581 483 2748 539 pisces
2779 467 2858 521 Ini
2885 468 3117 537 squamis
3149 468 3254 523 tuis
3281 469 3643 537 adﬂa'rebunt,

388 569 547 620 super
575 564 769 606 terram
797 572 815 609 :
847 570 948 608 non
983 558 1097 609 veni
1127 573 1308 625 pacem
1338 560 1565 625 mittere,
1592 563 1682 615 sed
1709 565 1967 639 gladium.

389 643 518 698 Veni
552 647 689 698 enim
715 646 946 701 dividere
981 650 1151 703 cirum
1183 651 1437 705 adversus
1465 655 1767 720 proximum
1796 672 1968 722 suum,

385 746 438 788 et
468 737 640 805 ﬁliam
674 750 857 793 contra
888 752 1108 795 matrem
1141 759 1319 804 suam.
1353 754 1401 800 et
1437 759 1629 800 nurum
1667 760 1850 802 contra
1884 765 1972 801 sos

389 845 531 881 crum
552 843 784 893 suam,et
805 833 1001 887 inimici
1021 837 1247 890 hominis
1265 818 1540 892 domestici
1562 840 1897 909 ejus(Matl/t.
1915 857 1968 896 ιι

391 912 460 975 54
481 931 532 974 et
556 926 755 992 seqq).
790 924 846 978 Et
878 942 1088 979 rursum
1118 929 1169 981 in
1192 930 1299 983 alio
1323 930 1442 984 loco
1468 944 1482 985 :
1512 929 1970 986 Eruntdieisiduo

389 1014 445 1066 in
471 1022 597 1077 tres,
630 1026 676 1067 et
705 1012 864 1086 203
906 1028 1009 1071 tres
1036 1019 1087 1071 in
1122 1020 1226 1072 duo
1254 1036 1275 1077 :
1305 1032 1456 1090 pater
1494 1032 1679 1076 contra
1710 1023 1970 1092 ﬁlium,“

392 1114 559 1157 mater
578 1116 761 1181 contra
784 1104 974 1177 ﬁliam,
996 1120 1044 1162 et
1066 1126 1231 1165 nurus
1251 1123 1436 1167 contra
1454 1129 1673 1168 socrum
1694 1114 1844 1184 (Luc.
1871 1130 1970 1183 xu,

386 1196 479 1261 52,
512 1197 603 1266 55)
618 1241 629 1255 .

461 1288 641 1357 (Vers.
674 1282 753 1360 3.)
791 1310 810 1343 ι
856 1292 921 1348 Ει
964 1293 1331 1365 disrntupetur
1378 1299 1602 1366 spiritus
1654 1298 1867 1369 Egypti
1915 1300 1969 1355 in

387 1384 694 1439 visceribus
728 1385 862 1454 ejus,
899 1398 953 1441 et
992 1389 1279 1442 consilium
1322 1390 1441 1458 ejus
1488 1392 1836 1462 praecipitabo
1872 1412 1886 1449 :
1919 1402 1972 1448 et

392 1476 804 1545 interrogabunt
851 1481 1144 1535 simulacra
1193 1497 1290 1550 sua
1344 1493 1399 1537 et
1447 1483 1658 1540 divinos
1708 1501 1876 1549 suos.
1918 1496 1973 1542 et

392 1566 662 1638 pythones
702 1577 757 1624 et
810 1571 1098 1626 hariolus.)
1141 1572 1273 1627 Cum
1324 1574 1519 1628 seditio
1544 1574 1708 1629 fuerit
1752 1584 1870 1630 orta
1915 1574 1970 1630 in

392 1654 656 1730 Egypto,
689 1663 806 1716 sive
862 1660 1160 1734 Babylonio
1206 1665 1414 1719 servire
1460 1666 1826 1736 cupientibus,
1857 1665 1972 1722 sive

393 1753 713 1807 nolentibus
755 1753 889 1823 iugo
935 1752 1051 1822 ejus
1095 1755 1232 1810 colla
1281 1758 1604 1814 submittere
1638 1771 1659 1814 ι
1688 1760 1803 1815 sive
1851 1758 1972 1813 aliis

393 1841 612 1899 Christo
660 1846 1033 1911 credentibus,
1072 1849 1194 1902 aliis
1241 1851 1690 1919 repugnantibus,
1731 1851 1972 1906 disrum-

395 1944 552 2003 pctur
599 1944 652 1990 ct
705 1938 986 1995 scindetur
1042 1940 1266 2010 spiritus
1315 1940 1570 2012 Egypti,
1625 1960 1731 1998 non
1782 1944 1968 2000 eadem

396 2028 606 2080 cunctis
643 2028 972 2092 volentibus,
1007 2040 1061 2083 et
1092 2046 1254 2086 omne
1285 2033 1575 2096 consilium
1607 2050 1795 2089 eorum
1838 2037 1987 2092 redi-.-

398 2130 557 2188 getur
586 2121 652 2175 ad
685 2121 940 2176 nihilum.
974 2110 1126 2179 Tunc
1157 2123 1312 2178 ibunt
1341 2126 1405 2179 ad
1437 2127 1729 2183 simulacra
1761 2144 1887 2195 sua;
1920 2136 1975 2185 et
2014 2132 2020 2137 ’

399 2209 632 2274 divinos,
665 2223 719 2267 et
759 2208 1022 2280 hariolos,
1068 2231 1131 2270 ac
1166 2226 1340 2281 vates,
1388 2219 1724 2289 magicisque
1755 2208 1974 2278 edoCtos

397 2303 606 2358 artibus
638 2304 1076 2377 interregabunt,
1110 2325 1207 2365 cur
1236 2311 1337 2367 ista
1371 2311 1690 2367 acciderint.

473 2396 651 2467 (Vers.
684 2395 763 2466 4.)
800 2416 819 2450 ι
858 2400 925 2454 Ει
960 2402 1166 2455 tradam
1188 2401 1491 2477 ‘IEgyptum
1521 2404 1575 2459 iu
1606 2420 1767 2459 manu
1801 2405 1973 2459 domie

402 2502 595 2541 llOl‘lltll
623 2489 945 2555 crudelium,
973 2502 1026 2546 et
1054 2508 1143 2548 rex
1173 2493 1330 2550 fortis
1363 2479 1735 2551 dominabitur
1762 2512 1973 2563 eorum,

401 2579 476 2631 ait
517 2579 771 2636 Dominus
816 2581 957 2638 Deus
997 2584 1363 2641 exercituum.
1404 2606 1425 2640 ι
1461 2587 1738 2655 Duplicem
1775 2588 1977 2643 intelli-

402 2671 638 2752 gentiam
687 2674 967 2743 seQuhnur
1002 2689 1015 2729 :
1053 2676 1135 2729 Vel
1182 2677 1603 2733 Chaldaicorum
1648 2690 1974 2749 temporum,

404 2764 620 2829 quando
650 2780 676 2817 a
708 2764 1212 2824 Nabuchodonosor
1239 2769 1508 2843 {Egyptus
1533 2783 1837 2842 expugnata
1861 2781 1976 2838 est;

402 2855 486 2906 vel
522 2852 753 2910 Romani
789 2858 1025 2927 imperii,
1062 2863 1279 2930 quando
1312 2863 1554 2918 Antonio
1584 2864 1980 2935 Cleopatraque

404 2948 696 3016 Superatis,
737 2950 1015 3018 Augustus
1065 2952 1246 3007 Caesar
1297 2952 1591 3024 Egyptum
1644 2955 1975 3028 subiugavit.

386 3029 726 3110 Babylonios
767 3041 936 3097 fuisse
973 3044 1246 3110 crudeles,
1281 3047 1458 3101 omnis
1498 3045 1781 3117 Scriptura
1815 3058 1982 3105 testa-

2072 574 2120 621 ει
2145 565 2427 634 projiciam
2457 574 2505 616 te
2528 563 2589 615 in
2612 564 2818 617 deserto
2843 560 3055 628 (Eucti.
3087 572 3240 624 sxta,
3262 563 3319 627 ὅ,
3345 562 3422 629 4).
3457 561 3514 615 In
3541 564 3642 615 ad-

2072 669 2238 712 ventu
2284 667 2461 708 autem
2506 652 2699 707 Christi
2746 655 3078 707 haccomnia
3116 653 3401 721 τροπικῶς
3439 654 3643 708 intelli-

2075 749 2245 820 genda
2279 761 2424 810 sunt,
2451 747 2602 815 juxta
2635 746 2763 799 illud
2795 749 2934 815 quod
2968 760 3130 816 Supra
3162 748 3425 814 legimus:
3462 747 3646 802 Deser-

2074 853 2185 896 tum
2218 836 2374 908 faciet
2406 840 2658 893 Dominus
2689 854 2831 890 mare
2863 834 3103 909 Egypti.
3136 824 3200 891 Et
3234 854 3447 892 rursum
3481 856 3494 891 :
3530 838 3647 892 lm-

2073 934 2238 987 mittet
2273 932 2528 985 Dominus
2558 938 2771 983 manum
2815 946 2965 982 suam
2993 946 3151 994 super
3181 924 3394 998 fluvium
3424 929 3646 1001 Ερμρεί

2073 1025 2385 1087 violentum,
2409 1032 2456 1077 et
2480 1023 2730 1091 percutiet
2763 1037 2880 1075 eum
2907 1022 2959 1076 in
2988 1032 3177 1090 septem
3205 1021 3449 1090 vallibus,
3478 1027 3554 1076 ita
3587 1033 3643 1078 ttt

2073 1124 2403 1186 pertranseat
2453 1130 2569 1167 eum
2604 1115 2720 1182 quis
2768 1114 3002 1168 calceata
3047 1113 3176 1183 pede
3205 1129 3223 1166 :
3257 1115 3397 1182 quod
3437 1115 3648 1169 scilicet

2073 1209 2248 1263 omnis
2277 1222 2431 1260 error
2460 1204 2840 1276 [Egyptian-um
2878 1220 3161 1274 aquarum,
3195 1216 3251 1260 ct
3295 1216 3440 1260 artes
3474 1204 3646 1260 male-

2074 1291 2208 1363 Πρω,
2251 1298 2446 1366 quibus
2500 1284 2758 1364 subjectis
2809 1295 3019 1365 populis
3067 1294 3385 1362 illudebant,
3427 1296 3633 1352 Christi

2073 1388 2351 1444 sicCcntur
2383 1387 2637 1442 adventu.
2670 1387 2930 1457 Quodque
2969 1386 3098 1442 dicit
3130 1399 3145 1441 :
3180 1388 3387 1442 Arescet
3413 1405 3551 1460 aqua
3580 1389 3648 1443 de
3728 1408 3732 1410 ‘

2074 1479 2234 1544 mari,
2271 1489 2324 1532 et
2368 1478 2624 1533 historice
2678 1493 2970 1549 possumus
3021 1480 3291 1550 accipere,
3335 1484 3441 1535 non
3498 1495 3650 1537 mare

2071 1582 2325 1637 magnum
2383 1566 2709 1636 significari,
2795 1568 2888 1623 sed
2940 1568 3112 1623 lacum
3164 1564 3529 1636 Mareotiden,
3582 1585 3650 1626 eo

2075 1660 2215 1726 quod
2280 1657 2558 1728 Scriptura
2627 1674 2819 1715 omnes
2878 1662 3325 1732 congregationes
3378 1677 3645 1731 aquarum

2076 1748 2312 1821 appellet
2344 1750 2537 1803 maria.
2570 1749 2806 1804 Possunt
2839 1758 2892 1805 et
2928 1751 3276 1821 hyperbolice
3310 1751 3455 1806 dicta
3490 1752 3653 1806 intel-

2075 1818 2189 1908 ligi.
2243 1838 2506 1909 Quodque
2559 1840 2807 1911 sequitur
2843 1856 2859 1893 :
2893 1818 3197 1896 Nudabitur
3245 1841 3421 1922 albens
3467 1843 3565 1896 rivi
3611 1860 3645 1897 a

2074 1931 2219 2001 fonte
2267 1938 2385 1996 suo,
2427 1932 2689 1987 describit
2735 1926 2877 2003 quod
2933 1934 3080 1988 rivus
3124 1941 3181 1989 et
3232 1932 3354 1989 fons
3397 1945 3651 2021 arescant

2073 2021 2254 2076 simul.
2660 2036 2669 2041 ‘

2143 2115 2322 2186 (Vere.
2358 2116 2532 2187 8-10.)
2571 2135 2590 2170 ‹
2631 2116 2697 2171 Ει
2731 2119 3036 2174 maerebant
3063 2119 3382 2191 piscatores.
3409 2130 3462 2175 et
3502 2121 3652 2191 lnge-

2061 2205 2213 2289 bunt
2238 2223 2428 2265 omnes
2460 2209 2742 2265 mittentes
2774 2210 2827 2264 in
2860 2207 3058 2264 ﬂumen
3090 2212 3334 2277 hamum,
3367 2213 3418 2267 cl
3449 2225 3647 2282 expan-

2075 2299 2265 2354 dentcs
2296 2309 2411 2356 rete
2442 2315 2606 2370 super
2638 2302 2826 2357 faciem
2860 2317 3013 2372 aqua:
3048 2315 3403 2360 marcescent.
3436 2303 3500 2359 Et
3518 2323 3652 2361 con-

2076 2392 2373 2447 fuudeutur
2393 2393 2484 2462 qui
2509 2403 2805 2464 operantur
2834 2394 3035 2462 linitm,‘
3050 2394 3367 2465 plectentes,
3388 2408 3441 2453 et
3468 2408 3652 2453 texen~

2079 2487 2159 2538 te's
2185 2484 2440 2550 subtilia;
2474 2490 2526 2540 et
2554 2490 2714 2541 erunt
2738 2488 2941 2557 irrigua
2971 2488 3086 2557 ejus
3110 2486 3389 2544 ﬂacceutia
3417 2498 3434 2569 ς
3462 2500 3654 2544 omnes

2079 2577 2169 2644 qui
2202 2575 2475 2633 faciebant
2504 2578 2724 2634 lacunas
2753 2581 2820 2635 ad
2848 2582 3141 2647 Capiendos
3173 2584 3370 2650 pisces.
3399 2600 3417 2634 ι
3460 2580 3522 2637 Ει
3550 2585 3654 2639 hoc

2084 2668 2371 2738 dupliciter
2405 2670 2606 2740 accipe,
2652 2672 2792 2741 Quod
2826 2678 3034 2726 vastata
3059 2669 3318 2743 Egypto,
3354 2682 3410 2728 et
3454 2684 3652 2729 cuncta

2086 2760 2363 2829 provincia
2391 2763 2643 2817 ariditate
2680 2763 2904 2829 siccata,
2941 2772 3209 2820 maereant
3247 2765 3561 2835 piscatores,
3596 2773 3654 2821 et.

2085 2848 2308 2922 lugeant
2355 2853 2447 2923 qui
2496 2852 2547 2906 in
2598 2848 2799 2907 ﬂumen
2846 2854 3133 2909 mittebant
3183 2846 3423 2925 hamum,
3458 2866 3511 2910 et
3560 2855 3653 2925 qui

2083 2920 2454 3014 operaltanittr
2499 2944 2633 2999 retia
2684 2957 2748 3000 ac
2794 2952 3053 3018 sagettas,
3093 2956 3145 2999 et
3191 2920 3441 3002 texebant
3485 2946 3656 3015 junco

2083 3039 2283 3094 diversi
2311 3039 2526 3109 genetis
2562 3032 2797 3101 vascula,
2830 3039 2883 3093 id
2950 3044 3059 3104 est,
3097 3041 3390 3108 principes,
3423 3048 3476 3095 ct
3520 3040 3657 3107 regii

408 3141 516 3195 tur,
546 3135 638 3203 qui
665 3134 904 3203 parvulis
933 3150 1039 3190 non
1071 3139 1430 3206 pepercerim,
1455 3146 1510 3197 ει
1530 3140 1646 3195 suis
1670 3155 1765 3195 eos
1784 3140 1984 3210 iaculis
2010 3131 2055 3192 C
2087 3132 2321 3202 generis,
2354 3138 2515 3198 atque
2546 3138 2820 3194 rectores;
2851 3136 2908 3185 et
2934 3130 3074 3198 qttod
3106 3129 3158 3183 in
3189 3128 3418 3184 adventu
3448 3130 3659 3187 Christi

408 3227 770 3291 vulnerarint,
806 3242 903 3283 nec
935 3230 1335 3299 praegnantibus
1370 3232 1481 3286 sint
1517 3231 1748 3287 tniserti.
1783 3232 1981 3289 Roma—

411 3336 539 3375 num
586 3329 767 3375 autem
796 3336 1020 3389 regnum
1056 3320 1441 3388 fortissimum,
1468 3333 1524 3378 et
1564 3322 1800 3378 Danielis
1831 3325 1982 3380 Scri-

409 3423 569 3483 ptura
594 3420 822 3467 testatur
843 3400 997 3482 (Cap.
1024 3412 1148 3483 vn),
1176 3428 1454 3486 exponens
1481 3422 1732 3484 quartam
1755 3415 1984 3472 bestiam

412 3503 702 3559 habentem
733 3503 925 3560 dentes
952 3513 1006 3567 et
1040 3521 1246 3575 ungues
1279 3506 1509 3563 ferreos.

486 3596 637 3651 Vers.
669 3598 802 3668 δεῖ.)
840 3615 859 3649 ι
902 3597 967 3652 Et
1010 3609 1221 3655 arescet
1254 3614 1391 3668 aqua
1423 3599 1492 3655 de
1524 3600 1682 3666 mari,
1713 3609 1767 3656 et
1796 3599 1989 3660 ﬂuvius

411 3687 749 3744 desolabitur
797 3690 961 3760 atq‘ue
1005 3690 1321 3755 siccabitur,
1364 3699 1419 3746 et
1452 3690 1705 3749 deﬁcient
1742 3694 1987 3763 ﬂumina,

413 3783 844 3838 attenuabuntur
863 3791 921 3856 et
942 3783 1297 3840 siccabuntur
1316 3784 1415 3839 rivi
1439 3801 1715 3858 aggerum.
1735 3785 1991 3845 Calamus

413 3887 471 3933 et
496 3875 698 3945 juncus
727 3886 1090 3944 marcescant,
1122 3877 1422 3932 nudabitur
1443 3879 1630 3935 alveus
1652 3880 1753 3934 rivi
1782 3896 1810 3934 a
1842 3880 1991 3937 fonte

410 3984 536 4033 suo,
565 3978 619 4024 ct
657 3969 836 4025 omnis
869 3969 1131 4024 sementis
1165 3970 1368 4040 irrigua
1400 3970 1717 4038 siceabitur,
1755 3981 1990 4039 arescet,

417 4072 474 4119 et
505 4078 607 4116 non
642 4063 767 4117 erit.
806 4081 825 4114 ι
877 4061 1139 4118 Naturale
1183 4074 1288 4129 est,
1319 4074 1377 4118 ut
1413 4079 1536 4119 cum
1582 4078 1678 4132 per
1714 4063 1852 4119 iram
1895 4066 1990 4121 Det

416 4150 708 4220 captivitas
757 4152 985 4217 venerit,
1023 4152 1451 4220 indignationem
1503 4152 1624 4222 ejus
1680 4155 1993 4223 pestilentia

415 4244 804 4313 subsequatur,
837 4254 889 4299 et
911 4244 1199 4305 adversum
1223 4259 1317 4299 eos
1339 4243 1430 4314 qui
1452 4243 1775 4302 offenderint
1800 4247 1992 4314 Deum,

418 4347 610 4390 cuneta
652 4335 812 4389 simul
852 4337 1120 4390 elementa
1167 4334 1485 4392 desaeviant.
1534 4336 1689 4394 Unde
1725 4339 1993 4410 scriptum

2086 3236 2278 3291 omnes
2309 3221 2551 3292 perversi
2582 3212 2796 3292 generis
2830 3218 3149 3289 piscatores,
3191 3218 3281 3289 qui
3313 3230 3499 3275 contra
3531 3236 3663 3291 apo-

2087 3314 2331 3370 stolicam
2385 3313 2727 3383 disciplinam
2775 3304 3060 3382 capiebant
3098 3312 3343 3367 homines
3379 3313 3432 3367 in
3473 3314 3660 3384 perdi-

2087 3407 2311 3471 tionem,
2348 3412 2402 3459 et
2438 3405 2602 3460 stulta
2644 3404 2909 3474 sapientia
2948 3390 3199 3468 texebant
3240 3404 3377 3457 retia
3412 3412 3460 3456 et
3499 3417 3659 3474 sago-

2090 3514 2212 3560 nas,
2262 3497 2475 3568 quibus.
2511 3482 2750 3568 perditos
2804 3495 3101 3560 irretireut,
3151 3493 3363 3550 emtiusl
3413 3501 3557 3561 sunt,
3604 3504 3661 3548 et

2089 3592 2276 3647 nullus
2304 3600 2399 3645 aut
2427 3605 2584 3645 rarus
2617 3590 2668 3645 in
2696 3586 2916 3659 Egypti
2940 3596 3085 3642 terra
3117 3587 3187 3641 sit
3213 3587 3337 3643 tells
3363 3588 3655 3656 piscator’.

2088 3685 2206 3742 Hoc
2255 3700 2421 3756 opere
2470 3683 2716 3738 videmus
2768 3680 3066 3755 expletum,
3103 3678 3247 3749 quod
3296 3677 3657 3735 Ecclesiarum

2090 3786 2293 3848 tropea
2320 3782 2681 3845 consurgunt,
2713 3782 2770 3829 et
2815 3772 2868 3827 in
2907 3773 3053 3826 onmi
3090 3769 3325 3841 Egypto
3358 3771 3499 3826 idola
3533 3784 3655 3824 coro.

2091 3879 2338 3928 ruerunt.

2163 3964 2341 4035 (Vers.
2376 3962 2539 4018 H45
2563 3958 2586 4031 )
2614 3958 2809 4014 «Stulti
2836 3958 3108 4028 principes
3132 3955 3367 4020 Tatteos,
3385 3956 3654 4021 sapientes

2094 4058 2390 4116 consiliarii
2424 4054 2721 4111 Pharaonis
2749 4053 3014 4109 dederunt
3040 4051 3324 4108 consilium
3353 4049 3652 4116 insipiens;

2097 4148 2261 4222 305
2288 4148 2559 4219 quomodo
2583 4138 2774 4202 dicetis
2806 4144 3070 4199 Pharaoni
3098 4158 3114 4199 :
3143 4143 3313 4197 Filius
3338 4140 3657 4209 sapientium

2096 4258 2217 4314 ego,
2249 4241 2389 4299 illius
2439 4250 2625 4309 regum
2668 4234 3056 4305 antiquorum?
3087 4234 3191 4289 Ubi
3238 4240 3364 4288 sunt
3404 4246 3547 4285 nunc
3576 4244 3664 4285 suo

2094 4333 2308 4402 pientes
2341 4329 2459 4385 tui?
2494 4327 2813 4384 onuuntient
2855 4325 2971 4390 tibi,
3007 4332 3060 4377 et
3103 4322 3359 4387 indicent,
3396 4321 3523 4390 quid
3564 4333 3665 4374 co.

417 4438 502 4482 cst
531 4432 581 4482 in
614 4427 719 4482 alio
750 4426 1009 4497 propheta
1034 4424 1250 4497 (lerem.
1281 4428 1408 4499 xu),
1432 4440 1487 4484 et
1511 4430 1755 4486 volueras
1780 4432 1832 4486 in
1860 4447 1981 4489 acre

2100 4425 2353 4493 gitaverit
2413 4421 2676 4475 Dominus
2730 4416 3069 4474 exercituum
3131 4428 3315 4484 superL
3350 4411 3664 4483 Egyptum.

418 4522 672 4590 deﬁcere,
699 4530 755 4574 et
789 4521 967 4589 pisces
997 4520 1049 4577 in
1080 4521 1258 4591 aquis,
1294 4529 1353 4577 ut
1385 4524 1564 4578 otnnia
1596 4524 1833 4580 humano
1867 4526 1987 4581 usui

414 4615 831 4668 subtrahantur.
865 4614 983 4668 Hoc
1026 4613 1278 4680 dicimus,
1314 4614 1358 4670 si
1402 4615 1722 4685 simpliciter
1765 4617 1987 4673 siccita~

413 4713 524 4760 tem
560 4704 662 4759 Nili
702 4704 944 4760 ﬂuminis
976 4715 1031 4760 et
1065 4705 1301 4762 rivorum
1351 4706 1470 4777 ejus
1516 4707 1853 4765 uoluerimus
1897 4723 1989 4764 ac-

410 4798 620 4878 cipere.
651 4798 746 4853 Sin
776 4808 959 4852 autem
1006 4813 1105 4868 per
1141 4800 1511 4867 metaphoram
1549 4815 1563 4852 :
1600 4799 1653 4853 in
1693 4798 1859 4854 ﬂuvio
1903 4814 1985 4855 re:

410 4905 603 4960 guunt,
643 4899 700 4947 et
744 4892 796 4945 in
843 4891 974 4948 rivis
1019 4892 1184 4947 duces
1237 4891 1356 4961 ejus
1408 4892 1794 4960 intelligimus;
1829 4901 1884 4948 et
1932 4892 1986 4947 in

382 4984 595 5038 .virore
632 4991 687 5039 ct
712 4982 880 5053 junco
919 4993 971 5038 et
1012 4995 1221 5055 papyro
1266 4992 1515 5038 cunctam
1553 4981 1771 5055 Egypti
1814 4982 1984 5038 abitu-

414 5075 681 5140 damiam,
712 5085 768 5131 ut
802 5090 896 5145 per
924 5090 1020 5130 eas
1045 5090 1155 5138 res,
1180 5089 1311 5143 opes
1333 5074 1983 5147 Egypti'describautur,

419 5167 583 5239 304
613 5181 840 5236 quarum
877 5166 1146 5238 Egyptus
1190 5165 1525 5224 fertilissima
1566 5178 1673 5225 est.
1715 5166 1986 5237 Legamus

417 5258 692 5323 Ezechiel,
730 5260 822 5316 ubi
867 5277 936 5317 ex
982 5261 1195 5317 Pharao
1226 5252 1408 5315 draco
1459 5270 1689 5329 magnus
1739 5257 1989 5314 habitare

419 5353 750 5409 describitur
775 5354 829 5410 iu
859 5352 1190 5418 ﬂuminibus,
1214 5361 1268 5409 et
1297 5352 1429 5407 dicit
1460 5369 1474 5407 :
1504 5350 1654 5406 Heus
1680 5357 1755 5405 est
1776 5349 1988 5419 ﬂurius,

418 5457 468 5503 et
506 5464 599 5519 ego
637 5449 736 5520 feci
783 5449 1163 5519 memetipsum.
1199 5447 1262 5501 Et
1298 5447 1449 5502 audit
1478 5461 1494 5501 :
1529 5444 1737 5500 Portam
1785 5446 1991 5514 frenum

417 5542 472 5594 in
504 5542 737 5599 maxillis
767 5543 895 5602 tuis,
920 5550 970 5595 et
997 5534 1335 5612 agylatinabo
1365 5540 1530 5609 pisces
1558 5538 1837 5608 fluminum
1873 5544 1991 5591 tuo-

419 5646 536 5689 rum
576 5636 628 5689 in
650 5639 882 5706 squamis
905 5635 1029 5701 tuis,
1059 5643 1104 5688 et
1134 5631 1405 5689 extraham
1438 5639 1486 5686 te
1515 5632 1577 5685 de
1608 5630 1779 5684 medio
1808 5629 1990 5698 ﬂumi-

493 5799 509 5831 '
548 5795 744 5864 Vatia,
772 5796 823 5850 in
850 5792 1070 5865 [Ἐρωγιὶ
1093 5801 1229 5849 terra
1261 5791 1403 5847 ultra
1426 5791 1670 5861 capiatur
1726 5787 1856 5854 Nec,
1883 5795 1988 5842 etc.

2097 4515 2260 4573 Stulti
2307 4514 2433 4571 facti
2490 4523 2617 4571 sunt
2663 4513 2940 4585 principes
2989 4507 3668 4585 Taneosyemarcuerunt

2090 4607 2366 4678 principes
2413 4603 2759 4672 Mempheos;
2795 4600 3126 4669 occeperunt
3157 4597 3449 4683 Egyptum
3487 4610 3666 4663 δημι-

2088 4701 2198 4754 lum
2246 4697 2567 4768 populorum
2615 4694 2757 4762 eius.
2791 4709 2812 4744 ι
2855 4690 3053 4748 Tantm
3107 4689 3445 4759 metropolim
3496 4684 3671 4741 fuisse

2088 4790 2338 4862 [Egypth
2382 4799 2439 4845 et
2486 4786 2771 4849 Psalmista
2821 4783 3099 4847 declarat,
3142 4780 3287 4851 quod
3332 4780 3405 4835 ibi
3455 4778 3672 4847 Moyses

2092 4883 2261 4938 multa
2302 4877 2453 4949 signa
2503 4879 2717 4941 fecerit,
2746 4892 2865 4947 quae
2907 4878 2961 4931 in
3007 4876 3191 4931 Exodo
3234 4873 3617 4929 describuntur
3646 4882 3670 4925 :

2094 4973 2274 5029 Posuit
2311 4974 2363 5026 in
2394 4971 2619 5043 (Egypto
2642 4972 2790 5041 signa
2814 4987 2931 5036 sua,
2956 4977 3005 5024 et
3026 4966 3265 5039 prodigia
3285 4964 3460 5020 suain
3480 4976 3669 5032 eampo

2095 5068 2297 5122 Tonsos
2321 5065 2493 5137 (Paul.
2518 5081 2715 5128 Lxxvu.
2740 5063 2856 5133 45).
2883 5062 3175 5131 Memphim
3201 5073 3420 5129 quoque
3444 5055 3672 5129 magicis

2094 5162 2307 5223 artibus
2337 5160 2598 5225 deditam,
2632 5158 2848 5227 priStini
2883 5169 3052 5223 usque
3084 5154 3149 5207 ad
3180 5165 3418 5221 praesens
3457 5156 3673 5215 tempus

2097 5253 2330 5324 vestigia
2360 5251 2563 5309 erroris
2594 5249 2911 5311 ostendunt,
2951 5249 3020 5311 Et
3053 5247 3154 5300 hoc
3187 5243 3425 5301 breviter
3457 5239 3672 5295 indica-

2100 5358 2208 5413 tur,
2242 5346 2387 5415 quod
2425 5341 2997 5415 Babyloniavastitate
3026 5337 3293 5403 veniente,
3325 5332 3503 5389 omnia
3544 5328 3667 5384 Ma-

2095 5454 2285 5508 garum
2317 5437 2568 5499 consilia,
2601 5443 2654 5488 ct
2696 5448 2884 5489 eorum
2915 5433 3007 5503 qui
3045 5430 3346 5493 (ulmorum
3378 5421 3663 5487 scientiam

2096 5530 2508 5602 promittebant,
2543 5526 2788 5582 stultitiae
2820 5532 3201 5591 coarguantur,
3235 5529 3290 5574 et
3330 5517 3387 5571 in
3426 5513 3669 5570 adventu

2095 5622 2295 5682 Christi
2326 5630 2521 5679 cuncta
2558 5621 2870 5692 redigantur
2899 5616 2952 5672 in
2984 5614 3160 5698 nihili,
3194 5624 3303 5668 non
3338 5604 3670 5663 invenienti-
