3972 6198
338 381 442 446 189

326 585 1072 657 opprimantChristianum.
1126 584 1328 641 ltlioma
1378 597 1556 642 autem
1606 586 1914 655 Scriptura~

327 690 452 732 rum
489 687 593 744 est,
630 686 687 730 ut
729 678 983 745 angulum
1030 694 1129 746 pro
1178 693 1344 746 regno
1392 689 1622 747 ponant,
1657 693 1724 732 eo
1769 679 1914 746 quod

326 771 562 840 populos
632 771 929 834 contineat,
962 779 1015 823 et
1072 771 1224 838 quasi
1269 771 1320 824 in
1369 781 1478 826 tota
1535 773 1694 826 domo
1740 770 1918 824 fortis‘

329 865 532 920 S’mum
583 863 674 918 sil.
721 859 876 916 Unde
922 874 977 916 et
1022 860 1269 918 Christus
1321 863 1552 918 duorum
1598 863 1913 931 papulorum

330 955 573 1025 parietes
596 956 909 1019 continens,
927 953 1065 1022 lapis
1087 954 1289 1008 dicitur
1307 953 1578 1022 anguiaris
1597 953 1811 1023 (Epiros.
1831 952 1912 1019 rt).

325 1048 590 1114 Quodque
621 1047 801 1102 intulit
839 1063 853 1103 :
889 1045 1163 1113 Quomodo
1201 1044 1385 1101 dicetis
1422 1043 1708 1111 Pharaoni,
1736 1043 1916 1100 Filius

325 1141 648 1199 sapientium
695 1157 806 1210 ego,
827 1140 969 1208 ﬁlius
1014 1155 1194 1209 regum
1247 1142 1603 1209 antiquorum,
1647 1138 1914 1206 significat

333 1233 478 1299 quod
514 1233 748 1302 .‘Egyptii
796 1233 990 1286 heroas
1039 1243 1092 1286 et
1134 1232 1266 1286 deos
1307 1240 1558 1287 auctores
1589 1246 1700 1287 sua:
1735 1231 1912 1296 gentis

325 1322 617 1388 simulent,
664 1322 808 1377 Oron
844 1323 887 1389 ί,
930 1331 985 1376 et
1035 1320 1178 1386 Isin,
1233 1332 1286 1377 ct
1339 1321 1559 1388 Osirin,
1603 1333 1657 1376 et
1710 1320 1912 1390 Tipho‘

328 1429 482 1467 nem.

399 1504 584 1568 (Vers.
616 1506 703 1571 ii,
739 1505 850 1578 15.)
890 1527 907 1560 i
935 1509 1199 1564 Dominus
1240 1507 1460 1561 miscuit
1495 1507 1548 1560 in
1583 1505 1760 1560 medio
1791 1505 1911 1573 ejus

328 1597 586 1667 spiritum
634 1598 951 1668 vertiginis;
999 1608 1053 1653 ct
1095 1611 1282 1654 errare
1325 1597 1574 1660 fecerunt
1614 1595 1908 1665 Egyptum

329 1688 385 1743 in
434 1689 584 1742 omni
619 1704 783 1758 opere
817 1706 936 1755 suo,
970 1693 1112 1746 sicut
1161 1701 1313 1746 errat
1349 1690 1532 1745 ebrius
1566 1697 1619 1744 et
1649 1701 1907 1749 vomens;

325 1791 380 1836 et
411 1796 520 1835 non
555 1783 661 1835 erit
689 1781 924 1852 Egypto
954 1797 1090 1854 opus
1121 1784 1260 1852 quod
1297 1783 1480 1848 faciat,
1510 1789 1675 1850 caput
1705 1787 1757 1834 et
1782 1793 1910 1833 ceu-

320 1872 450 1928 dam
500 1875 905 1939 incurvantem,
943 1884 996 1930 et
1044 1876 1428 1933 refrenantem.
1469 1895 1490 1929 ι
1541 1873 1784 1930 Primum
1839 1873 1907 1930 de

319 1965 776 2035 interpretatione
828 1967 1074 2022 dicamus
1107 2008 1122 2033 ,
1175 1977 1229 2022 et
1285 1980 1470 2037 postea
1529 1970 1596 2024 de
1650 1970 1734 2024 his
1789 1979 1908 2038 quae

318 2057 525 2124 scripta
583 2066 748 2121 sunt,
809 2058 1171 2114 disseremus.
1225 2059 1332 2114 Pro
1389 2060 1580 2128 spiritu
1639 2062 1908 2130 vertiginis

318 2148 673 2216 interpretari
705 2159 883 2220 potest
923 2159 977 2204 et
1009 2151 1228 2219 spiritus
1259 2152 1472 2206 erroris.
1508 2151 1566 2206 in
1598 2166 1663 2206 eo
1693 2167 1907 2221 quoque

313 2243 462 2310 quod
513 2261 615 2299 nos
667 2247 1064 2306 transtulimus.
1107 2248 1504 2324 incprvantem,
1529 2255 1574 2298 et
1626 2246 1907 2311 refrenan-

315 2347 444 2393 tem.
479 2345 770 2404 possumus
803 2339 982 2392 dicere
1022 2339 1294 2392 incurvum
1339 2347 1385 2391 et
1424 2338 1811 2398 lascivientem.
1851 2343 1907 2395 ut

312 2425 690 2493 intelligamus
727 2444 900 2481 semen
946 2439 995 2482 et
1045 2445 1284 2495 puerum;
1317 2429 1427 2483 Nos
1463 2441 1642 2484 autem
1679 2431 1902 2485 verbum

311 2515 643 2572 Hebrairum
691 2536 868 2574 annos
922 2521 1256 2604 (31:33)",
1307 2523 1434 2576 dum
1490 2524 1741 2578 celeriter
1787 2535 1905 2591 qum

313 2612 518 2680 scripta
569 2622 699 2666 sunt
749 2616 1034 2678 vertimus,
1076 2616 1428 2683 ambiguitate
1474 2615 1706 2684 decepti,
1744 2617 1905 2684 refre-

314 2715 535 2758 uantcm
567 2703 827 2769 diximus,
867 2707 1008 2773 quod
1044 2705 1451 2776 signiﬁcantius
1493 2705 1686 2776 Aquila
1732 2719 1904 2758 trans-

317 2797 449 2850 ttiiit
482 2795 872 2866 σῒρε6>.οὕντα,
905 2797 958 2850 id
989 2805 1094 2863 est,
1138 2797 1228 2865 qui
1281 2798 1414 2851 nihil
1461 2808 1605 2853 recte
1645 2800 1777 2866 agit,
1809 2797 1903 2852 sed

317 2909 485 2948 omne
520 2910 864 2963 perversum,
897 2902 954 2948 ttt
997 2911 1232 2964 puerum
1269 2893 1619 2964 signiﬁcaret.
1654 2895 1750 2950 Est
1799 2895 1901 2962 igi-

314 2996 408 3040 tur
439 3001 634 3042 sensus
665 2993 684 3041 ξ
715 2985 872 3040 Stulti
921 2987 1053 3046 faeti-
1098 2996 1223 3043 sunt
1270 2989 1541 3057 principes
1583 2987 1818 3054 Taneos,
1851 2997 1904 3044 et

314 3073 597 3146 sapientes
629 3078 930 3132 consiliarii
967 3078 1239 3133 Pharaoni
1274 3079 1542 3134 dederunt
1574 3077 1737 3151 206
1772 3095 1902 3135 con-

909 381 1393 443 COMMENTAR.
1435 383 1516 442 IN
1557 381 1819 442 iSAIAM
1857 382 1898 442 P

2010 384 2320 448 ΡΗΕΤΑΜ
2363 389 2507 453 LIB.
2553 392 2620 458 V.
2671 393 3016 457 CAP.XIX.

328 500 434 552 bus
483 491 768 550 consilium
828 487 1042 565 Ᾱῖςςμιί
1094 496 1342 561 vatibus,
1397 495 1667 564 quomodo
1713 495 1905 564 dogma
1940 501 1984 556 Α

3491 400 3594 463 190

2088 499 2266 567 (vers.
2304 503 2392 565 i6,
2423 503 2534 576 ΓΤ.)
2575 523 2594 556 ‹
2641 506 2697 558 In
2741 505 2830 561 die
2868 507 2957 560 illa
2997 506 3104 562 erit
3133 497 3398 579 Egyptus
3437 511 3592 578 quasi

2022 591 2303 656 mulieres,
2333 603 2387 648 et
2417 597 2705 665 stupebunt
2729 606 2780 651 et
2814 598 3080 654 timebunt
3115 615 3142 654 a
3182 599 3319 654 facie
3352 616 3595 656 commo-

2021 679 2184 736 tionis
2214 695 2405 739 manus
2433 685 2643 740 Domini
2679 689 3039 755 exercituum,
3070 705 3229 760 quam
3263 693 3376 761 ipse
3407 708 3592 747 moveo

2018 774 2097 830 bit
2127 793 2291 845 super
2319 792 2458 834 eam.
2493 779 2556 835 Et
2589 783 2693 836 erit
2727 792 2870 838 terra
2905 781 3041 838 Juda
3088 784 3321 856 Egyplo
3359 783 3411 838 in
3447 784 3598 838 feSti-

2016 867 2244 922 vitatem
2272 882 2288 922 :
2322 870 2500 924 omnis
2529 872 2619 940 qui
2648 872 2790 926 illius
2819 873 2982 927 fuerit
3012 877 3348 936 recordatus,
3381 875 3599 942 pavebit

2018 971 2046 1010 a
2079 958 2219 1013 facie
2253 961 2465 1015 consilii
2506 962 2716 1017 Domini
2753 967 3108 1030 exercituum,
3135 967 3276 1035 quod
3312 967 3424 1034 ipse
3449 967 3594 1034 cogi-

2018 1051 2155 1106 tavit
2183 1067 2348 1122 super
2372 1067 2515 1107 eam.
2555 1073 2572 1104 ι
2615 1053 2809 1112 Melius
2843 1071 2970 1112 reor
3001 1059 3164 1114 etiam
3202 1060 3478 1128 proprium
3509 1073 3594 1112 er-

2017 1156 2196 1197 rorem
2240 1144 2664 1210 reprehendere,
2703 1161 2863 1217 quam
2900 1148 3026 1202 dum
3069 1151 3333 1205 erubesco
3368 1149 3593 1218 imperi-

2016 1235 2146 1287 tiam
2200 1235 2469 1300 conliteri,
2508 1238 2560 1290 in
2614 1251 2806 1292 errore
2866 1241 3176 1308 persistere.
3238 1239 3294 1294 in
3343 1257 3406 1293 eo
3451 1241 3591 1308 quod

2018 1327 2289 1390 transntli,
2321 1325 2387 1380 Et
2417 1331 2515 1382 erit
2547 1337 2689 1382 terra
2719 1330 2860 1384 Juda
2887 1331 3118 1402 Egypto
3153 1333 3205 1386 in
3237 1334 3590 1401 festivitatem,
3653 1321 3657 1326 ’

2016 1429 2114 1486 pro
2143 1416 2420 1486 festivitate
2454 1415 2504 1470 itt
2536 1415 2800 1474 Hebraico
2837 1419 3032 1489 legitur
3075 1437 3210 1476 AGGA
3247 1422 3420 1493 (nm).
3451 1421 3590 1490 quod

2017 1505 2365 1577 interpretari
2407 1522 2584 1581 potest
2615 1520 2669 1568 et
2701 1514 2959 1582 festivitas
2983 1515 3152 1582 (unde
3189 1526 3242 1570 et
3275 1518 3498 1586 Aggmus
3537 1515 3590 1567 in

2013 1597 2252 1666 festivum
2274 1603 2526 1671 vertitur)
2552 1613 2606 1658 et
2630 1606 2808 1668 timor,
2829 1606 2970 1673 quod
2995 1607 3386 1676 signiﬁcantius
3402 1607 3589 1674 Aquila

2018 1691 2295 1747 transtulit
2323 1691 2590 1764 γύρωσιν,
2616 1711 2737 1750 cum
2766 1697 2966 1759 aliquis
2999 1698 3244 1765 pavidus,
3270 1709 3320 1752 et
3355 1707 3589 1752 tremens

2013 1785 2329 1839 circumfert
2369 1787 2577 1853 oculos,
2611 1796 2667 1841 et
2700 1787 3084 1842 advenientem
3122 1790 3376 1842 formidat
3409 1790 3588 1843 inimio

2013 1889 2160 1931 cum.
2193 1876 2334 1943 Ergo
2357 1876 2399 1931 si
2429 1877 2760 1932 voluerimus
2787 1878 2839 1931 in
2868 1879 3061 1931 bonam
3087 1887 3294 1944 partem
3321 1879 3586 1946 accipere,

2011 1970 2156 2038 quod
2215 1969 2519 2023 recordatio
2568 1967 2721 2024 .iudaa
2771 1967 3004 2041 [Egypto
3051 1969 3121 2023 sit
3174 1969 3387 2038 gaudii,
3439 1980 3586 2024 recte

2013 2060 2279 2114 festivitas
2309 2060 2532 2116 dicitur.
2570 2060 2666 2115 Sin
2699 2070 2898 2126 autem,
2933 2070 2990 2115 ut
3030 2061 3289 2122 arbitror,
3322 2060 3376 2114 in
3426 2061 3586 2116 timo-

2011 2165 2124 2208 rem
2165 2169 2261 2220 pro
2302 2152 2605 2208 festivitate
2642 2155 2892 2217 vertitur,
2933 2153 3294 2223 intelligamus
3332 2151 3585 2206 formidi-

1959 2315 1965 2324 Ι
2009 2261 2130 2299 nem
2163 2244 2246 2298 vel
2277 2259 2558 2314 pavorem,
2587 2245 2726 2312 quod
2755 2260 2876 2298 cum
2904 2245 3406 2298 Nabuchodonosor
3433 2259 3588 2298 vene-

2009 2337 2099 2401 rit,
2131 2346 2186 2390 et
2225 2351 2416 2390 omnes
2447 2336 2686 2390 virorum
2726 2335 2948 2390 fortium
2985 2349 3178 2390 manus
3209 2337 3362 2404 quasi
3393 2336 3588 2389 mulie-

2009 2439 2124 2481 rum
2151 2426 2350 2480 fuerint
2375 2428 2669 2493 dissoluta),
2689 2427 2854 2481 etiam
2876 2427 3192 2480 vocabulum
3212 2425 3362 2481 Judre
3383 2427 3576 2481 terrori

2007 2519 2078 2573 sit
2123 2513 2376 2588 Egypto,
2411 2519 2532 2586 quia
2577 2519 2701 2571 dum
2746 2519 2796 2573 ei
2845 2519 2958 2572 vult
3001 2519 3265 2572 auxilium
3313 2518 3574 2586 praebere,

2007 2620 2158 2664 tanta
2210 2611 2346 2663 maia
2404 2623 2660 2678 perpessa
2715 2609 2805 2663 sit.
2862 2607 2934 2662 De
2990 2609 3192 2662 nostris
3247 2608 3581 2676 temporibus

2008 2717 2166 2757 nemo
2219 2701 2454 2766 dubitat,
2494 2701 2638 2769 quod
2683 2700 3098 2771 comparatione
3145 2698 3579 2754 Christianorum

2003 2805 2194 2848 omnes
2228 2791 2442 2847 Ethnici
2473 2796 2626 2862 quasi
2654 2791 2908 2846 mulieres
2944 2791 3072 2853 sint,
3102 2787 3346 2844 inﬁrmas
3379 2789 3583 2843 haben-

2007 2894 2087 2941 tes
2118 2886 2438 2950 sententias,
2468 2893 2524 2938 et
2573 2883 2832 2952 quidquid
2865 2882 3101 2937 dixerint
3142 2880 3281 2936 verti
3323 2881 3374 2934 itt
3405 2879 3582 2934 stulti-

2007 2979 2161 3045 tiam,
2196 2979 2324 3031 dttm
2373 2986 2630 3046 stupeant
2679 2986 2884 3030 tantam
2931 2976 3105 3046 gentis
3145 2972 3579 3038 conversionem,

2006 3073 2059 3122 et
2086 3070 2355 3121 mirentur
2383 3077 2545 3137 atque
2578 3066 2882 3135 intelligant
2907 3063 3066 3134 207
3095 3077 3313 3118 manum
3343 3061 3578 3124 Domini,

315 3171 506 3225 silium
554 3169 839 3240 insipiens,
883 3177 936 3224 et
981 3174 1365 3225 emarcuc'runt
1413 3172 1687 3249 principes
1732 3171 1894 3225 Mem-

2009 3167 2058 3210 et
2107 3157 2418 3227 quicunque
2472 3157 2751 3225 gentilium
2801 3158 3034 3210 nominis
3075 3155 3370 3210 Christiani
3417 3153 3580 3208 fuerit

314 3263 513 3330 pheos,
548 3272 602 3315 et
649 3261 981 3331 dereperuut
1030 3261 1324 3332 [Egyptum
1367 3265 1624 3333 angulum
1671 3265 1899 3333 populo-

316 3369 464 3416 rum,
507 3353 629 3420 quia
684 3350 945 3407 Dominus
997 3356 1217 3410 miscuit
1265 3349 1346 3409 eis
1394 3354 1642 3424 Spiritum
1694 3357 1901 3410 erroris

315 3446 623 3515 vertiginis,
669 3453 726 3499 ut
773 3447 1021 3514 ignorent
1075 3447 1203 3515 quid
1261 3439 1581 3516 loquantur,
1616 3457 1670 3502 et
1715 3462 1901 3500 errare

317 3536 527 3590 faciant
558 3536 878 3609 Egyptum.
913 3539 976 3593 Et
1010 3541 1158 3594 sicut
1189 3539 1376 3594 ebrius
1406 3547 1460 3594 et
1485 3555 1706 3594 vomens
1732 3539 1903 3606 egerit

314 3630 466 3699 quod
498 3630 819 3700 ingesserat,
849 3639 902 3684 et
935 3631 1024 3686 ubi
1051 3633 1142 3698 sit,
1173 3633 1371 3695 nescit,
1405 3631 1500 3686 sed
1527 3631 1674 3702 jacet
1701 3630 1900 3685 mentis

318 3723 556 3776 alienat:
592 3724 671 3777 sic
722 3723 927 3777 nullum
980 3717 1198 3777 habebit
1254 3721 1523 3794 Egyptus
1571 3739 1738 3795 opus,
1787 3725 1901 3782 sive

317 3815 638 3878 consilium,
665 3817 808 3884 quod
843 3825 935 3869 aut
964 3825 1128 3886 caput
1164 3817 1386 3881 habent,
1420 3813 1601 3884 ﬁnem,
1636 3828 1727 3872 aut
1756 3819 1900 3874 seni-

316 3907 426 3959 bus
455 3905 757 3971 conveniat,
786 3917 879 3962 aut
917 3911 1122 3977 pueris,
1156 3924 1385 3978 quorum
1423 3909 1512 3962 alii
1545 3924 1644 3979 per
1673 3909 1896 3964 nimiam

315 4009 536 4054 :rtatem
569 4001 846 4071 desipiunt
883 4016 1044 4074 atque
1077 4004 1338 4072 delirant,
1371 4006 1458 4060 alii
1494 4022 1590 4076 per
1620 4006 1898 4062 lasciviam

317 4105 376 4146 et
418 4094 701 4153 infantiam
749 4097 1003 4166 ignorant
1033 4098 1162 4168 quid
1200 4108 1380 4168 agant.
1415 4096 1527 4153 Hoc
1563 4107 1742 4153 autem
1786 4099 1898 4153 sive

321 4186 378 4238 in
411 4188 701 4258 Babylonia
737 4190 989 4244 vastitate
1019 4191 1160 4260 ejus,
1187 4190 1302 4244 sive
1328 4191 1379 4242 in
1411 4189 1642 4254 adventu
1672 4190 1897 4252 Christi,

328 4278 563 4350 et~juxta
593 4276 852 4343 litteram,
873 4280 1098 4349 etjuxta
1125 4279 1458 4346 spiritualem
1487 4279 1895 4349 intelligentiam

266 4427 270 4430 ,
322 4371 564 4437 recipere
593 4371 852 4437 volueris,
889 4371 1109 4426 habebit
1139 4371 1611 4441 consequentiam.

396 4549 591 4626 {idem
642 4547 857 4605 Orum:
897 4567 966 4607 ex
1010 4550 1247 4608 Eusebio
1295 4553 1477 4610 autem
1523 4549 1641 4611 hinc
1683 4572 1897 4626 quoque
1929 4541 1972 4595 Ῑ)

728 4690 1016 4759 Martian.,
1048 4693 1252 4774 Acmon
1286 4706 1339 4750 et
1374 4691 1662 4762 ilcbraice,

323 4781 452 4834 llss.
480 4781 1006 4856 Egmonpraferunt
1032 4769 1054 4838 ε’
1074 4796 1254 4842 ιθιιυε
1281 4789 1414 4855 ipse,
1444 4796 1502 4840 ut
1533 4769 1898 4856 reposuimus,

319 4859 501 4934 praui.
537 4849 671 4909 Vide
696 4849 836 4909 infra
860 4855 953 4912 lib,
981 4870 1076 4921 vn,
1110 4856 1200 4911 ubi
1225 4849 1328 4911 hoc
1354 4849 1497 4912 idem
1525 4849 1690 4928 caput
1717 4849 1901 4914 iecere

321 4945 390 4996 rit
419 4953 472 4996 et
503 4943 677 5000 locus.
705 4985 707 4987 ι

390 5035 413 5068 ³
436 5037 657 5093 Asedec.
693 5037 747 5089 In
786 5037 986 5095 Lexico
1017 5040 1346 5110 Origeniano
1375 5039 1770 5098 Hebraicorum
1803 5058 1897 5110 no.

323 5108 553 5182 mittunt,
585 5123 784 5161 nomen
816 5111 1013 5182 Asedec
1041 5108 1458 5182 interpretatum
1501 5114 1720 5182 ponitur
1734 5108 1899 5181 justi-

324 5181 396 5249 tja
423 5177 546 5231 solis
580 5194 598 5230 :
631 5183 770 5233 unde
794 5181 1028 5249 coniicio
1049 5177 1334 5248 Origenem
1361 5183 1462 5238 hoc
1482 5177 1603 5236 loco
1629 5177 1893 5237 natatum.

321 5243 488 5322 Porro
504 5265 717 5322 _nomen
753 5250 881 5322 illud
897 5243 912 5249 ⁷
930 5253 1131 5307 Asedec
1148 5243 1402 5322 ignobile
1425 5254 1747 5320 habueram,
1770 5269 1893 5308 cum

320 5318 460 5390 edidi
493 5317 742 5374 (ira-cum
791 5321 1015 5377 Lexicon
1045 5317 1258 5378 Νοηιῖη.
1313 5319 1508 5390 Helm;
1563 5337 1664 5378 nec
1695 5317 1891 5378 mirum

322 5388 492 5464 videri
534 5399 750 5464 potest,
792 5395 935 5464 quod
976 5410 1099 5448 cum
1139 5388 1496 5464 Hieronymo
1525 5393 1890 5464 ignoraverint:

321 5460 645 5538 vocabulum
675 5477 778 5538 non
805 5457 1126 5538 llebr:_eum;
1163 5466 1258 5519 sed
1290 5457 1514 5538 aliipsis
1548 5457 1685 5518 LXX
1716 5463 1892 5518 inter-

319 5529 564 5604 pretibus
602 5533 912 5586 conlictum.
945 5533 988 5587 E
1039 5550 1148 5604 quo
1175 5547 1357 5588 tamen
1405 5529 1560 5589 i'onte
1613 5538 1891 5590 hauserint

321 5598 492 5652 Grtrci
525 5617 720 5654 nomen
750 5607 965 5669 Asedec,
1013 5598 1143 5660 inihi
1179 5607 1336 5672 hodie
1365 5606 1587 5659 omnino
1642 5622 1890 5672 comper-

322 5677 466 5750 tum;
505 5685 699 5750 nempe
737 5687 766 5727 e
793 5677 969 5744 capite
993 5691 1103 5750 xix,
1138 5676 1204 5750 i8
1229 5669 1381 5750 isaiae
1421 5679 1720 5750 prophetat,
1744 5669 1887 5750 quod

317 5748 478 5818 antea
512 5747 698 5818 minus
724 5755 1058 5814 compertum
1095 5748 1277 5814 habui,
1319 5761 1594 5818 opponens
1625 5747 1746 5802 huic
1772 5748 1884 5802 vc-ci

322 5810 890 5871 vorhutnAsedemot/i.
925 5831 1171 5873 uanius.

2005 3249 2325 3304 recordatus
2379 3249 2807 3303 imbecillitatem
2872 3247 3194 3302 idololatriae
3253 3246 3447 3300 timore
3498 3243 3581 3298 fa-

2003 3345 2203 3395 teatur.

2075 3451 2398 3524 (Vers.18.)
2435 3473 2452 3504 i
2489 3455 2545 3508 In
2581 3454 2667 3508 die.
2709 3453 2797 3507 illa
2844 3462 3006 3507 erunt
3031 3454 3270 3524 quinque
3328 3451 3581 3508 civitates

2003 3547 2058 3602 in
2091 3555 2234 3602 terra
2273 3545 2489 3618 Egypti
2534 3548 2818 3616 loquentes
2869 3545 3051 3615 lingua
3093 3546 3371 3610 Chanaan,
3408 3555 3463 3598 et
3493 3544 3582 3614 ju-

2004 3646 2185 3691 rautes
2219 3651 2316 3707 per
2363 3635 2650 3689 Dominum
2695 3635 3072 3690 exercituum:
3103 3635 3296 3690 civitas
3321 3636 3452 3690 solis
3492 3650 3583 3687 vo-

2002 3726 2216 3781 cabitur
2247 3742 2373 3781 una.
2409 3745 2426 3778 ι
2483 3723 2585 3778 Pro
2631 3725 2853 3780 civitate
2899 3713 3272 3790 solis,inescio
3318 3723 3444 3793 quid
3491 3737 3585 3776 vo-

2003 3817 2172 3873 lentes
2190 3817 2332 3872 LXX
2353 3813 2689 3888 interpretati
2729 3828 2852 3872 sunt
2873 3817 3058 3872 asedec
3082 3818 3130 3883 ³,
3163 3833 3326 3886 quant
3359 3814 3575 3885 quidam

2001 3919 2312 3965 nostrorum
2343 3911 2364 3941 ⁵
2395 3912 2570 3964 urbem
2594 3910 2826 3980 justitiaz
2867 3912 3276 3978 interpretatur,
3304 3917 3356 3963 et
3379 3907 3577 3962 ductus

2001 4018 2204 4066 errore,
2231 4002 2375 4073 quod
2396 4003 2548 4069 juxta
2586 4002 2914 4058 ilebraieum
2969 4019 3100 4058 snas
3129 4004 3286 4073 (οτι)
3315 4002 3578 4070 scriptum

2001 4091 2094 4163 sit,
2126 4109 2321 4150 terram
2352 4105 2523 4166 putat,
2556 4111 2677 4165 quae
2701 4089 2820 4149 aliis
2844 4096 3039 4150 litteris
3070 4096 3351 4149 scribitur.
3391 4092 3577 4146 Melius

2001 4205 2129 4260 ergo
2158 4189 2437 4242 transtulit
2493 4189 2871 4260 Symmachus,
2912 4189 3096 4241 civitas
3143 4187 3272 4240 solis
3311 4185 3578 4239 vocabitur

2000 4295 2146 4333 una:
2180 4295 2314 4335 L889
2341 4283 2486 4335 enim
2520 4283 2743 4336 verbum
2772 4281 3084 4350 ambiguum
3115 4289 3169 4332 et
3199 4287 3331 4330 testa
3377 4276 3577 4330 dicitur

1999 4381 2052 4426 et
2086 4371 2183 4437 sol,
2243 4387 2308 4426 eo
2342 4376 2486 4442 quod
2544 4381 2836 4441 utrumque
2888 4381 3058 4437 aveat,
3109 4380 3165 4426 et
3217 4372 3422 4425 siccum
3485 4368 3576 4422 sit.

2075 4583 2144 4593 —
2167 4553 2225 4608 in
2256 4549 2378 4624 aliis
2413 4564 2588 4610 tamen
2615 4553 2852 4624 ejusdem
2886 4511 3468 4624 Vers‘ionis‘codicihus
3493 4541 3576 4604 re-

2007 4624 2151 4694 etius
2183 4635 2301 4678 erat
2335 4623 2553 4694 ἁχειρὲς
2586 4621 2657 4679 ab
2687 4621 2916 4680 Hebraeo
2963 4635 3140 4684 nam.
3176 4622 3308 4678 Vide
3373 4637 3492 4691 quae
3521 4626 3574 4675 in

2007 4685 2070 4750 0t
2088 4695 2324 4764 igenian.
2343 4685 2559 4756 ,L‘ex'ico
2587 4697 2981 4750 annotavimtm.

2013 4817 2020 4824 ,
2077 4763 2286 4829 ἰουοιι
2310 4776 2545 4818 uastrum
2579 4781 2798 4833 vocans,
2833 4765 3080 4819 Latinum
3101 4778 3223 4819 esse
3253 4764 3572 4833 scriptorem

2006 4835 2219 4902 innuat,
2249 4835 2308 4891 S.
2338 4835 2552 4902 doctor,
2609 4831 2947 4889 Victorinum
2996 4831 3444 4888 Pctabionensem
3479 4848 3576 4886 no-

2004 4916 2120 4958 tare
2139 4901 2354 4970 Opinor,
2379 4918 2758 4974 quoexcepto,
2781 4905 3278 4974 Commentatorum
3302 4905 3352 4956 in
3379 4904 3572 4956 Isaiam

2003 4991 2250 5045 magnum
2281 4975 2422 5042 apud
2475 4973 2693 5030 Latinos
2727 4976 2994 5030 silentium
3040 4989 3163 5026 esse
3192 4973 3300 5040 jam
3360 4974 3576 5045 dixerat

2003 5045 2057 5116 in
2092 5043 2411 5100 Praelatione
2436 5047 2656 5114 hujusce
2702 5047 2906 5116 operis.
2938 5047 3202 5100 (lictorum
3235 5045 3422 5096 eadem
3474 5043 3578 5116 fuit

1999 5107 2219 5170 Eusebii
2262 5107 2532 5170 sententia
2555 5128 2718 5185 atque
2741 5107 2930 5185 eadem
2961 5129 3100 5185 pene
3119 5116 3347 5185 dixerim
3382 5115 3568 5166 verba:

2000 5187 2143 5258 κᾳτὰ
2175 5186 2233 5239 δὲ
2259 5186 2567 5258 τὸλᾲκρισὲί
2607 5183 2708 5258 ea;
2733 5184 2899 5258 αὐτῷ
2957 5183 3245 5258 ouis-Esto;
3274 5183 3380 5258 γῆς
3417 5184 3572 5258 non;

1998 5256 2273 5320 λέλεκται,
2323 5253 2460 5325 ὃπεῗρ
2512 5253 2683 5320 οὔτωξ
2731 5259 2795 5308 ἂν
2847 5254 3238 5326 ἑρμηνίυθερη,
3280 5255 3429 5316 πόλις
3471 5253 3571 5319 τῆς

1997 5328 2098 5396 ’Υῆιῖ
2135 5321 2487 5396 Κληθήσενεξιι
2525 5329 2560 5396 ή
2585 5327 2680 5393 μία
2726 5321 3076 5389 πόλιςςὺέυσι
3110 5321 3162 5378 id
3200 5321 3326 5394 est,
3386 5339 3578 5376 secuit-

1995 5402 2121 5450 dum
2165 5405 2472 5449 accuratam
2504 5413 2619 5451 vero
2676 5398 2964 5450 disserendi
3008 5405 3261 5448 rationem
3299 5406 3456 5447 terrae
3488 5399 3578 5446 ci-

1997 5467 2135 5520 vitas
2165 5469 2378 5530 dicitur,
2414 5469 2553 5535 quod
2577 5471 2650 5520 ita
2689 5467 2833 5520 reddi
2866 5471 3051 5536 possit,
3089 5463 3284 5519 Civitas
3311 5473 3566 5518 terra't'o-

1991 5537 2200 5590 cabitur
2233 5554 2338 5589 una
2361 5541 2566 5592 civitas.
2592 5539 2658 5592 Et
2697 5539 2857 5607 partio
2882 5554 3043 5607 supra
3079 5551 3097 5593 ξ
3125 5538 3280 5607 Κατὰ
3311 5536 3574 5607 μὲντοὺς

1989 5613 2031 5678 οξ
2064 5607 2412 5678 καλουμένην
2456 5605 2846 5678 ᾊσεδὲκέὸὁὴ
2894 5605 3149 5678 armabat
3195 5605 3569 5678 5W.dtOG'3_V1],’.

1991 5645 2019 5659 ν
2065 5645 2230 5659 ..-η-ι..
2285 5645 2362 5659 υ..
2393 5645 2409 5658 .
2476 5645 2680 5662 “ne...
2729 5645 2826 5660 νυ.
2894 5645 2920 5660 υ
3010 5645 3149 5661 ...μη
3198 5645 3568 5665 πως----ην

1991 5645 2288 5756 Secunda;
2557 5650 2768 5745 quidem
2811 5645 3007 5734 dicit}:
3051 5678 3274 5742 Asedec,
3303 5676 3440 5747 quod
3495 5645 3568 5729 ii-

1988 5748 2200 5818 gttiﬁcut
2239 5748 2488 5815 justitiw.
