3972 6198
349 280 453 345 ICI'l

866 275 876 290 '
937 277 1432 339 COMMENTAR.
1483 280 1557 339 IN
1595 277 1862 338 ISAIAM
1895 275 2363 339 PROPHETAM
2403 275 2547 338 LIB.
2593 277 2664 343 ν.
2701 269 2860 336 CAP.
2903 275 3029 339 XX.

3489 274 3588 340 19$

348 407 435 449 rat
463 396 777 449 nationem:
815 394 868 448 in
923 392 1167 447 Romano
1223 404 1402 448 autent
1463 397 1692 465 imperio
1751 410 1917 448 unum
1951 403 1991 456 Α
2025 404 2075 444 et
2100 409 2288 446 senum
2318 393 2518 446 nudam
2558 403 2610 445 ct
2655 391 3061 453 dISC:tlle;ll3III,
3111 389 3467 459 discoopertis
3492 407 3589 445 na-

347 488 488 553 l’ac,ta
514 497 645 542 sunt
681 486 886 539 omnia.
930 485 1128 540 Doctus
1171 487 1340 540 lector
1400 495 1614 541 veteres
1675 487 1920 541 revolvat

344 577 627 642 historias,
662 586 716 630 et
746 577 812 629 ab
840 574 1114 643 Euphrate
1145 591 1316 644 usque
1346 576 1410 628 ad
1436 573 1666 645 Tigrim,
1697 589 1914 628 Omnem

341 668 396 722 in
433 667 612 720 medio
669 669 946 735 regionem
1006 665 1353 737 Assyriorum
1392 666 1560 721 fuisse
1600 676 1916 734 cognosral.

344 760 486 829 Ergo
511 775 649 829 quos
678 770 889 813 veteres
915 758 1189 828 Assyrios,
1222 776 1366 812 nunc
1395 775 1494 812 nos
1528 774 1784 813 voeamus
1814 757 1916 828 Sy-

345 867 460 915 ros,
495 865 525 904 a
552 860 708 919 parte
741 861 909 904 totum
950 850 1309 919 appellantes.
1361 851 1515 916 Quod
1549 861 1730 905 autem
1781 850 1920 904 dici-

251 973 264 982 -
338 951 436 996 tur
477 941 770 1011 :/Egyptii
819 943 1039 993 servient
1085 941 1252 1010 Syris,
1287 942 1370 994 vel
1417 941 1496 994 sic
1521 941 1914 1009 acripiendum,

339 1031 489 1102 quod
509 1031 766 1086 Romana:
780 1031 1022 1101 legiones
1047 1031 1183 1102 Syro
1205 1035 1480 1088 instructa-
1499 1032 1612 1104 (ΑΙ.
1629 1033 1914 1105 instructo)

343 1122 519 1175 milite
558 1121 852 1191 (Egyptqu
902 1124 1236 1189 custodiant,
1295 1134 1387 1198 aut
1435 1125 1578 1192 quod
1631 1125 1914 1195 utriusque

340 1213 524 1282 gentis
575 1214 720 1266 inter
763 1230 822 1268 se
875 1216 1201 1268 commercia
1240 1215 1370 1281 sint,
1426 1224 1480 1270 et
1529 1216 1914 1270 abundantiam

341 1303 566 1372 Egypti
605 1302 777 1374 Syria:
804 1305 1105 1373 suscipiant
1139 1307 1410 1370 civitates,
1439 1306 1577 1361 sicut
1605 1309 1917 1362 ecOntrario

345 1399 649 1455 I’ala'stinae
681 1409 734 1452 et
771 1399 1047 1454 Phtnnicis
1091 1401 1252 1453 bonis
1306 1399 1576 1468 Egyplus
1634 1399 1913 1472 irrigetur.

342 1493 574 1558 Quidam
612 1503 924 1548 nostrorum
955 1489 1094 1545 male
1123 1491 1238 1546 haec
1265 1491 1331 1544 ad
1374 1490 1521 1545 mille
1545 1507 1717 1545 annos
1773 1491 1914 1546 reic-

341 1592 496 1647 runt,
511 1592 564 1636 et
585 1581 974 1638 moreludaico
997 1583 1047 1634 iu
1065 1584 1529 1636 consummatione
1554 1582 1734 1634 mundi
1748 1581 1914 1652 210

342 1673 525 1728 futura
547 1673 920 1743 pronuntiant,
942 1673 1156 1743 quando
1182 1674 1548 1728 Antichristus
1584 1674 1648 1728 de
1668 1675 1909 1745 Assyriis

338 1767 591 1830 veniens,
643 1765 934 1836 Egyptum
970 1765 1416 1838 Ethiopiamque
1450 1767 1771 1836 possederit.

415 1857 595 1926 (Vers.
623 1858 714 1924 Si,
753 1857 867 1923 25.)
911 1857 1022 1910 t'ln
1048 1857 1134 1910 die
1195 1857 1288 1910 illa
1351 1857 1454 1912 erit
1511 1857 1679 1912 Israel
1717 1858 1913 1913 tertius

341 1949 604 2020 Ξεςρέῑο
653 1959 706 2003 et
743 1949 994 2020 Assyrio,
1040 1949 1341 2003 benedictio
1399 1951 1453 2004 in
1515 1951 1688 2005 medio
1733 1961 1911 2017 terra,

342 2041 428 2095 cui
466 2039 745 2093 benedixit
777 2036 1036 2093 Dominus
1078 2039 1438 2105 exercituum,
1498 2038 1705 2102 dicens,
1738 2037 1913 2091 Bene-

342 2133 521 2187 dictus
571 2131 802 2202 populus
855 2147 1008 2186 meus
1065 2128 1309 2200 Egypti,
1357 2141 1410 2184 et
1467 2146 1605 2198 opus
1653 2145 1911 2184 tuanuum

342 2237 587 2274 mearum
642 2221 902 2290 Assyrio:
959 2220 1249 2274 ha:redilas
1289 2229 1466 2272 autem
1512 2233 1628 2273 mea
1661 2218 1846 2272 Israel.
1886 2235 1906 2270 ι

342 2310 697 2383 Nequaquam
728 2312 891 2367 Israel
915 2313 1054 2366 inter
1086 2309 1377 2381 Egyptum
1404 2321 1458 2363 et
1483 2311 1766 2380 Assyrium
1801 2323 1912 2364 me-

341 2406 466 2459 dius
488 2406 740 2472 elidetur,
793 2420 934 2460 nunc
973 2405 1256 2460 Antiocliis
1304 2414 1358 2460 et
1396 2402 1680 2486 Demetrii;
1731 2404 1798 2456 ad
1851 2418 1912 2459 se

339 2498 490 2552 Iuda:
515 2499 532 2528 ¹
566 2498 899 2556 trahentibus
931 2513 1176 2567 regnum,
1200 2512 1344 2550 nunc
1368 2494 1670 2550 Ptolemais
1696 2509 1910 2563 posses-

342 2589 552 2644 sionem
594 2589 710 2657 ejus
761 2588 885 2643 sibi
920 2588 1357 2654 vindicantibus;
1410 2588 1506 2641 sed
1544 2595 1598 2642 et
1646 2586 1760 2656 ipsa
1809 2586 1909 2640 sub

341 2679 587 2735 Romano
623 2681 867 2748 imperio,
899 2696 965 2739 ac
999 2695 1096 2748 per
1127 2680 1229 2734 hoc
1255 2679 1460 2734 Christi
1497 2679 1730 2748 imperio
1770 2693 1907 2732 con-

341 2773 554 2830 stituta,
587 2769 692 2823 erit
720 2771 835 2839 ejus
867 2770 1215 2833 conditionis,
1253 2769 1408 2838 cujus
1446 2779 1503 2823 et
1556 2768 1824 2839 IEgyplus
1849 2777 1908 2824 et

339 2862 570 2931 Assyrii,
601 2872 656 2915 et
689 2862 1039 2916 bcnedicetur
1071 2861 1123 2914 in
1150 2863 1295 2915 omni
1325 2871 1491 2916 terra.
1515 2861 1652 2926 Quia
1677 2876 1743 2915 ex
1774 2860 1902 2914 Sion

341 2947 507 3008 exibit
533 2954 641 3018 lex,
667 2967 720 3007 et
747 2956 970 3008 verbum
1027 2952 1239 3006 Dmuini
1275 2953 1342 3007 de
1398 2951 1721 3008 Jerusalem.
1753 2949 1905 3005 'I‘unc

340 3045 551 3098 dicetur
576 3062 605 3098 a
633 3047 856 3100 Domino
878 3062 890 3100 :
915 3045 1222 3099 Benedictus
1240 3045 1458 3112 papulas
1485 3062 1626 3097 meus
1647 3044 1902 3117 ﬁgypti:
1929 3066 1975 3130 ρ

340 3139 554 3206 quando
603 3152 941 3205 nequaquam
1000 3135 1204 3206 Moyse,
1265 3138 1360 3190 sed
1417 3134 1637 3190 Christo
1673 3135 1904 3190 Domino

340 3237 640 3298 praeunte,
675 3229 884 3282 inunita
917 3228 1194 3282 hominum
1236 3227 1404 3282 millia
1448 3226 1769 3281 solitudines
1812 3241 1902 3281 re-

339 3321 624 3387 plevetint,
656 3329 711 3372 et
746 3321 1024 3374 Pharaone
1072 3319 1371 3386 submerso,
1423 3319 1664 3374 dixerint
1729 3318 1782 3371 in
1815 3320 1905 3370 de-

334 3423 514 3466 serto:
556 3409 842 3465 Cantemus
889 3410 1129 3476 Domino,
1155 3411 1381 3481 gloriose
1408 3410 1546 3463 enim
1598 3407 1905 3478 magniﬁca-

335 3513 418 3556 tus
452 3511 529 3556 est
547 3517 566 3555 :
600 3519 808 3572 equum,
828 3511 877 3556 et
908 3518 1234 3556 ascensorem
1252 3503 1437 3569 dejecit
1457 3503 1510 3553 iu
1533 3517 1673 3553 mare
1700 3498 1898 3569 (Exod.

335 3610 424 3658 xv,
451 3596 528 3663 I).
566 3593 718 3648 Tunc
749 3606 801 3648 et
834 3610 969 3663 opus
997 3609 1254 3648 manuum
1314 3593 1525 3646 Domini
1577 3595 1680 3648 erit
1711 3592 1763 3645 in
1791 3592 1901 3646 As-

333 3687 536 3756 syriis;
572 3689 652 3740 lue
678 3685 821 3739 enim
868 3689 949 3740 vel
988 3685 1234 3739 maximm
1284 3697 1471 3754 gentes
1506 3684 1895 3740 monachorum

333 3777 528 3831 ﬂarent
559 3778 924 3844 examinibus,
959 3775 1246 3847 JEgyptus‘,
1300 3787 1354 3830 et
1384 3773 1794 3845 MeSOpotamia,
1844 3785 1900 3832 et

335 3870 444 3936 pari
473 3869 616 3921 inter
650 3883 708 3920 se
734 3867 930 3937 pietate
967 3867 1322 3928 contendunt.
1362 3864 1664 3922 Haereditas
1714 3877 1895 3921 autem

332 3957 536 4011 Christi
573 3955 759 4022 Israel,
801 3957 901 4017 hoc
923 3966 1031 4016 est,
1067 3955 1384 4018 nativitatis,
1419 3964 1473 4008 et
1500 3956 1699 4023 crucis,
1729 3965 1784 4008 et
1812 3969 1896 4010 re-

333 4049 714 4111 surrectionis,
757 4046 1198 4117 ascensionisque
1237 4047 1358 4115 ejus
1391 4046 1530 4110 loca,
1573 4047 1639 4101 ad
1687 4063 1804 4116 quae
1827 4048 1895 4104 de

335 4151 448 4194 toto
469 4140 603 4193 orbe
633 4140 996 4194 concurritur.

403 4230 557 4300 (Cap.
587 4230 703 4284 XX.
728 4259 800 4270 -ο
831 4230 984 4286 Vers.
1014 4231 1090 4302 1.)
1132 4251 1150 4284 ι
1179 4233 1336 4287 Ληιιο
1366 4249 1472 4304 quo
1505 4234 1783 4303 ingressus
1805 4245 1892 4293 est

330 4322 587 4376 Thartam
621 4323 673 4374 in
705 4323 957 4388 Azotutn,
988 4338 1111 4377 cum
1135 4325 1370 4379 misisset
1407 4340 1528 4378 eum
1563 4325 1768 4394 Sargon
1797 4341 1890 4380 rex

2027 484 2187 548 tibus,
2214 483 2562 553 ignominiam
2593 482 2833 554 Egypti.
2870 484 2933 536 Et
2963 483 3245 546 timebunt,
3278 493 3330 536 et
3364 481 3591 537 confun-

2019 577 2214 630 deutur
2242 578 2311 630 ab
2345 576 2621 646 Ethiopia
2662 593 2756 644 spe
2794 591 2916 638 sua,
2947 585 3001 631 et
3031 575 3099 629 ab
3132 575 3365 645 [Egypto
3419 576 3588 643 gloria

2020 682 2138 722 Sua.
2174 667 2238 721 Et
2263 667 2420 738 211
2455 668 2601 723 dicet
2663 669 2936 723 habitator
2986 667 3177 722 insula:
3212 666 3371 734 hujus
3411 668 3466 720 in
3502 669 3591 722 ilic

2021 757 2150 813 illa:
2195 757 2333 812 Ecce
2369 759 2482 813 haec
2519 768 2635 813 erat
2665 773 2788 828 spes
2831 769 3040 822 nostra,
3067 761 3131 812 ad
3163 773 3302 827 quos
3346 758 3594 818 coniugi-

2021 865 2140 901 mus
2168 848 2220 900 in
2250 848 2535 911 auxilium,
2573 858 2629 901 ut
2677 849 2930 902 liberaret
2963 863 3110 903 nosa
3166 847 3302 902 [acie
3329 849 3467 920 regis
3493 847 3593 901 As-

2020 941 2311 1009 syriorum,
2336 949 2390 994 et
2425 941 2696 1008 quomodo
2755 939 2994 1009 cﬂ‘ugere
3029 941 3327 1008 poterimus
3391 939 3528 993 nos?
3568 959 3585 989 ι

2019 1026 2208 1081 Totam
2265 1029 2546 1098 posuimus
2607 1029 2830 1097 capituli
2871 1028 3036 1096 hujus
3083 1028 3500 1091 continentiam,
3535 1042 3594 1083 ut

2020 1133 2116 1186 per
2149 1124 2327 1184 partes
2384 1117 2598 1188 singula
2657 1117 3013 1174 disseramus.
3069 1118 3274 1172 Azotus
3314 1134 3432 1187 qua:
3484 1119 3592 1172 lle-

2021 1207 2204 1262 bralce
2227 1209 2425 1263 dicitur
2451 1223 2618 1264 ssnon
2651 1209 2900 1278 (1mm).
2941 1209 3072 1263 urbs
3095 1209 3591 1277 fuitpoteutissiua

2019 1297 2318 1354 Palaestina:
2343 1302 2409 1356 de
2461 1303 2704 1370 quinque
2740 1302 2998 1356 urbibus:
3057 1300 3196 1354 hanc
3241 1301 3447 1370 Surgon
3500 1318 3592 1355 rex

2018 1389 2391 1458 Assyriorum,
2462 1390 2552 1460 qui
2610 1398 2818 1459 septem
2894 1391 3210 1445 nominibus
3269 1391 3591 1460 appellatur,

2020 1480 2183 1534 misso
2210 1482 2348 1534 duce
2369 1481 2646 1534 exercitus
2671 1481 2778 1545 sui,
2803 1481 2888 1534 cui
2921 1495 3117 1535 nomen
3175 1490 3294 1536 erat
3327 1483 3592 1546 Thartan,

2019 1568 2162 1636 cepit
2192 1578 2244 1621 et
2270 1568 2460 1622 tenuit.
2506 1567 2584 1622 Eo
2615 1569 2780 1638 igitur
2835 1578 3080 1637 tempore
3113 1585 3223 1637 quo
3253 1571 3424 1626 vicina
3457 1573 3595 1627 civi-

2024 1672 2105 1715 tas
2135 1669 2287 1730 capta
2327 1670 2430 1727 est,
2483 1661 2801 1731 praecipitur
2838 1661 3016 1728 Isaiaz,
3080 1671 3138 1716 ut
3177 1664 3421 1733 deposita
3467 1679 3592 1718 sac-

1949 1737 1990 1795 Β
2019 1765 2113 1805 cca
2140 1753 2319 1828 tunica
2341 1753 2454 1809 (hic
2487 1754 2630 1806 enim
2661 1762 2782 1808 erat
2829 1755 2850 1786 ³
2876 1754 3092 1808 habitus
3117 1755 3447 1823 pmpltetalis
3495 1771 3595 1824 po-

2017 1846 2126 1914 puli
2159 1844 2352 1898 delicta
2383 1846 2728 1916 plangentis),
2758 1853 2814 1901 et
2852 1847 3237 1902 calceamentis
3263 1862 3293 1902 e
3339 1849 3590 1917 pedibus,

2015 1953 2135 2005 qute
2160 1936 2297 1990 LXX
2329 1938 2531 2008 caligas
2556 1948 2772 2005 vocant,
2815 1942 2994 1994 nudus
3031 1951 3085 1993 et
3115 1940 3477 1996 discalreatus
3510 1942 3592 1994 in-

2016 2031 2254 2091 cederet,
2315 2037 2498 2099 typum
2554 2032 2802 2099 praebens
2845 2031 3178 2100 captivitatis
3213 2030 3483 2101 Egyptite
3536 2043 3593 2087 et

2013 2120 2355 2190 Ethiopum,
2407 2123 2501 2192 qui
2545 2122 2819 2194 Aigyptiis
2853 2124 2906 2178 in
2949 2125 3275 2193 adjutorium
3333 2126 3590 2183 fuerant:

2013 2210 2156 2278 quod
2195 2211 2470 2279 quomodo
2503 2211 2670 2267 Isaias
2704 2213 2882 2268 nudus
2907 2215 3235 2278 ambularet,
3269 2226 3326 2270 et
3374 2217 3590 2272 laeditu-

2015 2309 2121 2354 tem
2149 2303 2496 2358 cernentibus
2551 2303 2711 2358 nudis
2751 2305 2971 2360 natibus
3019 2306 3458 2362 demonstraret:
3515 2307 3588 2361 ita

2010 2393 2189 2446 onmis
2211 2392 2481 2462 ngyptus
2508 2406 2670 2463 atque
2691 2394 2988 2466 EthiOpia,
3023 2398 3314 2466 p0pulante
3339 2398 3588 2468 Assyrio,

2013 2485 2404 2550 nudmlierent,
2452 2497 2508 2540 et
2536 2487 2671 2541 nihil
2705 2488 2929 2542 omnino
2976 2488 3030 2542 in
3077 2499 3221 2543 terra
3258 2493 3584 2545 remaneret.

2011 2575 2122 2630 Nec
2192 2578 2292 2634 hoc
2351 2579 2546 2647 aliquis
2603 2589 2754 2646 putet
2801 2579 3069 2649 snperiori
3114 2571 3408 2646 ’lelicitati,
3464 2598 3588 2652 qua:

2009 2667 2282 2738 Egyptiis
2309 2670 2736 2738 repromittitur,
2786 2683 2910 2725 esse
2943 2671 3465 2739 contrariumzquia
3511 2675 3586 2728 ihi

2010 2760 2131 2831 pust
2160 2762 2301 2815 mala
2351 2762 2414 2816 de
2443 2761 2625 2815 futura
2683 2761 3018 2818 beatitudine
3071 2765 3395 2832 praedicatur
3436 2780 3451 2821 :
3497 2765 3587 2822 hic

2009 2859 2190 2904 autem
2217 2866 2454 2920 prmsens
2481 2861 2735 2906 narratur
2757 2853 3060 2921 captivitas,
3092 2870 3188 2923 per
3215 2871 3374 2925 quam
3405 2856 3584 2911 deleto

2007 2942 2172 2998 Israel
2205 2953 2260 2998 et
2287 2943 2571 3010 Damasco,
2601 2955 2654 2999 et
2687 2945 2979 2999 Philistiim
3035 2958 3183 3000 recta
3209 2949 3295 3001 via
3343 2951 3585 3018 perrexit

2007 3033 2326 3104 Egyplum.
2353 3045 2408 3090 et
2443 3037 2587 3104 ipsos
2621 3038 2823 3106 pariter
2857 3036 3249 3108 Aithiopcsque
3275 3043 3582 3108 superavit.

2007 3125 2158 3191 Quod
2188 3143 2254 3179 ne
2277 3128 2366 3182 cui
2391 3129 2634 3182 videatur
2654 3129 2992 3197 ambiguum,
3048 3131 3218 3196 ipsius
3245 3133 3392 3186 Isaia:
3413 3148 3576 3200 pona-

2007 3218 2513 3271 niustestimonium
2539 3231 2554 3270 :
2593 3216 2845 3272 Reversus
2868 3231 3038 3274 autem
3068 3220 3355 3289 Rapsaces,
3389 3225 3584 3278 inuenit

2007 3298 2176 3376 regem
2223 3308 2558 3378 Assyriorum
2605 3312 2936 3379 pra’liauteiu
2981 3317 3233 3369 adversus
3295 3315 3583 3372 Lobuam':

2005 3402 2246 3454 audierat
2295 3403 2430 3454 enim
2479 3405 2603 3472 quia
2646 3406 2916 3472 profectus
2957 3418 3087 3460 esset
3121 3409 3185 3462 de
3240 3408 3429 3463 Lac/tis
3457 3426 3476 3465 .'
3533 3423 3582 3464 et

2005 3495 2208 3548 audivit
2233 3497 2295 3548 de
2329 3495 2567 3549 Tltaraca
2599 3512 2717 3566 rege
2783 3497 3053 3565 Ethiopia:
3091 3499 3320 3555 dicentes
3345 3514 3366 3555 .‘
3389 3502 3583 3571 Egres-

2002 3599 2090 3638 sus
2115 3595 2192 3638 est
2246 3597 2296 3638 ut
2331 3597 2520 3655 pugnet
2555 3597 2738 3640 contra
2771 3597 2818 3640 te
2845 3587 2950 3657 (IV
2981 3588 3110 3658 Reg.
3151 3605 3260 3654 xix,
3290 3591 3346 3660 8,
3376 3591 3454 3659 9).
3492 3593 3581 3647 Si-

2006 3678 2227 3746 tuulque
2280 3679 2542 3733 discinms
2579 3679 2947 3734 obedientiam
2995 3691 3397 3750 prophetarum,
3435 3689 3580 3754 quod

2003 3771 2088 3822 vir
2118 3769 2312 3824 nubilis
2366 3772 2617 3840 (tradunt
2647 3773 2794 3825 enim
2848 3773 3270 3828 llebraailsaiam
3328 3791 3576 3833 socerum

2001 3860 2169 3914 luisse
2213 3859 2460 3916 Mauasse
2504 3863 2598 3916 lilii
2645 3861 2893 3919 Ezechiae
2925 3866 3066 3935 regis
3093 3865 3256 3936 Iuda)
3291 3885 3394 3923 non
3447 3887 3579 3924 eru-

1997 3953 2180 4006 buerit
2216 3953 2391 4008 nudus
2422 3957 2707 4020 incedere;
2749 3957 2845 4012 sed
2873 3956 2965 4012 Dei
3001 3971 3283 4028 prazceptts
3315 3963 3448 4016 nihil
3483 3964 3579 4017 ho-

1999 4046 2206 4099 nestius
2245 4047 2514 4114 judicans,
2567 4050 2884 4118 deposuerit
2931 4067 3176 4118 saccutn,
3221 4068 3328 4121 quo
3368 4055 3577 4122 abiectu

1999 4139 2176 4190 nudus
2210 4136 2395 4205 fuerit,
2435 4155 2593 4192 unam
2620 4145 2770 4210 prius
2801 4141 3005 4196 habens
3029 4146 3290 4210 tunicam,
3321 4158 3376 4202 et
3401 4149 3572 4216 ipsam

1995 4226 2292 4281 tilicinam.
2326 4230 2480 4294 Quod
2511 4239 2692 4284 autent
2723 4232 2961 4286 dicitur:
2993 4233 3178 4288 Trium
3221 4253 3479 4290 annorum
3503 4239 3576 4292 si-

1992 4339 2174 4394 guum,
2202 4331 2252 4375 et
2303 4333 2599 4391 portentum
2629 4327 2726 4377 erit
2778 4341 2934 4392 super
2988 4327 3277 4397 Egyptum
3309 4342 3355 4384 et
3415 4349 3572 4399 super

329 4418 700 4488 Assyriorum,
721 4428 774 4471 et
807 4426 1100 4486 pugnasset
1127 4427 1317 4471 contra
1343 4406 1596 4481 Azotum,
1631 4429 1687 4472 et
1720 4420 1891 4488 cepis-
1923 4411 1968 4470 Ι)
1999 4414 2357 4484 [Et/nopiam,
2406 4415 2510 4470 hoc
2547 4417 2839 4486 signiticet,
2894 4421 3036 4487 quod
3101 4421 3274 4476 tribus
3323 4426 3480 4479 anuis
3507 4429 3574 4479 ab

267 4531 272 4535 ·
330 4521 570 4565 seteam.
600 4508 654 4561 lu
674 4509 1017 4576 temporeillo
1038 4509 1247 4562 loeutus
1265 4521 1348 4562 est
1369 4508 1631 4564 Dominus
1657 4512 1709 4563 in
1733 4526 1894 4565 manu

330 4604 480 4659 Isaia:
511 4603 606 4655 lilii
630 4605 819 4663 Amos,
838 4601 1045 4654 dicens:
1080 4599 1225 4654 Vade
1248 4611 1303 4655 et
1332 4603 1478 4655 solve
1505 4614 1721 4655 saccum
1746 4610 1894 4657 tuum

329 4699 394 4749 de
421 4693 621 4747 lumbis
656 4691 779 4757 tuis,
816 4700 872 4744 et
902 4691 1264 4745 calceamenta
1304 4702 1394 4745 tua
1419 4693 1546 4746 tolle
1571 4694 1639 4747 de
1667 4694 1893 4762 pedibus

329 4785 474 4840 tuis:
514 4793 573 4838 et
623 4782 878 4848 fecitsic,
931 4784 1134 4838 vadens
1183 4773 1358 4837 nudus
1393 4795 1447 4840 et
1510 4786 1890 4842 discalccatus.

331 4879 584 4948 Dixitque
627 4877 928 4932 Dominus:
963 4875 1120 4931 Sicut
1160 4876 1455 4930 ambulavit
1503 4892 1690 4932 servus
1743 4894 1894 4934 meus

328 4969 490 5022 Isaias
516 4970 695 5021 nudus
707 4976 760 5020 et
785 4967 1163 5026 discalceatus,
1189 4968 1347 5019 trium
1370 4981 1632 5021 annorum
1655 4969 1888 5037 signum,

326 5071 381 5113 et
407 5071 714 5129 portentum
744 5059 844 5111 erit
876 5072 1036 5125 super
1067 5057 1384 5128 A'ngpmm,
1417 5069 1472 5113 et
1496 5073 1658 5128 super
1681 5057 1892 5115 [Ethio-

326 5154 488 5220 piam.
533 5153 626 5207 Sic
687 5151 914 5204 minabit
953 5165 1048 5205 rex
1106 5153 1456 5220 Assyriorum
1513 5156 1886 5223 captivitatem

323 5245 642 5316 A'Igypti,et
691 5243 1223 5313 transmigratiouem
1269 5242 1582 5313 Ethiopian,
1630 5247 1890 5316 juvenutu

333 5396 620 5472 Ῥὶυμαῖκὰ
640 5403 836 5474 Σύρων
865 5401 1074 5468 ἀνδρῶν
1102 5403 1244 5455 κατὰ
1286 5403 1528 5474 κεφαλῆς
1558 5405 1664 5455 τῶν
1727 5407 1891 5474 Αἰγυ-

323 5490 468 5526 suam
487 5473 863 5541 ἐγκαθήμενα,
911 5474 1242 5539 Αἰγυπτίους
1284 5490 1342 5524 τε
1365 5473 1575 5535 τούτοις
1603 5473 1886 5528 δουλεύω-

321 5558 439 5607 τις,
493 5547 596 5595 οὐκ
652 5543 1026 5610 ἁνεκπωγείη
1069 5544 1165 5612 τὴν
1187 5543 1288 5611 τῆς
1326 5544 1665 5612 προφητείας
1725 5546 1887 5599 ἔκϐα-

323 5628 434 5676 σιν;
473 5612 537 5666 Et
567 5614 820 5679 denique,
854 5613 967 5664 Νὐν
993 5616 1046 5667 δὲ
1082 5616 1109 5663 ὁ
1152 5617 1342 5682 παρῶ-ι
1402 5615 1557 5680 λόγος
1593 5617 1883 5668 uatum-152v

216 5697 242 5733 θ
323 5685 501 5744 αὐτοῖς
559 5689 655 5735 zi‘.
720 5684 998 5754 ἐπιμιξίαν
1031 5683 1301 5748 θεσπίζει,
1340 5700 1459 5753 qua:
1489 5682 1629 5737 infra
1664 5687 1882 5754 repetit.

1996 4507 2233 4576 Assyriis
2260 4507 2521 4576 [Egyptus
2547 4513 2809 4565 vastauda
2851 4513 2920 4564 sit
2958 4523 3011 4566 et
3048 4512 3346 4584 1Etliiopia.
3409 4517 3572 4583 'l'unc,

2000 4599 2194 4667 inquit,
2228 4601 2362 4652 dicet
2391 4601 2659 4654 habitator
2703 4603 2892 4657 imula:
2925 4605 3103 4672 hujus,
3143 4610 3243 4660 hoc
3271 4619 3373 4672 est,
3417 4607 3574 4662 Jeru-

1997 4693 2163 4746 salem
2193 4693 2356 4762 212
2388 4710 2507 4762 qua:
2547 4697 2847 4749 vicinarum
2873 4701 3114 4767 gentium
3164 4701 3254 4752 Ωιι(
3276 4702 3416 4754 tibus
3453 4712 3572 4753 tun-

1998 4784 2176 4840 ditur:
2223 4785 2462 4839 Utt’ccine
2486 4797 2598 4839 erat
2648 4805 2760 4857 spes
2792 4801 2971 4844 nostra
3001 4792 3028 4843 Ρ
3063 4803 3115 4845 et
3162 4794 3228 4845 ad
3265 4796 3361 4847 hos
3384 4794 3571 4847 conl'u-

1999 4878 2194 4946 gimus,
2251 4891 2308 4931 ut
2354 4881 2508 4934 nobis
2559 4883 2861 4950 praeberent
2906 4886 3189 4953 auxilium,
3247 4889 3337 4955 qui
3383 4907 3441 4945 se
3503 4892 3570 4948 de

1997 4970 2325 5040 captivitatis
2352 4973 2492 5026 malo
2532 4989 2726 5029 eruere
2757 4992 2863 5029 non
2895 4979 3236 5046 quiverunt?
3265 4980 3358 5036 Est
3407 4985 3570 5053 igitur

1998 5063 2087 5118 hic
2122 5065 2256 5119 ordo
2307 5066 2658 5134 providentia:
2695 5069 2810 5129 Dei,
2869 5083 3028 5122 omne
3064 5069 3340 5125 hominum
3399 5091 3567 5145 genus

1999 5155 2252 5210 incll‘ahili
2302 5157 2510 5226 judicio
2570 5160 2970 5226 dispensantis.
3033 5161 3232 5217 Contra
3285 5165 3378 5218 Dei
3433 5169 3566 5220 iram

1995 5246 2161 5302 Israel
2206 5251 2443 5318 Speravit
2484 5249 2538 5302 in
2597 5249 2900 5304 Damasco:
2933 5244 3181 5306 diruatur
3223 5253 3414 5310 civitas
3448 5272 3567 5326 qua:

2070 5409 2084 5438 ¹
2111 5403 2292 5485 γραῦς.
2331 5405 2556 5485 Iuda-lc,
2581 5407 2670 5485 qui
2702 5414 2908 5485 et_mox
2944 5407 3255 5485 Tito/amicis
3286 5414 3445 5469 habet
3467 5431 3565 5485 pro

1993 5473 2324 5540 Plutomwis,
2378 5479 2444 5530 de
2496 5473 2609 5544 qua
2656 5477 2888 5532 lectione
2939 5483 3100 5548 paulo
3135 5487 3385 5553 superius
3426 5473 3567 5543 dixi-

1993 5562 2136 5599 IIIUS.
2777 5593 2780 5597 ,

2066 5613 2348 5699 ’_Yerbtim
2372 5628 2483 5699 erat
2531 5619 2893 5699 sull'eeimuse
2925 5621 3138 5699 duobus
3188 5641 3322 5681 mss.
3361 5625 3564 5699 llujus-

1993 5688 2137 5742 modi
2172 5687 2275 5742 alia
2299 5690 2500 5758 passim
2533 5706 2562 5747 c
2585 5705 2714 5747 mss.
2745 5694 3106 5748 restituimus.
