3962 6192
338 246 444 311 195

1506 243 1573 303 S.
1617 243 1932 305 EUSEBU
1976 245 2418 308 ῘΠΕΒΟΧῩΜΙ

3532 262 3645 328 1Ε6

340 360 629 413 adversum
655 354 801 410 illius
823 355 1159 415 voluntatem
1180 356 1368 428 impiis
1390 366 1612 426 praestat
1641 358 1922 412 auxilium.
1953 359 1999 418 Α
2029 358 2198 427 plum.
2227 356 2399 422 Sicut,
2426 355 2620 426 inquit.
2650 357 2719 412 ab
2747 359 2937 418 Africo
2964 372 3134 422 vento
3169 366 3472 427 vehemens
3493 379 3642 428 tent-

336 448 507 505 Judas
534 450 774 518 speravit
799 449 849 502 in
876 448 1151 523 Egyptiis
1176 466 1191 506 :
1223 461 1279 503 et
1300 448 1572 519 Arigyptus
1594 450 1927 504 destruatur.

338 541 581 611 Egyptii
640 542 836 595 conﬁsi
885 552 1014 595 sunt
1071 543 1123 595 in
1181 541 1577 610 lEllliOFibllSl
1640 541 1929 612 Ethiopes

338 651 557 706 quoque
578 636 868 690 vincantur
896 637 964 689 ab
993 637 1255 706 Assyriis.
1276 636 1487 708 Assyrii
1519 620 1949 707 superbierunt,‘

339 745 448 783 non
486 727 606 792 Dei,
654 729 750 782 sed
774 744 1002 785 suarum
1060 731 1256 783 virium
1313 731 1643 787 arbitrantes
1693 746 1815 785 esse
1850 733 1931 785 vi-

341 820 606 878 ctoriam:
644 831 699 875 et
751 819 858 888 ipsi
912 821 1200 875 vincantur
1229 836 1257 871 a
1318 821 1653 892 Babyloniis.
1694 823 1928 893 Babylon

341 913 574 969 elevavit
619 922 815 965 contra
845 910 1014 963 Deum
1040 921 1249 979 eaput:
1282 923 1336 966 et
1369 912 1481 981 ipsa
1518 929 1545 965 a
1597 912 1771 969 Medis
1800 916 1931 968 Per-

342 1003 531 1067 sisune
570 1010 886 1069 superetur.
928 999 1111 1054 Persa:
1165 1009 1222 1053 et
1259 1000 1398 1056 Medi
1435 1018 1498 1056 ex
1547 1013 1700 1069 parte
1746 1018 1931 1070 perse-

341 1092 453 1146 cuti
509 1102 636 1147 suut
694 1093 952 1161 pupulum
1018 1093 1133 1155 Dei,
1179 1103 1234 1146 et
1292 1095 1438 1147 aries
1484 1095 1817 1150 saevissimus
1859 1096 1944 1153 ad.

341 1183 623 1247 Orientem
656 1193 710 1236 et
731 1181 1089 1243 Occidentem
1118 1198 1311 1236 omnes
1344 1184 1574 1253 populos
1610 1183 1969 1246 ventilavit;-

341 1275 532 1328 veniat
558 1276 743 1345 hircus
798 1276 1130 1335 Alexander.
1167 1284 1219 1351 et
1257 1284 1507 1333 conterat
1535 1290 1657 1335 eum
1698 1276 1929 1344 pedibus

341 1368 477 1421 suis.
512 1369 576 1421 Et
606 1367 707 1421 iste
738 1365 827 1432 Qui
865 1364 1005 1419 ultra
1054 1366 1271 1425 modum
1318 1375 1533 1427 erectus
1561 1374 1665 1426 est.
1718 1379 1929 1423 veneno

344 1467 557 1527 pereat,
623 1469 960 1524 regnumque
1009 1454 1125 1520 eius
1173 1455 1453 1509 dividatur
1514 1459 1566 1507 in
1599 1464 1828 1521 partes:
1875 1466 1930 1511 et

342 1566 470 1611 cum
524 1549 694 1607 multo
738 1558 981 1616 tempore
1026 1548 1167 1601 inter
1186 1563 1246 1600 se
1302 1548 1550 1609 collisum
1588 1548 1772 1617 fuerit,
1827 1546 1931 1601 Bo-

346 1658 510 1696 tnano
534 1641 807 1703 vincente,
850 1640 1172 1713 populetur.
1202 1639 1487 1697 Romanus
1537 1640 1653 1708 ipse
1703 1638 1928 1699 ferratis

343 1732 599 1787 dentibus
626 1731 1005 1800 unguibusque
1026 1742 1341 1787 sanctorum
1362 1734 1581 1801 carnes,
1612 1741 1925 1787 eteruento

342 1840 438 1878 ore
462 1823 762 1879 laceravit;
793 1823 1078 1881 excidatur
1107 1820 1243 1889 lapis
1287 1822 1354 1875 de
1382 1832 1565 1877 monte
1592 1822 1711 1875 sine
1746 1822 1919 1876 mani-

343 1914 464 1979 bus,
495 1923 553 1968 et
583 1913 1021 1981 potentissimum
1054 1911 1289 1979 primum
1316 1924 1539 1981 regnum
1570 1924 1635 1971 ac
1665 1909 1922 1973 ferreum,

343 2003 543 2058 deinde
589 2001 779 2071 lragile
831 2009 885 2055 et
940 1998 1243 2065 inﬁrmum,
1290 1999 1346 2057 in
1393 2008 1656 2057 tostarum
1708 2001 1923 2061 modum

344 2103 592 2149 conterat
616 2090 859 2162 (Daniel.
887 2090 977 2157 at).
1026 2152 1038 2165 .
1876 2160 1881 2173 Ι

416 2185 574 2257 (Cap.
610 2183 753 2245 XXI.
774 2212 845 2222 —
877 2180 1037 2241 Vers.
1069 2179 1146 2252 l.)
1174 2200 1202 2234 4
1244 2178 1397 2239 Onus
1421 2178 1620 2235 deserti
1659 2181 1847 2241 utaris.
1890 2199 1908 2230 ι

345 2275 464 2332 Nisi
490 2277 543 2329 in
571 2274 1034 2345 consequentibus
1058 2276 1217 2342 hujus
1245 2274 1467 2343 capituli
1494 2275 1729 2342 legerem
1764 2290 1779 2327 :
1813 2271 1926 2325 Ba-

349 2369 504 2440 bylon
540 2367 734 2425 dilecta
776 2367 925 2437 facta
959 2376 1037 2427 est
1068 2367 1197 2419 mihi
1239 2367 1294 2423 in
1341 2366 1680 2420 miraculum.
1731 2364 1797 2418 Et
1826 2366 1927 2418 ite-

350 2475 515 2513 rum:
561 2456 782 2522 Cecidit,
808 2457 1000 2511 cecidit
1039 2454 1299 2525 Babylon,
1342 2465 1392 2508 et
1424 2456 1603 2508 omnia
1655 2454 1924 2521 sculptilia

345 2553 562 2613 deorum
591 2548 706 2607 eius
723 2550 951 2605 contrita
982 2558 1103 2603 sunt
1126 2550 1181 2611 in
1208 2559 1372 2605 terra.
1395 2549 1632 2617 Etsupra
1656 2565 1672 2603 :
1692 2549 1926 2603 Ascende

347 2641 531 2707 Elum,
562 2652 609 2699 et
650 2641 826 2695 obside
858 2640 1057 2697 Mede:
1101 2640 1407 2697 dubitarem
1462 2641 1603 2710 quod
1650 2651 1792 2695 esset
1822 2640 1925 2697 hoc

349 2735 584 2795 Poudns,
609 2735 751 2807 quod
778 2733 997 2789 deserto
1026 2731 1164 2787 mari
1190 2731 1492 2798 imponitur
1516 2746 1529 2782 :
1560 2728 1920 2798 Perspicuum

345 2841 476 2894 ergo
516 2835 621 2888 est,
658 2822 801 2890 quod
824 2822 1102 2879 desertum
1136 2836 1287 2881 mare
1318 2820 1557 2890 Babylon
1586 2821 1915 2893 appellatur,

347 2914 585 2973 Ieremia
617 2914 829 2971 dicente
853 2926 920 2967 ex
942 2924 1171 2978 persona
1198 2909 1293 2963 Dei
1321 2927 1336 2964 :
1365 2907 1430 2961 Et
1447 2914 1705 2964 desertum
1729 2911 1926 2982 [eiciam

350 3020 495 3057 mare
541 3004 678 3071 ejus,
707 3013 755 3055 et
794 3002 1003 3055 siccabo
1051 3012 1246 3054 terram
1274 3001 1440 3065 illius,
1472 3010 1521 3052 et
1561 3002 1659 3055 erit
1685 3000 1924 3077 Babylon

349 3078 406 3151 in
436 3094 665 3155 tumulos
693 3110 978 3151 arenarum
1014 3092 1230 3157 (λεγειν.
1271 3110 1344 3160 LI,
1376 3092 1467 3160 36,
1511 3091 1626 3161 37).
1652 3092 1800 3149 Mare
1824 3110 1922 3149 au-

348 3197 460 3245 tem
522 3197 749 3263 propter
802 3186 1206 3243 multitudinem
1271 3187 1633 3262 habitantium
1701 3185 1922 3243 dicitur.

353 3268 503 3339 Unde
548 3286 605 3335 et
652 3292 817 3351 supra
842 3275 1062 3353 Algypti
1092 3276 1381 3335 multitudo
1423 3278 1558 3331 mari
1612 3286 1923 3345 comparata

349 3379 458 3427 est.
505 3371 786 3423 Desertum
823 3368 987 3422 faciet
1015 3365 1280 3422 Dominus
1312 3380 1466 3423 mare
1492 3364 1734 3441 Egypti.
1770 3363 1926 3432 Quod

349 3471 537 3514 autem
572 3457 712 3515 Medi
743 3469 798 3511 et
819 3455 1031 3525 ,Persa:
1068 3456 1430 3525 pugnaverint
1472 3464 1662 3509 contra
1695 3452 1926 3531 Babylo-

351 3567 498 3614 nem,
537 3561 592 3604 et
627 3551 999 3607 subverterint
1054 3564 1174 3605 eam
1238 3549 1292 3602 in
1327 3548 1640 3616 supradicto
1689 3543 1926 3607 Jeremia

351 3644 583 3714 legimus
614 3660 630 3697 :
670 3643 861 3695 Acu‘ite
882 3643 1127 3710 sagittas,
1158 3640 1370 3707 implete
1400 3639 1707 3706 pharetras.
1742 3636 1927 3691 Susci-

352 3738 481 3791 tabit
506 3737 757 3791 Dominus
779 3736 1023 3804 spiritum
1047 3750 1224 3805 regum
1249 3732 1303 3787 Μ
1310 3734 1524 3787 edorum
1727 3740 1777 3786 et
1794 3748 1927 3786 con-

348 3843 439 3885 tra
471 3830 793 3902 Babylonem
824 3846 967 3884 mens
997 3829 1135 3898 ejus,
1172 3837 1229 3879 ut
1262 3827 1442 3883 uerdat
1488 3841 1628 3888 eam,
1661 3826 1916 3896 quoniam

357 3925 491 3978 ultio
537 3923 752 3977 Domini
799 3937 900 3988 est,
935 3922 1068 3975 ultio
1117 3918 1320 3987 Templi
1368 3918 1475 3973 sui.
1526 3917 1697 3986 Super
1735 3934 1915 3974 muros

350 4014 643 4085 Babylonis
678 4019 842 4069 levate
868 4015 1100 4084 signum,
1134 4021 1317 4082 augete
1356 4011 1678 4072 custodiam,
1727 4009 1923 4065 elevate

357 4107 614 4171 custodes,
634 4117 933 4173 pra’parate
953 4103 1177 4158 insidias
1201 4119 1221 4157 :
1241 4104 1368 4172 quia
1389 4104 1630 4173 cogitavit
1650 4102 1927 4169 Dominus,

352 4207 403 4249 et
440 4196 561 4263 fecit
597 4212 912 4266 quaecunque
951 4196 1157 4251 locutus
1184 4204 1260 4249 est
1297 4204 1484 4248 contra
1519 4194 1802 4271 Babylonis
1832 4198 1929 4253 lia-

352 4289 630 4345 bitatores.
667 4289 731 4342 Et
757 4304 974 4342 rursum
1000 4304 1017 4343 :
1045 4286 1232 4343 Levate
1264 4287 1470 4357 signum
1501 4288 1554 4345 in
1582 4296 1745 4354 terra,
1776 4292 1929 4351 clan-

1953 3044 1997 3102 (Ξ

2034 458 2215 516 pestas
2247 450 2431 503 venire
2458 452 2745 505 consuevit
2783 469 2799 508 ;
2835 454 2911 508 ita
2938 456 3079 511 mihi
3109 459 3181 515 de
3205 462 3511 520 solitudine
3543 482 3640 520 va-

2033 539 2190 591 stitas
2229 539 2396 604 venit,
2447 541 2514 596 de
2567 551 2713 596 terra
2773 543 3058 614 horribili,
3113 550 3277 619 cujus
3315 569 3383 609 ne
3429 572 3641 612 nomen

2029 630 2244 698 quidem
2295 632 2487 686 audire
2553 648 2776 702 possunt
2831 636 3044 709 absque
3096 640 3424 701 formidine.
3477 646 3641 703 Visiu

2032 724 2165 774 dura
2198 722 2441 775 nuntiata
2488 735 2570 777 est
2613 726 2795 783 mibi:
2857 731 2992 797 quid
3037 733 3188 787 enim
3235 735 3433 791 durius
3465 755 3640 808 quam

2032 828 2268 881 praesens
2290 814 2577 882 captivitas

2106 921 2127 954 ‹
2169 903 2273 969 Qui
2328 904 2641 963 incredulus
2680 919 2787 971 est.
2849 912 3154 969 inﬁdeliter
3194 918 3310 982 agit
3356 936 3370 974 :
3428 930 3484 973 et
3539 925 3637 991 qui

2033 994 2387 1065 depopulatos
2445 1007 2548 1061 est,
2608 1012 2806 1060 vastat.
2864 1023 2881 1055 ι
2926 1004 3120 1061 Potest
3172 1011 3227 1063 in
3280 1013 3522 1070 llebrazo
3557 1017 3639 1070 ita

2034 1086 2135 1158 legi
2172 1104 2188 1143 ;
2222 1088 2327 1154 Qui
2359 1091 2471 1145 θανά
2482 1093 2547 1156 is,
2579 1094 2757 1158 caede;
2810 1107 2857 1149 et
2888 1100 2978 1166 qui
3012 1111 3215 1165 vastas,
3246 1115 3420 1170 uasta,
3463 1116 3526 1161 ut
3564 1110 3639 1161 ad

2036 1181 2207 1251 ipsum
2243 1182 2527 1239 Elamitem
2587 1196 2643 1240 et
2689 1186 2906 1243 Medum
2950 1195 3260 1261 prOphetia:
3295 1200 3628 1255 vaticinium

2033 1270 2316 1341 dirigatur,
2343 1276 2614 1331 hortantis
2648 1294 2773 1330 eum
2796 1280 3029 1351 implere
3046 1285 3192 1351 quod
3220 1289 3421 1357 carpit,
3447 1291 3632 1379 intrp-

2033 1365 2215 1430 pidum
2264 1367 2581 1430 ascendere,
2633 1370 2891 1429 obsidere
2925 1374 3369 1441 potentissimatn
3428 1365 3635 1437 civita-

2035 1465 2165 1534 lett).
2201 1451 2295 1506 Sin
2329 1468 2510 1513 autem
2545 1459 2627 1511 sic
2658 1460 2875 1529 legitur,
2911 1475 2970 1516 ut
3017 1469 3430 1535 transtulimus,
3462 1474 3629 1539 quasi

2031 1546 2097 1598 de
2117 1561 2347 1614 persona
2379 1549 2535 1602 tertia
2566 1552 2804 1617 dicatur,
2827 1556 2917 1635 ιιμὶ
2944 1557 3255 1617 incredulus
3279 1574 3357 1616 est
3382 1565 3633 1635 inﬁdeli-

2035 1650 2114 1690 ter
2147 1639 2257 1706 agit
2288 1652 2309 1688 :
2337 1649 2383 1692 et
2404 1640 2494 1707 qui
2524 1641 2871 1711 depopulatur
2906 1656 3006 1712 est,
3041 1660 3216 1732 uastat
3242 1668 3264 1706 :
3298 1668 3424 1707 cum
3454 1672 3628 1726 supe—

2040 1729 2276 1783 rioribus
2319 1731 2685 1800 copulandum
2734 1746 2846 1801 est,
2882 1737 2937 1792 in
2971 1729 3186 1808 quibus
3232 1743 3339 1799 sibi
3377 1732 3627 1819 Babylon

2036 1822 2295 1875 visionem
2327 1823 2513 1877 duram
2544 1824 2805 1893 pradicat
2833 1828 3162 1900 nuntiatam.

2110 1913 2390 1967 «Ascende
2417 1913 2591 1978 Elam,
2622 1916 2812 1973 obside
2839 1919 2992 1976 Medo
3024 1936 3039 1972 :
3068 1938 3290 1981 omnem
3352 1930 3624 1995 gemitum

2032 2003 2150 2068 ejus
2180 2020 2402 2061 cessare
2448 2004 2577 2060 feci.
2607 2024 2628 2059 ι
2663 2006 2739 2062 Ne
2792 2008 3008 2083 timeas,
3040 2016 3239 2084 inquit,
3274 2032 3310 2071 ο
3359 2016 3532 2076 Persa
3566 2032 3629 2078 et

2037 2095 2207 2162 llic-de,
2248 2095 2540 2169 Babylonis
2577 2099 3007 2171 multitudinem,
3041 2122 3110 2161 ne
3150 2109 3297 2166 illius
3359 2117 3622 2182 praeteri-

2032 2197 2142 2263 tam
2174 2190 2469 2255 potentiam
2524 2191 2846 2250 reformides
2877 2212 2895 2251 :
2935 2213 3157 2254 omnem
3190 2205 3455 2271 gemitum
3488 2207 3616 2274 eius

2034 2293 2097 2349 ac
2129 2281 2360 2351 pondus,
2392 2297 2500 2352 quo
2532 2293 2584 2338 te
2617 2295 2746 2339 ante
2779 2302 3034 2357 premere
3066 2288 3454 2362 consueverat,
3491 2313 3627 2356 ees-

2031 2387 2153 2427 sare
2172 2373 2273 2433 feci
2306 2389 2323 2431 ;
2351 2390 2445 2433 seu
2465 2377 2608 2444 quod
2635 2379 2818 2437 nullus
2841 2381 2952 2451 jam
2979 2394 3161 2453 gemat
3179 2396 3233 2441 et
3254 2387 3440 2443 doleat
3458 2406 3629 2461 pres-

2034 2479 2136 2519 sus
2160 2468 2401 2539 potentia
2454 2467 2748 2540 Babylonis
2777 2488 2793 2526 :
2825 2487 2922 2528 seu
2954 2478 3098 2545 quod
3131 2477 3299 2532 tantis
3330 2482 3486 2536 malis
3519 2497 3627 2554 op-

2032 2570 2215 2623 pressa
2248 2558 2319 2611 sit
2354 2559 2469 2627 ipsa
2508 2559 2774 2630 Babylon,
2816 2572 2877 2616 ut
2904 2579 2975 2618 ne
2995 2566 3164 2641 214
3186 2570 3454 2641 gemitum
3488 2575 3626 2644 qui-

2031 2648 2152 2719 dem
2202 2646 2432 2704 liberum
2466 2649 2690 2706 habeat.

2103 2737 2282 2809 (νει-ε.
2297 2739 2351 2804 5,
2372 2738 2483 2807 4.)‹
2509 2739 2803 2810 Propterea
2829 2746 3015 2813 repleti
3043 2762 3171 2805 sunt
3189 2753 3359 2809 lumbi
3380 2758 3488 2812 mei
3516 2759 3624 2813 do-

2032 2832 2442 2903 loremugustia
2473 2839 2831 2906 posseditme,
2852 2843 2998 2897 sicut
3023 2850 3271 2916 angustia
3297 2854 3572 2921 parientis
3598 2871 3623 2913 ;

2034 2927 2220 2983 corrui
2254 2942 2375 2983 cum
2414 2928 2682 2992 audirem,
2727 2934 3090 2991 conturbatus
3142 2953 3265 2995 sum
3302 2957 3425 2998 cum
3458 2946 3623 3000 vide-

2033 3031 2169 3071 rem.
2200 3017 2474 3071 Entarcuit
2500 3032 2594 3077 cor
2615 3034 2818 3086 meum,
2844 3026 3086 3081 tenebrae
3116 3028 3622 3101 obsmpel'eceruns
3660 3040 3666 3043 ’

2032 3123 2140 3167 me.
2172 3108 2437 3174 Babylon,
2465 3111 2663 3166 dilecta
2698 3126 2839 3176 mea,
2870 3118 3045 3183 posita
3084 3130 3169 3172 est
3198 3123 3333 3177 mihi
3358 3124 3413 3178 in
3451 3129 3627 3181 mira-

2026 3198 2236 3253 culum.
2274 3217 2293 3250 ι
2330 3198 2616 3270 Prophelte
2651 3203 2772 3257 ideo
2794 3205 3016 3261 obscuri
3041 3222 3193 3275 sunt.
3213 3216 3343 3283 quia
3365 3196 3626 3285 persona:

2033 3291 2088 3343 in
2137 3291 2222 3346 his
2254 3292 2499 3359 plurima:
2555 3307 2985 3353 commutantur.
3043 3301 3186 3372 Ergo
3220 3315 3278 3358 et
3329 3321 3475 3363 nunc
3509 3326 3624 3366 trux

2044 3383 2199 3441 Isaiae
2233 3383 2509 3443 inducitur
2538 3385 2847 3465 plangentis
2888 3388 3214 3462 Babylonem
3248 3397 3442 3466 spiritu
3475 3415 3615 3470 pro—

2036 3475 2261 3543 phetali,
2302 3478 2446 3543 quod
2494 3484 2643 3535 tanta
2689 3478 2833 3539 mala
2860 3495 3024 3550 super
3055 3499 3173 3538 eam
3208 3499 3433 3549 ventura
3477 3494 3621 3559 sint,

2036 3580 2094 3625 ut
2140 3567 2254 3635 ipse
2295 3567 2389 3639 qui
2439 3576 2645 3635 narrat,
2685 3569 2882 3631 timore
2942 3587 3239 3646 superatus
3284 3594 3520 3649 nequeat
3560 3589 3622 3638 in

2034 3659 2197 3719 verba
2228 3674 2604 3729 prorumpere,
2641 3662 2835 3720 videns
2872 3675 3035 3722 tanta:
3078 3669 3438 3727 multitudinis
3479 3689 3622 3730 san-

2033 3751 2252 3829 guinein
2279 3751 2431 3813 [undi
2453 3767 2470 3804 ;
2495 3762 2550 3806 et
2576 3753 2965 3815 misericordia
2989 3769 3168 3817 motus
3195 3759 3394 3820 aﬂectu
3421 3768 3621 3832 (homo

2033 3843 2179 3905 enim
2221 3843 2290 3911 de
2334 3843 2650 3907 hominibus
2682 3845 2951 3919 loquitur)
3001 3864 3109 3911 non
3156 3854 3341 3907 minus
3396 3857 3617 3925 doleat,

2035 3950 2195 4005 quam
2228 3936 2421 3991 mulier
2444 3935 2655 3992 ululare
2683 3940 2740 3992 in
2786 3952 2945 4011 partu
2978 3943 3150 4010 solet;
3186 3945 3286 4000 sed
3318 3951 3625 4005 centuria»

2036 4038 2121 4085 tus
2147 4027 2321 4085 oculis
2348 4030 2561 4091 neseiat
2598 4032 2728 4100 quid
2752 4032 3023 4101 loquatur.
3044 4035 3150 4093 Pro
3178 4052 3245 4093 eo
3265 4050 3447 4099 autem
3468 4047 3623 4110 quod

2035 4135 2133 4174 nos
2186 4120 2451 4173 vertimus
2492 4119 2801 4190 :Babylon,
2834 4124 3028 4183 dilecta
3088 4145 3226 4194 mea,
3274 4132 3327 4185 in
3377 4130 3622 4189 Hebraeo

2037 4211 2258 4287 legitur,
2290 4227 2490 4269 usserit
2522 4229 2637 4270 sset
2662 4218 2839 4302 0pm
2864 4216 3045 4302 litm);
3079 4228 3137 4274 et
3161 4232 3247 4275 est
3276 4222 3451 4294 ipsum
3492 4240 3623 4281 ver-

2036 4306 2164 4361 bum
2194 4306 2337 4374 quod
2364 4305 2417 4363 itt
2445 4306 2711 4376 principio
2742 4307 3027 4381 Babylonii
3053 4312 3255 4369 Oneris
3289 4315 3613 4383 posuimus,

353 4384 458 4454 gite
490 4382 709 4435 buccina
740 4382 790 4435 iit
815 4381 1083 4476 gentibus,
1100 4381 1444 4476 sancti/irate
1466 4397 1624 4476 super
1649 4397 1774 4476 eam
1792 4398 1925 4455 gea-
1964 4405 2007 4462 ι)
2032 4412 2191 4467 “pu-
2235 4407 2463 4452 montem
2505 4400 2855 4471 caliginosum
2883 4419 2904 4457 :
2937 4418 3037 4472 pro
3082 4381 3374 4476 caliginoso
3433 4381 3620 4475 enim,

348 4485 453 4535 tes,
480 4476 802 4527 annuntiate
829 4484 1022 4527 contra
1047 4472 1201 4551 illam
1230 4473 1434 4542 regibus
1469 4474 1692 4537 Ararat,
1720 4472 1924 4540 Hermi,

350 4578 405 4620 et
433 4566 689 4629 Ascenez,
728 4574 1001 4619 numerate
1025 4575 1210 4619 contra
1257 4580 1373 4623 eam
1412 4565 1637 4635 Tapsar,
1684 4566 1931 4623 adducite

345 4675 542 4729 equum
577 4661 733 4727 quasi
752 4658 1010 4711 brae/ium
1039 4660 1361 4713 aculeatam.
1389 4657 1730 4726 Sancti/iam
1750 4671 1930 4719 contra

344 4767 469 4804 eam
495 4760 690 4820 gentes,
713 4764 858 4820 reges
891 4748 1097 4811 Mediae,
1123 4749 1279 4802 duces
1308 4749 1420 4819 ejus
1438 4760 1490 4805 et
1520 4752 1787 4805 universos
1819 4765 1933 4805 ma-

346 4847 613 4919 gistratus
638 4844 778 4914 ejus,
810 4851 1155 4912 cnnctamque
1182 4852 1378 4897 terram
1397 4845 1671 4912 potestatis
1694 4846 1832 4913 ejus.
1861 4843 1931 4901 Et

344 4939 754 4991 commovebitur
770 4947 935 5003 terra,
948 4936 1336 5003 et'turbabitur,
1351 4938 1477 5007 quia
1495 4936 1725 5007 vigilavit
1743 4946 1931 5009 contra

349 5028 669 5098 Babylonem
710 5030 960 5100 cogitatio
984 5027 1222 5092 Dontini,
1252 5039 1307 5081 ut
1326 5041 1491 5098 ponat
1521 5039 1723 5085 terram
1748 5032 1927 5102 Baby-

347 5120 493 5175 lonis
518 5120 807 5188 desertam,
826 5133 873 5175 et
894 5122 1293 5177 inhabitabilem
1312 5121 1622 5193 (Jerem.t.t,
1643 5124 1727 5190 ll,
1747 5127 1928 5198 seqq.)

425 5212 613 5283 (νει-δ.
644 5227 683 5279 t,
718 5213 800 5280 Ξ.)
834 5230 853 5264 ‹
895 5212 1053 5271 Sicut
1086 5215 1331 5275 turbines
1362 5215 1433 5270 ab
1465 5214 1652 5272 Africo
1682 5200 1929 5291 Veniunt,

350 5307 424 5360 de
449 5304 671 5359 deserto
700 5306 848 5358 venit
877 5309 943 5359 de
977 5315 1121 5361 terra
1156 5307 1429 5362 horribili.
1459 5307 1610 5363 Visio
1637 5309 1768 5365 dura
1794 5325 1930 5364 nun-

351 5402 486 5461 tiata
513 5407 598 5455 est
629 5398 781 5453 mihi.
820 5418 840 5452 ι
872 5398 989 5456 Vox
1012 5388 1292 5472 Babylonii
1338 5402 1523 5474 populi
1564 5404 1811 5458 timentis
1845 5404 1929 5459 in-

347 5494 749 5569 dueitur,_sive
783 5492 956 5562 ipsius
1000 5495 1314 5567 Babylonis,
1344 5497 1489 5567 quod
1525 5497 1711 5551 audiat
1739 5496 1927 5552 Medos

345 5598 410 5641 et
441 5587 701 5645 Elamitas
728 5596 917 5644 contra
942 5603 1003 5645 se
1035 5591 1335 5646 exercitum
1372 5605 1708 5671 prteparare,
1737 5601 1795 5651 et
1830 5606 1931 5648 ve-

350 5682 473 5736 nire
498 5681 566 5737 de
597 5680 910 5753 solitudine,
961 5684 1224 5755 ponitque
1253 5684 1682 5756 comparationis
1723 5699 1882 5743 exeat
1901 5715 1928 5730 -

2038 4508 2132 4561 seu
2159 4494 2431 4555 tenebroso
2460 4494 2722 4564 scriptum
2748 4505 2830 4552 est
2856 4496 3090 4569 Νεκρὰ.
3121 4498 3459 4573 Proprieque
3492 4502 3623 4560 haec.

2039 4583 2168 4647 urbs
2199 4583 2281 4639 sic
2322 4595 2569 4650 vocatur,
2601 4597 2827 4656 propter
2875 4586 3226 4646 altitudinem
3258 4603 3314 4648 et
3365 4603 3622 4651 erectum

2038 4688 2211 4743 usque
2237 4674 2307 4731 ad
2338 4675 2537 4732 caelum
2573 4678 2843 4746 superbia:
2873 4683 3157 4743 verticem.

2108 4766 2291 4836 (Vera.
2331 4766 2412 4838 5.)
2451 4785 2471 4819 ι
2509 4769 2655 4827 Pone
2687 4784 2953 4838 mensam,
2999 4777 3375 4848 contemplare
3404 4779 3458 4835 in
3484 4793 3627 4849 spe-

2036 4857 2158 4923 cula
2201 4861 2544 4917 comedentes
2586 4870 2643 4917 et
2692 4862 2943 4925 bibentes
2980 4870 3000 4918 ξ
3034 4867 3263 4939 surgite,
3308 4855 3624 4942 principes,

2036 4951 2258 5020 arripite
2287 4951 2554 5022 clypeum.
2585 4970 2607 5005 ι
2639 4953 2817 5019 Locus
2838 4956 2943 5012 iste
2970 4957 3260 5026 dupliciter
3279 4960 3553 5037 accipitur
3602 4980 3622 5023 :

2035 5059 2070 5099 o
2100 5044 2240 5109 Medi
2270 5055 2326 5109 et
2356 5045 2622 5113 Elamiue,
2668 5050 2872 5116 quibus
2922 5065 3093 5120 supra
3136 5052 3249 5111 diti
3296 5068 3319 5107 ;
3377 5054 3629 5112 Ascende

2038 5135 2218 5202 Elaris,
2251 5136 2431 5195 obside
2459 5137 2624 5206 Rede,
2654 5140 2853 5203 sumito
2878 5140 3082 5204 cibum,
3125 5141 3310 5199 futuro
3342 5159 3437 5199 vos
3464 5162 3625 5214 pra:-

2036 5240 2245 5301 parate,
2287 5244 2355 5283 ne
2370 5240 2677 5375 ἒωψιειη
2708 5232 3084 5293 dimicationis
3113 5244 3331 5307 tetupus
3369 5238 3629 5297 advene-

2036 5323 2129 5375 rit.
2158 5321 2383 5375 lassitut.
2454 5338 2551 5375 vos
2587 5325 2846 5375 retrahat.
2883 5324 3131 5375 Cumaue
3169 5328 3528 5375 mmederilis
3555 5341 3625 5375 et

2036 5323 2129 5386 rit,
2158 5321 2421 5375 lassitudb
2454 5338 2551 5378 vos
2587 5325 2846 5378 retrahat.
2883 5324 3131 5397 Cumque
3169 5328 3528 5384 eomederitis
3555 5341 3626 5385 et

2022 5415 2310 5482 .biberitis,
2343 5417 2570 5486 surgite,
2602 5430 2756 5470 arma
2810 5421 3090 5488 corripite,
3124 5419 3485 5492 Babylonium
3521 5428 3628 5477 de-

2038 5506 2260 5558 bellate.
2293 5506 2556 5577 Quodque
2586 5511 2684 5573 ait,
2724 5512 3077 5578 contemplare
3106 5514 3161 5565 in
3216 5512 3457 5583 specula,
3508 5514 3626 5567 hoc

2037 5614 2202 5653 sensu
2230 5599 2469 5669 legitur:
2516 5603 2806 5671 diligenter
2837 5620 2958 5673 quae
3004 5618 3226 5661 ventura
3285 5617 3438 5669 sunt,
3482 5618 3625 5672 pro—

2040 5691 2208 5759 spice.
2241 5690 2423 5748 Potest
2448 5704 2503 5749 et
2528 5696 2609 5752 sic
2643 5696 2868 5767 intelligi
2906 5714 2921 5752 :
2953 5712 2985 5753 o
3029 5699 3291 5772 Babylon,
3326 5713 3457 5768 para
3489 5696 3627 5754 Bal-
