3962 6192
310 248 415 315 197

910 254 1409 317 COMMENTAR.
1450 256 1531 318 IN
1572 256 1841 317 ISAIAM
1879 257 2343 325 PROPHETAM
2372 264 2522 329 LIB.
2559 270 2627 341 V,
2661 269 2818 334 CAP.
2850 272 3013 338 XXI.

3468 275 3579 345 198

312 364 510 419 thaaar
535 360 651 418 lilio
696 362 1112 425 Evilmarodach
1156 367 1341 437 nepoti
1391 365 1894 425 Nabuchodonosor
1922 375 1969 434 Α
2000 386 2119 431 mea
2145 374 2316 441 posita
2342 384 2422 429 ut
2442 376 2570 432 mihi
2598 380 2653 433 in
2680 382 3041 448 miraculum;
3067 390 3121 438 et
3150 399 3272 441 esse
3299 402 3519 445 sensum
3556 408 3572 448 :

314 455 437 525 regi
467 465 560 511 tuo
620 470 866 512 mensam
904 470 1071 529 atque
1114 459 1447 526 convivium,
1479 470 1536 533 et
1596 460 1725 515 vide
1757 458 1895 529 quid
1938 504 1943 515 .

312 559 442 619 post
466 548 650 604 cibum
675 550 913 611 eveniat.
946 551 1000 604 in
1022 566 1134 620 quo
1164 552 1364 608 scortis
1394 561 1449 608 et
1484 552 1810 608 concubinis
1836 551 1892 607 in
1934 596 1939 599 .

316 641 471 695 vasis
501 638 716 695 Domini
752 642 1083 710 propinabit.
1108 642 1155 698 0
1182 643 1482 713 principes,
1504 644 1596 714 qui
1620 660 1745 700 omn
1769 659 1896 715 rege

319 731 678 798 accambitis,
737 731 923 787 Medos
991 744 1173 788 autem
1229 733 1533 805 Persasque
1585 737 1897 806 signiticet,

319 825 530 894 surgite
559 832 615 879 et
646 827 715 879 ad
744 824 1389 897 interliciendnm‘regem
1419 842 1571 881 arma
1600 829 1887 898 corripite.

319 914 436 970 Hoc
470 917 683 984 plenius
702 917 756 971 in
776 917 1015 974 Danielis
1050 918 1324 973 uolumine
1343 919 1605 975 discimus
1630 918 1785 991 (Cap.
1813 919 1889 991 v).

392 1006 576 1075 (Vera.
602 1008 636 1063 6
664 1010 844 1079 seqq.)
876 1027 897 1062 ι
924 1008 1048 1064 Haec
1074 1013 1218 1065 eiiint
1248 1011 1383 1066 mihi
1415 1012 1548 1067 dixit
1588 1013 1851 1071 Dominus
1877 1029 1893 1069 :

324 1099 476 1155 Vade
502 1111 559 1155 et
582 1114 724 1169 pone
760 1102 1174 1171 speculatorem,
1217 1114 1270 1161 et
1309 1104 1671 1175 quodcunque
1702 1106 1895 1161 viderit

315 1194 632 1248 annuntiat.
657 1192 723 1248 Et
753 1195 885 1248 vidit
915 1209 1137 1249 currum
1157 1200 1387 1257 duorum
1408 1199 1672 1267 equitnm,
1701 1212 1897 1254 ascen-

314 1299 498 1340 sorem
531 1286 693 1350 asini,
726 1296 781 1341 et
817 1300 1163 1344 ascensorem
1197 1288 1359 1359 215
1390 1291 1611 1346 cameli.
1672 1292 1895 1345 Eteonv

319 1376 614 1445 temptatus
640 1388 725 1431 est
758 1378 1051 1448 diligenter
1077 1381 1245 1437 inulto
1278 1382 1502 1445 intuitu,
1524 1382 1897 1450 clamavitque

319 1468 404 1527 leo
439 1486 456 1521 :
486 1466 663 1537 Super
691 1468 968 1536 speculam
992 1470 1207 1524 Domini
1235 1487 1335 1541 rgo
1359 1487 1479 1525 sum
1508 1483 1661 1527 stam
1689 1473 1892 1543 iugiter

320 1574 418 1627 per
443 1560 613 1628 diem,
640 1570 696 1615 et
725 1576 888 1631 super
911 1562 1215 1617 custodiam
1249 1577 1429 1618 meam
1464 1578 1566 1635 ego
1597 1580 1716 1620 sum
1741 1575 1896 1621 stans

318 1654 451 1709 totis
491 1655 783 1715 noctibus..
819 1655 957 1709 Ecce
1008 1656 1111 1711 iste
1153 1657 1291 1715 venit
1331 1671 1594 1712 ascensor
1627 1660 1708 1712 vir
1754 1657 1895 1728 bigae

1999 476 2123 533 qum
2144 467 2453 523 contrivisti
2482 484 2592 534 me,
2624 472 2737 528 eris
2758 483 2814 527 et
2842 475 2959 544 ipsa
2989 477 3247 543 contrita,
3295 493 3401 535 non
3443 497 3571 539 meo

1998 569 2275 618 sermone.
2306 561 2405 615 sed
2450 560 2659 617 Domini
2698 572 2992 634 potestate,
3015 582 3138 638 quae
3182 569 3277 624 tibi
3313 575 3424 626 haec
3450 587 3581 629 ven-

2001 655 2125 702 tura
2150 651 2505 717 praenuntiat.
2544 655 2681 721 Quid
2713 658 2822 713 sibi
2856 658 3036 714 autem
3069 660 3341 717 voluerint
3394 664 3451 718 in
3474 664 3578 718 hoc

1999 739 2125 795 loco
2164 740 2309 795 LXX
2340 743 2690 813 interpretes,
2730 758 2788 803 ut
2838 766 2933 819 pro
2969 736 3153 818 leone,
3177 755 3267 824 qui
3309 753 3581 811 Hebralce

1999 829 2202 886 dicitur
2244 849 2368 889 seu
2393 836 2604 907 (ην-πε),
2633 841 2807 896 uriant
2846 846 3247 912 transtulerint,
3299 861 3408 901 non
3441 849 3584 901 satis

2001 920 2261 994 intelligo,
2317 929 2617 995 praesertim
2685 948 2806 986 cum
2883 937 3231 1004 supradictus
3313 926 3575 994 sacerd'os

2003 1011 2189 1081 Urius,
2241 1017 2334 1085 qui
2378 1030 2604 1073 vocatur
2647 1021 2702 1075 in
2757 1025 3157 1093 testiinonium,
3199 1026 3323 1083 aliis
3374 1016 3577 1083 littei-is

2001 1111 2239 1175 scriptus
2264 1112 2358 1164 sit.
2942 1156 2949 1165 .

2010 1194 2022 1201 “
2071 1199 2254 1269 (Vers.
2281 1202 2368 1267 11,
2397 1204 2510 1275 1-2.)
2555 1224 2574 1256 ‹
2616 1204 2766 1261 Onus
2815 1207 3005 1264 Duma.
3040 1212 3123 1266 Ad
3167 1227 3253 1267 me
3285 1214 3481 1267 e’amat
3509 1231 3573 1270 ex

2002 1290 2126 1346 δεῖν
2153 1292 2415 1359 εκϐυεῐοε,
2443 1299 2570 1365 quid
2597 1304 2661 1354 de
2689 1302 3109 1370 nocte?cnstos,
3130 1307 3256 1374 quid
3283 1306 3351 1361 de
3385 1308 3584 1363 nocte?

2001 1381 2065 1435 Et
2096 1384 2231 1438 dixit
2264 1400 2467 1451 custos,
2519 1392 2666 1443 venit
2694 1408 2850 1447 mane
2905 1405 2959 1447 et
2995 1408 3097 1448 nox
3131 1398 3175 1462 εἷ
3205 1396 3250 1450 si
3310 1399 3575 1466 qumritis,

1998 1476 2247 1542 quaerite,
2289 1481 2694 1547 convertimini,
2734 1487 2936 1540 venite.
2982 1504 3001 1537 ι
3063 1487 3169 1543 Pro
3205 1488 3398 1555 Dumo,
3429 1484 3577 1545 LXX

1999 1562 2301 1623 Idumwam
2344 1583 2572 1641 ponunt.
2601 1575 2699 1629 Est
2732 1586 2915 1631 autem
2942 1577 3113 1634 Duma
3167 1595 3276 1636 non
3310 1591 3419 1637 tota
3448 1568 3575 1638 ldu-

2004 1677 2133 1717 mea
2192 1666 2494 1741 provincia,
2539 1670 2632 1722 sed
2672 1671 2919 1737 quaedam
2982 1672 3098 1742 ejus
3155 1676 3304 1744 regio
3351 1690 3474 1745 qua:
3506 1678 3573 1730 ad

316 1745 586 1813 equitum,
636 1754 691 1799 et
726 1745 1017 1814 respondit
1078 1755 1139 1805 et
1174 1746 1309 1807 dixit
1351 1762 1367 1801 :
1408 1747 1639 1812 Cecidit,
1665 1722 1870 1804 cecidit
1927 1722 2259 1814 B.Austrum
2284 1722 2492 1827 vergit,
2520 1769 2573 1814 et
2616 1722 2704 1815 ab.
2743 1762 2878 1816 urbe
2903 1722 3383 1837 rationi-.2,an
3415 1768 3576 1823 hodie

319 1836 585 1909 Babylon,
628 1847 683 1892 et
710 1839 895 1892 omnia
927 1839 1201 1909 sculptilis
1229 1839 1456 1895 deorum
1502 1841 1624 1909 ejus
1653 1842 1890 1901 contrita

320 1940 447 1985 sunt
478 1929 533 1985 in
563 1937 731 1983 terra.
766 1926 987 1985 Tritura
1030 1945 1171 1995 mea,
1210 1941 1265 1987 et
1296 1932 1371 1986 illi
1396 1947 1538 1987 area
1593 1947 1744 2000 uicus,
1773 1949 1896 2005 qua:

318 2022 501 2077 audivi
531 2038 561 2076 a
588 2014 818 2079 Domino
839 2025 1185 2087 exercituum
1214 2025 1327 2082 Deo
1348 2026 1538 2092 lsrael,
1574 2027 1895 2089 annuntiavi

321 2115 500 2177 vobis.
539 2135 559 2170 a
587 2114 797 2171 Causas
824 2115 1005 2175 reddit
1028 2117 1331 2187 superioris
1359 2114 1696 2184 formidinis,
1725 2135 1899 2189 quiare

322 2207 571 2280 angustia
599 2208 904 2276 possederit
926 2223 1048 2263 eum
1073 2209 1218 2263 sicut
1244 2210 1659 2279 parturientem,
1687 2221 1740 2266 et
1772 2227 1895 2271 euro

318 2301 498 2355 ruerit
531 2300 783 2365 audiens,
815 2308 870 2354 et
887 2300 1213 2370 perterritus
1232 2301 1328 2366 ait,
1357 2314 1423 2359 ac
1448 2304 1743 2359 tenebroso
1777 2308 1903 2359 hor.

319 2406 449 2447 rore
502 2390 898 2446 circumdatus.
965 2390 1138 2454 llaec.
1194 2391 1391 2461 inquit,
1449 2394 1585 2448 dixit
1636 2395 1897 2452 Dominus

317 2484 457 2539 mihi
501 2484 704 2542 :Yade
742 2491 800 2539 et
842 2484 1117 2545 constitue
1144 2484 1564 2554 speculatorem,
1608 2496 1670 2543 ut
1701 2488 1893 2555 spiritu

318 2577 625 2648 prophetali
674 2576 771 2632 tibi
805 2575 989 2637 futura
1031 2577 1391 2647 praenuntiet;
1440 2590 1599 2646 quem
1648 2590 1772 2632 cum
1802 2591 1899 2648 po-

319 2671 554 2726 suissem
599 2671 655 2727 in
700 2670 1001 2739 speculam,
1057 2666 1192 2725 vidit
1248 2670 1556 2726 uenientem
1597 2671 1799 2741 bigam,
1841 2682 1897 2726 et

318 2762 569 2832 aurigam
601 2763 858 2830 desuper,
895 2761 1243 2833 asinumque.
1275 2771 1331 2817 et
1355 2762 1622 2818 cautelum
1662 2778 1888 2819 currum

323 2847 565 2901 trahere.
600 2845 882 2918 Significat
914 2859 1093 2905 autem
1127 2850 1329 2922 Cyrum
1355 2849 1647 2906 Persarum
1707 2848 1891 2921 regem

319 2946 489 3003 atque
518 2934 819 3003 Medorum,
854 2953 984 2994 cum
1019 2954 1190 3009 parvo
1212 2952 1271 2996 et
1301 2955 1502 3012 magno
1535 2942 1771 3012 imperio
1796 2955 1890 2995 ve.

2001 1847 2205 1902 dicitur
2294 1847 2740 1919 Eleutheropolis,
2804 1853 2991 1921 viginti
3048 1854 3215 1909 distat
3291 1856 3572 1919 millibus:

1996 1936 2153 2007 juxta
2197 1952 2359 2007 quam
2397 1948 2528 1995 sunt
2565 1942 2777 1995 montes
2803 1943 2948 2006 ὅθεν,
2992 1955 3211 2013 sumpto
3238 1948 3307 1999 ah
3349 1935 3575 2003 arietare
3619 1957 3630 1966 '

2001 2031 2220 2085 nomine
2244 2046 2259 2089 :
2287 2029 2403 2113 Seir
2430 2035 2629 2103 quippe
2662 2034 3051 2112 interpretatur
3075 2038 3313 2109 hispidus
3347 2051 3393 2094 et
3440 2042 3575 2110 pilo-

2000 2135 2110 2183 aus,
2134 2121 2276 2190 quod
2309 2121 2455 2178 Esau
2483 2121 2608 2178 fuit.
2655 2125 2709 2178 In
2739 2127 2912 2181 Abdia
2944 2130 3207 2198 prepheta
3241 2131 3454 2198 plenius
3484 2146 3573 2183 su-

2001 2228 2095 2283 per
2123 2215 2224 2269 llae
2247 2225 2413 2285 gente
2443 2232 2472 2270 a
2520 2218 2678 2273 nobis
2718 2217 3049 2289 disputatum
3084 2231 3167 2276 est
3209 2237 3222 2277 :
3257 2221 3311 2275 in
3343 2237 3450 2291 quo
3479 2236 3574 2275 nee

2000 2322 2153 2363 cesse
2176 2308 2278 2364 fuit
2297 2320 2534 2366 veterem
2558 2313 2842 2368 historiam
2865 2315 3164 2379 revolvere,
3186 2326 3240 2369 et
3259 2313 3569 2371 Ezechielis

2004 2398 2362 2470 Jeremiteque
2392 2403 2609 2458 easdem
2654 2405 2708 2457 in
2740 2406 3110 2459 testimonium
3142 2412 3363 2462 trahere
3405 2412 3574 2461 risio-

2002 2506 2122 2556 nes,
2176 2503 2231 2548 et
2260 2495 2495 2548 maxime
2526 2496 2872 2565 prophetiam
2923 2504 3112 2549 contra
3149 2507 3423 2551 montem'
3455 2499 3579 2552 Seir

2002 2584 2218 2657 (Ειεεζι.
2252 2602 2357 2641 xxv
2382 2597 2439 2642 et
2469 2604 2634 2653 xxxv,
2661 2585 2859 2641 Jerem.
2892 2588 3057 2660 χιιι).
3086 2588 3151 2643 Et
3174 2590 3310 2644 illud
3338 2593 3402 2644 de
3423 2590 3578 2646 Psal-

2002 2679 2104 2732 mis
2134 2693 2151 2734 :
2186 2678 2252 2731 In
2284 2677 2581 2734 Idmmeam
2608 2681 2886 2734 extendam
2920 2684 3333 2735 calceamentunt
3380 2699 3573 2736 meum.

2000 2769 2068 2824 Et
2092 2768 2268 2828 alibi:
2303 2767 2671 2825 Tabernacula
2728 2769 3084 2827 Idumworum
3132 2781 3183 2827 et
3225 2772 3572 2837 Isnralrelt'tar,

1999 2860 2176 2926 Moab,
2234 2873 2282 2917 et
2319 2863 2569 2933 uigorem}
2609 2864 2775 2918 (iebat
2827 2876 2876 2920 et
2920 2865 3169 2931 Antoren,
3217 2878 3265 2921 et
3324 2869 3575 2921 Amalech

2000 2948 2174 3024 (Prol.
2235 2968 2347 3019 tax,
2406 2954 2508 3019 £0;
2544 2968 2751 3019 Lxxxn;
2788 2955 2842 3021 7,
2901 2956 2983 3025 8).
3021 2955 3187 3010 Amos
3232 2973 3449 3027 quoque
3493 2960 3576 3010 in-

316 3029 585 3123 nieutem.
622 3028 803 3123 l’ersae
827 3032 973 3086 enim
1003 3042 1133 3087 ante
1173 3033 1373 3104 Cyrum
1410 3034 1675 3105 ignobiles
1705 3044 1890 3101 erant,
1917 3058 1964 3123 ρ
1995 3044 2149 3116 quit:
2182 3044 2357 3114 Super
2385 3047 2554 3101 tribus
2590 3046 2871 3102 sceleribus
2893 3048 3079 3112 Edam,
3105 3058 3153 3103 et
3171 3065 3328 3116 super
3347 3063 3579 3118 quatuor

318 3128 379 3175 et
411 3120 614 3176 nullius
633 3119 778 3176 inter
800 3133 994 3194 gentes
1018 3123 1122 3178 loci
1149 3123 1491 3179 habebantur
1525 3140 1541 3181 :
1579 3125 1723 3181 Medi
1752 3141 1895 3181 sema-

2002 3155 2107 3195 non
2143 3140 2424 3194 aversnbor
2449 3155 2589 3205 eunt,
2623 3156 2683 3195 eo
2705 3141 2842 3211 quod
2869 3154 3177 3210 persecutus
3206 3144 3281 3195 ait
3301 3143 3351 3194 in
3388 3142 3572 3211 gladio

323 3229 428 3284 per
463 3214 847 3285 potentissimi.
880 3213 987 3270 lste
1020 3230 1152 3285 ergo
1176 3231 1326 3272 unus
1356 3230 1633 3284 aseenser,
1667 3217 1895 3272 duarum

318 3308 568 3373 gentium
600 3305 767 3361 fultus
803 3308 1073 3370 exercitu,
1108 3308 1256 3363 venit
1284 3318 1478 3364 contra
1507 3308 1841 3380 Babylonem
1876 3325 1894 3365 :
1939 3340 1946 3347 -

316 3409 377 3453 et
406 3399 716 3468 speculator
746 3400 836 3455 ille
866 3401 961 3470 qui
1001 3402 1209 3470 positus
1231 3409 1371 3466 erat,
1399 3409 1459 3457 ut
1492 3410 1723 3458 ventura
1765 3416 1895 3473 pro-

318 3486 581 3557 spiceret,
640 3489 900 3554 clamavit
943 3491 1096 3560 quasi
1132 3491 1242 3556 leo,
1301 3492 1421 3547 sive
1464 3491 1582 3562 ipse
1627 3494 1895 3563 propheta

316 3580 625 3648 appellatur
651 3579 759 3635 leo.
812 3580 881 3635 Et
924 3582 1050 3651 quia
1100 3582 1321 3655 dubium
1372 3592 1495 3639 erat
1542 3584 1615 3638 de
1657 3597 1894 3655 persona

316 3671 701 3739 speculatoris,
727 3674 820 3741 qui
851 3673 1050 3745 Cyrum
1086 3672 1301 3729 viderat
1332 3675 1741 3742 ascendentem,
1775 3676 1896 3747 ipse

317 3765 549 3831 eaponit
580 3762 946 3829 manifestius,
966 3763 1117 3820 etait
1149 3781 1166 3820 :
1196 3765 1367 3835 Super
1394 3765 1657 3833 speculam
1680 3766 1893 3825 Domini

316 3866 414 3922 ego
437 3868 553 3907 sum
592 3864 740 3910 stam
763 3856 965 3925 jupt'ler
1012 3870 1104 3925 per
1153 3856 1313 3924 diem,
1363 3857 1761 3927 speculatorem
1789 3858 1895 3915 Do-

317 3945 553 4002 mini-se
593 3961 718 4003 esse
761 3950 1146 4017 pronuntians,
1178 3951 1276 4019 qui
1320 3964 1540 4020 semper
1584 3951 1795 4021 positus
1833 3951 1891 4007 in

312 4035 497 4092 oﬂcio
547 4039 871 4107 prophetali,
907 4052 961 4094 et
1002 4040 1196 4096 diebus
1227 4055 1292 4096 ac
1356 4043 1611 4105 noctibus
1670 4043 1888 4105 Domini

316 4144 521 4197 parens
583 4131 856 4199 imperio,
908 4133 1277 4203 quodcunque
1328 4134 1564 4204 jusserit
1619 4136 1889 4206 loquitur.

311 4220 460 4287 Quid
486 4222 649 4292 igitur
676 4223 934 4281 clamavit
974 4224 1060 4279 leo
1109 4241 1125 4281 :
1162 4224 1300 4287 Ecce
1331 4226 1429 4280 iste
1478 4229 1617 4283 acuit
1642 4243 1892 4283 arcentur

310 4315 411 4368 εἰτ’
433 4314 565 4384 biga
614 4318 847 4385 equitnm
878 4332 900 4371 :
942 4310 1086 4371 baud
1114 4320 1345 4374 dubium
1379 4321 1509 4389 quin
1548 4321 1718 4392 Cyrus
1748 4322 1889 4376 indi-

312 4414 493 4462 cetur.
534 4405 603 4461 Et
630 4408 909 4478 respondit
940 4417 997 4464 et
1020 4410 1158 4465 dixit
1186 4411 1305 4481 ipse
1331 4412 1416 4484 leo
1445 4413 1540 4482 qui
1570 4428 1736 4482 supra
1764 4414 1885 4469 oin»
1919 4418 1964 4473 D

311 4508 564 4555 maverat
599 4515 616 4555 :
658 4497 879 4568 Cecidit,
910 4503 1094 4556 recidit
1137 4500 1400 4573 Babylon,
1443 4511 1494 4565 et
1536 4503 1716 4557 notitia
1749 4505 1888 4565 soul.-

306 4593 465 4660 ptilia
502 4594 720 4647 deorum
748 4594 864 4663 ejus
893 4596 1126 4649 contrita
1165 4606 1291 4650 sunt
1336 4598 1392 4651 in
1424 4606 1589 4650 terra.
1624 4595 1885 4652 Vaatante

309 4685 460 4741 enim
497 4699 790 4743 ascensore
821 4687 982 4758 triste.
1013 4685 1253 4758 Babylon
1308 4702 1480 4757 usque
1526 4688 1581 4743 in
1617 4696 1889 4744 teter-nu.

309 4778 493 4837 deleta
520 4791 625 4847 est,
654 4792 709 4837 et
760 4780 901 4837 Belia
927 4784 1189 4853 templum
1218 4785 1510 4852 omniaque
1546 4783 1689 4837 idola
1712 4796 1889 4852 natiue

310 4874 381 4930 ad
404 4871 580 4929 solum
612 4882 810 4931 atrata.
870 4874 1031 4942 Quod
1070 4886 1252 4930 atitem
1305 4876 1600 4945 sequitur:
1666 4873 1887 4929 Tritum

307 4982 455 5029 mea,
491 4975 539 5020 et
591 4964 670 5035 ﬁli
704 4981 849 5020 arcte
886 4981 1038 5034 metu,
1067 4966 1134 5020 ad
1168 4967 1468 5023 Jerusalem
1498 4967 1885 5037 apostropham

308 5060 469 5125 facit,
494 5069 552 5114 et
591 5059 659 5113 ad
687 5060 947 5129 templum
990 5061 1134 5130 quod
1175 5060 1230 5114 in
1263 5076 1388 5115 area
1415 5061 1580 5115 0mm
1609 5062 1774 5114 situm
1802 5068 1889 5121 est

302 5153 552 5221 dicitque
577 5153 643 5207 ad
673 5166 794 5208 eam
831 5167 850 5208 ι
881 5150 928 5206 0
960 5149 1295 5218 Jerusalem,
1321 5162 1377 5207 et
1401 5155 1601 5223 populo
1617 5152 1691 5207 illi
1723 5138 1888 5207 Tem—

303 5242 382 5313 pli
436 5243 562 5310 mei,
591 5256 699 5297 non
746 5242 847 5298 tibi
899 5241 1152 5299 videatur
1184 5242 1526 5299 lneredulum
1570 5258 1694 5305 esse
1735 5243 1885 5313 quod

304 5333 421 5388 dixi
459 5347 476 5387 :
504 5348 610 5388 non
640 5348 760 5400 mea
796 5333 943 5391 enim
972 5340 1138 5389 verba
1160 5346 1308 5402 sunt,
1341 5338 1437 5391 sed
1469 5336 1678 5391 Domini
1709 5346 1767 5391 et
1792 5350 1889 5408 per

304 5444 374 5484 os
420 5428 589 5500 210
633 5444 814 5485 meum
868 5429 1014 5485 illius
1050 5431 1216 5485 verba
1268 5438 1621 5483 resonarunt.
1652 5428 1887 5495 Quidam

306 5532 526 5592 putant,
566 5526 661 5579 sed
702 5525 869 5592 male,
907 5525 1009 5581 hoc
1055 5539 1188 5587 non,
1214 5523 1283 5579 ad
1332 5522 1660 5591 Jerusalem,
1692 5523 1791 5579 sed
1817 5522 1889 5579 ad

309 5615 639 5686 Babylonem
678 5617 810 5684 dici,
848 5618 916 5673 de
953 5633 1061 5689 qua
1105 5625 1161 5673 et
1196 5631 1363 5689 supra
1403 5614 1641 5689 Babylon
1695 5616 1890 5674 dilecta

385 5755 403 5787 ⁸
433 5753 636 5822 \‘atic.,
663 5754 754 5819 qui
773 5753 840 5810 de
880 5755 993 5824 ejus
1021 5773 1205 5824 genere
1237 5773 1439 5815 sumus.

2001 3231 2225 3302 fratrem
2245 3249 2423 3301 suum,
2438 3243 2487 3288 et
2507 3234 2773 3288 violaverit
2787 3236 3208 3289 misericordiam
3227 3252 3378 3289 suam
3395 3236 3576 3303 (Antor

2000 3339 2041 3389 ι,
2076 3324 2190 3394 11),
2217 3325 2353 3389 sive,
2392 3335 2451 3379 ut
2494 3324 2853 3396 Symmachus
2901 3326 3201 3391 transtulit,
3227 3329 3425 3380 viscera
3455 3343 3575 3392 sua,

1999 3416 2144 3489 quod
2172 3414 2433 3473 adversus
2468 3430 2729 3487 cognatos
2749 3419 2973 3486 populos
2999 3436 3163 3475 ausus
3188 3423 3259 3475 sit
3286 3422 3573 3485 dimicare,

1997 3520 2054 3566 et
2078 3510 2260 3567 hosdli
2285 3510 2409 3565 odio
2436 3511 2721 3565 dissidere.
2754 3510 2878 3564 Fuit
2951 3514 3133 3565 autem
3164 3515 3313 3583 regio
3344 3512 3453 3585 [ΑΙ.
3491 3528 3579 3567 re-

1998 3602 2113 3674 gia]
2147 3598 2309 3666 Esau,
2357 3601 2412 3655 in
2447 3602 2669 3669 regione
2703 3598 2900 3663 Dama,
2951 3603 3054 3655 hoc
3077 3610 3183 3667 est,
3213 3602 3267 3655 in
3300 3603 3578 3658 montibus

1998 3695 2141 3752 Seir.
2177 3692 2329 3750 Hanc
2361 3703 2423 3749 ut
2447 3693 2813 3764 metropolitn,
2845 3692 3000 3771 juxta
3033 3694 3284 3748 ordinem
3317 3697 3573 3764 superio-

1995 3796 2115 3844 rum
2146 3787 2451 3854 Visionutn,
2480 3791 2548 3840 ab
2580 3785 2847 3856 Assyriis,
2874 3787 2991 3841 sive
3015 3801 3046 3839 a
3076 3786 3575 3841 Nabuchodonosor

1994 3892 2355 3963 expugnatam
2393 3892 2512 3937 esse
2558 3880 2853 3943 credimus,
2889 3893 3303 3949 memoremque
3354 3881 3574 3950 pristini

1993 3974 2229 4044 generis,
2265 3972 2410 4044 quod
2434 3972 2501 4025 de
2535 3971 2813 4023 Abraham
2843 3980 2897 4027 et
2920 3971 3070 4025 lsaac
3100 3974 3171 4026 sit
3203 3971 3373 4040 stirpe
3407 3986 3570 4041 gene-

1995 4074 2137 4134 rata,
2183 4064 2506 4135 implorasse
2553 4062 2810 4117 auxilium
2848 4061 2964 4128 Dei,
2995 4073 3050 4116 et
3099 4064 3427 4116 necessitate
3481 4077 3575 4117 co-

1992 4170 2187 4231 gente,
2249 4157 2395 4212 illius
2451 4159 2795 4212 clementiam
2854 4157 3149 4223 flagitasse.
3198 4152 3393 4207 Narrat
3444 4169 3576 4224 ergo

1994 4260 2139 4305 nunc
2182 4247 2443 4304 Dominus
2471 4262 2485 4302 :
2513 4248 2615 4317 Qui
2648 4250 2925 4301 obsidetur
2956 4249 3008 4298 in
3039 4246 3181 4308 Seir,
3215 4256 3270 4298 et
3302 4245 3368 4300 ab
3407 4248 3577 4300 hosti-

1993 4341 2093 4397 bus
2121 4343 2378 4410 cingitur,
2414 4357 2592 4396 meum
2628 4340 2881 4409 implorat
2913 4338 3199 4403 auxilium,
3226 4347 3280 4392 et
3313 4339 3448 4393 dicit
3480 4351 3496 4392 :
3528 4338 3579 4393 Ο

1991 4447 2181 4491 custos
2203 4435 2389 4500 Israel,
2412 4435 2501 4504 qtti
2534 4436 2790 4502 populum
2825 4442 2974 4486 llllllll
3010 4432 3171 4509 217
3197 4434 3366 4488 tueris
3393 4444 3575 4486 custo-

1991 4527 2078 4581 dia
2096 4528 2456 4594 sempiterna,
2479 4538 2533 4579 ct
2553 4526 2707 4594 quasi
2738 4526 2789 4578 in
2812 4535 2991 4591 nocte,
3021 4527 3125 4579 illis
3149 4525 3572 4587 dormientibus,

1990 4621 2209 4689 vigilas,
2244 4632 2311 4672 nc
2366 4618 2539 4672 hostis
2592 4625 2895 4688 irrumpat,
2929 4632 3097 4687 quare
3132 4625 3187 4671 et
3238 4633 3339 4672 nos
3369 4619 3458 4686 qui
3506 4619 3574 4669 de

1989 4712 2109 4784 ejus
2136 4713 2347 4768 semine
2382 4726 2573 4767 sumus
2592 4712 2633 4776 ¹,
2661 4728 2766 4765 non
2791 4711 2956 4765 simili
2982 4711 3270 4765 clementia
3292 4707 3577 4779 protegis?

1992 4804 2203 4871 Quibus
2233 4819 2333 4874 ego
2365 4813 2549 4859 custos
2582 4803 2821 4871 vigilqne
2850 4802 3176 4871 respOndco,
3198 4803 3264 4853 de
3296 4814 3404 4867 quo
3433 4800 3573 4851 scri-

1990 4909 2141 4970 pturn
2179 4907 2264 4954 est
2301 4914 2314 4952 :
2361 4895 2484 4950 Non
2515 4896 2824 4949 dormitabit
2868 4910 3029 4964 neque
3052 4892 3340 4946 obdormiat
3372 4892 3459 4960 qui
3480 4905 3575 4944 cu-

1992 4991 2156 5049 stedil
2181 4988 2786 5069 Israel(Psal.cxx,L).
2820 4988 2978 5051 Venit
3015 5000 3178 5039 inane
3203 4986 3405 5055 populo
3429 4999 3574 5053 tneo,

1989 5097 2046 5142 et
2076 5102 2180 5150 nox
2210 5088 2356 5157 genti
2385 5084 2783 5151 ldumzeorum;
2814 5082 2923 5137 illis
2955 5079 3207 5152 praebebo
3238 5081 3438 5141 lucem,
3475 5092 3573 5134 vos

1992 5179 2045 5233 in
2080 5179 2321 5239 tenebris
2373 5179 2765 5246 derelinquam.
2810 5173 2905 5228 Vel
2940 5182 3087 5227 certe
3116 5173 3191 5227 ita
3225 5189 3242 5229 :
3277 5170 3435 5227 Venit
3480 5172 3573 5223 lux

1993 5282 2153 5329 nocte
2206 5282 2520 5341 transacta;
2556 5273 2601 5326 si
2662 5285 2841 5333 meum
2886 5269 3151 5331 invocatis
3184 5268 3471 5331 auxilium,
3515 5274 3573 5318 et

1991 5364 2127 5417 estis
2145 5360 2212 5417 de
2238 5362 2409 5430 stirpe
2426 5366 2567 5415 servi
2589 5359 2692 5414 mei
2721 5359 3024 5425 Abraham,
3052 5359 3217 5414 nolite
3243 5374 3329 5413 me
3356 5366 3572 5412 tantum

1992 5455 2047 5510 in
2085 5453 2503 5513 necessitatibus
2549 5465 2816 5525 quaerere,
2874 5450 2970 5507 sed
3006 5461 3127 5506 toto
3174 5451 3243 5505 ad
3273 5465 3357 5504 me
3392 5449 3577 5500 animo

1994 5546 2401 5602 convertimini.
2428 5543 2640 5615 Venite,
2666 5556 2721 5602 et
2741 5546 3035 5619 suscipiant
3077 5542 3425 5616 ptenltentes.
3455 5539 3574 5593 iloc

1994 5642 2146 5698 iuxta
2173 5641 2462 5711 historiam
2491 5641 2697 5705 dictum
2729 5643 2802 5700 sit
2840 5660 2856 5700 :
2886 5652 3142 5703 caeterum
3170 5645 3396 5719 propter
3420 5634 3580 5705 sitni-
