3898 6184
354 274 456 339 199

1531 287 1592 347 S.
1624 285 1937 350 EUSEBII
1982 290 2428 356 HIEBONYMI

3482 300 3588 363 200

347 393 633 487 litudincm
676 393 890 460 littera),
922 405 976 487 et
998 411 1062 451 ex
1086 410 1155 452 eo
1186 398 1329 467 quod
1352 414 1449 454 nes
1476 409 1533 455 ct
1560 416 1792 468 ωιετιι,
1819 419 1925 460 non
1952 408 2005 470 Α
2029 413 2190 464 sedes
2224 420 2411 466 tenent
2439 429 2455 465 :
2498 412 2693 480 quibus
2720 422 2966 470 armenta
2999 427 3149 482 sunt,
3184 427 3236 473 et
3267 433 3462 487 pecora
3496 436 3584 475 ca-

348 484 575 538 multnm
621 483 762 538 inter
796 500 856 539 se
912 486 1246 557 discrepent,
1276 488 1500 557 quidam
1553 488 1907 546 Hebraeorum

346 590 445 643 pro
500 575 692 639 Dama,
748 575 973 630 Romam
1014 579 1216 647 legunt,
1267 578 1514 633 volentes
1568 580 1912 649 protihetiam

345 677 535 721 contra
595 684 820 738 regnum
877 668 1186 731 Romanum
1237 670 1418 740 dirigi,
1452 670 1643 726 frivola
1697 687 1921 763 persua-

346 757 639 825 sione,’qua
663 771 880 826 semper
904 759 958 813 in
985 758 1236 814 ldumrete
1261 760 1480 815 nomine
1505 757 1780 815 Romanos
1800 761 1919 816 exi-

346 848 573 903 stimant
598 849 959 905 demonstrari
1007 864 1027 905 ε
1067 849 1241 904 Duma
1288 861 1467 907 autem
1530 851 1920 923 interpretatur

345 940 647 995 silentium.

417 1032 598 1102 (Vers.
623 1032 691 1086 l3
718 1032 900 1103 seqq.)
926 1052 947 1086 ι
968 1031 1187 1089 Onusin
1209 1034 1427 1090 Arabia.
1458 1032 1517 1089 ln
1552 1036 1692 1089 saltu
1724 1034 1790 1088 ad
1825 1049 1920 1090 ve-

347 1141 564 1194 speram
590 1128 895 1192 dormietis,
928 1128 980 1181 in
1011 1128 1223 1182 semitis
1248 1128 1910 1183 Dodanim.0ccurrentes

345 1217 552 1271 sitienti
589 1217 726 1271 ferte
789 1232 984 1286 aquam
1026 1219 1158 1287 :qni
1202 1218 1457 1273 habitatis
1483 1229 1680 1273 terram
1705 1219 1915 1285 Austri,

348 1324 472 1361 cum
517 1307 749 1376 panibus
787 1307 1059 1361 occurrite
1092 1307 1341 1375 fugienti.
1385 1310 1426 1361 Δ
1458 1308 1595 1364 facie
1621 1310 1764 1363 enim
1797 1308 1917 1379 gla-

349 1400 561 1452 diorum
590 1398 866 1467 fugerunt,
900 1415 929 1453 a
952 1398 1088 1452 facie
1137 1400 1300 1470 gladii
1335 1400 1692 1467 imminentis,
1727 1415 1754 1452 a
1776 1399 1917 1453 facie

348 1506 508 1543 arcus
524 1491 756 1553 extenti,
781 1489 920 1544 facie
943 1491 1120 1558 gravis
1144 1491 1334 1558 praelii.
1353 1490 1619 1557 Quoniam
1650 1491 1762 1545 hinc
1784 1490 1917 1545 dicit

350 1580 609 1635 Dominus
634 1579 701 1634 ad
737 1595 859 1634 me:
894 1580 1087 1634 Adhuc
1116 1583 1168 1633 in
1200 1595 1307 1633 uno
1336 1595 1479 1635 anno
1513 1582 1667 1649 quasi
1693 1582 1747 1633 in
1777 1593 1918 1633 anno

351 1677 672 1732 mercenarii
697 1696 709 1729 :
729 1686 784 1731 et
803 1674 1076 1729 auferetur
1094 1677 1271 1729 omnis
1290 1675 1461 1746 gloria
1487 1675 1681 1738 Cedar,
1702 1686 1754 1729 et
1783 1675 1915 1730 reli-

346 1772 488 1837 quia:
522 1768 732 1822 numeri
770 1770 1176 1837 sagittariorum
1229 1767 1450 1822 fortium
1483 1769 1548 1822 de
1577 1768 1703 1822 [iliis
1736 1765 1915 1821 Cedar
1946 1754 1989 1811 Β

346 1860 739 1913 iutminuentur
773 1878 787 1914 :
824 1859 1264 1929 Dominusenim
1296 1860 1437 1914 Deus
1475 1858 1641 1914 Israel
1702 1859 1914 1915 locutus

345 1958 454 2002 est.
496 1966 516 1999 ο
551 1949 825 2013 Quaerenti
857 1949 990 2002 mihi
1019 1959 1073 2003 et
1109 1949 1199 2002 diu
1222 1962 1343 2003 cum
1382 1948 1774 2003 deliberatione
1807 1958 1918 2003 tra-

347 2040 517 2092 ctanti
582 2054 703 2107 qua:
770 2048 916 2094 esset
971 2039 1191 2105 Arabia,
1246 2042 1314 2092 ad
1352 2055 1513 2109 quam
1558 2041 1909 2110 propheticus

348 2147 530 2187 sermo
552 2132 829 2203 dirigitur,
863 2141 1049 2187 utrum
1105 2133 1378 2197 Moabitae,
1442 2148 1510 2188 an
1559 2134 1911 2200 Amniouitae,

349 2236 405 2279 et
442 2225 684 2291 ldununi,
737 2236 1055 2295 cunctisque
1107 2226 1229 2280 alite
1282 2226 1554 2294 regiones,
1600 2242 1721 2295 quae
1769 2242 1917 2282 nunc

347 2319 548 2372 Arabia
583 2328 989 2387 nuncupantur,
1017 2319 1366 2373 occasionem
1408 2318 1594 2373 tribuit
1617 2320 1668 2371 in
1702 2318 1802 2372 hac
1821 2334 1916 2372 ea-

349 2413 472 2466 dem
522 2411 730 2465 visione
753 2410 896 2480 qnod
928 2411 1172 2479 sequitur
1200 2428 1215 2464 :
1248 2409 1529 2477 Auferetur
1546 2412 1713 2464 omnis
1744 2410 1915 2480 gloria

348 2500 542 2564 Cedar,
574 2510 623 2554 et
686 2500 925 2569 reliquid:
979 2501 1183 2553 numeri
1241 2501 1646 2571 sagittariorum
1694 2501 1916 2569 fortium

348 2601 411 2647 de
472 2593 598 2662 ﬁliis
652 2593 823 2649 Cedar
889 2594 1267 2647 imminuantur
1320 2592 1461 2664 (lsa.
1512 2595 1741 2661 xxx,iG,
1774 2595 1835 2649 l7
1868 2597 1914 2665 ),

348 2686 656 2742 lsuiaelitas
689 2687 885 2740 debere
926 2686 1173 2754 intelligi.
1207 2686 1370 2741 Liber
1425 2687 1700 2742 Geneseos
1760 2688 1919 2744 dooet

346 2794 410 2832 ex
447 2777 678 2832 lsutaele
727 2778 902 2831 Cedar
928 2789 983 2831 et
1034 2778 1338 2848 Agarenos,
1371 2778 1459 2848 qui
1500 2792 1757 2847 perverso
1814 2794 1915 2833 no-

352 2871 494 2923 mine
534 2870 839 2923 Saracenos
883 2880 1165 2935 vocantur,
1217 2884 1339 2925 esse
1399 2870 1637 2940 genitos.
1693 2868 1759 2924 lli
1819 2887 1918 2940 per

352 2972 515 3015 tutam
582 2961 827 3015 habitant
885 2962 1261 3027 solitudinem,
1320 2961 1387 3015 de
1428 2963 1631 3032 quibus
1678 2975 1812 3045 puto
1860 2973 1917 3020 et

2028 501 2413 571 melorumque
2466 506 2817 575 greges;qui
2871 522 2978 561 non
3053 509 3257 563 habent
3289 513 3431 566 osda
3487 529 3588 567 nec

2020 601 2245 659 vectes;
2276 608 2382 647 non
2422 597 2565 649 enim
2604 608 2894 652 versantur
2925 599 2975 653 in
3006 600 3251 663 urbibus.
3274 603 3367 657 sed
3409 604 3464 657 in
3497 620 3589 659 so-

2021 678 2248 736 litudine
2272 681 2545 739 habitant.
2598 685 2666 740 Et
2725 687 2780 741 hi
2830 703 2959 758 ergo
2990 704 3018 741 a
3068 688 3374 760 Babyloniis
3420 693 3584 749 deleti

2019 777 2168 835 sunt,
2204 783 2269 835 eo
2326 774 2468 841 quod
2520 776 2660 828 Aser
2718 778 3020 841 civitatem,
3074 794 3200 848 qua:
3265 784 3584 852 metropolis

2020 862 2199 929 gentis
2233 861 2379 919 illius
2436 864 2489 918 in
2536 881 2723 921 eremo
2769 866 2889 933 fuit,
2932 885 3102 939 usque
3137 873 3202 926 ad
3233 872 3405 928 solum
3454 875 3586 929 sub-

2019 952 2285 1007 verterint
2313 969 2331 1021 ;
2355 964 2409 1008 et
2440 964 2616 1010 tamen
2652 970 2775 1011 cum
2806 960 3135 1016 camelorum
3167 969 3425 1021 etovium
3455 983 3583 1038 gre-

2017 1057 2110 1112 ges
2139 1046 2280 1113 capti
2339 1045 2620 1118 sunt.[.»ll.
2664 1049 2822 1121 sint],
2874 1054 3151 1121 pollesque
3177 1070 3366 1110 eorum
3417 1072 3583 1129 atque

2022 1139 2251 1192 tentoria
2286 1147 2441 1193 sorte
2496 1142 2668 1196 divisa
2699 1159 2713 1209 ;
2748 1160 2855 1197 non
2896 1148 3076 1200 omnis
3102 1152 3278 1217 gentis
3304 1152 3449 1224 illius
3495 1156 3578 1208 si-

2018 1226 2306 1296 gniﬁcatur
2341 1230 2619 1297 interitus,
2671 1250 2735 1289 eo
2769 1238 2912 1302 quod
2942 1239 3310 1298 dromedariis
3356 1247 3583 1302 camelis

2018 1334 2236 1378 centum
2266 1334 2321 1379 et
2358 1326 2588 1396 amplius
2625 1330 2790 1385 millia
2822 1348 2929 1386 uno
2963 1332 3051 1388 die
3105 1332 3202 1404 pc‘r
3248 1350 3458 1407 vastam
3494 1356 3583 1394 so-

2020 1415 2310 1471 litudinem
2338 1417 2523 1489 fugere
2546 1421 2772 1488 soleant,
2828 1426 3127 1494 Anferetur,
3160 1429 3351 1498 inquit,
3409 1433 3581 1486 omnis

2016 1506 2189 1577 gloria
2220 1507 2392 1564 Cedar
2421 1527 2441 1564 :
2476 1522 2533 1566 et
2565 1513 2847 1569 imminuto
2885 1522 3291 1587 sagittariorum
3330 1539 3582 1589 numero,

2018 1600 2142 1669 quia
2171 1601 2409 1655 maxime
2440 1603 2642 1672 pallent
2670 1617 2789 1661 arte
2814 1611 3089 1676 pugnandi
3119 1627 3133 1675 ;
3163 1614 3341 1667 caeteri
3379 1615 3471 1683 qui
3498 1614 3583 1667 fu-

2021 1694 2217 1762 gerint,
2269 1696 2649 1753 remanebunt.
2704 1700 2845 1765 Quia
2898 1703 3267 1761 intelleximus
3332 1723 3453 1774 qua:
3512 1707 3583 1763 sit

2018 1783 2212 1848 Cedar,
2267 1797 2321 1841 et
2362 1803 2485 1857 quas
2539 1790 2759 1855 Arabia,
2817 1809 3045 1864 quaeque
3081 1795 3243 1861 Asor,
3301 1798 3585 1855 videamus

2017 1874 2184 1933 lsaias
2218 1880 2479 1948 propheta
2515 1883 2643 1951 quid
2672 1882 2818 1939 dicat
2847 1901 2862 1937 :
2897 1884 2959 1938 In
2996 1888 3135 1940 saltu
3186 1890 3256 1941 ad
3314 1905 3581 1958 resperans

2016 1969 2311 2034 dormietis,
2345 1972 2399 2025 in
2431 1975 2626 2027 semitis
2664 1974 2949 2031 Dodonim.
2978 1977 3217 2033 Verbum
3237 1996 3370 2035 ausa
3400 1982 3582 2051 (ει-πῃ),

2018 2070 2078 2116 ut
2106 2076 2247 2131 stupe
2268 2063 2379 2134 jam
2437 2065 2674 2120 diximus
2707 2068 2744 2133 ί,
2790 2078 2845 2122 et
2877 2085 3071 2138 vesper,
3126 2082 3181 2126 et
3240 2073 3462 2137 Arabia,
3526 2084 3584 2128 ct

2015 2170 2223 2219 corpus,
2254 2166 2307 2210 et
2332 2156 2603 2225 planities,
2647 2169 2701 2212 et
2731 2159 2985 2214 Occidens
3016 2164 3339 2232 appellatur.
3370 2164 3435 2218 Et
3482 2181 3581 2236 pro

2016 2261 2082 2300 eo
2110 2246 2251 2314 quod
2300 2262 2402 2302 nos
2444 2248 2600 2316 juxta
2652 2250 2792 2304 LXX
2832 2256 3226 2318 transtulimus.
3261 2257 3427 2326 219
3448 2260 3576 2310 dor-

2015 2338 2187 2390 mietis
2233 2339 2807 2409 potestinterpretari,
2864 2346 3224 2408 mdrabimini,
3283 2348 3398 2403 sive
3427 2347 3582 2402 habi-

2017 2427 2218 2493 tabilis,
2247 2431 2347 2484 hoc
2371 2439 2454 2485 est
2475 2431 2859 2504 αὖλιθήσεσϐε,
2895 2438 3034 2504 quod
3067 2437 3329 2493 llcbraice
3376 2440 3578 2495 dicitur

2014 2534 2238 2574 TRAIANO
2276 2504 2461 2592 (1:511).
2501 2519 2740 2576 Domum
2772 2524 2975 2595 (οη-Π)
3012 2542 3228 2595 quoque
3261 2526 3311 2580 in
3361 2528 3580 2597 propin-

2014 2626 2142 2679 quos
2190 2610 2419 2665 vertitur
2451 2621 2507 2667 et
2532 2625 2800 2682 cognatos.
2857 2614 3045 2685 itaque
3071 2618 3382 2686 prmdicitur
3429 2634 3577 2675 nunc

2013 2701 2233 2768 Iudaeis,
2265 2703 2355 2771 qui
2398 2703 2744 2761 obsidionem
2794 2707 3145 2779 Babyloniam
3190 2707 3427 2779 effugere
3480 2727 3579 2780 po-

2020 2796 2244 2861 tuerint,
2275 2796 2425 2851 etde
2454 2798 2622 2853 totius
2689 2802 2984 2869 provincia:
3038 2805 3293 2858 vastitate
3326 2807 3392 2857 ad
3452 2821 3577 2859 cre-

2018 2902 2163 2939 mum
2197 2887 2432 2942 transire
2468 2889 2722 2955 vicinam,
2756 2893 2897 2960 quod
2930 2891 3223 2947 habitaturi
3247 2895 3357 2949 sint
3389 2897 3440 2948 in
3477 2910 3577 2952 so-

2019 2977 2242 3032 litudine
2270 2978 2482 3033 Arabia:
2508 2979 2560 3035 in
2596 2980 2791 3036 itinere
2847 2985 2991 3053 quod
3030 2986 3180 3039 ducit
3225 2986 3293 3039 ad
3354 2987 3574 3042 lratres.

264 3068 275 3105 ἶ
350 3065 566 3122 poetam
623 3052 808 3106 dicere
849 3071 862 3108 :
902 3052 1132 3123 Lateque
1177 3064 1420 3122 vagantes
1473 3054 1682 3108 Barcaei
1716 3054 1907 3126 (Virg.

2019 3068 2362 3139 Rursumque
2392 3070 2459 3125 ad
2492 3069 2788 3128 lsmaelitas
2813 3088 2991 3129 seruio
3025 3078 3376 3141 convertitur,
3407 3088 3459 3133 et
3480 3094 3580 3132 eos

347 3143 569 3197 Λὶηεὶιι.
634 3143 780 3215 ιν);
831 3154 888 3198 et
946 3144 1315 3212 supradictum
1379 3144 1657 3210 volumen,
1714 3144 1912 3199 Contra

348 3238 540 3304 [aciem
566 3238 799 3289 omnium
817 3236 1049 3303 fratrum
1074 3252 1285 3289 suorum
1308 3235 1567 3290 habitabit
1602 3234 1757 3307 (Gen.
1795 3252 1908 3304 xvr,

350 3329 437 3397 i9.)
474 3349 485 3383 :
519 3343 584 3382 eo
608 3330 755 3398 quod
794 3329 1062 3383 latissima
1100 3342 1317 3382 eremus
1345 3327 1514 3397 218
1561 3330 1627 3381 ab
1656 3328 1811 3383 lndia
1845 3328 1912 3383 ad

350 3421 729 3476 Mauritaniam
765 3436 936 3489 usque
964 3419 1240 3487 tendatur,
1292 3430 1349 3474 et
1376 3422 1711 3474 Atlanticum
1739 3418 1914 3475 Ocea-

348 3529 500 3575 num,
558 3513 724 3580 quod,
786 3522 914 3581 puto
970 3510 1222 3565 Jereniiie
1268 3511 1485 3565 titulum
1541 3525 1786 3564 sonare:
1829 3511 1912 3565 Ad

348 3606 520 3662 Cedat
574 3614 623 3659 et
668 3604 735 3657 ad
776 3620 932 3674 regna
967 3604 1124 3670 Asor,
1171 3620 1287 3673 qua:
1332 3603 1583 3671 percussit
1618 3599 1906 3655 Nabucho-

349 3704 580 3752 donosor
612 3714 704 3753 rea:
732 3698 1021 3767 Babylonis
1043 3696 1261 3767 (Jercm.
1288 3694 1545 3764 x1.tx,28)
1571 3714 1585 3760 ;
1620 3696 1916 3764 statimque

346 3794 641 3860 sequitur:
702 3790 827 3844 Ha’c
875 3791 1004 3843 dicit
1073 3790 1345 3853 Dominus,
1404 3787 1615 3859 Surgite
1645 3799 1693 3842 et
1721 3805 1906 3842 ascert-

346 3881 454 3934 dite
478 3881 544 3933 ad
576 3879 763 3944 Cedar,
796 3891 841 3933 et
869 3890 1073 3933 vastate
1094 3880 1233 3947 ﬁlios
1256 3880 1488 3935 0.ientis
1520 3895 1538 3933 :
1572 3881 1914 3933 tabernacula

346 3988 551 4034 eorum,
591 3980 843 4040 etgrcges
875 3987 1057 4023 eorum
1114 3973 1345 4039 capient,
1405 3972 1569 4039 pelles
1621 3985 1803 4024 eorum
1863 3982 1914 4024 et

348 4067 523 4118 omnia
541 4081 687 4129 vasa,
715 4073 762 4117 et
797 4064 1019 4117 camelos
1038 4063 1218 4116 tollent
1240 4067 1341 4117 sibi
1380 4063 1561 4133 (Ibid.,
1587 4061 1679 4129 28,
1705 4062 1834 4130 29):
1862 4072 1916 4116 et

350 4155 593 4207 iterum:
629 4153 791 4206 Inicit
843 4155 981 4208 enim
1038 4164 1223 4207 contra
1273 4170 1360 4207 vos
1430 4152 1917 4207 Nabuchodonosor

350 4259 440 4297 rex
493 4243 777 4312 Babylonis
826 4246 1127 4311 consilium,
1204 4246 1452 4313 cogitavit
1506 4245 1756 4299 adversus
1826 4262 1913 4300 vos

349 4337 713 4404 cogitationes.
744 4335 953 4405 Surgite
976 4345 1024 4388 et
1044 4339 1308 4389 ascendite
1330 4338 1399 4389 ad
1423 4349 1625 4405 gentem
1653 4340 1912 4406 quietam,

2016 3162 2082 3217 ad
2110 3162 2539 3218 misericordiam
2570 3165 2920 3222 cohortatur:
2948 3168 3184 3237 Currite,
3206 3181 3258 3225 et
3287 3172 3443 3227 lassis
3472 3173 3587 3226 fra-

2017 3254 2187 3321 tribus
2246 3269 2309 3309 ac
2354 3256 2783 3324 periclitantibus
2834 3260 3027 3315 ardore
3075 3262 3236 3327 sitis,
3271 3263 3413 3318 obvii
3471 3264 3586 3320 fer-

2002 3355 2068 3401 -te
2107 3361 2275 3417 aquas
2307 3355 2528 3404 :tantus
2578 3349 2722 3403 enim
2770 3351 2952 3407 lerver
3006 3364 3090 3408 est
3141 3355 3295 3421 solis,
3355 3365 3413 3410 ut
3468 3358 3582 3412 nisi

2015 3438 2402 3503 subveneritis,
2448 3440 2505 3494 in
2546 3440 2844 3497 solitudine
2881 3457 3107 3511 pereant
3136 3486 3152 3510 ,
3187 3458 3240 3500 et
3264 3462 3367 3501 non
3395 3450 3581 3504 solum

2014 3543 2227 3597 aquas,
2302 3530 2396 3584 sed
2435 3531 2598 3584 etiam
2648 3547 2840 3599 panem
2888 3534 3023 3589 ferte
3090 3535 3456 3603 fugientibus,
3523 3552 3585 3597 ut

2015 3635 2151 3688 quos
2198 3621 2433 3677 confecit
2489 3624 2719 3691 obsidio,
2771 3637 2949 3681 vestra
3003 3630 3294 3684 clementia
3350 3633 3583 3690 relevet.

2018 3713 2295 3783 Simulque
2344 3716 2519 3771 reddit
2567 3733 2786 3773 causam
2821 3733 2990 3788 quare
3041 3723 3154 3776 haec
3179 3724 3402 3789 imperet
3436 3725 3583 3787 fieri.

2016 3808 2203 3863 dicens
2241 3808 2536 3879 :fugerunt
2580 3810 2928 3881 Babylonium
2978 3813 3208 3883 gladium
3238 3854 3253 3877 ,
3326 3817 3587 3884 fugerunt

2016 3914 2177 3955 arcus
2222 3899 2570 3956 Elamitarum
2602 3943 2617 3968 ,
2667 3903 2917 3970 fugerunt
2978 3906 3264 3961 imminens
3307 3910 3584 3975 praelium.

2020 3989 2128 4045 Nec
2164 3990 2479 4058 despiciatis
2534 3992 2812 4060 miseros;
2861 3994 2973 4048 cito
3030 3996 3211 4050 Veniet
3266 4008 3321 4051 et
3394 4011 3584 4056 vestra

2018 4080 2319 4149 captivitas.
2375 4081 2656 4146 Quomodo
2687 4085 2828 4138 enim
2860 4084 3013 4138 velox
3043 4089 3365 4141 mercenarii
3397 4106 3588 4146 annus

2017 4180 2121 4234 est,
2168 4182 2223 4226 et
2250 4188 2466 4228 omnem
2500 4174 2738 4229 labOrem
2771 4176 2988 4230 brevem
3026 4187 3199 4245 putat,
3227 4181 3352 4232 dum
3384 4182 3451 4234 ad
3488 4185 3595 4237 de-

2018 4262 2311 4319 sideratam
2339 4267 2645 4321 mercedem
2698 4269 2979 4336 perveniat
3007 4307 3024 4335 ,
3052 4271 3133 4325 sic
3166 4274 3418 4327 universa
3464 4275 3591 4346 glo-

2020 4357 2100 4411 ria
2153 4358 2383 4413 liliorum
2438 4359 2613 4415 Cedar
2635 4361 2920 4417 auferetur
2966 4350 2999 4417 ὁ
3035 4365 3211 4428 vobis,
3265 4379 3319 4420 et
3366 4370 3595 4436 sagittae

351 4438 398 4480 et
422 4428 737 4494 confidenter
762 4428 1111 4493 habitantem,
1153 4430 1224 4481 ait
1276 4429 1568 4484 Dominus:
1594 4447 1696 4484 non
1756 4433 1913 4498 ostia,
1948 4424 1995 4483 Β
2022 4458 2212 4502 “sum
2250 4458 2626 4517 εοηιει-θηωτ,
2653 4461 2924 4520 “parvus
2960 4424 3268 4510 remanet,“
3308 4424 3584 4514 ,ιηιηξτης

352 4535 454 4572 ηοη
485 4529 645 4571 vectes
675 4520 747 4572 eis
777 4534 796 4572 :
828 4519 927 4572 soli
944 4519 1203 4572 habitant.
1244 4518 1310 4572 Et
1335 4532 1490 4574 erunt
1523 4524 1712 4575 cameli
1739 4538 1917 4575 eorum

351 4614 403 4666 in
430 4613 794 4681 direptionem,
824 4622 871 4665 et
900 4613 1180 4667 multitudo
1193 4612 1558 4682 jumentorum
1587 4616 1641 4669 in
1659 4616 1917 4684 prwdam.

353 4704 422 4755 Et
449 4704 747 4771 dispergam
778 4718 864 4755 eos
891 4704 944 4756 in
963 4720 1162 4757 omnem
1194 4714 1406 4759 ventum
1447 4707 1677 4776 quisunt
1712 4709 1913 4762 attonsi

326 4788 408 4847 ‘in
441 4810 643 4848 comunt
671 4810 690 4847 :
720 4805 765 4848 et
794 4810 859 4849 ex
881 4797 1023 4847 omni
1053 4795 1279 4863 conﬁnio
1315 4814 1497 4851 eorum
1524 4798 1787 4853 adducam
1832 4802 1916 4853 in-

352 4886 563 4938 teritum
622 4902 778 4955 super
832 4902 940 4952 eos,
1002 4888 1080 4939 ait
1140 4887 1401 4942 Dominus
1448 4904 1468 4943 :
1504 4890 1707 4959 eritque
1778 4891 1915 4945 Asor

350 4976 707 5029 habitaculum
739 4980 1030 5032 draconum
1053 4979 1331 5034 desertain
1352 4983 1725 5051 sempiternum
1768 4999 1787 5037 :
1817 5000 1919 5037 non

353 5066 580 5119 manebit
605 5068 676 5120 ibi
698 5069 803 5133 vir,
837 5085 926 5123 nec
948 5068 1138 5124 incolet
1159 5086 1276 5125 eam
1305 5071 1452 5140 filius
1478 5073 1701 5127 hominis
1723 5072 1916 5145 (Ibid.,

355 5158 425 5211 50
466 5174 617 5227 seqq.
653 5159 694 5228 ).
728 5158 923 5215 Totum
985 5165 1281 5233 prophetia:
1333 5167 1697 5220 testimonium
1731 5171 1795 5222 de
1832 5168 1920 5222 Je-

357 5251 521 5303 remia
550 5251 726 5318 posui,
757 5260 815 5304 ut
848 5268 967 5323 quae
998 5257 1071 5311 sit
1092 5256 1292 5323 Cedar,
1328 5258 1699 5315 indubitanter
1722 5262 1920 5317 intelli-

353 5356 467 5410 gas.
507 5340 574 5395 Et
596 5342 885 5398 considera
917 5350 1191 5415 quomodo
1231 5350 1653 5419 lsmaelitaruni,
1676 5355 1777 5410 hoc
1811 5366 1915 5420 est,

354 5433 756 5489 Saracenorum
809 5434 1027 5506 proprie
1080 5453 1295 5511 gentem
1362 5444 1736 5515 descripserit,
1790 5444 1917 5516 quia

352 5524 601 5583 habitant
655 5528 711 5582 in
749 5532 1023 5596 ,tentoriis
1061 5535 1193 5603 :qui
1229 5551 1366 5606 quas
1412 5552 1519 5592 nox
1572 5538 1914 5608 compulerit,

421 5682 441 5713 ‘
472 5680 602 5739 Vide
634 5684 793 5754 paulo
823 5686 1074 5756 superius
1109 5688 1161 5743 in
1192 5704 1311 5762 cap.
1348 5706 1435 5759 xv,
1463 5694 1567 5752 col.
1604 5694 1729 5749 171.

2020 4550 2402 4610 pugnatorum.
2452 4543 2679 4608 Quidam
2712 4545 2899 4599 volunt
2956 4562 3022 4601 ex
3057 4562 3122 4601 eo
3160 4551 3302 4618 quod
3351 4550 3591 4616 dicitur,

2019 4634 2189 4688 adhuc
2214 4636 2268 4688 in
2299 4651 2401 4688 uno
2426 4652 2590 4703 anno,
2622 4649 2667 4690 et
2687 4638 2965 4707 auferetur
2994 4641 3162 4693 omnis
3187 4642 3361 4711 gloria
3387 4642 3599 4712 Ccdar,

2020 4739 2126 4780 non
2175 4726 2521 4797 Babyloniam
2572 4731 2944 4799 captivitatem
3002 4735 3310 4801 praedicari,
3357 4736 3427 4790 de
3479 4754 3598 4805 qua

2020 4825 2075 4871 et
2132 4816 2399 4873 Jeremias
2443 4821 2704 4889 loquitur,
2738 4824 2833 4877 sed
2886 4824 3263 4893 Assyriorum,
3318 4827 3411 4894 qui
3468 4842 3607 4897 post

2022 4924 2187 4961 unum
2217 4924 2418 4964 annum
2444 4913 2763 4968 vastationis
2822 4912 3084 4981 Judaicae,
3142 4916 3449 4973 Saracenos
3515 4924 3604 4975 la-

2022 4998 2234 5053 tissime
2280 5001 2552 5068 persecuti
2574 5010 2722 5055 sunt.
2777 5002 2930 5057 lllum
2976 5017 3235 5073 praeterea
3274 5005 3482 5071 locum,
3543 5011 3603 5065 in

2022 5107 2129 5159 quo
2165 5107 2262 5146 nos
2290 5094 2667 5147 transtulimus
2692 5133 2707 5159 ,
2733 5094 2833 5158 Qui
2857 5088 3108 5150 habitatis
3138 5106 3334 5149 terram
3370 5099 3606 5168 Austri,

2020 5201 2136 5236 cum
2161 5186 2382 5252 panibus
2406 5187 2661 5239 occurrite
2697 5186 2955 5255 fugienti:
2977 5199 3033 5243 et
3082 5188 3236 5257 quasi
3266 5204 3330 5243 ex
3353 5205 3606 5258 persona

2022 5277 2231 5331 Domini
2265 5279 2586 5346 imperativo
2625 5279 2786 5333 modo
2849 5280 3103 5347 legimus,
3130 5284 3183 5336 in
3222 5283 3455 5338 Hebrmo
3516 5288 3607 5343 sic

2022 5370 2120 5440 legi
2151 5384 2310 5437 posse
2338 5369 2605 5426 ailirmant
2640 5388 2654 5428 :
2713 5374 2818 5437 Qui
2864 5374 3107 5429 habitant
3153 5384 3344 5430 terram
3376 5378 3603 5443 Austri,

2020 5477 2136 5513 cum
2156 5464 2376 5529 pantbus
2404 5473 2743 5517 occurrerunt
2772 5464 3038 5533 fugienti;
3084 5476 3140 5519 ut
3170 5481 3291 5523 cum
3327 5465 3475 5523 Deus
3508 5470 3620 5526 εἰς

2023 5554 2240 5623 dixerit,
2277 5553 2620 5611 Occurrentes
2655 5558 2855 5613 sitienti
2879 5565 3006 5627 terte
3034 5575 3248 5631 aquam,
3284 5558 3360 5623 illi
3393 5560 3600 5620 inimi-
