3972 6198
278 269 376 335 201

839 263 1340 329 COMMENTAB.
1380 261 1462 321 IN
1507 258 1769 320 ISAIAM
1814 257 2277 321 PROPHETAM
2317 259 2463 322 LIB.
2505 262 2573 333 V,
2613 260 2774 320 CAP.
2812 258 3009 323 XXII.

3437 253 3544 319 202

278 400 343 440 ca
401 388 588 438 mente
639 394 814 451 panes
866 377 1090 434 tulerint
1127 373 1240 449 [al.
1298 369 1600 443 tollerent]
1650 369 1860 439 absque
1884 373 1938 435 Α
1963 371 2228 428 nacberib
2257 382 2503 442 tempora
2562 373 2792 437 referas,
2823 372 3045 441 quando
3087 384 3154 426 ex
3196 379 3350 439 parte
3383 380 3543 440 capta

276 475 459 546 aquis,
487 486 544 528 ut
566 473 694 528 cibo
729 478 995 539 augerent
1025 468 1200 524 sitim.

348 567 509 636 (Cap.
524 560 695 619 XXII.
722 591 793 605 -—
814 562 967 619 Vers.
1000 560 1051 616 i.
1079 557 1100 631 )
1143 578 1163 612 ι
1192 557 1348 615 Onus
1368 556 1526 613 vallis
1567 553 1855 625 visionis.»

274 658 445 721 LXX,
476 658 609 714 licet
642 671 751 713 non
780 654 1053 710 habeatur
1112 653 1166 707 in
1207 651 1460 712 Hebraao,
1511 645 1861 702 manifestius

278 750 705 815 transtulerunt,
786 748 1001 803 verbum
1066 746 1227 801 vallis
1264 743 1394 800 Sion
1438 743 1477 796 ί.
1546 739 1673 795 Haec
1715 739 1859 795 enim

276 843 473 896 civitas
498 840 851 895 seminarium
890 839 1276 909 prophetarum
1296 844 1400 898 est,
1423 834 1479 888 in
1503 848 1611 903 qua
1641 841 1862 887 exstru-

279 940 433 985 ctum
493 932 777 999 templum,
831 940 887 983 et
923 928 1164 983 visiones
1218 925 1437 980 Domini
1484 922 1862 992 multiplicatae

279 1032 431 1076 sunt.
510 1022 647 1089 Quia
705 1036 834 1091 ergo
890 1020 1036 1075 inter
1087 1028 1323 1075 caeteras
1379 1025 1571 1087 gentes
1627 1015 1865 1084 ponitur,

281 1112 449 1181 220
472 1123 527 1166 et
577 1121 861 1181 reputatur
897 1125 1006 1167 una
1060 1110 1131 1167 de
1176 1109 1456 1180 plurimis,
1519 1121 1864 1177 nequaquam

282 1219 445 1259 rnous
481 1203 803 1273 appellatur,
833 1203 991 1274 juxta
1039 1201 1170 1257 Illud
1226 1200 1605 1271 propheticum
1640 1215 1658 1253 :
1710 1195 1867 1251 Fun-

283 1296 541 1351 damenta
568 1296 691 1366 ejus
728 1298 783 1350 in
838 1284 1104 1349 montibus
1131 1294 1336 1347 sanctis
1357 1306 1377 1345 :
1401 1289 1574 1360 diligit
1608 1288 1867 1343 Dominus

281 1399 472 1457 portas
505 1386 635 1443 Sion
667 1403 826 1454 super
867 1386 1048 1440 omnia
1083 1380 1432 1438 tabernacula
1458 1380 1628 1436 Jacob
1665 1378 1865 1449 (Psal.

283 1479 576 1544 usxth,
605 1479 809 1547 2);sed
840 1477 1013 1542 vallis,
1052 1491 1120 1531 ex
1147 1490 1212 1531 eo
1235 1476 1378 1545 quod
1438 1472 1722 1529 humiliata
1769 1473 1865 1529 sit.

252 1570 425 1628 ’Διίᾶς
463 1569 643 1626 verbis
666 1571 770 1626 hoc
796 1570 974 1641 ipsum
1004 1568 1274 1626 Jeremias
1324 1567 1588 1638 loquitur,
1648 1567 1867 1637 quando

285 1664 499 1733 accepit
521 1661 748 1718 calicem
778 1662 999 1732 plenum
1047 1662 1182 1727 vini,
1209 1669 1264 1717 et
1298 1660 1393 1716 dat
1428 1659 1701 1717 universis
1733 1674 1866 1728 gen-

1964 472 2050 519 est
2094 454 2313 530 civitas,
2374 474 2522 520 recte
2581 465 2841 520 dicuntur
2886 478 2990 519 non
3041 462 3209 517 fuisse
3256 461 3381 517 victi
3432 463 3547 531 gla-

1964 552 2094 619 dio,
2148 569 2248 609 nec
2298 554 2466 610 occisi
2510 554 2565 609 in
2602 554 2781 620 bello,
2818 555 2914 610 sed
2950 551 3276 623 proditione,
3313 551 3437 607 aliis
3478 567 3544 605 ex

1965 643 2101 698 urbe
2134 643 2497 713 fugientibus,
2547 645 2694 710 aliis,
2729 660 2867 715 quos
2889 644 3066 700 hostis
3093 643 3386 713 oppressit,
3420 643 3546 697 vin-

1964 735 2106 790 culis
2138 736 2399 806 alligatis.
2460 735 2557 792 Sin
2598 747 2778 792 autem
2830 738 2897 791 ad
2960 735 3312 806 Babyloniam
3369 736 3546 805 capti-

1965 826 2212 894 vitalem,
2260 829 2405 898 quod
2445 838 2502 885 et
2564 830 2749 884 verius
2802 837 2914 897 est,
2974 829 3218 883 dicemus
3261 827 3408 898 quod
3438 842 3548 880 non

1968 932 2171 989 pugna,
2206 920 2300 975 sed
2365 919 2655 976 obsidione
2709 921 2953 990 superati
3023 921 3151 976 sint.
3200 920 3355 986 Quod
3387 919 3435 974 si
3493 921 3549 973 in

1970 1012 2207 1067 adventu
2250 1012 2479 1080 Christi,
2532 1013 2687 1083 juxta
2726 1013 3050 1080 Eusebium,
3092 1013 3423 1083 tropologice
3463 1013 3550 1067 in-

1974 1104 2223 1173 telligere
2245 1106 2519 1163 volueris:
2553 1108 2703 1164 dices
2738 1123 2833 1163 eos
2857 1107 3182 1162 interfectos
3204 1121 3311 1161 non
3349 1107 3548 1177 gladio,

1968 1198 2063 1254 sed
2098 1199 2437 1267 infidelitate,
2474 1216 2775 1271 omnesque
2826 1199 3102 1271 principes
3145 1215 3331 1255 eorum
3369 1212 3550 1254 reces-

1970 1290 2111 1345 sisse
2142 1305 2171 1342 a
2207 1289 2344 1356 Deo,
2372 1300 2425 1346 et
2450 1301 2801 1361 peccatorum
2860 1289 3083 1347 funibus
3133 1291 3407 1361 alligatos,
3449 1304 3554 1345 nec

1970 1397 2303 1452 quemquam
2360 1382 2531 1440 fuisse
2576 1386 2642 1439 de
2692 1382 3011 1451 Pharisaris,
3056 1384 3148 1454 qui
3185 1399 3292 1439 non
3349 1383 3552 1439 diaboli

1973 1473 2179 1529 retibus
2216 1475 2463 1546 alligatus
2503 1477 2596 1533 sit.

2040 1564 2223 1634 (Vere.
2241 1569 2321 1639 4).
2351 1588 2370 1622 ι
2398 1569 2694 1640 Propterea
2722 1573 2833 1627 dixi
2863 1589 2877 1628 :
2906 1572 3169 1630 Recedite
3194 1588 3222 1626 a
3273 1587 3382 1641 me,
3410 1586 3559 1626 ama-

1976 1673 2035 1715 re
2063 1659 2207 1717 ﬂebo
2238 1678 2254 1717 :
2284 1663 2457 1718 nolite
2518 1664 2862 1730 incumbere,
2906 1674 2964 1720 ut
3030 1666 3385 1721 consolemini
3470 1679 3557 1719 me

286 1720 461 1819 tibus,
486 1769 552 1810 ac
582 1720 883 1811 novissime
915 1753 1149 1825 porrigit
1191 1752 1522 1821 Jerusalem,
1581 1762 1641 1809 ut
1696 1720 1869 1818 bibat,
1900 1720 1948 1781 Β
1977 1764 2144 1819 super
2206 1750 2518 1807 vastitatem
2587 1752 2713 1808 ﬁliae
2755 1720 2942 1825 populi
2970 1720 3098 1810 mei.
3142 1773 3163 1807 ι
3200 1720 3257 1809 Si
3289 1754 3343 1809 in
3387 1755 3558 1810 vasti-

286 1858 345 1902 et
373 1859 574 1909 vomat,
598 1857 656 1902 et
692 1856 838 1913 ruat,
870 1855 924 1901 et
948 1847 1222 1903 insaniat:
1249 1845 1569 1917 significans
1586 1861 1612 1898 a
1637 1844 1873 1916 Babylo-

287 1939 398 1993 niis
451 1950 506 1995 et
552 1941 693 1993 hanc
715 1953 839 1994 esse
866 1939 1190 1995 vastandam
1222 1937 1470 2008 (λιι-ειη.
1496 1939 1661 2008 xxv).
1714 1939 1871 2006 Quod

286 2030 512 2100 plenius
590 2032 797 2101 Regum
849 2042 903 2087 et
943 2029 1196 2087 Jereruim
1244 2039 1436 2086 narrat
1480 2030 1727 2086 historia.
1793 2030 1871 2085 Ex

287 2136 403 2190 quo
428 2121 782 2192 intelligimus
809 2124 1057 2179 omnium
1085 2130 1391 2181 creatorem
1421 2121 1705 2191 aequaliter
1748 2136 1873 2178 esse

288 2214 493 2278 Deum,
527 2226 583 2269 et
612 2218 805 2271 eodem
842 2225 1040 2270 cuncta
1073 2214 1399 2285 dispensare
1433 2213 1668 2283 judicio,
1715 2213 1871 2283 juxta

290 2305 424 2359 illud
476 2306 622 2375 quod
653 2306 772 2375 ipse
818 2306 1063 2375 loquitur
1096 2319 1193 2373 per
1213 2305 1380 2358 Amos
1410 2320 1424 2358 :
1451 2302 1713 2374 Nunquid
1762 2319 1871 2357 non

288 2408 354 2449 ut
392 2398 494 2465 ﬁlii
536 2384 853 2467 zEtltiopum
904 2414 992 2453 vos
1042 2398 1173 2452 estis
1230 2398 1361 2451 mihi
1413 2398 1514 2465 ﬁlii
1545 2398 1717 2452 Israel
1743 2398 1768 2452 Ρ
1796 2400 1873 2452 ait

294 2489 578 2543 Dominus.
606 2490 887 2562 Numquid
941 2506 1046 2544 non
1099 2489 1275 2545 Israel
1324 2490 1609 2545 ascendere
1652 2490 1754 2560 feci
1810 2492 1874 2545 de

296 2593 441 2636 terra
493 2581 739 2653 Egypti,
786 2594 835 2637 et
891 2580 1211 2638 Palmtinos
1264 2584 1330 2637 de
1402 2581 1760 2651 Cappadocia,
1824 2591 1874 2637 et

295 2673 463 2745 Syros
498 2678 563 2731 de
597 2674 797 2746 Cyrene
820 2676 848 2731 7
875 2674 1013 2731 Ecce
1033 2675 1173 2730 oculi
1208 2674 1427 2731 Domini
1476 2688 1632 2744 super
1658 2689 1875 2744 regnum

292 2784 516 2835 peccans
546 2767 729 2838 (Amos
758 2784 836 2831 tx,
863 2770 919 2833 7,
952 2767 1126 2837 8).Ne
1167 2776 1424 2837 putarent
1470 2765 1641 2822 Judazi
1670 2767 1878 2823 idcirco

294 2878 363 2917 se
407 2862 725 2918 meritorum
808 2862 1011 2916 habere
1080 2859 1447 2930 privilegium,
1497 2859 1625 2929 quia
1689 2858 1875 2913 educti

297 2955 568 3009 essentde
597 2951 852 3024 Egypto,
893 2952 1028 3007 dicit
1060 2953 1225 3006 etiam
1286 2959 1515 3005 caeteras
1566 2957 1758 3019 gentes
1810 2950 1879 3004 ad

302 3043 443 3098 alias
501 3052 678 3099 terras
705 3060 805 3099 suo
853 3045 1085 3114 imperio
1146 3042 1317 3098 fuisse
1349 3041 1668 3098 translatas.

384 3133 702 3201 «Quidnam
734 3135 832 3189 tibi
887 3148 1109 3206 quoque
1143 3141 1248 3198 est,
1299 3132 1424 3203 quia
1480 3131 1776 3189 ascendisti
1826 3142 1883 3188 et

303 3236 366 3280 tu
421 3227 604 3282 oninis
668 3229 726 3282 in
791 3236 955 3291 tecta,
1007 3225 1264 3282 clamoris
1335 3227 1519 3296 plena,
1575 3225 1711 3282 urbs
1769 3225 1883 3282 fre-

305 3335 520 3389 quens,
573 3320 768 3374 civitas
815 3320 1188 3375 exsultaus‘lr
1248 3318 1543 3375 Referebat
1592 3318 1727 3374 mibi
1774 3317 1885 3373 lle-

305 3414 509 3479 brcus,
542 3424 861 3481 przesentem
898 3414 1162 3468 visionem
1196 3427 1305 3468 non
1338 3414 1617 3483 pertinere
1657 3412 1725 3467 ad
1754 3412 1885 3468 illud

304 3516 567 3576 tempus,
637 3521 746 3574 quo
794 3506 1299 3562 Nabuchodonosor
1357 3504 1658 3561 Jerusalem
1713 3505 1883 3575 cepit,

302 3609 364 3651 et
397 3598 715 3652 Sedecbiam
772 3598 1016 3653 vinctum
1048 3598 1333 3666 oculisque
1394 3598 1668 3669 privatum
1728 3597 1887 3653 duxit

304 3690 361 3744 iu
394 3690 723 3760 Babylonem
757 3731 773 3758 ,
797 3689 891 3747 sed
921 3691 989 3744 ad
1008 3690 1384 3746 Senuacberib
1416 3699 1685 3759 tempora,
1705 3703 1883 3758 quan-

301 3784 377 3839 do
416 3784 594 3838 Sobna
642 3783 880 3854 pontifex
935 3800 1183 3854 magnam
1218 3791 1426 3853 partem
1458 3782 1699 3851 prodidit
1734 3780 1886 3835 «civi-

307 3877 457 3939 tatis,
501 3884 557 3931 et
590 3885 798 3929 tantum
828 3872 982 3942 Sion,
1036 3873 1089 3928 id
1137 3886 1247 3937 est,
1278 3888 1375 3928 arx
1422 3882 1479 3927 et
1507 3873 1788 3942 templum,
1822 3885 1887 3925 ac

306 3967 521 4022 nobiles
554 3975 958 4030 remanserunt,
997 3967 1051 4020 in
1081 3965 1389 4035 exemplum
1418 3965 1678 4017 Romana
1707 3962 1885 4027 urbis,

307 4074 433 4128 qua:
461 4058 797 4115 irruentibus
823 4056 1015 4122 Gallis,
1046 4059 1308 4127 patricios
1335 4066 1390 4112 et
1458 4053 1651 4110 florem
1692 4056 1889 4124 juven-

309 4155 452 4207 tutis
472 4152 531 4205 in
569 4166 698 4205 arce
762 4153 1018 4207 servavit.
1078 4149 1191 4206 Nos
1244 4158 1425 4205 autem
1491 4163 1783 4220 possumus
1834 4157 1889 4202 et

304 4247 375 4300 de
408 4243 707 4314 Babylonia
731 4244 1051 4313 captivitate
1078 4243 1262 4297 dicere
1306 4257 1322 4296 :
1351 4254 1662 4311 quanquam
1710 4240 1881 4293 Euse-

304 4338 429 4391 bius
461 4338 645 4391 omnia
678 4336 746 4391 ad
788 4337 991 4392 Christi
1028 4339 1318 4390 adventum
1362 4333 1588 4399 referat,
1648 4343 1703 4387 et
1732 4338 1886 4402 putet

306 4428 631 4497 Vespasiani
699 4428 915 4498 Titique
964 4429 1301 4497 temporibus
1353 4426 1524 4482 fuisse
1590 4423 1881 4493 completa.
1917 4420 1965 4477 ι)

304 4518 617 4587 Carpamus
665 4534 800 4590 ergo
858 4519 1095 4589 singula,
1156 4518 1425 4588 triplicem
1488 4515 1885 4585 expositionem

309 4614 551 4667 breviter
578 4612 927 4681 attingentes.
963 4610 1230 4676 Quidnam
1260 4610 1354 4663 tibi
1375 4623 1579 4680 quoque
1602 4617 1675 4662 est
1713 4606 1738 4660 7
1763 4607 1892 4677 quid

305 4705 501 4771 babes,
562 4705 759 4773 inquit,
823 4701 979 4769 Sion,
1034 4703 1176 4773 quod
1233 4704 1398 4758 etiam
1477 4710 1535 4755 tu
1589 4700 1889 4756 ascendisti

305 4796 489 4850 omnis
519 4796 573 4849 in
602 4795 795 4849 tecta?
834 4795 1061 4862 Quando
1120 4794 1275 4860 dicit,
1311 4794 1474 4848 etiam
1532 4802 1611 4855 tu,
1647 4792 1892 4847 ostendit

306 4891 453 4957 quod
482 4889 666 4943 cateri
698 4888 849 4959 prius
894 4889 1259 4944 ascenderint.
1283 4885 1422 4940 Num
1450 4896 1507 4941 et
1544 4894 1604 4939 tu
1641 4891 1891 4955 reputata

308 4997 373 5035 es
394 4981 537 5035 inter
566 4992 780 5050 gentes,
816 4996 938 5050 quae
982 4981 1049 5035 ab
1082 4981 1328 5035 hostibus
1347 4977 1637 5042 obsideris,
1673 4987 1727 5030 et
1752 4983 1895 5030 tecta

312 5075 643 5129 conscendis
676 5074 835 5142 plena
866 5072 1102 5127 ululatus
1136 5082 1189 5127 et
1210 5073 1466 5141 planctus
1500 5066 1895 5124 miserabilium

312 5167 665 5229 feminarum,
701 5166 831 5220 urbs
859 5165 1133 5234 quondam
1160 5165 1309 5234 regia
1342 5162 1367 5216 Ἰ

384 5258 731 5330 εειίνετε.
758 5259 837 5329 5).
861 5258 1166 5314 «interfecti
1186 5259 1261 5312 tui
1279 5273 1385 5313 non
1406 5256 1676 5313 interfecti
1695 5253 1894 5324 gladio,

314 5368 421 5406 nec
453 5352 652 5406 mortui
690 5352 743 5404 in
777 5352 943 5405 bello.
965 5349 1159 5405 Cuncti
1214 5346 1491 5419 principes
1524 5348 1598 5402 tui
1642 5347 1898 5418 fugerunt

310 5445 503 5508 simul,
554 5443 799 5513 duroque
826 5444 972 5513 ligati
1008 5452 1151 5497 sunt.
1173 5443 1376 5499 Omnes
1406 5442 1497 5512 qui
1526 5442 1729 5495 inventi
1750 5448 1897 5503 sunt,

314 5540 489 5607 vincti
515 5548 643 5593 sunt
671 5536 875 5608 pariter
909 5550 928 5587 :
971 5540 1157 5605 procul
1185 5537 1461 5607 fugerunt.
1496 5553 1516 5586 ι
1552 5533 1610 5589 Si
1651 5532 1719 5589 ad
1758 5532 1900 5588 Sen-

393 5700 412 5731 ¹
433 5699 489 5753 lu
509 5696 707 5763 Vatia,
733 5697 945 5750 verbum
984 5698 1140 5752 uallis
1173 5697 1383 5752 visionis
1406 5694 1559 5751 Sion.

647 5794 921 5854 PATROL.
972 5793 1191 5855 XXIV.

1972 1849 2083 1896 tate
2106 1840 2401 1914 Babylonis
2440 1844 2774 1915 lacrymatur
2825 1847 3091 1916 prOpbeta
3132 1847 3373 1917 lugentis
3424 1847 3553 1901 επε-

1974 1938 2088 1998 ctu,
2117 1942 2173 1987 et
2210 1932 2345 1989 dicrt
2374 1950 2389 1989 :
2431 1936 2696 2004 Angustia
2732 1939 2964 2007 possedit
2995 1954 3100 2003 me,
3137 1940 3271 1993 sicut
3307 1940 3555 2009 angustia

1973 2025 2271 2092 parientis:
2310 2028 2491 2081 corrui
2526 2044 2647 2081 cum
2711 2030 2976 2094 audirem,
3030 2032 3378 2085 conturbatus
3439 2047 3556 2085 sum

1974 2134 2093 2172 cum
2124 2118 2373 2185 viderem,
2406 2122 2665 2175 emarcuit
2696 2139 2790 2177 cor
2844 2140 3040 2189 meum,
3072 2126 3299 2179 tenebris
3329 2125 3559 2194 stupefe-

1976 2221 2155 2266 cerunt
2190 2227 2272 2265 me
2299 2226 2319 2266 :
2349 2212 2590 2283 Babylon
2619 2215 2815 2270 dilecta
2846 2233 2963 2272 mea
2986 2218 3163 2286 posita
3191 2227 3269 2273 est
3322 2218 3453 2271 mihi
3501 2218 3557 2271 in

1978 2305 2319 2369 miraculum,
2351 2316 2559 2374 quanto
2586 2309 2759 2377 magis
2795 2324 2943 2364 nunc
2968 2310 3022 2365 in
3060 2311 3211 2367 urbis
3246 2325 3359 2366 suae
3401 2315 3557 2365 ruina

1980 2397 2183 2452 nullam
2222 2396 2473 2467 accipere
2533 2398 2969 2455 consolationem
3009 2412 3207 2470 potest,
3274 2412 3444 2458 totum
3501 2418 3562 2458 se

1978 2488 2285 2556 planctibus
2305 2492 2521 2548 tradens
2558 2492 2572 2545 l

2050 2579 2230 2648 (\‘ers.
2258 2582 2335 2652 5.)
2375 2601 2394 2635 ‹
2448 2583 2571 2640 Dies
2614 2586 2759 2642 enim
2798 2587 3217 2655 interfectionis,
3255 2598 3311 2643 et
3342 2592 3564 2643 concul-

1982 2675 2234 2739 cationis,
2268 2684 2322 2730 et
2368 2676 2594 2733 fletuum
2648 2678 2879 2735 Domino
2946 2680 3057 2736 Deo
3124 2683 3465 2736 exercituum
3508 2681 3562 2738 in

1982 2767 2134 2822 Valle
2164 2769 2412 2827 visionis.
2453 2789 2472 2822 ι
2512 2772 2709 2828 Reddit
2741 2786 2937 2829 causas
2969 2772 3125 2843 juxta
3164 2774 3433 2844 triplicem
3476 2775 3564 2828 in-

1984 2861 2359 2930 telligentiam,
2390 2879 2562 2933 quare
2590 2865 2791 2921 dixerit
2818 2885 2833 2923 :
2871 2866 3118 2922 Recedite
3151 2884 3182 2920 a
3209 2883 3312 2933 me,
3379 2885 3564 2922 amare

1981 2953 2154 3023 ﬂebo;
2182 2956 2310 3023 quia
2375 2959 2693 3013 conculcata
2768 2960 2841 3015 sit
2895 2958 3051 3026 Sion,
3089 2976 3245 3017 mons
3287 2966 3566 3034 quondam

1910 3086 1958 3146 ϐ
1986 3048 2283 3113 visionum,
2311 3061 2366 3105 et
2390 3067 2536 3106 nunc
2584 3052 2741 3108 vallis
2770 3053 3016 3112 fletuum.

2060 3140 2241 3211 (Vers.
2265 3142 2342 3212 6.)
2379 3160 2398 3195 ι
2436 3142 2705 3200 Scrutans
2739 3161 2977 3206 murum.
3026 3156 3083 3201 et
3120 3146 3440 3217 magnificus
3474 3164 3569 3201 su-

1994 3250 2092 3306 per
2115 3243 2356 3291 montem
2390 3246 2489 3292 :et
2526 3236 2674 3292 Elam
2718 3240 3309 3311 sumpsitpbaretram,
3345 3257 3562 3296 currum

1989 3328 2227 3385 hominis
2259 3329 2482 3401 equitis,
2531 3338 2587 3385 et
2643 3332 2906 3401 parietem
2961 3334 3187 3387 nudavit
3263 3335 3503 3405 clypeus.
3545 3354 3564 3387 ι

1989 3421 2324 3478 Describitur
2381 3420 2669 3492 Babylonis
2738 3424 3018 3480 exercitus
3076 3428 3287 3482 intrans
3356 3428 3568 3492 urbem,

1991 3515 2248 3584 templum
2298 3528 2591 3584 occupans,
2619 3524 2672 3572 et
2698 3518 2979 3588 quadrigis
3008 3534 3104 3588 per
3135 3519 3344 3589 plateas
3369 3536 3569 3589 super-

1991 3608 2093 3663 bus
2152 3606 2434 3664 incedens.
2468 3607 2732 3678 Quodque
2772 3618 2991 3663 auratos
3024 3620 3206 3679 postes
3240 3620 3292 3663 et
3334 3625 3573 3664 marmo-

1991 3715 2111 3755 rum
2138 3701 2337 3757 crustis
2366 3700 2589 3757 veslitos
2615 3702 2851 3771 parietes
2882 3702 3127 3772 clypeus,
3188 3703 3279 3771 qui
3314 3702 3417 3754 alia
3474 3717 3571 3756 so-

1989 3795 2066 3849 let
2098 3802 2300 3865 tegere,
2344 3794 2653 3863 nudaverit,
2683 3796 2959 3867 eleganter
2993 3798 3044 3850 in
3070 3797 3301 3851 Hebraeo
3327 3806 3569 3865 resonat,

1990 3902 2296 3960 sensusque
2336 3890 2739 3959 pulcherrimus
2761 3900 2866 3955 est,
2892 3892 3035 3960 quod
3072 3899 3284 3946 scutum
3318 3905 3424 3946 non
3445 3905 3573 3961 pro-

1991 3982 2189 4036 texerit
2242 3982 2576 4054 quempiam,
2630 3984 2724 4037 sed
2779 3984 3207 4038 nudaverit:eo
3267 3982 3411 4052 quod
3478 3998 3574 4051 per

1993 4074 2159 4128 robur
2194 4073 2426 4128 militum
2464 4089 2655 4129 omnes
2706 4089 2838 4144 opes
2876 4084 3047 4131 erutae
3068 4074 3201 4131 sint.
3238 4073 3335 4129 Sin
3386 4082 3568 4128 autem

1992 4165 2238 4221 Elatnitte
2268 4175 2542 4236 ponuntur
2571 4166 2627 4223 in
2663 4167 2870 4236 prmlio,
2896 4182 3016 4236 quae
3047 4167 3176 4221 urbs
3216 4167 3566 4238 Assyriorum

1994 4268 2076 4313 est
2112 4274 2261 4314 :non
2297 4267 2476 4329 potest
2511 4258 2701 4314 referri
2750 4259 2818 4314 ad
2847 4269 3089 4329 tempora
3133 4258 3390 4313 Romanae
3412 4258 3575 4331 222

1994 4352 2390 4418 subversionis,
2456 4352 2558 4407 nisi
2629 4350 2770 4408 forte
2803 4363 3002 4410 cuncta
3058 4352 3355 4424 allegorice
3408 4354 3576 4409 inter—

1995 4456 2291 4515 pretemttr.

2068 4536 2403 4609 (Vers.7o9.)
2445 4555 2463 4588 α
2506 4538 2571 4592 Et
2592 4548 2751 4593 erunt
2788 4539 2979 4595 electa:
3036 4539 3204 4595 valles
3239 4550 3344 4594 tua;
3406 4541 3578 4609 pit-ure

1997 4632 2404 4701 quadrigarum,
2436 4640 2490 4687 et
2517 4632 2729 4701 equites
2755 4640 2957 4701 ponent
2978 4633 3139 4686 sedes
3164 4646 3291 4687 suas
3315 4632 3367 4684 in
3394 4641 3575 4700 perta.

1997 4723 2064 4778 Et
2116 4724 2448 4780 revelabitur
2493 4724 2894 4794 operimentum
2940 4723 3114 4789 Judre,
3180 4733 3234 4777 ct
3272 4723 3478 4777 videbis
3525 4723 3577 4775 in

2001 4817 2094 4870 illa
2129 4816 2218 4871 die
2236 4817 2719 4871 armamentarium
2752 4817 2950 4871 domus
2984 4816 3185 4878 saltus,
3219 4826 3272 4869 et
3311 4815 3580 4871 scissuras

1999 4907 2242 4963 civitatis
2272 4906 2441 4963 David
2487 4908 2764 4975 videbitis,
2818 4911 2944 4978 quia
2992 4907 3362 4973 multiplicata:
3393 4912 3575 4959 sunt.»

2002 5000 2289 5056 Manifesta
2340 5002 2711 5071 captivitatem
2760 4998 3053 5061 describit,
3117 5012 3238 5071 quae
3287 4998 3582 5053 undecimo

2001 5108 2145 5151 anno
2180 5093 2327 5161 regis
2357 5092 2639 5148 Sedechiaa
2670 5091 2811 5146 facta
2844 5098 2951 5151 est,
2984 5090 3048 5144 de
3088 5105 3194 5159 qua
3233 5098 3288 5143 et
3313 5087 3583 5145 Jeremias

2002 5183 2288 5253 loquitur:
2328 5188 2461 5239 Ecce
2526 5200 2619 5252 ego
2658 5181 2950 5236 convocabo
3006 5196 3181 5234 omnes
3239 5180 3585 5251 cognationes

1953 5327 1956 5331 .
2002 5294 2285 5348 regnorum
2322 5276 2611 5347 aquilonis,
2635 5277 2711 5328 ait
2742 5274 3016 5341 Dominus,
3042 5282 3091 5328 et
3124 5274 3341 5337 venient,
3364 5282 3415 5326 et
3434 5280 3589 5339 ponet

2002 5373 2358 5441 unusquisque
2391 5371 2585 5424 solium
2612 5385 2766 5422 suum
2794 5369 2849 5420 in
2875 5369 3095 5421 introitu
3125 5377 3397 5437 portarum
3422 5365 3587 5419 Jeru-

2004 5463 2193 5525 salem,
2227 5471 2275 5516 et
2304 5477 2459 5530 super
2477 5477 2654 5513 omnes
2686 5476 2864 5513 muros
2895 5460 3006 5527 ejus
3031 5460 3084 5512 in
3110 5458 3336 5511 circuitu
3363 5454 3585 5527 (lerant.

2006 5570 2043 5625 r,
2081 5555 2190 5625 l5).
2247 5553 2402 5621 Quod
2433 5566 2500 5609 ne
2532 5561 2786 5622 putemus
2814 5567 2948 5608 voce
2995 5552 3339 5623 pradictum,
3374 5557 3428 5603 et
3460 5562 3590 5616 οινο-

3237 5795 3270 5859 7
