3898 6184
384 291 498 354 203

1584 284 1642 347 S.
1689 282 2004 345 EUSEBII
2042 283 2486 347 HiERONYMI

3538 281 3651 346 Ξ.)οᾷ

393 418 453 457 re
501 416 610 455 non
668 398 963 467 expletum,
1012 398 1153 455 idem
1188 395 1451 452 Jerentias
1489 395 1566 451 ait
1597 413 1613 451 :
1671 395 1955 451 Undecimo
1988 415 2033 463 Α
2060 396 2213 450 sione
2235 395 2437 451 Christi
2468 408 2589 451 esse
2625 395 2966 465 praedictum,
3004 393 3151 464 quod
3186 392 3462 448 vocavth
3502 393 3648 446 Deus

393 510 533 547 anno
558 491 843 556 Sedecltite,
870 507 1044 545 mense
1074 500 1288 561 quarto,
1319 491 1500 560 quinta
1531 489 1744 553 mensis,
1772 498 1960 556 aperta

392 595 469 640 est
500 585 712 650 civitas,
764 593 812 635 et
844 583 1087 652 .ingressi
1143 590 1261 635 sunt
1296 598 1474 634 omnes
1526 581 1788 649 principes
1829 579 1963 647 regis

396 680 704 750 Babylonis,
730 688 777 732 et
795 678 1037 731 sederunt
1062 678 1117 730 in
1150 685 1303 745 porta
1343 678 1516 729 media
1540 675 1751 743 (Jerent.
1777 690 1961 738 χχιιι,

393 772 451 833 2,
484 770 561 837 5).
595 768 748 824 Tunc
773 782 903 837 ergo
928 768 979 821 in
1018 768 1247 822 circuitu
1280 767 1519 821 civitatis
1547 764 1842 819 Jerusalem
1878 765 1963 817 in.

393 859 746 914 numerabilis
794 868 881 913 est
933 858 1085 913 fusus
1138 856 1432 919 exercitus,
1482 864 1537 908 et
1592 864 1780 923 aperta
1837 861 1964 907 sunt

398 952 595 1006 Sancta
660 964 998 1017 sanctorum,
1057 958 1111 1003 et
1141 945 1639 1009 armamentarium,
1695 945 1838 1014 quod
1874 957 1970 997 nea

396 1058 546 1097 more
568 1044 840 1097 consilum
872 1052 1013 1106 erat,
1053 1039 1235 1096 hostili
1268 1037 1616 1108 populatione
1636 1045 1960 1098 reseratum,

395 1144 449 1186 et
506 1149 600 1199 per
634 1144 861 1188 cunctas
909 1132 1059 1187 urbis
1094 1141 1278 1200 partes
1337 1129 1526 1184 divisis
1560 1127 1734 1183 muris
1785 1128 1965 1183 hostis

396 1226 674 1294 ingressus
697 1234 801 1278 est.

467 1314 645 1383 (γυνθ.
677 1316 765 1379 1-0,
800 1313 915 1384 fl.)
959 1331 977 1364 ι
1010 1312 1077 1367 Ει
1118 1311 1487 1382 congregatis
1545 1323 1715 1381 aquas
1745 1308 1968 1379 piscina:

396 1407 693 1469 inferioris,
721 1417 777 1461 et
828 1408 1019 1459 domos
1051 1402 1351 1458 Jerusalem
1408 1400 1759 1462 numerastis,
1783 1409 1839 1454 et
1873 1400 1967 1452 de-

395 1501 678 1553 strnxistis
709 1500 899 1552 domos
930 1497 997 1550 ad
1031 1494 1378 1549 muniendum
1422 1508 1661 1547 murum.
1697 1492 1764 1545 Et
1791 1491 1964 1544 lacum

394 1593 607 1647 fecistis
632 1593 771 1645 inter
797 1591 933 1644 duos
971 1603 1176 1650 muros,
1209 1596 1265 1643 et
1287 1601 1485 1656 aquam
1524 1586 1539 1616 ¹
1572 1583 1797 1653 piscina:
1820 1590 1965 1636 vete—

396 1684 477 1735 ris
506 1700 518 1733 :
545 1695 597 1734 et
632 1697 735 1734 non
773 1679 1092 1747 suspexistis
1129 1678 1196 1732 ad
1226 1692 1348 1732 eum
1394 1675 1488 1746 qui
1516 1674 1718 1730 fecerat
1752 1680 1970 1737 eam,et

2066 489 2227 543 etiam
2253 498 2375 557 post
2398 503 2618 543 crucem
2662 472 2877 542 Domini
2908 486 3211 543 Salvatoris
3238 483 3510 541 infelicem
3542 501 3649 555 po-

2040 579 2254 649 ,pulum
2278 579 2341 632 ad
2361 578 2759 648 paenitentiam,
2784 590 2839 633 et
2869 576 3224 633 nihilominus
3247 577 3336 631 ille
3360 590 3419 631 se
3446 576 3616 645 despe

2069 670 2268 724 rationi
2311 671 2596 725 tradiderit
2645 680 2701 724 et
2745 670 3033 739 voluptati.
3073 667 3406 737 Principium
3440 670 3648 737 quippe

2068 762 2225 816 istius
2257 761 2501 830 visionis,
2530 762 2582 815 in
2613 774 2720 828 quo
2755 762 2830 816 ait
2862 772 2879 818 :
2907 759 3171 815 Clamoris
3197 760 3373 827 plena,
3394 762 3517 812 urbs
3539 760 3652 826 [re-

2065 869 2248 923 quens,
2299 853 2481 906 civitas
2507 853 2801 920 exsultans,
2841 855 2906 907 ad
2953 854 3081 906 illud
3122 862 3332 921 tempus
3381 850 3649 909 referunt,

2068 942 2282 1013 quando
2327 956 2357 997 a
2416 942 2707 998 Pltarisaais
2745 943 2973 1013 populus
3009 943 3267 996 incitatus
3304 941 3415 1010 pari
3450 957 3551 993 con
3583 954 3647 994 ra

2064 1036 2246 1091 Jesum
2286 1049 2419 1091 voce
2460 1037 2748 1092 resonabat
2788 1035 3113 1105 :Cruci/ige,
3150 1035 3403 1104 eruciﬁge
3432 1033 3596 1088 talem
3628 1050 3650 1089 :

2066 1143 2168 1181 non
2195 1128 2438 1182 habemus
2480 1143 2650 1196 regem
2687 1129 2786 1181 nisi
2811 1128 3072 1182 Casarem
3107 1126 3291 1197 (Joan.
3322 1140 3434 1191 ιιι,
3470 1126 3528 1189 6,
3559 1125 3648 1195 7).

2070 1217 2239 1287 Hujus
2288 1218 2579 1273 testimonii
2627 1220 2879 1285 exemplo
2919 1222 3082 1273 etiam
3104 1220 3397 1288 Apostolus
3437 1221 3648 1272 abusus

2065 1319 2169 1374 est,
2215 1310 2458 1365 scribens
2520 1310 2586 1363 ad
2610 1310 2924 1365 Corinthios
2987 1312 3054 1364 de
3104 1312 3505 1366 resurrectione
3540 1327 3556 1366 :
3588 1309 3652 1367 Si

2065 1403 2256 1456 mortui
2276 1398 2376 1456 no'n
2398 1412 2694 1473 resurgunt,
2725 1403 3125 1467 manducemus,
3144 1412 3194 1457 et
3223 1403 3485 1468 bibamus,
3528 1421 3652 1457 cras

2066 1496 2200 1548 enim
2234 1496 2516 1548 morientur
2551 1493 2593 1563 (Ι
2624 1493 2747 1549 Cor.
2779 1509 2871 1559 xv,
2894 1494 3007 1563 52).

2138 1584 2314 1653 (Vers.
2342 1585 2409 1639 15
2428 1586 2608 1654 seqq.)
2645 1603 2663 1636 σ
2700 1584 2826 1639 Hinc
2854 1587 2986 1639 dicit
3021 1586 3279 1640 Dominus
3308 1587 3448 1638 Deus
3474 1600 3642 1639 exer-

2074 1679 2281 1732 cituum
2320 1679 2529 1741 :Vade,
2562 1677 2849 1747 ingredere
2873 1680 2938 1731 ad
2976 1693 3102 1732 eum
3125 1678 3215 1748 qui
3240 1676 3453 1731 habitat
3490 1679 3542 1730 itt
3565 1686 3652 1731 ta-

395 1784 736 1840 opcratort-m
786 1772 933 1827 illius
978 1772 1046 1826 de
1079 1771 1235 1842 longe
1290 1781 1397 1823 non
1446 1766 1678 1821 vidistis.
1720 1783 1741 1817 s
1775 1763 1974 1818 Narrat
2008 1762 2046 1816 Β
2074 1769 2387 1835 bernacnlo,
2416 1772 2483 1825 ad
2517 1769 2756 1825 Sobnam
2788 1773 3137 1840 pmpositum
3177 1772 3384 1839 templi,
3409 1780 3464 1825 et
3497 1772 3648 1825 dices

388 1865 667 1935 quatnodn
692 1863 965 1918 obsidioni
1008 1862 1321 1930 paraverint
1359 1859 1656 1922 civitatem,
1687 1865 1741 1910 et
1800 1868 1969 1924 aquas

396 1957 672 2009 inferioris
702 1956 939 2022 piscium,
997 1969 1118 2023 quae
1147 1953 1264 2022 capi
1308 1957 1577 2020 poterant,
1606 1948 1671 2002 ad
1720 1947 1970 2017 superio-

398 2064 514 2100 rem
551 2048 904 2100 munitionem
956 2044 1398 2108 transtulerint’,
1442 2039 1837 2108 destructisqtte
1876 2038 1972 2091 do-

398 2139 578 2191 mibus
610 2150 791 2189 muros
820 2134 1233 2196 aediﬁcaverit“,
1268 2143 1320 2187 et
1347 2147 1444 2202 per
1473 2131 1712 2200 singulas
1758 2142 1969 2197 cogna-

398 2233 602 2294 tiones,
637 2245 756 2297 quae
777 2228 969 2281 domus
996 2234 1255 2293 quantum
1282 2238 1436 2290 aqua:
1463 2223 1682 2279 deberet
1703 2220 1970 2289 accipere,

401 2321 824 2384 dinumerat-int,
846 2317 1183 2385 fecerintque
1202 2315 1496 2369 cisternam
1530 2313 1673 2367 inter
1697 2310 1834 2365 duos;
1858 2324 1976 2363 mu-

404 2431 513 2477 ros,
538 2425 591 2466 et
620 2414 882 2481 piscinam
909 2418 1145 2463 veterem
1186 2406 1545 2461 instanrarint
1577 2406 1642 2457 ad
1677 2404 1973 2457 servandas

402 2518 618 2573 aquas:
665 2512 719 2554 et
783 2515 886 2553 non
926 2498 1097 2566 magis
1152 2496 1242 2549 Dei
1288 2494 1663 2567 invocaverint
1690 2490 1974 2554 auxilium,

400 2598 495 2667 qui
520 2594 766 2649 conditor
798 2591 949 2645 urbis
999 2589 1072 2643 sit
1127 2590 1456 2657 piscinaeque
1503 2584 1975 2652 Dominus;quasi

407 2692 526 2745 aliis
556 2688 737 2742 verbis
766 2686 1011 2740 dixerit:
1045 2681 1322 2735 Fiduciam
1347 2679 1617 2733 habuistis
1643 2678 1695 2730 in
1733 2675 1973 2738 homine,

401 2795 458 2838 ct
480 2798 587 2837 non
612 2784 661 2833 in
688 2779 814 2842 Deo,
852 2776 940 2844 qni
974 2775 1145 2829 factor
1172 2783 1252 2827 est
1278 2770 1536 2826 hominis.
1573 2764 1975 2835 Quidatnjuxta

406 2872 665 2941 mysticus
719 2865 1021 2920 intellectus
1063 2864 1322 2931 piscinam
1380 2868 1636 2914 veterem.
1669 2855 1828 2924 Legis
1864 2870 1982 2907 um-

404 2968 559 3018 bram
608 2961 934 3026 intelligunt,
965 2964 1019 3010 et
1052 2957 1194 3009 inter
1242 2955 1380 3007 duos
1420 2966 1621 3014 muros,
1655 2949 1864 3005 Novum
1904 2948 1981 2999 vi-

406 3054 605 3107 «lclicet
636 3061 687 3104 et
741 3050 909 3103 Vetus
942 3045 1374 3105 Testamentum,
1432 3040 1753 3095 mdificatum
1806 3039 1978 3092 lacum

413 3145 810 3198 Pharisaeorum
864 3137 1252 3192 traditionibus
1319 3145 1483 3202 atque
1539 3129 1832 3199 mandatis,
1883 3129 1975 3199 qui

408 3252 579 3306 aquas
613 3234 891 3288 continere
927 3244 1032 3283 non
1068 3228 1238 3298 possit
1272 3242 1287 3287 ;
1325 3233 1378 3279 et
1406 3239 1513 3278 non
1547 3222 1852 3294 respexisse
1884 3236 1977 3275 ros

412 3328 479 3378 ad
507 3320 700 3377 Filium
729 3320 844 3383 Dei,
861 3333 957 3374 nec
981 3319 1122 3373 illius
1140 3312 1481 3387 praiseutiam
1500 3314 1792 3368 credidisse
1816 3312 1976 3382 223

410 3431 571 3485 quem
605 3412 729 3466 olim
768 3427 870 3464 non
903 3408 1162 3475 viderint,
1204 3406 1330 3477 quia
1360 3420 1573 3474 semper
1615 3405 1706 3459 Dei
1740 3419 1978 3473 praecep-

412 3509 481 3561 tis
506 3504 767 3561 increduli
809 3504 1027 3556 fuerint.

486 3598 665 3671 (Vers.
697 3596 907 3665 12-“).
934 3614 951 3646 ι
984 3592 1049 3646 Ει
1078 3592 1288 3648 vocabit
1313 3592 1571 3647 Dominus
1599 3589 1737 3645 Deus
1771 3587 1981 3644 exerci-

404 3702 564 3746 tuum
624 3690 678 3744 in
721 3691 805 3744 die
838 3688 927 3741 illa
957 3687 1022 3741 ad
1047 3684 1249 3752 ﬂetum,
1286 3689 1341 3739 et
1381 3686 1448 3738 ad
1480 3684 1773 3753 planctum,
1812 3690 1868 3735 et
1914 3681 1981 3736 ad

416 3784 714 3850 calvitium,
739 3792 793 3837 et
819 3784 887 3838 ad
941 3781 1213 3852 cingulum
1240 3780 1404 3835 sacci.
1433 3780 1499 3834 Et
1533 3794 1663 3834 ecce
1724 3776 1979 3847 gaudium

412 3890 467 3935 et
493 3878 673 3931 lattitia
696 3875 943 3930 occidere
962 3875 1179 3939 vitulos,
1209 3882 1263 3927 et
1280 3872 1532 3942 jugulare
1549 3873 1774 3934 arietes,
1797 3882 1982 3925 conte-

411 3971 544 4025 dere
578 3982 793 4030 carnes,
827 3976 880 4020 et
904 3964 1089 4020 bibere
1120 3966 1340 4017 vinum:
1374 3962 1720 4016 comedamus
1742 3970 1797 4013 et
1818 3958 1974 4013 biba-

414 4076 561 4127 mus,
591 4073 712 4113 cras
739 4057 883 4111 enim
912 4054 1228 4118 moriemur,
1257 4062 1309 4108 et
1343 4051 1577 4106 revelata
1617 4058 1700 4102 est
1733 4049 1786 4102 in
1839 4048 1986 4102 auri-

419 4153 517 4205 bus
542 4151 674 4204 meis
700 4146 911 4201 Domiui
931 4144 1285 4199 exercituum.
1319 4138 1375 4195 Si
1409 4136 1987 4207 dimitteturittiquitas

413 4244 537 4296 haec
564 4239 717 4294 vobis
769 4241 942 4292 donec
1004 4234 1335 4297 moriamini,
1367 4230 1500 4286 dicit
1552 4230 1809 4284 Dominus
1845 4226 1986 4284 Deus

420 4332 774 4386 exercituum.
814 4347 834 4380 ι
870 4328 1191 4395 Captivitate
1227 4332 1499 4395 praesente
1547 4330 1602 4375 et
1648 4320 1867 4376 obsessa
1898 4317 1987 4374 Je-

2069 1862 2116 1915 ei
2154 1878 2167 1914 :
2209 1859 2345 1927 Quid
2378 1871 2431 1914 ttt
2463 1862 2602 1916 hic?
2632 1852 2725 1916 aut
2754 1864 2909 1932 quasi
2937 1864 3058 1932 quis
3098 1864 3207 1927 ltic,
3249 1863 3373 1931 quia
3396 1862 3649 1917 excidisti

2072 1950 2164 2005 tibi
2201 1951 2286 2007 ltic
2310 1951 2653 2021 sepulcrum?
2688 1952 2949 2009 Excidisti
2979 1953 3032 2008 in
3060 1953 3275 2009 excelso
3300 1953 3645 2019 memoriam,

2072 2042 2353 2112 diligenter
2373 2044 2426 2098 in
2457 2052 2609 2115 petra
2646 2045 3053 2101 tabernaculum
3075 2046 3191 2100 tibi.
3220 2046 3362 2100 Ecce
3388 2045 3649 2100 Dominus

2070 2136 2336 2205 asportari
2372 2143 2428 2190 te
2457 2136 2646 2204 faciet,
2706 2137 2848 2193 sicut
2876 2145 3192 2208 asportatur
3213 2137 3393 2208 gallus
3414 2137 3651 2205 gallina-

2073 2240 2223 2291 cens,
2250 2234 2305 2281 et
2326 2226 2481 2296 quasi
2509 2229 2762 2283 amictum
2807 2229 2885 2284 sic
2923 2228 3226 2285 sublevabit
3259 2239 3332 2283 te.
3358 2226 3644 2283 Germans

2074 2316 2358 2370 coronabit
2386 2327 2437 2371 te
2480 2317 2850 2382 tribulatione,
2882 2320 3034 2386 quasi
3063 2319 3228 2389 pilam
3276 2319 3454 2373 mittet
3506 2318 3639 2373 tein

2077 2414 2276 2459 terram
2325 2405 2487 2459 latam
2551 2416 2606 2459 et
2650 2406 2993 2475 spatiOSam:
3042 2407 3111 2461 ibi
3164 2407 3437 2468 morieris,
3482 2416 3537 2460 et
3577 2405 3648 2458 ibi

2076 2494 2241 2566 224
2272 2505 2432 2549 erunt
2488 2512 2682 2551 currus
2734 2497 2919 2567 gloriae
2968 2504 3100 2562 tuae,
3126 2496 3423 2566 ignominia
3455 2495 3653 2551 donius

2078 2587 2287 2644 Domini
2330 2589 2431 2646 tui.
2469 2588 2534 2643 Et
2567 2590 2831 2659 expellant
2882 2601 2933 2646 te
2969 2592 3033 2646 de
3075 2592 3311 2646 statione
3346 2599 3462 2656 tua,
3491 2599 3544 2647 et
3580 2591 3650 2644 de

2078 2679 2382 2735 ministerio
2413 2691 2507 2734 tuo
2531 2681 2800 2749 deponam
2831 2691 2903 2737 te.
2950 2682 3018 2737 Et
3046 2683 3153 2737 erit
3180 2684 3235 2737 in
3272 2685 3359 2739 die
3398 2684 3518 2747 illa,
3551 2698 3652 2738 vo-

2079 2773 2212 2826 cabo
2245 2786 2460 2825 servum
2498 2787 2675 2826 meum
2705 2772 2929 2829 Eliacim
2989 2774 3162 2829 ﬁlium
3210 2774 3434 2831 Helcina.
3470 2776 3535 2831 Et
3567 2779 3653 2830 itt-

2080 2863 2238 2917 duam
2287 2861 2437 2916 illum
2474 2864 2655 2917 tunica
2683 2873 2797 2929 tua,
2831 2874 2885 2919 et
2937 2867 3157 2936 cingulo
3184 2878 3275 2919 tuo
3326 2867 3650 2923 confortabo

2081 2961 2300 3017 enm,et
2334 2962 2657 3023 potestatem
2687 2964 2830 3009 tuam
2860 2959 2999 3011 dabo
3024 2958 3075 3010 in
3095 2972 3254 3011 manu
3276 2958 3395 3028 ejus
3430 2974 3447 3015 :
3478 2970 3533 3013 et
3549 2958 3651 3011 erit

2083 3044 2237 3112 quasi
2274 3053 2429 3113 pater
2455 3044 2827 3100 habitantibus
2848 3044 3148 3103 Jerusalem
3181 3058 3237 3105 et
3267 3051 3449 3104 domui
3492 3049 3651 3104 Juda.

2087 3138 2151 3193 Et
2184 3139 2321 3193 dabo
2349 3138 2557 3192 clavem
2585 3139 2780 3194 domus
2806 3138 2971 3196 David
2997 3157 3161 3211 super
3195 3145 3480 3199 humerum
3509 3144 3650 3215 ejus,

2085 3241 2140 3286 et
2171 3230 2395 3298 aperiet,
2424 3239 2480 3284 et
2513 3245 2676 3284 nemo
2704 3231 2811 3286 erit
2847 3231 2938 3302 qui
2981 3234 3199 3288 claudat
3244 3250 3261 3291 :
3297 3244 3352 3289 et
3407 3237 3646 3301 claudet,

2086 3330 2265 3374 etnon
2292 3322 2396 3375 erit
2424 3322 2517 3389 qui
2542 3320 2769 3389 aperiat.
2806 3321 2871 3376 Et
2908 3323 3066 3392 figam
3106 3324 3259 3376 illum
3286 3325 3561 3394 paxillum
3595 3328 3646 3377 in

2088 3411 2202 3466 loco
2230 3410 2391 3475 fideli,
2416 3422 2468 3465 et
2499 3414 2603 3466 erit
2625 3412 2681 3465 itt
2701 3412 2897 3466 solium
2924 3414 3108 3482 gloria:
3137 3414 3319 3468 domui
3339 3417 3514 3483 patris
3540 3416 3649 3468 sui.

2089 3502 2152 3557 Et
2184 3502 2516 3573 suspenderit
2548 3518 2713 3573 super
2747 3520 2866 3558 eum
2903 3521 3123 3560 omnem
3178 3507 3412 3576 gloriam
3462 3508 3659 3562 domus

2089 3597 2257 3667 patris
2278 3594 2415 3664 ejus,
2438 3612 2691 3650 vasorum
2718 3597 2927 3651 diversa
2948 3612 3148 3665 genera
3183 3612 3202 3655 :
3234 3614 3394 3653 omne
3417 3615 3511 3653 vas
3536 3615 3656 3668 par-

2089 3690 2293 3752 vulum,
2322 3704 2352 3743 a
2377 3689 2521 3744 vasis
2549 3701 2884 3744 craterarutn
2916 3706 3086 3766 usque
3115 3694 3181 3745 ad
3215 3707 3377 3745 omne
3407 3707 3502 3747 vas
3540 3707 3651 3763 mne

2088 3782 2345 3837 sieorum.
2382 3781 2439 3837 in
2495 3781 2584 3836 die
2626 3782 2739 3848 illo,
2793 3782 2927 3837 dicit
2984 3782 3246 3838 Dominus
3278 3784 3649 3847 exercituum,

2093 3873 2367 3929 auferetur
2392 3876 2623 3943 paxillus
2653 3877 2744 3945 qui
2779 3877 2918 3931 fixus
2949 3878 3128 3931 fuerat
3169 3879 3223 3932 in
3262 3879 3382 3932 loco
3411 3878 3582 3942 ﬁdeli,
3609 3887 3662 3932 ct

2097 3967 2375 4035 frangetur
2408 3968 2658 4032 etcadet,
2703 3980 2757 4022 et
2784 3970 2983 4036 peribit
3013 3970 3155 4037 quod
3211 3969 3545 4039 pependerat
3606 3970 3657 4022 in

2095 4073 2183 4123 eo,
2234 4059 2358 4127 quia
2421 4056 2683 4113 Dominus
2743 4060 2956 4115 locutus
2994 4068 3100 4115 est.
3142 4078 3162 4113 s
3198 4060 3373 4129 Supra
3424 4060 3659 4113 diximus

2093 4149 2329 4206 Subitam
2351 4150 2522 4204 fuisse
2556 4150 2892 4219 pontificem,
2918 4153 3009 4221 qui
3033 4151 3277 4220 Assyriis
3305 4149 3551 4217 prodidit
3580 4149 3659 4204 ci-

2097 4245 2338 4299 vitatem.
2374 4241 2479 4296 Sed
2526 4243 2652 4311 quia
2707 4245 2810 4299 ltoc
2848 4244 3153 4298 traditionis
3189 4252 3271 4297 est
3308 4241 3588 4295 Hebraicis!
3617 4241 3658 4301 ',

2095 4342 2149 4389 et
2178 4334 2453 4403 Scriptura
2486 4348 2591 4387 non
2623 4333 2877 4402 loquitur,
2924 4335 3282 4403 intelligamus
3311 4348 3432 4385 cum
3474 4348 3660 4399 super-

419 4422 817 4487 rusalem,cutn
861 4420 1089 4483 ferrum,
1120 4415 1309 4481 fames,
1338 4415 1461 4469 sitis
1492 4422 1708 4482 urgeret
1765 4413 1984 4475 urbem,
2018 4437 2069 4497 ο
2101 4425 2251 4487 bum,
2307 4425 2567 4478 tumidum
2622 4432 2677 4477 et
2715 4422 3117 4492 voluptuosum,
3164 4423 3387 4490 suisqtte
3437 4422 3661 4487 pedibus

410 4513 685 4570 Jeremias
743 4512 811 4565 ad
888 4507 1261 4579 paenitentiam
1330 4506 1587 4576 populum
1660 4504 1992 4574 provocabat

420 4606 642 4676 (Jerem.
681 4604 888 4674 xxxtv),
934 4613 990 4656 et
1015 4616 1045 4657 e
1091 4602 1369 4655 contrario
1402 4612 1556 4669 reges
1600 4612 1663 4651 ac
1692 4596 1988 4667 principes,

404 4710 475 4757 νει
521 4699 713 4768 vulgus
751 4695 1065 4751 miserabile
1108 4693 1487 4762 desperatione
1542 4689 1885 4758 pereuntium
1930 4701 1990 4742 se

422 4792 670 4849 tradebat
699 4789 888 4858 epulis.
923 4785 1260 4840 Nihilautem
1284 4782 1363 4838 sic
1391 4781 1614 4836 offendit
1639 4781 1801 4834 Deum
1826 4792 1988 4849 quam

408 4895 539 4954 post
566 4893 785 4952 peccata
814 4886 994 4935 erecta
1020 4876 1224 4941 cervix,
1248 4884 1302 4931 et
1340 4889 1404 4930 ex
1444 4872 1825 4941 desperatione
1858 4885 1991 4923 con-

410 4989 677 5044 temptus.
710 4974 863 5041 Quod
905 4983 957 5027 et
992 4985 1088 5040 per
1129 4970 1298 5023 Amos
1339 4965 1580 5035 loquitur
1615 4981 1629 5016 :
1663 4961 1834 5032 Super
1887 4969 1990 5014 tres

416 5081 470 5122 et
497 5077 726 5137 quatuor
770 5067 1059 5137 impietate:
1092 5077 1200 5115 non
1238 5057 1519 5113 aversabor
1560 5070 1723 5120 eum;
1754 5054 1895 5122 quod
1937 5060 1994 5107 et

408 5151 761 5231 «cogitaverit,
791 5173 845 5216 et
877 5159 1086 5225 fecerit,
1121 5167 1178 5212 et
1210 5172 1310 5208 non
1356 5153 1527 5221 egerit
1563 5152 1940 5222 paenitentiam
1975 5162 1993 5206 :

410 5256 647 5317 dusuper
677 5260 731 5304 et
773 5251 1018 5305 docuerit
1049 5248 1270 5302 malum.
1298 5242 1451 5299 Unde
1472 5254 1526 5297 et
1563 5258 1705 5295 nunc
1737 5240 1936 5295 dicitur
1973 5255 1987 5295 :

422 5344 483 5399 Si
510 5341 801 5396 dimittetur
850 5341 1094 5408 iniquitas
1135 5339 1244 5393 Iure
1275 5336 1439 5400 vobis,
1467 5334 1635 5387 donec
1685 5330 1993 5386 moriamini

424 5436 604 5507 (Aetas
635 5450 672 5498 t,
696 5433 750 5497 3,
777 5432 853 5501 4).
892 5430 1086 5485 Putant
1124 5428 1398 5499 allegorici
1426 5427 1750 5495 interpretes
1779 5426 1845 5477 de
1868 5435 1992 5491 pas-

498 5571 514 5601 ⁸
535 5571 662 5625 Alit.
691 5571 758 5623 ad
787 5582 1001 5637 aquam,
1034 5579 1193 5633 quam
1226 5562 1448 5633 praefert
1478 5570 1533 5616 et
1561 5558 1768 5613 Victor.
1804 5555 1995 5611 lectio-

422 5656 710 5763 “egw-stic.
723 5707 809 5776 ,ad
824 5706 1142 5777 superiorem
1160 5701 1593 5769 ιηιιηειίονεηιφιε
1606 5696 1993 5753 ‘rammmim‘

2096 4515 2324 4585 populos
2358 4516 2760 4571 cencnltantem
2789 4529 2805 4569 :
2836 4524 2889 4569 et
2921 4517 3047 4583 quia
3082 4514 3271 4569 fecerit
3315 4523 3508 4566 cuncta
3543 4527 3662 4578 qu.e

2096 4611 2357 4679 proplteta
2411 4608 2690 4671 describit,
2744 4608 3105 4662 sacerdotium
3165 4606 3284 4675 ejus
3321 4604 3388 4656 ad
3434 4601 3657 4656 Eliacitn

2095 4701 2259 4753 lilium
2295 4697 2489 4752 Helcia}
2526 4697 2691 4752 fuisse
2740 4698 3081 4761 translatum,
3131 4708 3186 4750 ttt
3217 4696 3307 4749 illo
3336 4694 3533 4763 eiecto,
3563 4708 3659 4746 no—

2092 4806 2192 4844 vus
2226 4788 2466 4859 pontifex
2496 4788 2667 4843 ﬂeret.
2705 4788 2780 4841 Ex
2806 4804 2913 4858 quo
2939 4788 3291 4857 intelligimus
3311 4784 3453 4841 omni
3481 4785 3660 4838 studio

2093 4881 2399 4951 superbiam
2428 4879 2830 4942 declinandam,
2855 4896 2974 4948 qua:
3019 4878 3245 4933 offendit
3278 4877 3466 4937 Deum,
3517 4886 3659 4929 etne

2095 4972 2436 5041 pontificatus
2456 4971 2670 5040 quidem
2702 4970 2985 5039 privilegio
3022 4980 3136 5023 tttta
3176 4983 3297 5025 esse
3324 4976 3521 5035 potest.
3553 4966 3659 5019 Iste

2096 5071 2176 5117 est
2208 5060 2387 5114 Sobna
2424 5060 2590 5127 (sicut
2610 5061 2828 5129 quidant
2856 5059 3067 5129 putant)
3097 5069 3151 5113 et
3186 5058 3522 5122 Eliacim,de
3540 5056 3659 5123 qui-

2097 5152 2195 5205 bus
2224 5153 2363 5206 idem
2387 5151 2646 5220 propheta
2669 5153 2943 5206 subtexuit
2972 5168 2986 5209 :
3028 5150 3178 5204 Misit
3210 5164 3299 5203 rex
3328 5148 3660 5217 Assyriorum

2095 5242 2385 5297 Rabsacem
2400 5244 2462 5295 de
2480 5239 2670 5297 Lac/tis
2699 5244 2750 5295 in
2772 5241 3067 5295 Jerusalem
3095 5243 3163 5294 ad
3189 5256 3355 5309 regem
3385 5237 3662 5291 Ezechiam

2097 5337 2153 5389 in
2182 5351 2342 5389 manu
2393 5335 2540 5405 gravi
2572 5350 2591 5390 :
2626 5344 2674 5388 et
2709 5338 2848 5388 stetit
2892 5336 2947 5387 in
2975 5336 3290 5403 aquteducttt
3332 5331 3549 5397 piscina!
3576 5344 3662 5381 stt-

2097 5427 2340 5495 perioris,
2366 5428 2418 5480 t'n
2446 5427 2530 5481 via
2557 5427 2673 5497 agri
2703 5426 2948 5495 fullonis,
2986 5440 3323 5497 egressusque
3352 5432 3433 5477 est
3460 5423 3527 5489 ad
3548 5433 3661 5472 eum

2168 5557 2189 5588 ⁸
2221 5553 2415 5611 Euseb.
2444 5557 2519 5611 ait
2556 5558 2771 5627 ε’Έλιγε
2807 5559 2988 5611 τοίνυν
3036 5560 3063 5610 ὀ
3102 5555 3354 5624 Ἐϐραῖος
3380 5548 3661 5627 Αὰρχιεηρὲπ

2096 5627 2542 5699 ἵετενῆσθγᾳιῧδν
2572 5618 2786 5699 Σομνᾶν
2814 5636 3097 5699 τρυφητην
3134 5618 3277 5699 τιῦᾳ,
3308 5623 3403 5699 καὶ
3432 5618 3525 5673 τὸν
3553 5618 3662 5688 βίον

2097 5698 2329 5767 ἄσεμνον
2352 5696 2539 5767 ἄνδρα,
2565 5695 2763 5761 mm
2791 5695 3088 5768 προδοῦνσζι
3119 5701 3210 5751 τὸν
3236 5695 3388 5758 λαόν,
3417 5702 3526 5746 etc.
