  <div class='ocr_page' id='page_1' title='image "/cluster/home/n/w/nwhite01/storage/ocr_20150623/24/hvd.32044096580485/108.png"; bbox 0 0 3972 6198; ppageno 0'>
   <div class='ocr_carea' id='block_1_1' title="bbox 394 337 505 400">
    <p class='ocr_par' dir='ltr' id='par_1_1' title="bbox 394 337 505 400">
     <span class='ocr_line' id='line_1_1' title="bbox 394 337 505 400; baseline -0.018 0"><span class='ocrx_word' id='word_1_1' title='bbox 394 337 505 400; x_wconf 71' lang='grc'><strong>205</strong></span> 
     </span>
    </p>
   </div>
   <div class='ocr_carea' id='block_1_2' title="bbox 927 336 3113 412">
    <p class='ocr_par' dir='ltr' id='par_1_2' title="bbox 927 336 3113 412">
     <span class='ocr_line' id='line_1_2' title="bbox 927 336 3113 412; baseline 0.005 -17"><span class='ocrx_word' id='word_1_2' title='bbox 927 337 1420 401; x_wconf 78' lang='lat' dir='ltr'><strong>COMMENTAB.</strong></span> <span class='ocrx_word' id='word_1_3' title='bbox 1460 338 1544 399; x_wconf 85' lang='grc' dir='ltr'><strong>ΙΝ</strong></span> <span class='ocrx_word' id='word_1_4' title='bbox 1588 336 1857 399; x_wconf 78' lang='lat' dir='ltr'><strong>ISAIAM</strong></span> <span class='ocrx_word' id='word_1_5' title='bbox 1896 338 2362 401; x_wconf 76' lang='lat' dir='ltr'><strong>PROPHETAM</strong></span> <span class='ocrx_word' id='word_1_6' title='bbox 2406 340 2558 400; x_wconf 80' lang='lat' dir='ltr'><strong>LIB.</strong></span> <span class='ocrx_word' id='word_1_7' title='bbox 2582 341 2649 412; x_wconf 75' lang='grc' dir='ltr'><strong>ν,</strong></span> <span class='ocrx_word' id='word_1_8' title='bbox 2684 341 2852 402; x_wconf 83' lang='lat' dir='ltr'><strong>CAP.</strong></span> <span class='ocrx_word' id='word_1_9' title='bbox 2878 342 3113 405; x_wconf 81' lang='lat' dir='ltr'><strong>XXIII.</strong></span> 
     </span>
    </p>
   </div>
   <div class='ocr_carea' id='block_1_3' title="bbox 3528 338 3637 405">
    <p class='ocr_par' dir='ltr' id='par_1_3' title="bbox 3528 338 3637 405">
     <span class='ocr_line' id='line_1_3' title="bbox 3528 338 3637 405; baseline -0.009 -1"><span class='ocrx_word' id='word_1_10' title='bbox 3528 338 3637 405; x_wconf 73' lang='grc'><strong>206</strong></span> 
     </span>
    </p>
   </div>
   <div class='ocr_carea' id='block_1_4' title="bbox 399 444 3632 525">
    <p class='ocr_par' dir='ltr' id='par_1_4' title="bbox 399 444 3632 525">
     <span class='ocr_line' id='line_1_4' title="bbox 399 444 3632 525; baseline 0.003 -26"><span class='ocrx_word' id='word_1_11' title='bbox 399 445 626 500; x_wconf 84' lang='lat' dir='ltr'><strong>Eliacim</strong></span> <span class='ocrx_word' id='word_1_12' title='bbox 646 444 787 515; x_wconf 73' lang='lat' dir='ltr'><strong>[ilius</strong></span> <span class='ocrx_word' id='word_1_13' title='bbox 812 445 1031 513; x_wconf 71' lang='lat' dir='ltr'><strong>Helaira,</strong></span> <span class='ocrx_word' id='word_1_14' title='bbox 1048 449 1135 519; x_wconf 87' lang='lat' dir='ltr'><strong>qui</strong></span> <span class='ocrx_word' id='word_1_15' title='bbox 1154 457 1266 502; x_wconf 90' lang='lat' dir='ltr'><strong>erat</strong></span> <span class='ocrx_word' id='word_1_16' title='bbox 1289 463 1444 518; x_wconf 89' lang='lat' dir='ltr'><strong>super</strong></span> <span class='ocrx_word' id='word_1_17' title='bbox 1460 448 1762 512; x_wconf 87' lang='lat' dir='ltr'><strong>domum,et</strong></span> <span class='ocrx_word' id='word_1_18' title='bbox 1794 448 1970 505; x_wconf 85' lang='lat' dir='ltr'><strong>Sobna</strong></span> <span class='ocrx_word' id='word_1_19' title='bbox 2000 459 2044 514; x_wconf 70' lang='grc' dir='ltr'><strong>Α</strong></span> <span class='ocrx_word' id='word_1_20' title='bbox 2068 450 2219 520; x_wconf 98' lang='lat' dir='ltr'><strong>juxta</strong></span> <span class='ocrx_word' id='word_1_21' title='bbox 2254 451 2559 516; x_wconf 87' lang='lat' dir='ltr'><strong>historiam,</strong></span> <span class='ocrx_word' id='word_1_22' title='bbox 2590 462 2644 507; x_wconf 92' lang='lat' dir='ltr'><strong>et</strong></span> <span class='ocrx_word' id='word_1_23' title='bbox 2664 452 2820 522; x_wconf 93' lang='lat' dir='ltr'><strong>juxta</strong></span> <span class='ocrx_word' id='word_1_24' title='bbox 2850 451 3182 525; x_wconf 83' lang='lat' dir='ltr'><strong>allegoriam,</strong></span> <span class='ocrx_word' id='word_1_25' title='bbox 3213 453 3337 522; x_wconf 85' lang='lat' dir='ltr'><strong>quia</strong></span> <span class='ocrx_word' id='word_1_26' title='bbox 3372 456 3632 524; x_wconf 88' lang='lat' dir='ltr'><strong>paxillum</strong></span> 
     </span>
    </p>
   </div>
   <div class='ocr_carea' id='block_1_5' title="bbox 397 528 1961 610">
    <p class='ocr_par' dir='ltr' id='par_1_5' title="bbox 397 528 1961 610">
     <span class='ocr_line' id='line_1_5' title="bbox 397 528 1961 610; baseline 0.001 -19"><span class='ocrx_word' id='word_1_27' title='bbox 397 537 600 601; x_wconf 84' lang='lat' dir='ltr'><strong>scriba,</strong></span> <span class='ocrx_word' id='word_1_28' title='bbox 632 549 680 593; x_wconf 93' lang='lat' dir='ltr'><strong>et</strong></span> <span class='ocrx_word' id='word_1_29' title='bbox 732 536 899 593; x_wconf 83' lang='lat' dir='ltr'><strong>Johae</strong></span> <span class='ocrx_word' id='word_1_30' title='bbox 935 540 1082 607; x_wconf 76' lang='lat' dir='ltr'><strong>ﬁlius</strong></span> <span class='ocrx_word' id='word_1_31' title='bbox 1116 541 1294 607; x_wconf 85' lang='lat' dir='ltr'><strong>Asaph</strong></span> <span class='ocrx_word' id='word_1_32' title='bbox 1328 557 1362 594; x_wconf 89' lang='lat' dir='ltr'><strong>a</strong></span> <span class='ocrx_word' id='word_1_33' title='bbox 1400 528 1789 595; x_wconf 80' lang='lat' dir='ltr'><strong>commentariis</strong></span> <span class='ocrx_word' id='word_1_34' title='bbox 1827 540 1961 610; x_wconf 89' lang='lat' dir='ltr'><strong>(lsa.</strong></span> 
     </span>
    </p>
   </div>
   <div class='ocr_carea' id='block_1_6' title="bbox 399 630 1962 702">
    <p class='ocr_par' dir='ltr' id='par_1_6' title="bbox 399 630 1962 702">
     <span class='ocr_line' id='line_1_6' title="bbox 399 630 1962 702; baseline 0.001 -19"><span class='ocrx_word' id='word_1_35' title='bbox 399 645 589 694; x_wconf 78' lang='lat' dir='ltr'><strong>xxxvi,</strong></span> <span class='ocrx_word' id='word_1_36' title='bbox 621 630 659 684; x_wconf 73' lang='lat'><strong>2</strong></span> <span class='ocrx_word' id='word_1_37' title='bbox 704 639 760 685; x_wconf 89' lang='lat' dir='ltr'><strong>et</strong></span> <span class='ocrx_word' id='word_1_38' title='bbox 799 631 999 702; x_wconf 88' lang='lat' dir='ltr'><strong>seqq.).</strong></span> <span class='ocrx_word' id='word_1_39' title='bbox 1039 630 1270 687; x_wconf 86' lang='lat' dir='ltr'><strong>Jubetur</strong></span> <span class='ocrx_word' id='word_1_40' title='bbox 1299 645 1430 699; x_wconf 84' lang='lat' dir='ltr'><strong>ergo</strong></span> <span class='ocrx_word' id='word_1_41' title='bbox 1460 631 1667 701; x_wconf 82' lang='lat' dir='ltr'><strong>ingredi</strong></span> <span class='ocrx_word' id='word_1_42' title='bbox 1702 635 1962 701; x_wconf 74' lang='lat' dir='ltr'><strong>propheta</strong></span> 
     </span>
    </p>
   </div>
   <div class='ocr_carea' id='block_1_7' title="bbox 396 720 1967 791">
    <p class='ocr_par' dir='ltr' id='par_1_7' title="bbox 396 720 1967 791">
     <span class='ocr_line' id='line_1_7' title="bbox 396 720 1967 791; baseline 0.004 -18"><span class='ocrx_word' id='word_1_43' title='bbox 396 720 468 775; x_wconf 85' lang='lat' dir='ltr'><strong>ad</strong></span> <span class='ocrx_word' id='word_1_44' title='bbox 503 722 834 789; x_wconf 87' lang='lat' dir='ltr'><strong>pontiﬁcem,</strong></span> <span class='ocrx_word' id='word_1_45' title='bbox 866 725 956 789; x_wconf 91' lang='lat' dir='ltr'><strong>qui</strong></span> <span class='ocrx_word' id='word_1_46' title='bbox 986 723 1287 788; x_wconf 87' lang='lat' dir='ltr'><strong>habitabat,</strong></span> <span class='ocrx_word' id='word_1_47' title='bbox 1315 723 1470 791; x_wconf 80' lang='lat' dir='ltr'><strong>juxta</strong></span> <span class='ocrx_word' id='word_1_48' title='bbox 1502 723 1659 791; x_wconf 75' lang='lat' dir='ltr'><strong>LXX,</strong></span> <span class='ocrx_word' id='word_1_49' title='bbox 1693 725 1747 777; x_wconf 90' lang='lat' dir='ltr'><strong>in</strong></span> <span class='ocrx_word' id='word_1_50' title='bbox 1792 734 1967 791; x_wconf 83' lang='lat' dir='ltr'><strong>pasto-</strong></span> 
     </span>
    </p>
   </div>
   <div class='ocr_carea' id='block_1_8' title="bbox 395 813 1969 887">
    <p class='ocr_par' dir='ltr' id='par_1_8' title="bbox 395 813 1969 887">
     <span class='ocr_line' id='line_1_8' title="bbox 395 813 1969 887; baseline 0.004 -23"><span class='ocrx_word' id='word_1_51' title='bbox 395 813 585 880; x_wconf 88' lang='lat' dir='ltr'><strong>phorio</strong></span> <span class='ocrx_word' id='word_1_52' title='bbox 612 813 802 880; x_wconf 81' lang='lat' dir='ltr'><strong>;jnxta</strong></span> <span class='ocrx_word' id='word_1_53' title='bbox 833 814 1105 883; x_wconf 82' lang='lat' dir='ltr'><strong>Aquilam,</strong></span> <span class='ocrx_word' id='word_1_54' title='bbox 1135 816 1188 868; x_wconf 87' lang='lat' dir='ltr'><strong>in</strong></span> <span class='ocrx_word' id='word_1_55' title='bbox 1210 815 1549 869; x_wconf 85' lang='lat' dir='ltr'><strong>tabernacqu</strong></span> <span class='ocrx_word' id='word_1_56' title='bbox 1576 832 1595 870; x_wconf 81' lang='lat'><strong>.&#39;</strong></span> <span class='ocrx_word' id='word_1_57' title='bbox 1629 831 1727 887; x_wconf 91' lang='lat' dir='ltr'><strong>pro</strong></span> <span class='ocrx_word' id='word_1_58' title='bbox 1743 832 1853 883; x_wconf 92' lang='lat' dir='ltr'><strong>quo</strong></span> <span class='ocrx_word' id='word_1_59' title='bbox 1884 832 1969 870; x_wconf 77' lang='lat' dir='ltr'><strong>se-</strong></span> 
     </span>
    </p>
   </div>
   <div class='ocr_carea' id='block_1_9' title="bbox 397 904 1967 979">
    <p class='ocr_par' dir='ltr' id='par_1_9' title="bbox 397 904 1967 979">
     <span class='ocr_line' id='line_1_9' title="bbox 397 904 1967 979; baseline 0.003 -22"><span class='ocrx_word' id='word_1_60' title='bbox 397 920 575 974; x_wconf 90' lang='lat' dir='ltr'><strong>quens</strong></span> <span class='ocrx_word' id='word_1_61' title='bbox 608 904 924 960; x_wconf 83' lang='lat' dir='ltr'><strong>Hebraicam</strong></span> <span class='ocrx_word' id='word_1_62' title='bbox 947 908 1229 962; x_wconf 81' lang='lat' dir='ltr'><strong>veritatem</strong></span> <span class='ocrx_word' id='word_1_63' title='bbox 1254 907 1591 963; x_wconf 88' lang='lat' dir='ltr'><strong>Theodotion</strong></span> <span class='ocrx_word' id='word_1_64' title='bbox 1624 911 1700 964; x_wconf 86' lang='lat' dir='ltr'><strong>ait</strong></span> <span class='ocrx_word' id='word_1_65' title='bbox 1732 923 1747 963; x_wconf 88' lang='lat'><strong>:</strong></span> <span class='ocrx_word' id='word_1_66' title='bbox 1784 908 1967 979; x_wconf 85' lang='lat' dir='ltr'><strong>Ingre-</strong></span> 
     </span>
    </p>
   </div>
   <div class='ocr_carea' id='block_1_10' title="bbox 396 994 1967 1069">
    <p class='ocr_par' dir='ltr' id='par_1_10' title="bbox 396 994 1967 1069">
     <span class='ocr_line' id='line_1_10' title="bbox 396 994 1967 1069; baseline 0.003 -21"><span class='ocrx_word' id='word_1_67' title='bbox 396 997 522 1050; x_wconf 88' lang='lat' dir='ltr'><strong>dere</strong></span> <span class='ocrx_word' id='word_1_68' title='bbox 549 994 619 1048; x_wconf 87' lang='lat' dir='ltr'><strong>ad</strong></span> <span class='ocrx_word' id='word_1_69' title='bbox 645 994 809 1050; x_wconf 85' lang='lat' dir='ltr'><strong>Sacen</strong></span> <span class='ocrx_word' id='word_1_70' title='bbox 828 998 1009 1063; x_wconf 85' lang='lat' dir='ltr'><strong>istum,</strong></span> <span class='ocrx_word' id='word_1_71' title='bbox 1022 1000 1164 1068; x_wconf 89' lang='lat' dir='ltr'><strong>quod</strong></span> <span class='ocrx_word' id='word_1_72' title='bbox 1181 999 1523 1066; x_wconf 87' lang='lat' dir='ltr'><strong>interpretari</strong></span> <span class='ocrx_word' id='word_1_73' title='bbox 1547 1009 1742 1069; x_wconf 86' lang='lat' dir='ltr'><strong>potest,</strong></span> <span class='ocrx_word' id='word_1_74' title='bbox 1761 1016 1967 1069; x_wconf 69' lang='lat' dir='ltr'><strong>aequum</strong></span> 
     </span>
    </p>
   </div>
   <div class='ocr_carea' id='block_1_11' title="bbox 397 1087 1971 1159">
    <p class='ocr_par' dir='ltr' id='par_1_11' title="bbox 397 1087 1971 1159">
     <span class='ocr_line' id='line_1_11' title="bbox 397 1087 1971 1159; baseline -0.001 -16"><span class='ocrx_word' id='word_1_75' title='bbox 397 1096 451 1143; x_wconf 70' lang='lat' dir='ltr'><strong>et</strong></span> <span class='ocrx_word' id='word_1_76' title='bbox 470 1096 687 1150; x_wconf 86' lang='lat' dir='ltr'><strong>rectum,</strong></span> <span class='ocrx_word' id='word_1_77' title='bbox 716 1088 796 1158; x_wconf 90' lang='lat' dir='ltr'><strong>(ut</strong></span> <span class='ocrx_word' id='word_1_78' title='bbox 815 1088 1023 1142; x_wconf 81' lang='lat' dir='ltr'><strong>scilicet</strong></span> <span class='ocrx_word' id='word_1_79' title='bbox 1042 1087 1182 1142; x_wconf 80' lang='grc' dir='ltr'>κατὰ</span> <span class='ocrx_word' id='word_1_80' title='bbox 1204 1089 1549 1159; x_wconf 72' lang='grc' dir='ltr'><strong>ἀντίφρασιν,</strong></span> <span class='ocrx_word' id='word_1_81' title='bbox 1581 1090 1789 1159; x_wconf 88' lang='lat' dir='ltr'><strong>iniquus</strong></span> <span class='ocrx_word' id='word_1_82' title='bbox 1812 1089 1971 1144; x_wconf 84' lang='lat' dir='ltr'><strong>intel-</strong></span> 
     </span>
    </p>
   </div>
   <div class='ocr_carea' id='block_1_12' title="bbox 398 1179 1971 1251">
    <p class='ocr_par' dir='ltr' id='par_1_12' title="bbox 398 1179 1971 1251">
     <span class='ocr_line' id='line_1_12' title="bbox 398 1179 1971 1251; baseline 0.002 -18"><span class='ocrx_word' id='word_1_83' title='bbox 398 1180 599 1248; x_wconf 79' lang='lat' dir='ltr'><strong>ligatur</strong></span> <span class='ocrx_word' id='word_1_84' title='bbox 642 1190 697 1232; x_wconf 90' lang='lat' dir='ltr'><strong>et</strong></span> <span class='ocrx_word' id='word_1_85' title='bbox 727 1179 974 1250; x_wconf 80' lang='lat' dir='ltr'><strong>pravus).</strong></span> <span class='ocrx_word' id='word_1_86' title='bbox 1008 1180 1076 1233; x_wconf 90' lang='lat' dir='ltr'><strong>ad</strong></span> <span class='ocrx_word' id='word_1_87' title='bbox 1129 1179 1436 1251; x_wconf 85' lang='lat' dir='ltr'><strong>pontiﬁcem</strong></span> <span class='ocrx_word' id='word_1_88' title='bbox 1498 1181 1706 1250; x_wconf 85' lang='lat' dir='ltr'><strong>templi,</strong></span> <span class='ocrx_word' id='word_1_89' title='bbox 1741 1190 1796 1236; x_wconf 87' lang='lat' dir='ltr'><strong>et</strong></span> <span class='ocrx_word' id='word_1_90' title='bbox 1823 1180 1971 1236; x_wconf 84' lang='lat' dir='ltr'><strong>dices</strong></span> 
     </span>
    </p>
   </div>
   <div class='ocr_carea' id='block_1_13' title="bbox 397 1268 1967 1341">
    <p class='ocr_par' dir='ltr' id='par_1_13' title="bbox 397 1268 1967 1341">
     <span class='ocr_line' id='line_1_13' title="bbox 397 1268 1967 1341; baseline 0.001 -18"><span class='ocrx_word' id='word_1_91' title='bbox 397 1270 448 1323; x_wconf 90' lang='lat' dir='ltr'><strong>ei</strong></span> <span class='ocrx_word' id='word_1_92' title='bbox 486 1286 502 1325; x_wconf 90' lang='lat'>:</span> <span class='ocrx_word' id='word_1_93' title='bbox 532 1268 636 1335; x_wconf 87' lang='lat' dir='ltr'><strong>Qui</strong></span> <span class='ocrx_word' id='word_1_94' title='bbox 678 1271 890 1325; x_wconf 88' lang='lat' dir='ltr'><strong>habitas</strong></span> <span class='ocrx_word' id='word_1_95' title='bbox 920 1271 970 1324; x_wconf 90' lang='lat' dir='ltr'><strong>in</strong></span> <span class='ocrx_word' id='word_1_96' title='bbox 1004 1272 1163 1325; x_wconf 90' lang='lat' dir='ltr'><strong>domo</strong></span> <span class='ocrx_word' id='word_1_97' title='bbox 1188 1271 1302 1335; x_wconf 86' lang='lat' dir='ltr'><strong>Dei,</strong></span> <span class='ocrx_word' id='word_1_98' title='bbox 1330 1272 1488 1341; x_wconf 84' lang='lat' dir='ltr'><strong>cujus</strong></span> <span class='ocrx_word' id='word_1_99' title='bbox 1517 1272 1723 1327; x_wconf 89' lang='lat' dir='ltr'><strong>scelera</strong></span> <span class='ocrx_word' id='word_1_100' title='bbox 1755 1272 1810 1325; x_wconf 91' lang='lat' dir='ltr'><strong>in</strong></span> <span class='ocrx_word' id='word_1_101' title='bbox 1854 1281 1967 1326; x_wconf 86' lang='lat' dir='ltr'><strong>tota</strong></span> 
     </span>
    </p>
   </div>
   <div class='ocr_carea' id='block_1_14' title="bbox 397 1362 1970 1435">
    <p class='ocr_par' dir='ltr' id='par_1_14' title="bbox 397 1362 1970 1435">
     <span class='ocr_line' id='line_1_14' title="bbox 397 1362 1970 1435; baseline -0.001 -19"><span class='ocrx_word' id='word_1_102' title='bbox 397 1362 620 1416; x_wconf 85' lang='lat' dir='ltr'><strong>civitate</strong></span> <span class='ocrx_word' id='word_1_103' title='bbox 647 1362 1001 1428; x_wconf 87' lang='lat' dir='ltr'><strong>bacchantur,</strong></span> <span class='ocrx_word' id='word_1_104' title='bbox 1016 1377 1115 1417; x_wconf 91' lang='lat' dir='ltr'><strong>cur</strong></span> <span class='ocrx_word' id='word_1_105' title='bbox 1141 1378 1369 1418; x_wconf 88' lang='lat' dir='ltr'><strong>securus</strong></span> <span class='ocrx_word' id='word_1_106' title='bbox 1390 1378 1450 1418; x_wconf 90' lang='lat' dir='ltr'><strong>es</strong></span> <span class='ocrx_word' id='word_1_107' title='bbox 1477 1363 1531 1416; x_wconf 92' lang='lat' dir='ltr'><strong>in</strong></span> <span class='ocrx_word' id='word_1_108' title='bbox 1556 1364 1818 1435; x_wconf 81' lang='lat' dir='ltr'><strong>operibus</strong></span> <span class='ocrx_word' id='word_1_109' title='bbox 1841 1364 1970 1426; x_wconf 89' lang='lat' dir='ltr'><strong>tuis,</strong></span> 
     </span>
    </p>
   </div>
   <div class='ocr_carea' id='block_1_15' title="bbox 398 1454 1970 1526">
    <p class='ocr_par' dir='ltr' id='par_1_15' title="bbox 398 1454 1970 1526">
     <span class='ocr_line' id='line_1_15' title="bbox 398 1454 1970 1526; baseline 0.002 -20"><span class='ocrx_word' id='word_1_110' title='bbox 398 1455 557 1523; x_wconf 87' lang='lat' dir='ltr'><strong>quasi</strong></span> <span class='ocrx_word' id='word_1_111' title='bbox 600 1470 705 1509; x_wconf 90' lang='lat' dir='ltr'><strong>non</strong></span> <span class='ocrx_word' id='word_1_112' title='bbox 746 1456 989 1509; x_wconf 80' lang='lat' dir='ltr'><strong>verearis</strong></span> <span class='ocrx_word' id='word_1_113' title='bbox 1039 1454 1201 1526; x_wconf 85' lang='lat'><strong>225</strong></span> <span class='ocrx_word' id='word_1_114' title='bbox 1258 1455 1630 1525; x_wconf 80' lang='lat' dir='ltr'><strong>captivitatem</strong></span> <span class='ocrx_word' id='word_1_115' title='bbox 1670 1455 1970 1512; x_wconf 83' lang='lat' dir='ltr'><strong>:excidisti</strong></span> 
     </span>
    </p>
   </div>
   <div class='ocr_carea' id='block_1_16' title="bbox 400 1546 1960 1618">
    <p class='ocr_par' dir='ltr' id='par_1_16' title="bbox 400 1546 1960 1618">
     <span class='ocr_line' id='line_1_16' title="bbox 400 1546 1960 1618; baseline 0.001 -18"><span class='ocrx_word' id='word_1_116' title='bbox 400 1547 498 1601; x_wconf 84' lang='lat' dir='ltr'><strong>tibi</strong></span> <span class='ocrx_word' id='word_1_117' title='bbox 537 1547 591 1601; x_wconf 90' lang='lat' dir='ltr'><strong>in</strong></span> <span class='ocrx_word' id='word_1_118' title='bbox 614 1558 764 1616; x_wconf 83' lang='lat' dir='ltr'><strong>petra</strong></span> <span class='ocrx_word' id='word_1_119' title='bbox 792 1548 1127 1618; x_wconf 83' lang='lat' dir='ltr'><strong>sepulcrum,</strong></span> <span class='ocrx_word' id='word_1_120' title='bbox 1162 1556 1218 1602; x_wconf 90' lang='lat' dir='ltr'><strong>et</strong></span> <span class='ocrx_word' id='word_1_121' title='bbox 1246 1554 1356 1601; x_wconf 88' lang='lat' dir='ltr'><strong>tam</strong></span> <span class='ocrx_word' id='word_1_122' title='bbox 1383 1546 1617 1615; x_wconf 85' lang='lat' dir='ltr'><strong>superbe</strong></span> <span class='ocrx_word' id='word_1_123' title='bbox 1655 1547 1960 1611; x_wconf 76' lang='lat' dir='ltr'><strong>:ediﬁcasti,</strong></span> 
     </span>
    </p>
   </div>
   <div class='ocr_carea' id='block_1_17' title="bbox 398 1637 1975 1709">
    <p class='ocr_par' dir='ltr' id='par_1_17' title="bbox 398 1637 1975 1709">
     <span class='ocr_line' id='line_1_17' title="bbox 398 1637 1975 1709; baseline -0.002 -16"><span class='ocrx_word' id='word_1_124' title='bbox 398 1648 461 1693; x_wconf 90' lang='lat' dir='ltr'><strong>ut</strong></span> <span class='ocrx_word' id='word_1_125' title='bbox 503 1638 728 1693; x_wconf 83' lang='lat' dir='ltr'><strong>ambitio</strong></span> <span class='ocrx_word' id='word_1_126' title='bbox 753 1646 805 1693; x_wconf 88' lang='lat' dir='ltr'><strong>te</strong></span> <span class='ocrx_word' id='word_1_127' title='bbox 828 1638 954 1694; x_wconf 86' lang='lat' dir='ltr'><strong>etin</strong></span> <span class='ocrx_word' id='word_1_128' title='bbox 987 1647 1159 1692; x_wconf 88' lang='lat' dir='ltr'><strong>morte</strong></span> <span class='ocrx_word' id='word_1_129' title='bbox 1192 1637 1558 1707; x_wconf 74' lang='lat' dir='ltr'><strong>sequeretur?</strong></span> <span class='ocrx_word' id='word_1_130' title='bbox 1583 1638 1723 1692; x_wconf 82' lang='lat' dir='ltr'><strong>Audi</strong></span> <span class='ocrx_word' id='word_1_131' title='bbox 1755 1651 1875 1709; x_wconf 71' lang='lat' dir='ltr'><strong>qua:</strong></span> <span class='ocrx_word' id='word_1_132' title='bbox 1903 1638 1975 1693; x_wconf 91' lang='lat' dir='ltr'><strong>sit</strong></span> 
     </span>
    </p>
   </div>
   <div class='ocr_carea' id='block_1_18' title="bbox 403 1726 1975 1798">
    <p class='ocr_par' dir='ltr' id='par_1_18' title="bbox 403 1726 1975 1798">
     <span class='ocr_line' id='line_1_18' title="bbox 403 1726 1975 1798; baseline -0.001 -16"><span class='ocrx_word' id='word_1_133' title='bbox 403 1728 461 1782; x_wconf 93' lang='lat' dir='ltr'><strong>in</strong></span> <span class='ocrx_word' id='word_1_134' title='bbox 494 1736 547 1781; x_wconf 90' lang='lat' dir='ltr'><strong>te</strong></span> <span class='ocrx_word' id='word_1_135' title='bbox 572 1728 783 1782; x_wconf 85' lang='lat' dir='ltr'><strong>Domini</strong></span> <span class='ocrx_word' id='word_1_136' title='bbox 808 1727 1074 1782; x_wconf 89' lang='lat' dir='ltr'><strong>sententia</strong></span> <span class='ocrx_word' id='word_1_137' title='bbox 1104 1739 1123 1783; x_wconf 84' lang='lat'><strong>:</strong></span> <span class='ocrx_word' id='word_1_138' title='bbox 1160 1727 1428 1796; x_wconf 85' lang='lat' dir='ltr'><strong>quomodo</strong></span> <span class='ocrx_word' id='word_1_139' title='bbox 1453 1727 1627 1797; x_wconf 92' lang='lat' dir='ltr'><strong>gallus</strong></span> <span class='ocrx_word' id='word_1_140' title='bbox 1647 1726 1975 1798; x_wconf 75' lang='lat' dir='ltr'><strong>gallinaceus</strong></span> 
     </span>
    </p>
   </div>
   <div class='ocr_carea' id='block_1_19' title="bbox 2067 543 3630 615">
    <p class='ocr_par' dir='ltr' id='par_1_19' title="bbox 2067 543 3630 615">
     <span class='ocr_line' id='line_1_19' title="bbox 2067 543 3630 615; baseline -0.001 -18"><span class='ocrx_word' id='word_1_141' title='bbox 2067 543 2299 606; x_wconf 80' lang='lat' dir='ltr'><strong>dixerat,</strong></span> <span class='ocrx_word' id='word_1_142' title='bbox 2330 545 2535 599; x_wconf 87' lang='lat' dir='ltr'><strong>servari</strong></span> <span class='ocrx_word' id='word_1_143' title='bbox 2568 544 2938 615; x_wconf 80' lang='lat' dir='ltr'><strong>metaphoram</strong></span> <span class='ocrx_word' id='word_1_144' title='bbox 2986 544 3041 598; x_wconf 92' lang='lat' dir='ltr'><strong>in</strong></span> <span class='ocrx_word' id='word_1_145' title='bbox 3075 544 3431 613; x_wconf 83' lang='lat' dir='ltr'><strong>suspensione</strong></span> <span class='ocrx_word' id='word_1_146' title='bbox 3469 560 3630 601; x_wconf 70' lang='lat' dir='ltr'><strong>vaso-</strong></span> 
     </span>
    </p>
   </div>
   <div class='ocr_carea' id='block_1_20' title="bbox 2071 633 3634 704">
    <p class='ocr_par' dir='ltr' id='par_1_20' title="bbox 2071 633 3634 704">
     <span class='ocr_line' id='line_1_20' title="bbox 2071 633 3634 704; baseline 0.004 -19"><span class='ocrx_word' id='word_1_147' title='bbox 2071 648 2188 687; x_wconf 88' lang='lat' dir='ltr'><strong>rum</strong></span> <span class='ocrx_word' id='word_1_148' title='bbox 2218 633 2416 689; x_wconf 83' lang='lat' dir='ltr'><strong>diversi</strong></span> <span class='ocrx_word' id='word_1_149' title='bbox 2445 634 2657 702; x_wconf 83' lang='lat' dir='ltr'><strong>generis</strong></span> <span class='ocrx_word' id='word_1_150' title='bbox 2683 650 2697 688; x_wconf 73' lang='grc' dir='ltr'><em>ε</em></span> <span class='ocrx_word' id='word_1_151' title='bbox 2728 643 2784 689; x_wconf 89' lang='lat' dir='ltr'><strong>et</strong></span> <span class='ocrx_word' id='word_1_152' title='bbox 2826 635 2971 704; x_wconf 89' lang='lat' dir='ltr'><strong>quod</strong></span> <span class='ocrx_word' id='word_1_153' title='bbox 3008 635 3280 704; x_wconf 85' lang='lat' dir='ltr'><strong>prioribus</strong></span> <span class='ocrx_word' id='word_1_154' title='bbox 3310 635 3497 693; x_wconf 75' lang='lat' dir='ltr'><strong>fractis</strong></span> <span class='ocrx_word' id='word_1_155' title='bbox 3529 639 3634 691; x_wconf 88' lang='lat' dir='ltr'><strong>alia</strong></span> 
     </span>
    </p>
   </div>
   <div class='ocr_carea' id='block_1_21' title="bbox 2068 723 2490 791">
    <p class='ocr_par' dir='ltr' id='par_1_21' title="bbox 2068 723 2490 791">
     <span class='ocr_line' id='line_1_21' title="bbox 2068 723 2490 791; baseline 0 -14"><span class='ocrx_word' id='word_1_156' title='bbox 2068 723 2490 791; x_wconf 79' lang='lat' dir='ltr'><strong>suspendantur.</strong></span> 
     </span>
    </p>
   </div>
   <div class='ocr_carea' id='block_1_22' title="bbox 2142 815 3633 889">
    <p class='ocr_par' dir='ltr' id='par_1_22' title="bbox 2142 815 3633 889">
     <span class='ocr_line' id='line_1_22' title="bbox 2142 815 3633 889; baseline 0.001 -17"><span class='ocrx_word' id='word_1_157' title='bbox 2142 816 2295 889; x_wconf 89' lang='lat' dir='ltr'><strong>(Cap.</strong></span> <span class='ocrx_word' id='word_1_158' title='bbox 2324 816 2510 873; x_wconf 76' lang='lat' dir='ltr'><strong>XXIII.</strong></span> <span class='ocrx_word' id='word_1_159' title='bbox 2542 847 2611 856; x_wconf 90' lang='lat'><strong>-—</strong></span> <span class='ocrx_word' id='word_1_160' title='bbox 2641 815 2799 872; x_wconf 78' lang='lat' dir='ltr'><strong>Vera.</strong></span> <span class='ocrx_word' id='word_1_161' title='bbox 2836 816 2913 885; x_wconf 85' lang='lat' dir='ltr'><strong>l.)</strong></span> <span class='ocrx_word' id='word_1_162' title='bbox 2950 837 2967 869; x_wconf 71' lang='grc' dir='ltr'>ς</span> <span class='ocrx_word' id='word_1_163' title='bbox 3009 815 3161 873; x_wconf 86' lang='lat' dir='ltr'><strong>Onus</strong></span> <span class='ocrx_word' id='word_1_164' title='bbox 3208 817 3359 888; x_wconf 80' lang='lat' dir='ltr'><strong>Tyri.</strong></span> <span class='ocrx_word' id='word_1_165' title='bbox 3397 817 3633 884; x_wconf 81' lang='lat' dir='ltr'><strong>Ululate,</strong></span> 
     </span>
    </p>
   </div>
   <div class='ocr_carea' id='block_1_23' title="bbox 2071 909 3637 979">
    <p class='ocr_par' dir='ltr' id='par_1_23' title="bbox 2071 909 3637 979">
     <span class='ocr_line' id='line_1_23' title="bbox 2071 909 3637 979; baseline 0.002 -15"><span class='ocrx_word' id='word_1_166' title='bbox 2071 925 2237 966; x_wconf 82' lang='lat' dir='ltr'><strong>naves</strong></span> <span class='ocrx_word' id='word_1_167' title='bbox 2282 909 2469 974; x_wconf 89' lang='lat' dir='ltr'><strong>maris,</strong></span> <span class='ocrx_word' id='word_1_168' title='bbox 2504 910 2629 979; x_wconf 83' lang='lat' dir='ltr'><strong>quia</strong></span> <span class='ocrx_word' id='word_1_169' title='bbox 2661 919 2869 964; x_wconf 90' lang='lat' dir='ltr'><strong>vastata</strong></span> <span class='ocrx_word' id='word_1_170' title='bbox 2901 920 2985 965; x_wconf 89' lang='lat' dir='ltr'><strong>est</strong></span> <span class='ocrx_word' id='word_1_171' title='bbox 3015 910 3231 976; x_wconf 85' lang='lat' dir='ltr'><strong>domus,</strong></span> <span class='ocrx_word' id='word_1_172' title='bbox 3258 911 3401 965; x_wconf 86' lang='lat' dir='ltr'><strong>unde</strong></span> <span class='ocrx_word' id='word_1_173' title='bbox 3452 914 3637 967; x_wconf 85' lang='lat' dir='ltr'><strong>venire</strong></span> 
     </span>
    </p>
   </div>
   <div class='ocr_carea' id='block_1_24' title="bbox 2072 1000 3633 1058">
    <p class='ocr_par' dir='ltr' id='par_1_24' title="bbox 2072 1000 3633 1058">
     <span class='ocr_line' id='line_1_24' title="bbox 2072 1000 3633 1058; baseline 0.002 -3"><span class='ocrx_word' id='word_1_174' title='bbox 2072 1010 2506 1055; x_wconf 86' lang='lat' dir='ltr'><strong>consueverant:</strong></span> <span class='ocrx_word' id='word_1_175' title='bbox 2533 1001 2600 1054; x_wconf 89' lang='lat' dir='ltr'><strong>de</strong></span> <span class='ocrx_word' id='word_1_176' title='bbox 2629 1011 2769 1055; x_wconf 88' lang='lat' dir='ltr'><strong>terra</strong></span> <span class='ocrx_word' id='word_1_177' title='bbox 2797 1000 3009 1055; x_wconf 86' lang='lat' dir='ltr'><strong>Cetbim</strong></span> <span class='ocrx_word' id='word_1_178' title='bbox 3044 1002 3278 1056; x_wconf 84' lang='lat' dir='ltr'><strong>revelata</strong></span> <span class='ocrx_word' id='word_1_179' title='bbox 3296 1012 3377 1056; x_wconf 87' lang='lat' dir='ltr'><strong>est</strong></span> <span class='ocrx_word' id='word_1_180' title='bbox 3401 1003 3503 1058; x_wconf 89' lang='lat' dir='ltr'><strong>eis.</strong></span> <span class='ocrx_word' id='word_1_181' title='bbox 3528 1005 3633 1058; x_wconf 84' lang='lat' dir='ltr'><strong>Ta-</strong></span> 
     </span>
    </p>
   </div>
   <div class='ocr_carea' id='block_1_25' title="bbox 2071 1090 3629 1161">
    <p class='ocr_par' dir='ltr' id='par_1_25' title="bbox 2071 1090 3629 1161">
     <span class='ocr_line' id='line_1_25' title="bbox 2071 1090 3629 1161; baseline -0.001 -15"><span class='ocrx_word' id='word_1_182' title='bbox 2071 1100 2191 1146; x_wconf 87' lang='lat' dir='ltr'><strong>cete</strong></span> <span class='ocrx_word' id='word_1_183' title='bbox 2226 1091 2319 1159; x_wconf 90' lang='lat' dir='ltr'><strong>qui</strong></span> <span class='ocrx_word' id='word_1_184' title='bbox 2356 1090 2612 1146; x_wconf 81' lang='lat' dir='ltr'><strong>habitatis</strong></span> <span class='ocrx_word' id='word_1_185' title='bbox 2647 1091 2902 1145; x_wconf 90' lang='lat' dir='ltr'><strong>ininsula</strong></span> <span class='ocrx_word' id='word_1_186' title='bbox 2937 1091 3279 1161; x_wconf 79' lang='lat' dir='ltr'><strong>negotiatio:</strong></span> <span class='ocrx_word' id='word_1_187' title='bbox 3334 1093 3577 1152; x_wconf 85' lang='lat' dir='ltr'><strong>Sidonis.</strong></span> <span class='ocrx_word' id='word_1_188' title='bbox 3611 1113 3629 1145; x_wconf 74' lang='grc' dir='ltr'><strong>ο</strong></span> 
     </span>
    </p>
   </div>
   <div class='ocr_carea' id='block_1_26' title="bbox 2072 1180 3638 1250">
    <p class='ocr_par' dir='ltr' id='par_1_26' title="bbox 2072 1180 3638 1250">
     <span class='ocr_line' id='line_1_26' title="bbox 2072 1180 3638 1250; baseline 0.001 -14"><span class='ocrx_word' id='word_1_189' title='bbox 2072 1180 2412 1237; x_wconf 79' lang='lat' dir='ltr'><strong>Manifestius</strong></span> <span class='ocrx_word' id='word_1_190' title='bbox 2437 1192 2490 1236; x_wconf 91' lang='lat' dir='ltr'><strong>et</strong></span> <span class='ocrx_word' id='word_1_191' title='bbox 2518 1181 2733 1249; x_wconf 89' lang='lat' dir='ltr'><strong>plenius</strong></span> <span class='ocrx_word' id='word_1_192' title='bbox 2757 1180 3007 1236; x_wconf 73' lang='lat' dir='ltr'><strong>Elechiel</strong></span> <span class='ocrx_word' id='word_1_193' title='bbox 3036 1184 3297 1250; x_wconf 86' lang='lat' dir='ltr'><strong>propheta</strong></span> <span class='ocrx_word' id='word_1_194' title='bbox 3327 1192 3381 1237; x_wconf 81' lang='lat' dir='ltr'><strong>et</strong></span> <span class='ocrx_word' id='word_1_195' title='bbox 3411 1184 3638 1238; x_wconf 75' lang='lat' dir='ltr'><strong>subver-</strong></span> 
     </span>
    </p>
   </div>
   <div class='ocr_carea' id='block_1_27' title="bbox 2073 1272 3639 1343">
    <p class='ocr_par' dir='ltr' id='par_1_27' title="bbox 2073 1272 3639 1343">
     <span class='ocr_line' id='line_1_27' title="bbox 2073 1272 3639 1343; baseline 0.002 -16"><span class='ocrx_word' id='word_1_196' title='bbox 2073 1273 2281 1341; x_wconf 80' lang='lat' dir='ltr'><strong>sioqem</strong></span> <span class='ocrx_word' id='word_1_197' title='bbox 2305 1272 2457 1342; x_wconf 87' lang='lat' dir='ltr'><strong>Tyri,</strong></span> <span class='ocrx_word' id='word_1_198' title='bbox 2475 1281 2532 1327; x_wconf 89' lang='lat' dir='ltr'><strong>et</strong></span> <span class='ocrx_word' id='word_1_199' title='bbox 2551 1286 2744 1327; x_wconf 79' lang='lat' dir='ltr'><strong>causas</strong></span> <span class='ocrx_word' id='word_1_200' title='bbox 2761 1274 3129 1328; x_wconf 86' lang='lat' dir='ltr'><strong>subversionis</strong></span> <span class='ocrx_word' id='word_1_201' title='bbox 3148 1275 3388 1343; x_wconf 75' lang='lat' dir='ltr'><strong>exponit,</strong></span> <span class='ocrx_word' id='word_1_202' title='bbox 3403 1273 3593 1330; x_wconf 87' lang='lat' dir='ltr'><strong>dicens</strong></span> <span class='ocrx_word' id='word_1_203' title='bbox 3626 1295 3639 1330; x_wconf 89' lang='lat'><strong>:</strong></span> 
     </span>
    </p>
   </div>
   <div class='ocr_carea' id='block_1_28' title="bbox 2074 1360 3641 1432">
    <p class='ocr_par' dir='ltr' id='par_1_28' title="bbox 2074 1360 3641 1432">
     <span class='ocr_line' id='line_1_28' title="bbox 2074 1360 3641 1432; baseline 0.003 -17"><span class='ocrx_word' id='word_1_204' title='bbox 2074 1360 2185 1416; x_wconf 82' lang='lat' dir='ltr'><strong>Fili</strong></span> <span class='ocrx_word' id='word_1_205' title='bbox 2204 1363 2453 1427; x_wconf 77' lang='lat' dir='ltr'><strong>hominis,</strong></span> <span class='ocrx_word' id='word_1_206' title='bbox 2476 1379 2569 1431; x_wconf 88' lang='lat' dir='ltr'><strong>pro</strong></span> <span class='ocrx_word' id='word_1_207' title='bbox 2590 1379 2649 1417; x_wconf 87' lang='lat' dir='ltr'><strong>eo</strong></span> <span class='ocrx_word' id='word_1_208' title='bbox 2671 1364 2809 1432; x_wconf 88' lang='lat' dir='ltr'><strong>quod</strong></span> <span class='ocrx_word' id='word_1_209' title='bbox 2832 1364 2965 1416; x_wconf 71' lang='lat' dir='ltr'><strong>dixit</strong></span> <span class='ocrx_word' id='word_1_210' title='bbox 2993 1361 3164 1431; x_wconf 87' lang='lat' dir='ltr'><strong>Tyrus</strong></span> <span class='ocrx_word' id='word_1_211' title='bbox 3195 1364 3257 1417; x_wconf 90' lang='lat' dir='ltr'><strong>de</strong></span> <span class='ocrx_word' id='word_1_212' title='bbox 3294 1364 3588 1418; x_wconf 80' lang='lat' dir='ltr'><strong>Jerusalem</strong></span> <span class='ocrx_word' id='word_1_213' title='bbox 3622 1380 3641 1419; x_wconf 89' lang='lat'><strong><em>:</em></strong></span> 
     </span>
    </p>
   </div>
   <div class='ocr_carea' id='block_1_29' title="bbox 2075 1450 3639 1522">
    <p class='ocr_par' dir='ltr' id='par_1_29' title="bbox 2075 1450 3639 1522">
     <span class='ocr_line' id='line_1_29' title="bbox 2075 1450 3639 1522; baseline 0.003 -17"><span class='ocrx_word' id='word_1_214' title='bbox 2075 1450 2243 1522; x_wconf 85' lang='lat' dir='ltr'><strong>Euge,</strong></span> <span class='ocrx_word' id='word_1_215' title='bbox 2286 1453 2574 1522; x_wconf 68' lang='lat' dir='ltr'><strong>confracta:~</strong></span> <span class='ocrx_word' id='word_1_216' title='bbox 2617 1465 2740 1507; x_wconf 87' lang='lat' dir='ltr'><strong>sunt</strong></span> <span class='ocrx_word' id='word_1_217' title='bbox 2796 1461 2963 1521; x_wconf 71' lang='lat' dir='ltr'><strong>porta:</strong></span> <span class='ocrx_word' id='word_1_218' title='bbox 3015 1452 3348 1521; x_wconf 87' lang='lat' dir='ltr'><strong>populorum,</strong></span> <span class='ocrx_word' id='word_1_219' title='bbox 3390 1470 3639 1509; x_wconf 78' lang='lat' dir='ltr'><strong>conuersa</strong></span> 
     </span>
    </p>
   </div>
   <div class='ocr_carea' id='block_1_30' title="bbox 2074 1543 3639 1612">
    <p class='ocr_par' dir='ltr' id='par_1_30' title="bbox 2074 1543 3639 1612">
     <span class='ocr_line' id='line_1_30' title="bbox 2074 1543 3639 1612; baseline 0.001 -15"><span class='ocrx_word' id='word_1_220' title='bbox 2074 1543 2247 1597; x_wconf 83' lang='lat' dir='ltr'><strong>estad</strong></span> <span class='ocrx_word' id='word_1_221' title='bbox 2279 1560 2379 1607; x_wconf 87' lang='lat' dir='ltr'><strong>me,</strong></span> <span class='ocrx_word' id='word_1_222' title='bbox 2400 1544 2672 1611; x_wconf 82' lang='lat' dir='ltr'><strong>implebor,</strong></span> <span class='ocrx_word' id='word_1_223' title='bbox 2704 1543 2911 1598; x_wconf 85' lang='lat' dir='ltr'><strong>deserta</strong></span> <span class='ocrx_word' id='word_1_224' title='bbox 2939 1553 3036 1598; x_wconf 87' lang='lat' dir='ltr'><strong>est.</strong></span> <span class='ocrx_word' id='word_1_225' title='bbox 3066 1543 3349 1612; x_wconf 86' lang='lat' dir='ltr'><strong>Propterea</strong></span> <span class='ocrx_word' id='word_1_226' title='bbox 3380 1547 3490 1599; x_wconf 62' lang='lat' dir='ltr'><strong>huic</strong></span> <span class='ocrx_word' id='word_1_227' title='bbox 3515 1548 3639 1599; x_wconf 84' lang='lat' dir='ltr'><strong>dicit</strong></span> 
     </span>
    </p>
   </div>
   <div class='ocr_carea' id='block_1_31' title="bbox 2079 1633 3642 1706">
    <p class='ocr_par' dir='ltr' id='par_1_31' title="bbox 2079 1633 3642 1706">
     <span class='ocr_line' id='line_1_31' title="bbox 2079 1633 3642 1706; baseline 0.003 -19"><span class='ocrx_word' id='word_1_228' title='bbox 2079 1633 2329 1688; x_wconf 79' lang='lat' dir='ltr'><strong>Dominus</strong></span> <span class='ocrx_word' id='word_1_229' title='bbox 2357 1633 2533 1689; x_wconf 87' lang='lat' dir='ltr'><strong>Deus:</strong></span> <span class='ocrx_word' id='word_1_230' title='bbox 2557 1634 2692 1689; x_wconf 80' lang='lat' dir='ltr'><strong>Ecce</strong></span> <span class='ocrx_word' id='word_1_231' title='bbox 2717 1650 2811 1704; x_wconf 87' lang='lat' dir='ltr'><strong>ego</strong></span> <span class='ocrx_word' id='word_1_232' title='bbox 2833 1651 2989 1703; x_wconf 84' lang='lat' dir='ltr'><strong>super</strong></span> <span class='ocrx_word' id='word_1_233' title='bbox 3011 1646 3082 1701; x_wconf 89' lang='lat' dir='ltr'><strong>te,</strong></span> <span class='ocrx_word' id='word_1_234' title='bbox 3114 1634 3267 1706; x_wconf 76' lang='lat' dir='ltr'><strong>Tyro,</strong></span> <span class='ocrx_word' id='word_1_235' title='bbox 3289 1646 3340 1690; x_wconf 91' lang='lat' dir='ltr'><strong>et</strong></span> <span class='ocrx_word' id='word_1_236' title='bbox 3361 1639 3642 1691; x_wconf 89' lang='lat' dir='ltr'><strong>ascendere</strong></span> 
     </span>
    </p>
   </div>
   <div class='ocr_carea' id='block_1_32' title="bbox 2079 1723 3644 1795">
    <p class='ocr_par' dir='ltr' id='par_1_32' title="bbox 2079 1723 3644 1795">
     <span class='ocr_line' id='line_1_32' title="bbox 2079 1723 3644 1795; baseline 0.001 -17"><span class='ocrx_word' id='word_1_237' title='bbox 2079 1723 2277 1793; x_wconf 80' lang='lat' dir='ltr'><strong>faciam</strong></span> <span class='ocrx_word' id='word_1_238' title='bbox 2301 1724 2370 1777; x_wconf 88' lang='lat' dir='ltr'><strong>ad</strong></span> <span class='ocrx_word' id='word_1_239' title='bbox 2411 1734 2458 1777; x_wconf 90' lang='lat' dir='ltr'><strong>te</strong></span> <span class='ocrx_word' id='word_1_240' title='bbox 2483 1731 2658 1793; x_wconf 80' lang='lat' dir='ltr'><strong>gentes</strong></span> <span class='ocrx_word' id='word_1_241' title='bbox 2692 1723 2908 1789; x_wconf 82' lang='lat' dir='ltr'><strong>multas,</strong></span> <span class='ocrx_word' id='word_1_242' title='bbox 2933 1727 3068 1779; x_wconf 84' lang='lat' dir='ltr'><strong>sicut</strong></span> <span class='ocrx_word' id='word_1_243' title='bbox 3098 1728 3335 1781; x_wconf 82' lang='lat' dir='ltr'><strong>ascendit</strong></span> <span class='ocrx_word' id='word_1_244' title='bbox 3368 1744 3510 1781; x_wconf 84' lang='lat' dir='ltr'><strong>mare</strong></span> <span class='ocrx_word' id='word_1_245' title='bbox 3540 1729 3644 1795; x_wconf 78' lang='lat' dir='ltr'><strong>[ln-</strong></span> 
     </span>
    </p>
   </div>
   <div class='ocr_carea' id='block_1_33' title="bbox 404 1792 3637 1890">
    <p class='ocr_par' dir='ltr' id='par_1_33' title="bbox 404 1792 3637 1890">
     <span class='ocr_line' id='line_1_33' title="bbox 404 1792 3637 1890; baseline 0.001 -18"><span class='ocrx_word' id='word_1_246' title='bbox 404 1820 634 1874; x_wconf 86' lang='lat' dir='ltr'><strong>humero</strong></span> <span class='ocrx_word' id='word_1_247' title='bbox 667 1820 934 1890; x_wconf 86' lang='lat' dir='ltr'><strong>portantis</strong></span> <span class='ocrx_word' id='word_1_248' title='bbox 962 1817 1226 1886; x_wconf 78' lang='lat' dir='ltr'><strong>aufertur,</strong></span> <span class='ocrx_word' id='word_1_249' title='bbox 1270 1827 1324 1874; x_wconf 89' lang='lat' dir='ltr'><strong>et</strong></span> <span class='ocrx_word' id='word_1_250' title='bbox 1353 1819 1550 1889; x_wconf 81' lang='lat' dir='ltr'><strong>singuli</strong></span> <span class='ocrx_word' id='word_1_251' title='bbox 1586 1819 1861 1873; x_wconf 83' lang='lat' dir='ltr'><strong>hominum</strong></span> <span class='ocrx_word' id='word_1_252' title='bbox 1893 1818 1966 1874; x_wconf 91' lang='lat' dir='ltr'><strong>le-</strong></span> <span class='ocrx_word' id='word_1_253' title='bbox 2005 1792 2045 1847; x_wconf 73' lang='grc' dir='ltr'><strong><em>Β</em></strong></span> <span class='ocrx_word' id='word_1_254' title='bbox 2075 1830 2281 1880; x_wconf 87' lang='lat' dir='ltr'><strong>ctuans,</strong></span> <span class='ocrx_word' id='word_1_255' title='bbox 2309 1825 2361 1869; x_wconf 87' lang='lat' dir='ltr'><strong>et</strong></span> <span class='ocrx_word' id='word_1_256' title='bbox 2384 1816 2649 1885; x_wconf 80' lang='lat' dir='ltr'><strong>dissipabo</strong></span> <span class='ocrx_word' id='word_1_257' title='bbox 2680 1831 2857 1871; x_wconf 87' lang='lat' dir='ltr'><strong>muros</strong></span> <span class='ocrx_word' id='word_1_258' title='bbox 2883 1816 3030 1887; x_wconf 70' lang='lat' dir='ltr'><strong>Tyri,</strong></span> <span class='ocrx_word' id='word_1_259' title='bbox 3065 1827 3115 1887; x_wconf 86' lang='lat' dir='ltr'><strong>et</strong></span> <span class='ocrx_word' id='word_1_260' title='bbox 3154 1820 3428 1873; x_wconf 77' lang='lat' dir='ltr'><strong>destruant</strong></span> <span class='ocrx_word' id='word_1_261' title='bbox 3468 1832 3637 1875; x_wconf 82' lang='lat' dir='ltr'><strong>turres</strong></span> 
     </span>
    </p>
   </div>
   <div class='ocr_carea' id='block_1_34' title="bbox 397 1907 1968 1978">
    <p class='ocr_par' dir='ltr' id='par_1_34' title="bbox 397 1907 1968 1978">
     <span class='ocr_line' id='line_1_34' title="bbox 397 1907 1968 1978; baseline -0.002 -14"><span class='ocrx_word' id='word_1_262' title='bbox 397 1919 527 1965; x_wconf 81' lang='lat' dir='ltr'><strong>vant</strong></span> <span class='ocrx_word' id='word_1_263' title='bbox 561 1910 612 1962; x_wconf 85' lang='lat' dir='ltr'><strong>in</strong></span> <span class='ocrx_word' id='word_1_264' title='bbox 655 1909 871 1977; x_wconf 87' lang='lat' dir='ltr'><strong>scapula</strong></span> <span class='ocrx_word' id='word_1_265' title='bbox 922 1909 1141 1978; x_wconf 88' lang='lat' dir='ltr'><strong>pallium</strong></span> <span class='ocrx_word' id='word_1_266' title='bbox 1176 1923 1335 1965; x_wconf 89' lang='lat' dir='ltr'><strong>suum</strong></span> <span class='ocrx_word' id='word_1_267' title='bbox 1368 1922 1385 1964; x_wconf 85' lang='lat'><strong>:</strong></span> <span class='ocrx_word' id='word_1_268' title='bbox 1418 1911 1497 1963; x_wconf 90' lang='lat' dir='ltr'><strong>sic</strong></span> <span class='ocrx_word' id='word_1_269' title='bbox 1533 1917 1625 1965; x_wconf 89' lang='lat' dir='ltr'><strong>tua</strong></span> <span class='ocrx_word' id='word_1_270' title='bbox 1662 1907 1836 1963; x_wconf 78' lang='lat' dir='ltr'><strong>facilis</strong></span> <span class='ocrx_word' id='word_1_271' title='bbox 1862 1908 1968 1965; x_wconf 90' lang='lat' dir='ltr'><strong>erit</strong></span> 
     </span>
    </p>
   </div>
   <div class='ocr_carea' id='block_1_35' title="bbox 372 1998 1963 2072">
    <p class='ocr_par' dir='ltr' id='par_1_35' title="bbox 372 1998 1963 2072">
     <span class='ocr_line' id='line_1_35' title="bbox 372 1998 1963 2072; baseline -0.002 -18"><span class='ocrx_word' id='word_1_272' title='bbox 372 2002 463 2061; x_wconf 90' lang='lat' dir='ltr'><strong>_in</strong></span> <span class='ocrx_word' id='word_1_273' title='bbox 517 2002 885 2072; x_wconf 80' lang='lat' dir='ltr'><strong>captivitatem</strong></span> <span class='ocrx_word' id='word_1_274' title='bbox 919 1999 1220 2054; x_wconf 87' lang='lat' dir='ltr'><strong>translatio.</strong></span> <span class='ocrx_word' id='word_1_275' title='bbox 1280 1998 1514 2053; x_wconf 88' lang='lat' dir='ltr'><strong>Habebis</strong></span> <span class='ocrx_word' id='word_1_276' title='bbox 1559 2013 1817 2055; x_wconf 89' lang='lat' dir='ltr'><strong>coronam</strong></span> <span class='ocrx_word' id='word_1_277' title='bbox 1858 2013 1963 2052; x_wconf 90' lang='lat' dir='ltr'><strong>non</strong></span> 
     </span>
    </p>
   </div>
   <div class='ocr_carea' id='block_1_36' title="bbox 397 2088 1967 2155">
    <p class='ocr_par' dir='ltr' id='par_1_36' title="bbox 397 2088 1967 2155">
     <span class='ocr_line' id='line_1_36' title="bbox 397 2088 1967 2155; baseline -0.001 -12"><span class='ocrx_word' id='word_1_278' title='bbox 397 2089 613 2145; x_wconf 69' lang='lat' dir='ltr'><strong>laminae</strong></span> <span class='ocrx_word' id='word_1_279' title='bbox 673 2105 852 2147; x_wconf 73' lang='lat' dir='ltr'><strong>aurea:</strong></span> <span class='ocrx_word' id='word_1_280' title='bbox 884 2099 938 2144; x_wconf 91' lang='lat' dir='ltr'><strong>et</strong></span> <span class='ocrx_word' id='word_1_281' title='bbox 983 2088 1427 2144; x_wconf 88' lang='lat' dir='ltr'><strong>sanctiﬁcationis</strong></span> <span class='ocrx_word' id='word_1_282' title='bbox 1458 2088 1693 2155; x_wconf 87' lang='lat' dir='ltr'><strong>Domini,</strong></span> <span class='ocrx_word' id='word_1_283' title='bbox 1730 2090 1827 2144; x_wconf 88' lang='lat' dir='ltr'><strong>sed</strong></span> <span class='ocrx_word' id='word_1_284' title='bbox 1876 2089 1967 2143; x_wconf 88' lang='lat' dir='ltr'><strong>tri-</strong></span> 
     </span>
    </p>
   </div>
   <div class='ocr_carea' id='block_1_37' title="bbox 396 2180 1968 2253">
    <p class='ocr_par' dir='ltr' id='par_1_37' title="bbox 396 2180 1968 2253">
     <span class='ocr_line' id='line_1_37' title="bbox 396 2180 1968 2253; baseline 0.001 -18"><span class='ocrx_word' id='word_1_285' title='bbox 396 2182 697 2237; x_wconf 88' lang='lat' dir='ltr'><strong>bulationis</strong></span> <span class='ocrx_word' id='word_1_286' title='bbox 723 2191 779 2237; x_wconf 90' lang='lat' dir='ltr'><strong>et</strong></span> <span class='ocrx_word' id='word_1_287' title='bbox 804 2182 1085 2253; x_wconf 57' lang='lat' dir='ltr'><strong>angustias.</strong></span> <span class='ocrx_word' id='word_1_288' title='bbox 1116 2181 1271 2236; x_wconf 88' lang='lat' dir='ltr'><strong>Sicut</strong></span> <span class='ocrx_word' id='word_1_289' title='bbox 1301 2182 1445 2236; x_wconf 93' lang='lat' dir='ltr'><strong>enim</strong></span> <span class='ocrx_word' id='word_1_290' title='bbox 1493 2181 1600 2251; x_wconf 87' lang='lat' dir='ltr'><strong>pila</strong></span> <span class='ocrx_word' id='word_1_291' title='bbox 1632 2180 1678 2235; x_wconf 91' lang='lat' dir='ltr'><strong>si</strong></span> <span class='ocrx_word' id='word_1_292' title='bbox 1714 2180 1968 2236; x_wconf 90' lang='lat' dir='ltr'><strong>mittatur</strong></span> 
     </span>
    </p>
   </div>
   <div class='ocr_carea' id='block_1_38' title="bbox 397 2271 1969 2343">
    <p class='ocr_par' dir='ltr' id='par_1_38' title="bbox 397 2271 1969 2343">
     <span class='ocr_line' id='line_1_38' title="bbox 397 2271 1969 2343; baseline 0 -16"><span class='ocrx_word' id='word_1_293' title='bbox 397 2273 454 2327; x_wconf 88' lang='lat' dir='ltr'><strong>in</strong></span> <span class='ocrx_word' id='word_1_294' title='bbox 484 2272 746 2341; x_wconf 87' lang='lat' dir='ltr'><strong>proclive,</strong></span> <span class='ocrx_word' id='word_1_295' title='bbox 782 2284 932 2328; x_wconf 87' lang='lat' dir='ltr'><strong>stare</strong></span> <span class='ocrx_word' id='word_1_296' title='bbox 958 2288 1065 2327; x_wconf 91' lang='lat' dir='ltr'><strong>non</strong></span> <span class='ocrx_word' id='word_1_297' title='bbox 1096 2282 1296 2343; x_wconf 91' lang='lat' dir='ltr'><strong>potest,</strong></span> <span class='ocrx_word' id='word_1_298' title='bbox 1328 2272 1424 2327; x_wconf 90' lang='lat' dir='ltr'><strong>sed</strong></span> <span class='ocrx_word' id='word_1_299' title='bbox 1449 2272 1624 2326; x_wconf 86' lang='lat' dir='ltr'><strong>veloci</strong></span> <span class='ocrx_word' id='word_1_300' title='bbox 1664 2271 1969 2327; x_wconf 86' lang='lat' dir='ltr'><strong>cursu&#39;vol-</strong></span> 
     </span>
    </p>
   </div>
   <div class='ocr_carea' id='block_1_39' title="bbox 400 2360 1966 2425">
    <p class='ocr_par' dir='ltr' id='par_1_39' title="bbox 400 2360 1966 2425">
     <span class='ocr_line' id='line_1_39' title="bbox 400 2360 1966 2425; baseline 0 -10"><span class='ocrx_word' id='word_1_301' title='bbox 400 2362 544 2415; x_wconf 86' lang='lat' dir='ltr'><strong>vitur</strong></span> <span class='ocrx_word' id='word_1_302' title='bbox 580 2377 595 2416; x_wconf 87' lang='lat'><strong>:</strong></span> <span class='ocrx_word' id='word_1_303' title='bbox 638 2364 710 2415; x_wconf 89' lang='lat' dir='ltr'><strong>ita</strong></span> <span class='ocrx_word' id='word_1_304' title='bbox 750 2372 805 2417; x_wconf 93' lang='lat' dir='ltr'><strong>et</strong></span> <span class='ocrx_word' id='word_1_305' title='bbox 852 2372 904 2417; x_wconf 90' lang='lat' dir='ltr'><strong>tu</strong></span> <span class='ocrx_word' id='word_1_306' title='bbox 938 2364 1003 2417; x_wconf 89' lang='lat' dir='ltr'><strong>ad</strong></span> <span class='ocrx_word' id='word_1_307' title='bbox 1056 2372 1257 2418; x_wconf 86' lang='lat' dir='ltr'><strong>terram</strong></span> <span class='ocrx_word' id='word_1_308' title='bbox 1290 2361 1611 2416; x_wconf 89' lang='lat' dir='ltr'><strong>latissimam</strong></span> <span class='ocrx_word' id='word_1_309' title='bbox 1659 2360 1966 2425; x_wconf 89' lang='lat' dir='ltr'><strong>deduceris,</strong></span> 
     </span>
    </p>
   </div>
   <div class='ocr_carea' id='block_1_40' title="bbox 401 2452 1972 2525">
    <p class='ocr_par' dir='ltr' id='par_1_40' title="bbox 401 2452 1972 2525">
     <span class='ocr_line' id='line_1_40' title="bbox 401 2452 1972 2525; baseline -0.003 -17"><span class='ocrx_word' id='word_1_310' title='bbox 401 2469 563 2525; x_wconf 87' lang='lat' dir='ltr'><strong>quam</strong></span> <span class='ocrx_word' id='word_1_311' title='bbox 604 2464 697 2508; x_wconf 86' lang='lat' dir='ltr'><strong>aut</strong></span> <span class='ocrx_word' id='word_1_312' title='bbox 722 2452 1038 2523; x_wconf 65' lang='lat' dir='ltr'><strong>Egyptum,</strong></span> <span class='ocrx_word' id='word_1_313' title='bbox 1068 2463 1160 2509; x_wconf 91' lang='lat' dir='ltr'><strong>aut</strong></span> <span class='ocrx_word' id='word_1_314' title='bbox 1181 2452 1491 2525; x_wconf 69' lang='lat' dir='ltr'><strong>Babyloniae</strong></span> <span class='ocrx_word' id='word_1_315' title='bbox 1525 2466 1746 2523; x_wconf 91' lang='lat' dir='ltr'><strong>campos</strong></span> <span class='ocrx_word' id='word_1_316' title='bbox 1773 2452 1972 2507; x_wconf 86' lang='lat' dir='ltr'><strong>intelli-</strong></span> 
     </span>
    </p>
   </div>
   <div class='ocr_carea' id='block_1_41' title="bbox 399 2542 1969 2614">
    <p class='ocr_par' dir='ltr' id='par_1_41' title="bbox 399 2542 1969 2614">
     <span class='ocr_line' id='line_1_41' title="bbox 399 2542 1969 2614; baseline -0.001 -17"><span class='ocrx_word' id='word_1_317' title='bbox 399 2558 614 2614; x_wconf 80' lang='lat' dir='ltr'><strong>gamus,</strong></span> <span class='ocrx_word' id='word_1_318' title='bbox 655 2544 836 2613; x_wconf 88' lang='lat' dir='ltr'><strong>ibique</strong></span> <span class='ocrx_word' id='word_1_319' title='bbox 863 2545 1115 2598; x_wconf 88' lang='lat' dir='ltr'><strong>morieris</strong></span> <span class='ocrx_word' id='word_1_320' title='bbox 1148 2558 1164 2599; x_wconf 86' lang='lat'><strong>:</strong></span> <span class='ocrx_word' id='word_1_321' title='bbox 1196 2552 1252 2598; x_wconf 89' lang='lat' dir='ltr'><strong>et</strong></span> <span class='ocrx_word' id='word_1_322' title='bbox 1280 2544 1353 2597; x_wconf 85' lang='lat' dir='ltr'><strong>ibi</strong></span> <span class='ocrx_word' id='word_1_323' title='bbox 1377 2552 1539 2598; x_wconf 90' lang='lat' dir='ltr'><strong>erunt</strong></span> <span class='ocrx_word' id='word_1_324' title='bbox 1560 2556 1755 2597; x_wconf 90' lang='lat' dir='ltr'><strong>currus</strong></span> <span class='ocrx_word' id='word_1_325' title='bbox 1782 2542 1969 2612; x_wconf 85' lang='lat' dir='ltr'><strong>gloriae</strong></span> 
     </span>
    </p>
   </div>
   <div class='ocr_carea' id='block_1_42' title="bbox 406 2634 1971 2711">
    <p class='ocr_par' dir='ltr' id='par_1_42' title="bbox 406 2634 1971 2711">
     <span class='ocr_line' id='line_1_42' title="bbox 406 2634 1971 2711; baseline 0.003 -24"><span class='ocrx_word' id='word_1_326' title='bbox 406 2647 529 2699; x_wconf 67' lang='lat' dir='ltr'><strong>tum,</strong></span> <span class='ocrx_word' id='word_1_327' title='bbox 557 2648 750 2688; x_wconf 86' lang='lat' dir='ltr'><strong>omnes</strong></span> <span class='ocrx_word' id='word_1_328' title='bbox 790 2634 1045 2702; x_wconf 69' lang='lat' dir='ltr'><strong>potentiae</strong></span> <span class='ocrx_word' id='word_1_329' title='bbox 1091 2643 1145 2689; x_wconf 92' lang='lat' dir='ltr'><strong>et</strong></span> <span class='ocrx_word' id='word_1_330' title='bbox 1178 2648 1333 2704; x_wconf 89' lang='lat' dir='ltr'><strong>opes,</strong></span> <span class='ocrx_word' id='word_1_331' title='bbox 1371 2634 1571 2702; x_wconf 84' lang='lat' dir='ltr'><strong>quibus</strong></span> <span class='ocrx_word' id='word_1_332' title='bbox 1616 2649 1759 2689; x_wconf 90' lang='lat' dir='ltr'><strong>nunc</strong></span> <span class='ocrx_word' id='word_1_333' title='bbox 1802 2634 1971 2711; x_wconf 77' lang='lat' dir='ltr'><strong>fultus</strong></span> 
     </span>
    </p>
   </div>
   <div class='ocr_carea' id='block_1_43' title="bbox 402 2725 1965 2797">
    <p class='ocr_par' dir='ltr' id='par_1_43' title="bbox 402 2725 1965 2797">
     <span class='ocr_line' id='line_1_43' title="bbox 402 2725 1965 2797; baseline -0.001 -15"><span class='ocrx_word' id='word_1_334' title='bbox 402 2728 631 2784; x_wconf 86' lang='lat' dir='ltr'><strong>incedis.</strong></span> <span class='ocrx_word' id='word_1_335' title='bbox 658 2727 734 2782; x_wconf 91' lang='lat' dir='ltr'><strong>Ibi</strong></span> <span class='ocrx_word' id='word_1_336' title='bbox 773 2727 976 2782; x_wconf 87' lang='lat' dir='ltr'><strong>senties</strong></span> <span class='ocrx_word' id='word_1_337' title='bbox 1011 2726 1357 2797; x_wconf 74' lang='lat' dir='ltr'><strong>ignominiam</strong></span> <span class='ocrx_word' id='word_1_338' title='bbox 1379 2727 1574 2781; x_wconf 89' lang='lat' dir='ltr'><strong>domus</strong></span> <span class='ocrx_word' id='word_1_339' title='bbox 1603 2725 1818 2781; x_wconf 79' lang='lat' dir='ltr'><strong>Domini</strong></span> <span class='ocrx_word' id='word_1_340' title='bbox 1850 2726 1926 2780; x_wconf 91' lang='lat' dir='ltr'><strong>tui</strong></span> <span class='ocrx_word' id='word_1_341' title='bbox 1952 2746 1965 2781; x_wconf 86' lang='lat'><strong>:</strong></span> 
     </span>
    </p>
   </div>
   <div class='ocr_carea' id='block_1_44' title="bbox 406 2816 1971 2890">
    <p class='ocr_par' dir='ltr' id='par_1_44' title="bbox 406 2816 1971 2890">
     <span class='ocr_line' id='line_1_44' title="bbox 406 2816 1971 2890; baseline 0.001 -19"><span class='ocrx_word' id='word_1_342' title='bbox 406 2822 530 2890; x_wconf 86' lang='lat' dir='ltr'><strong>quia</strong></span> <span class='ocrx_word' id='word_1_343' title='bbox 554 2829 775 2889; x_wconf 83' lang='lat' dir='ltr'><strong>propter</strong></span> <span class='ocrx_word' id='word_1_344' title='bbox 805 2831 967 2888; x_wconf 89' lang='lat' dir='ltr'><strong>opera</strong></span> <span class='ocrx_word' id='word_1_345' title='bbox 1002 2818 1140 2871; x_wconf 91' lang='lat' dir='ltr'><strong>mala</strong></span> <span class='ocrx_word' id='word_1_346' title='bbox 1167 2827 1221 2871; x_wconf 89' lang='lat' dir='ltr'><strong>ct</strong></span> <span class='ocrx_word' id='word_1_347' title='bbox 1261 2816 1521 2871; x_wconf 89' lang='lat' dir='ltr'><strong>violatum</strong></span> <span class='ocrx_word' id='word_1_348' title='bbox 1567 2816 1825 2884; x_wconf 89' lang='lat' dir='ltr'><strong>templum</strong></span> <span class='ocrx_word' id='word_1_349' title='bbox 1874 2816 1971 2872; x_wconf 88' lang='lat' dir='ltr'><strong>Dei</strong></span> 
     </span>
    </p>
   </div>
   <div class='ocr_carea' id='block_1_45' title="bbox 404 2908 1973 2983">
    <p class='ocr_par' dir='ltr' id='par_1_45' title="bbox 404 2908 1973 2983">
     <span class='ocr_line' id='line_1_45' title="bbox 404 2908 1973 2983; baseline -0.003 -15"><span class='ocrx_word' id='word_1_350' title='bbox 404 2915 477 2969; x_wconf 73' lang='lat' dir='ltr'><strong>tui</strong></span> <span class='ocrx_word' id='word_1_351' title='bbox 503 2915 603 2968; x_wconf 85' lang='lat' dir='ltr'><strong>ista</strong></span> <span class='ocrx_word' id='word_1_352' title='bbox 636 2913 881 2983; x_wconf 83' lang='lat' dir='ltr'><strong>patieris.</strong></span> <span class='ocrx_word' id='word_1_353' title='bbox 923 2910 1214 2966; x_wconf 87' lang='lat' dir='ltr'><strong>Detraham</strong></span> <span class='ocrx_word' id='word_1_354' title='bbox 1268 2918 1319 2964; x_wconf 91' lang='lat' dir='ltr'><strong>te</strong></span> <span class='ocrx_word' id='word_1_355' title='bbox 1354 2910 1423 2964; x_wconf 91' lang='lat' dir='ltr'><strong>de</strong></span> <span class='ocrx_word' id='word_1_356' title='bbox 1458 2909 1628 2980; x_wconf 88' lang='lat' dir='ltr'><strong>gradu</strong></span> <span class='ocrx_word' id='word_1_357' title='bbox 1666 2920 1780 2974; x_wconf 89' lang='lat' dir='ltr'><strong>tuo,</strong></span> <span class='ocrx_word' id='word_1_358' title='bbox 1822 2917 1880 2965; x_wconf 85' lang='lat' dir='ltr'><strong>et</strong></span> <span class='ocrx_word' id='word_1_359' title='bbox 1907 2908 1973 2963; x_wconf 89' lang='lat' dir='ltr'><strong>de</strong></span> 
     </span>
    </p>
   </div>
   <div class='ocr_carea' id='block_1_46' title="bbox 401 2999 1972 3076">
    <p class='ocr_par' dir='ltr' id='par_1_46' title="bbox 401 2999 1972 3076">
     <span class='ocr_line' id='line_1_46' title="bbox 401 2999 1972 3076; baseline -0.004 -17"><span class='ocrx_word' id='word_1_360' title='bbox 401 3004 749 3076; x_wconf 81' lang='lat' dir='ltr'><strong>pontiﬁcatus</strong></span> <span class='ocrx_word' id='word_1_361' title='bbox 779 3002 953 3059; x_wconf 77' lang='lat' dir='ltr'><strong>ofﬁcio</strong></span> <span class='ocrx_word' id='word_1_362' title='bbox 983 3003 1285 3072; x_wconf 87' lang='lat' dir='ltr'><strong>projielam,</strong></span> <span class='ocrx_word' id='word_1_363' title='bbox 1314 3009 1367 3055; x_wconf 92' lang='lat' dir='ltr'><strong>et</strong></span> <span class='ocrx_word' id='word_1_364' title='bbox 1392 3017 1488 3071; x_wconf 90' lang='lat' dir='ltr'><strong>pro</strong></span> <span class='ocrx_word' id='word_1_365' title='bbox 1520 3010 1571 3054; x_wconf 90' lang='lat' dir='ltr'><strong>te</strong></span> <span class='ocrx_word' id='word_1_366' title='bbox 1598 2999 1825 3054; x_wconf 82' lang='lat' dir='ltr'><strong>Eliacim</strong></span> <span class='ocrx_word' id='word_1_367' title='bbox 1851 3014 1972 3053; x_wconf 84' lang='lat' dir='ltr'><strong>ser-</strong></span> 
     </span>
    </p>
   </div>
   <div class='ocr_carea' id='block_1_47' title="bbox 398 3092 2038 3185">
    <p class='ocr_par' dir='ltr' id='par_1_47' title="bbox 398 3092 2038 3185">
     <span class='ocr_line' id='line_1_47' title="bbox 398 3092 2038 3185; baseline -0.005 -34"><span class='ocrx_word' id='word_1_368' title='bbox 398 3112 522 3151; x_wconf 84' lang='lat' dir='ltr'><strong>vum</strong></span> <span class='ocrx_word' id='word_1_369' title='bbox 558 3110 737 3149; x_wconf 89' lang='lat' dir='ltr'><strong>meum</strong></span> <span class='ocrx_word' id='word_1_370' title='bbox 774 3096 940 3149; x_wconf 87' lang='lat' dir='ltr'><strong>lilium</strong></span> <span class='ocrx_word' id='word_1_371' title='bbox 972 3093 1166 3151; x_wconf 72' lang='lat' dir='ltr'><strong>ﬂelciae</strong></span> <span class='ocrx_word' id='word_1_372' title='bbox 1207 3096 1425 3148; x_wconf 86' lang='lat' dir='ltr'><strong>induam</strong></span> <span class='ocrx_word' id='word_1_373' title='bbox 1457 3092 1795 3147; x_wconf 86' lang='lat' dir='ltr'><strong>vestimentis</strong></span> <span class='ocrx_word' id='word_1_374' title='bbox 1823 3092 1952 3155; x_wconf 89' lang='lat' dir='ltr'><strong>tuis,</strong></span> <span class='ocrx_word' id='word_1_375' title='bbox 1992 3126 2038 3185; x_wconf 63' lang='grc' dir='ltr'><strong>ο</strong></span> 
     </span>
    </p>
   </div>
   <div class='ocr_carea' id='block_1_48' title="bbox 404 3184 1961 3259">
    <p class='ocr_par' dir='ltr' id='par_1_48' title="bbox 404 3184 1961 3259">
     <span class='ocr_line' id='line_1_48' title="bbox 404 3184 1961 3259; baseline -0.006 -12"><span class='ocrx_word' id='word_1_376' title='bbox 404 3202 453 3247; x_wconf 77' lang='lat' dir='ltr'><strong>st</strong></span> <span class='ocrx_word' id='word_1_377' title='bbox 490 3188 706 3259; x_wconf 85' lang='lat' dir='ltr'><strong>cingulo</strong></span> <span class='ocrx_word' id='word_1_378' title='bbox 740 3197 832 3243; x_wconf 92' lang='lat' dir='ltr'><strong>tuo</strong></span> <span class='ocrx_word' id='word_1_379' title='bbox 860 3190 1126 3244; x_wconf 87' lang='lat' dir='ltr'><strong>decorabo</strong></span> <span class='ocrx_word' id='word_1_380' title='bbox 1154 3201 1171 3244; x_wconf 88' lang='lat'><strong>:</strong></span> <span class='ocrx_word' id='word_1_381' title='bbox 1197 3186 1338 3244; x_wconf 80' lang='lat' dir='ltr'><strong>sicut</strong></span> <span class='ocrx_word' id='word_1_382' title='bbox 1368 3184 1594 3241; x_wconf 80' lang='lat' dir='ltr'><strong>Eleazar</strong></span> <span class='ocrx_word' id='word_1_383' title='bbox 1620 3184 1961 3241; x_wconf 72' lang='lat' dir='ltr'><strong>vestimentis</strong></span> 
     </span>
    </p>
   </div>
   <div class='ocr_carea' id='block_1_49' title="bbox 399 3278 1964 3354">
    <p class='ocr_par' dir='ltr' id='par_1_49' title="bbox 399 3278 1964 3354">
     <span class='ocr_line' id='line_1_49' title="bbox 399 3278 1964 3354; baseline -0.005 -17"><span class='ocrx_word' id='word_1_384' title='bbox 399 3283 575 3338; x_wconf 85' lang='lat' dir='ltr'><strong>Aaron</strong></span> <span class='ocrx_word' id='word_1_385' title='bbox 600 3284 772 3354; x_wconf 84' lang='lat' dir='ltr'><strong>patris</strong></span> <span class='ocrx_word' id='word_1_386' title='bbox 792 3283 1009 3335; x_wconf 86' lang='lat' dir='ltr'><strong>indutus</strong></span> <span class='ocrx_word' id='word_1_387' title='bbox 1030 3288 1133 3335; x_wconf 88' lang='lat' dir='ltr'><strong>est.</strong></span> <span class='ocrx_word' id='word_1_388' title='bbox 1153 3279 1255 3345; x_wconf 87' lang='lat' dir='ltr'><strong>Ipsi</strong></span> <span class='ocrx_word' id='word_1_389' title='bbox 1283 3278 1422 3332; x_wconf 87' lang='lat' dir='ltr'><strong>dabo</strong></span> <span class='ocrx_word' id='word_1_390' title='bbox 1445 3284 1769 3347; x_wconf 87' lang='lat' dir='ltr'><strong>potestatem</strong></span> <span class='ocrx_word' id='word_1_391' title='bbox 1828 3285 1964 3330; x_wconf 85' lang='lat' dir='ltr'><strong>tem-</strong></span> 
     </span>
    </p>
   </div>
   <div class='ocr_carea' id='block_1_50' title="bbox 401 3362 1960 3443">
    <p class='ocr_par' dir='ltr' id='par_1_50' title="bbox 401 3362 1960 3443">
     <span class='ocr_line' id='line_1_50' title="bbox 401 3362 1960 3443; baseline -0.006 -15"><span class='ocrx_word' id='word_1_392' title='bbox 401 3373 496 3441; x_wconf 89' lang='lat' dir='ltr'><strong>pli,</strong></span> <span class='ocrx_word' id='word_1_393' title='bbox 525 3375 617 3443; x_wconf 85' lang='lat' dir='ltr'><strong>qui</strong></span> <span class='ocrx_word' id='word_1_394' title='bbox 658 3374 850 3427; x_wconf 76' lang='lat' dir='ltr'><strong>habeat</strong></span> <span class='ocrx_word' id='word_1_395' title='bbox 880 3370 1135 3440; x_wconf 87' lang='lat' dir='ltr'><strong>populum</strong></span> <span class='ocrx_word' id='word_1_396' title='bbox 1178 3382 1285 3422; x_wconf 92' lang='lat' dir='ltr'><strong>non</strong></span> <span class='ocrx_word' id='word_1_397' title='bbox 1338 3366 1644 3437; x_wconf 86' lang='lat' dir='ltr'><strong>subjectum</strong></span> <span class='ocrx_word' id='word_1_398' title='bbox 1671 3362 1779 3421; x_wconf 85' lang='lat' dir='ltr'><strong>sibi</strong></span> <span class='ocrx_word' id='word_1_399' title='bbox 1804 3363 1960 3435; x_wconf 84' lang='lat' dir='ltr'><strong>quasi</strong></span> 
     </span>
    </p>
   </div>
   <div class='ocr_carea' id='block_1_51' title="bbox 400 3457 1963 3531">
    <p class='ocr_par' dir='ltr' id='par_1_51' title="bbox 400 3457 1963 3531">
     <span class='ocr_line' id='line_1_51' title="bbox 400 3457 1963 3531; baseline -0.004 -13"><span class='ocrx_word' id='word_1_400' title='bbox 400 3479 636 3531; x_wconf 86' lang='lat' dir='ltr'><strong>servum,</strong></span> <span class='ocrx_word' id='word_1_401' title='bbox 670 3464 764 3519; x_wconf 88' lang='lat' dir='ltr'><strong>sed</strong></span> <span class='ocrx_word' id='word_1_402' title='bbox 799 3472 1095 3515; x_wconf 86' lang='lat' dir='ltr'><strong>amatorem</strong></span> <span class='ocrx_word' id='word_1_403' title='bbox 1129 3460 1211 3513; x_wconf 89' lang='lat' dir='ltr'><strong>sui</strong></span> <span class='ocrx_word' id='word_1_404' title='bbox 1243 3458 1398 3528; x_wconf 87' lang='lat' dir='ltr'><strong>quasi</strong></span> <span class='ocrx_word' id='word_1_405' title='bbox 1432 3458 1624 3514; x_wconf 89' lang='lat' dir='ltr'><strong>lilittm.</strong></span> <span class='ocrx_word' id='word_1_406' title='bbox 1664 3457 1786 3527; x_wconf 90' lang='lat' dir='ltr'><strong>Ipse</strong></span> <span class='ocrx_word' id='word_1_407' title='bbox 1818 3458 1963 3513; x_wconf 82' lang='lat' dir='ltr'><strong>accl-</strong></span> 
     </span>
    </p>
   </div>
   <div class='ocr_carea' id='block_1_52' title="bbox 401 3547 1960 3621">
    <p class='ocr_par' dir='ltr' id='par_1_52' title="bbox 401 3547 1960 3621">
     <span class='ocr_line' id='line_1_52' title="bbox 401 3547 1960 3621; baseline -0.003 -14"><span class='ocrx_word' id='word_1_408' title='bbox 401 3554 509 3621; x_wconf 87' lang='lat' dir='ltr'><strong>piet</strong></span> <span class='ocrx_word' id='word_1_409' title='bbox 538 3558 743 3609; x_wconf 82' lang='lat' dir='ltr'><strong>clavem</strong></span> <span class='ocrx_word' id='word_1_410' title='bbox 768 3552 958 3606; x_wconf 88' lang='lat' dir='ltr'><strong>domus</strong></span> <span class='ocrx_word' id='word_1_411' title='bbox 986 3565 1140 3613; x_wconf 73' lang='lat' dir='ltr'><strong>meae,</strong></span> <span class='ocrx_word' id='word_1_412' title='bbox 1160 3559 1214 3601; x_wconf 90' lang='lat' dir='ltr'><strong>et</strong></span> <span class='ocrx_word' id='word_1_413' title='bbox 1245 3550 1298 3603; x_wconf 89' lang='lat' dir='ltr'><strong>in</strong></span> <span class='ocrx_word' id='word_1_414' title='bbox 1317 3562 1418 3602; x_wconf 88' lang='lat' dir='ltr'><strong>suo</strong></span> <span class='ocrx_word' id='word_1_415' title='bbox 1443 3547 1680 3617; x_wconf 85' lang='lat' dir='ltr'><strong>portabit</strong></span> <span class='ocrx_word' id='word_1_416' title='bbox 1708 3549 1960 3611; x_wconf 85' lang='lat' dir='ltr'><strong>humero,</strong></span> 
     </span>
    </p>
   </div>
   <div class='ocr_carea' id='block_1_53' title="bbox 402 3639 1959 3715">
    <p class='ocr_par' dir='ltr' id='par_1_53' title="bbox 402 3639 1959 3715">
     <span class='ocr_line' id='line_1_53' title="bbox 402 3639 1959 3715; baseline -0.003 -17"><span class='ocrx_word' id='word_1_417' title='bbox 402 3646 517 3715; x_wconf 87' lang='lat' dir='ltr'><strong>ipse</strong></span> <span class='ocrx_word' id='word_1_418' title='bbox 579 3642 800 3699; x_wconf 79' lang='lat' dir='ltr'><strong>habebit</strong></span> <span class='ocrx_word' id='word_1_419' title='bbox 831 3642 1277 3697; x_wconf 77' lang='lat' dir='ltr'><strong>czeremouiarum</strong></span> <span class='ocrx_word' id='word_1_420' title='bbox 1328 3639 1565 3693; x_wconf 91' lang='lat' dir='ltr'><strong>omnium</strong></span> <span class='ocrx_word' id='word_1_421' title='bbox 1614 3646 1959 3708; x_wconf 73' lang='lat' dir='ltr'><strong>poteStatem.</strong></span> 
     </span>
    </p>
   </div>
   <div class='ocr_carea' id='block_1_54' title="bbox 404 3729 1959 3807">
    <p class='ocr_par' dir='ltr' id='par_1_54' title="bbox 404 3729 1959 3807">
     <span class='ocr_line' id='line_1_54' title="bbox 404 3729 1959 3807; baseline -0.003 -16"><span class='ocrx_word' id='word_1_422' title='bbox 404 3738 469 3791; x_wconf 79' lang='lat' dir='ltr'><strong>Et</strong></span> <span class='ocrx_word' id='word_1_423' title='bbox 496 3736 770 3807; x_wconf 85' lang='lat' dir='ltr'><strong>quomodo</strong></span> <span class='ocrx_word' id='word_1_424' title='bbox 801 3733 1031 3805; x_wconf 86' lang='lat' dir='ltr'><strong>paxillus</strong></span> <span class='ocrx_word' id='word_1_425' title='bbox 1076 3734 1122 3788; x_wconf 88' lang='lat' dir='ltr'><strong>si</strong></span> <span class='ocrx_word' id='word_1_426' title='bbox 1156 3735 1350 3803; x_wconf 76' lang='lat' dir='ltr'><strong>ligatur</strong></span> <span class='ocrx_word' id='word_1_427' title='bbox 1388 3731 1443 3785; x_wconf 89' lang='lat' dir='ltr'><strong>in</strong></span> <span class='ocrx_word' id='word_1_428' title='bbox 1490 3732 1697 3800; x_wconf 89' lang='lat' dir='ltr'><strong>pariete</strong></span> <span class='ocrx_word' id='word_1_429' title='bbox 1749 3729 1959 3803; x_wconf 89' lang='lat' dir='ltr'><strong>templi,</strong></span> 
     </span>
    </p>
   </div>
   <div class='ocr_carea' id='block_1_55' title="bbox 402 3823 1964 3889">
    <p class='ocr_par' dir='ltr' id='par_1_55' title="bbox 402 3823 1964 3889">
     <span class='ocr_line' id='line_1_55' title="bbox 402 3823 1964 3889; baseline -0.002 -7"><span class='ocrx_word' id='word_1_430' title='bbox 402 3829 527 3882; x_wconf 88' lang='lat' dir='ltr'><strong>etin</strong></span> <span class='ocrx_word' id='word_1_431' title='bbox 560 3827 677 3881; x_wconf 93' lang='lat' dir='ltr'><strong>loco</strong></span> <span class='ocrx_word' id='word_1_432' title='bbox 703 3826 1012 3880; x_wconf 86' lang='lat' dir='ltr'><strong>ﬁrmissimo</strong></span> <span class='ocrx_word' id='word_1_433' title='bbox 1059 3825 1374 3889; x_wconf 89' lang='lat' dir='ltr'><strong>collocetur,</strong></span> <span class='ocrx_word' id='word_1_434' title='bbox 1407 3823 1590 3878; x_wconf 90' lang='lat' dir='ltr'><strong>omnia</strong></span> <span class='ocrx_word' id='word_1_435' title='bbox 1626 3836 1755 3879; x_wconf 85' lang='lat' dir='ltr'><strong>vasa</strong></span> <span class='ocrx_word' id='word_1_436' title='bbox 1783 3838 1964 3879; x_wconf 86' lang='lat' dir='ltr'><strong>sacer-</strong></span> 
     </span>
    </p>
   </div>
   <div class='ocr_carea' id='block_1_56' title="bbox 404 3915 1963 3986">
    <p class='ocr_par' dir='ltr' id='par_1_56' title="bbox 404 3915 1963 3986">
     <span class='ocr_line' id='line_1_56' title="bbox 404 3915 1963 3986; baseline 0 -13"><span class='ocrx_word' id='word_1_437' title='bbox 404 3921 586 3973; x_wconf 90' lang='lat' dir='ltr'><strong>dotum</strong></span> <span class='ocrx_word' id='word_1_438' title='bbox 649 3927 701 3972; x_wconf 90' lang='lat' dir='ltr'><strong>et</strong></span> <span class='ocrx_word' id='word_1_439' title='bbox 732 3918 1061 3980; x_wconf 83' lang='lat' dir='ltr'><strong>Levitarum,</strong></span> <span class='ocrx_word' id='word_1_440' title='bbox 1092 3926 1198 3970; x_wconf 86' lang='lat' dir='ltr'><strong>tam</strong></span> <span class='ocrx_word' id='word_1_441' title='bbox 1230 3931 1349 3986; x_wconf 72' lang='lat' dir='ltr'><strong>qua:</strong></span> <span class='ocrx_word' id='word_1_442' title='bbox 1379 3915 1432 3970; x_wconf 90' lang='lat' dir='ltr'><strong>in</strong></span> <span class='ocrx_word' id='word_1_443' title='bbox 1461 3915 1741 3972; x_wconf 82' lang='lat' dir='ltr'><strong>sacriﬁciis</strong></span> <span class='ocrx_word' id='word_1_444' title='bbox 1770 3931 1963 3973; x_wconf 85' lang='lat' dir='ltr'><strong>neces-</strong></span> 
     </span>
    </p>
   </div>
   <div class='ocr_carea' id='block_1_57' title="bbox 404 4008 1963 4079">
    <p class='ocr_par' dir='ltr' id='par_1_57' title="bbox 404 4008 1963 4079">
     <span class='ocr_line' id='line_1_57' title="bbox 404 4008 1963 4079; baseline -0.003 -12"><span class='ocrx_word' id='word_1_445' title='bbox 404 4014 541 4067; x_wconf 74' lang='lat' dir='ltr'><strong>Saria</strong></span> <span class='ocrx_word' id='word_1_446' title='bbox 574 4022 891 4079; x_wconf 80' lang='lat' dir='ltr'><strong>sunt,quam</strong></span> <span class='ocrx_word' id='word_1_447' title='bbox 918 4012 1093 4063; x_wconf 86' lang='lat' dir='ltr'><strong>omnis</strong></span> <span class='ocrx_word' id='word_1_448' title='bbox 1120 4012 1332 4078; x_wconf 84' lang='lat' dir='ltr'><strong>generis</strong></span> <span class='ocrx_word' id='word_1_449' title='bbox 1355 4008 1963 4078; x_wconf 83' lang='lat' dir='ltr'><strong>musicorum,suspen-</strong></span> 
     </span>
    </p>
   </div>
   <div class='ocr_carea' id='block_1_58' title="bbox 404 4099 1959 4169">
    <p class='ocr_par' dir='ltr' id='par_1_58' title="bbox 404 4099 1959 4169">
     <span class='ocr_line' id='line_1_58' title="bbox 404 4099 1959 4169; baseline -0.003 -12"><span class='ocrx_word' id='word_1_450' title='bbox 404 4105 604 4157; x_wconf 89' lang='lat' dir='ltr'><strong>duntur</strong></span> <span class='ocrx_word' id='word_1_451' title='bbox 644 4102 696 4154; x_wconf 92' lang='lat' dir='ltr'><strong>in</strong></span> <span class='ocrx_word' id='word_1_452' title='bbox 720 4117 785 4157; x_wconf 93' lang='lat' dir='ltr'><strong>eo</strong></span> <span class='ocrx_word' id='word_1_453' title='bbox 822 4116 840 4159; x_wconf 83' lang='lat'><strong>:</strong></span> <span class='ocrx_word' id='word_1_454' title='bbox 875 4102 955 4155; x_wconf 89' lang='lat' dir='ltr'><strong>sic</strong></span> <span class='ocrx_word' id='word_1_455' title='bbox 982 4102 1160 4154; x_wconf 88' lang='lat' dir='ltr'><strong>omnis</strong></span> <span class='ocrx_word' id='word_1_456' title='bbox 1200 4100 1430 4169; x_wconf 87' lang='lat' dir='ltr'><strong>populus</strong></span> <span class='ocrx_word' id='word_1_457' title='bbox 1460 4116 1526 4155; x_wconf 87' lang='lat' dir='ltr'><strong>ex</strong></span> <span class='ocrx_word' id='word_1_458' title='bbox 1556 4099 1777 4154; x_wconf 85' lang='lat' dir='ltr'><strong>Eliacitn</strong></span> <span class='ocrx_word' id='word_1_459' title='bbox 1819 4100 1959 4155; x_wconf 87' lang='lat' dir='ltr'><strong>servi</strong></span> 
     </span>
    </p>
   </div>
   <div class='ocr_carea' id='block_1_59' title="bbox 404 4192 1965 4265">
    <p class='ocr_par' dir='ltr' id='par_1_59' title="bbox 404 4192 1965 4265">
     <span class='ocr_line' id='line_1_59' title="bbox 404 4192 1965 4265; baseline -0.002 -17"><span class='ocrx_word' id='word_1_460' title='bbox 404 4196 503 4248; x_wconf 78' lang='lat' dir='ltr'><strong>mei</strong></span> <span class='ocrx_word' id='word_1_461' title='bbox 542 4203 809 4265; x_wconf 83' lang='lat' dir='ltr'><strong>potestate</strong></span> <span class='ocrx_word' id='word_1_462' title='bbox 870 4194 1144 4263; x_wconf 83' lang='lat' dir='ltr'><strong>pendebit.</strong></span> <span class='ocrx_word' id='word_1_463' title='bbox 1182 4192 1335 4258; x_wconf 87' lang='lat' dir='ltr'><strong>Quod</strong></span> <span class='ocrx_word' id='word_1_464' title='bbox 1398 4201 1580 4247; x_wconf 88' lang='lat' dir='ltr'><strong>autem</strong></span> <span class='ocrx_word' id='word_1_465' title='bbox 1617 4193 1690 4246; x_wconf 90' lang='lat' dir='ltr'><strong>ait</strong></span> <span class='ocrx_word' id='word_1_466' title='bbox 1728 4207 1744 4247; x_wconf 85' lang='lat'><strong>:</strong></span> <span class='ocrx_word' id='word_1_467' title='bbox 1780 4192 1847 4245; x_wconf 84' lang='lat' dir='ltr'><strong>In</strong></span> <span class='ocrx_word' id='word_1_468' title='bbox 1881 4192 1965 4245; x_wconf 91' lang='lat' dir='ltr'><strong>die</strong></span> 
     </span>
    </p>
   </div>
   <div class='ocr_carea' id='block_1_60' title="bbox 402 4277 1961 4353">
    <p class='ocr_par' dir='ltr' id='par_1_60' title="bbox 402 4277 1961 4353">
     <span class='ocr_line' id='line_1_60' title="bbox 402 4277 1961 4353; baseline -0.004 -15"><span class='ocrx_word' id='word_1_469' title='bbox 402 4286 497 4339; x_wconf 87' lang='lat' dir='ltr'><strong>illa</strong></span> <span class='ocrx_word' id='word_1_470' title='bbox 518 4284 784 4353; x_wconf 76' lang='lat' dir='ltr'><strong>auferetur</strong></span> <span class='ocrx_word' id='word_1_471' title='bbox 809 4283 1038 4351; x_wconf 71' lang='lat' dir='ltr'><strong>paxillus</strong></span> <span class='ocrx_word' id='word_1_472' title='bbox 1076 4282 1165 4351; x_wconf 85' lang='lat' dir='ltr'><strong>qui</strong></span> <span class='ocrx_word' id='word_1_473' title='bbox 1188 4281 1325 4352; x_wconf 75' lang='lat' dir='ltr'><strong>[ixus</strong></span> <span class='ocrx_word' id='word_1_474' title='bbox 1357 4280 1533 4349; x_wconf 78' lang='lat' dir='ltr'><strong>fuerat</strong></span> <span class='ocrx_word' id='word_1_475' title='bbox 1564 4281 1615 4334; x_wconf 89' lang='lat' dir='ltr'><strong>in</strong></span> <span class='ocrx_word' id='word_1_476' title='bbox 1647 4282 1758 4333; x_wconf 91' lang='lat' dir='ltr'><strong>loco</strong></span> <span class='ocrx_word' id='word_1_477' title='bbox 1794 4277 1961 4348; x_wconf 82' lang='lat' dir='ltr'><strong>ﬁdeli,</strong></span> 
     </span>
    </p>
   </div>
   <div class='ocr_carea' id='block_1_61' title="bbox 400 4373 1952 4445">
    <p class='ocr_par' dir='ltr' id='par_1_61' title="bbox 400 4373 1952 4445">
     <span class='ocr_line' id='line_1_61' title="bbox 400 4373 1952 4445; baseline -0.005 -14"><span class='ocrx_word' id='word_1_478' title='bbox 400 4386 449 4431; x_wconf 91' lang='lat' dir='ltr'><strong>et</strong></span> <span class='ocrx_word' id='word_1_479' title='bbox 484 4377 781 4445; x_wconf 76' lang='lat' dir='ltr'><strong>frangetur,</strong></span> <span class='ocrx_word' id='word_1_480' title='bbox 828 4385 876 4428; x_wconf 89' lang='lat' dir='ltr'><strong>et</strong></span> <span class='ocrx_word' id='word_1_481' title='bbox 909 4374 1080 4435; x_wconf 80' lang='lat' dir='ltr'><strong>cadet,</strong></span> <span class='ocrx_word' id='word_1_482' title='bbox 1120 4383 1169 4426; x_wconf 88' lang='lat' dir='ltr'><strong>et</strong></span> <span class='ocrx_word' id='word_1_483' title='bbox 1211 4373 1398 4435; x_wconf 83' lang='lat' dir='ltr'><strong>peribit</strong></span> <span class='ocrx_word' id='word_1_484' title='bbox 1450 4373 1588 4443; x_wconf 82' lang='lat' dir='ltr'><strong>quod</strong></span> <span class='ocrx_word' id='word_1_485' title='bbox 1627 4373 1952 4442; x_wconf 83' lang='lat' dir='ltr'><strong>pependerat</strong></span> 
     </span>
    </p>
   </div>
   <div class='ocr_carea' id='block_1_62' title="bbox 2066 1906 3697 1986">
    <p class='ocr_par' dir='ltr' id='par_1_62' title="bbox 2066 1906 3697 1986">
     <span class='ocr_line' id='line_1_62' title="bbox 2066 1906 3697 1986; baseline 0.003 -25"><span class='ocrx_word' id='word_1_486' title='bbox 2066 1906 2205 1973; x_wconf 82' lang='lat' dir='ltr'><strong>eius,</strong></span> <span class='ocrx_word' id='word_1_487' title='bbox 2233 1917 2281 1960; x_wconf 90' lang='lat' dir='ltr'><strong>et</strong></span> <span class='ocrx_word' id='word_1_488' title='bbox 2336 1907 2525 1961; x_wconf 83' lang='lat' dir='ltr'><strong>radam</strong></span> <span class='ocrx_word' id='word_1_489' title='bbox 2565 1907 2828 1975; x_wconf 78' lang='lat' dir='ltr'><strong>puluerem</strong></span> <span class='ocrx_word' id='word_1_490' title='bbox 2852 1908 2968 1978; x_wconf 85' lang='lat' dir='ltr'><strong>ejus</strong></span> <span class='ocrx_word' id='word_1_491' title='bbox 2999 1910 3063 1962; x_wconf 86' lang='lat' dir='ltr'><strong>de</strong></span> <span class='ocrx_word' id='word_1_492' title='bbox 3092 1924 3156 1962; x_wconf 86' lang='lat' dir='ltr'><strong>ea</strong></span> <span class='ocrx_word' id='word_1_493' title='bbox 3187 1908 3399 1978; x_wconf 76' lang='lat' dir='ltr'><strong>(Eaech.</strong></span> <span class='ocrx_word' id='word_1_494' title='bbox 3434 1926 3576 1973; x_wconf 81' lang='lat' dir='ltr'><strong>xm.</strong></span> <span class='ocrx_word' id='word_1_495' title='bbox 3606 1912 3642 1966; x_wconf 65' lang='grc' dir='ltr'>ἓ</span> <span class='ocrx_word' id='word_1_496' title='bbox 3688 1972 3697 1986; x_wconf 37' lang='grc' dir='ltr'>ί</span> 
     </span>
    </p>
   </div>
   <div class='ocr_carea' id='block_1_63' title="bbox 2078 1998 3641 2072">
    <p class='ocr_par' dir='ltr' id='par_1_63' title="bbox 2078 1998 3641 2072">
     <span class='ocr_line' id='line_1_63' title="bbox 2078 1998 3641 2072; baseline 0.003 -19"><span class='ocrx_word' id='word_1_497' title='bbox 2078 2010 2134 2053; x_wconf 89' lang='lat' dir='ltr'><strong>et</strong></span> <span class='ocrx_word' id='word_1_498' title='bbox 2161 2000 2344 2070; x_wconf 87' lang='lat' dir='ltr'><strong>seqq.)</strong></span> <span class='ocrx_word' id='word_1_499' title='bbox 2378 1998 2510 2065; x_wconf 77' lang='lat' dir='ltr'><strong>Quae</strong></span> <span class='ocrx_word' id='word_1_500' title='bbox 2540 2010 2720 2055; x_wconf 88' lang='lat' dir='ltr'><strong>autem</strong></span> <span class='ocrx_word' id='word_1_501' title='bbox 2761 2000 2875 2054; x_wconf 68' lang='lat' dir='ltr'><strong>ista:</strong></span> <span class='ocrx_word' id='word_1_502' title='bbox 2901 2001 3013 2055; x_wconf 90' lang='lat' dir='ltr'><strong>sint</strong></span> <span class='ocrx_word' id='word_1_503' title='bbox 3063 2012 3252 2070; x_wconf 83' lang='lat' dir='ltr'><strong>gentes</strong></span> <span class='ocrx_word' id='word_1_504' title='bbox 3292 2002 3496 2065; x_wconf 82' lang='lat' dir='ltr'><strong>multae,</strong></span> <span class='ocrx_word' id='word_1_505' title='bbox 3523 2020 3641 2072; x_wconf 65' lang='lat' dir='ltr'><strong>qua:</strong></span> 
     </span>
    </p>
   </div>
   <div class='ocr_carea' id='block_1_64' title="bbox 2071 2085 3637 2157">
    <p class='ocr_par' dir='ltr' id='par_1_64' title="bbox 2071 2085 3637 2157">
     <span class='ocr_line' id='line_1_64' title="bbox 2071 2085 3637 2157; baseline 0.004 -18"><span class='ocrx_word' id='word_1_506' title='bbox 2071 2087 2411 2141; x_wconf 89' lang='lat' dir='ltr'><strong>inundabunt</strong></span> <span class='ocrx_word' id='word_1_507' title='bbox 2437 2085 2643 2157; x_wconf 82' lang='lat' dir='ltr'><strong>Tyrum</strong></span> <span class='ocrx_word' id='word_1_508' title='bbox 2669 2090 2811 2142; x_wconf 88' lang='lat' dir='ltr'><strong>sicut</strong></span> <span class='ocrx_word' id='word_1_509' title='bbox 2835 2104 2984 2143; x_wconf 84' lang='lat' dir='ltr'><strong>mare</strong></span> <span class='ocrx_word' id='word_1_510' title='bbox 3000 2087 3291 2154; x_wconf 78' lang='lat' dir='ltr'><strong>ﬂuctuans,</strong></span> <span class='ocrx_word' id='word_1_511' title='bbox 3319 2092 3637 2145; x_wconf 81' lang='lat' dir='ltr'><strong>nominatim</strong></span> 
     </span>
    </p>
   </div>
   <div class='ocr_carea' id='block_1_65' title="bbox 2075 2174 3639 2246">
    <p class='ocr_par' dir='ltr' id='par_1_65' title="bbox 2075 2174 3639 2246">
     <span class='ocr_line' id='line_1_65' title="bbox 2075 2174 3639 2246; baseline 0.003 -19"><span class='ocrx_word' id='word_1_512' title='bbox 2075 2174 2129 2227; x_wconf 91' lang='lat' dir='ltr'><strong>in</strong></span> <span class='ocrx_word' id='word_1_513' title='bbox 2170 2178 2627 2245; x_wconf 83' lang='lat' dir='ltr'><strong>consequentibus</strong></span> <span class='ocrx_word' id='word_1_514' title='bbox 2659 2178 2865 2233; x_wconf 88' lang='lat' dir='ltr'><strong>docet:</strong></span> <span class='ocrx_word' id='word_1_515' title='bbox 2915 2175 3053 2232; x_wconf 81' lang='lat' dir='ltr'><strong>Ecce</strong></span> <span class='ocrx_word' id='word_1_516' title='bbox 3108 2194 3201 2246; x_wconf 86' lang='lat' dir='ltr'><strong>ego</strong></span> <span class='ocrx_word' id='word_1_517' title='bbox 3245 2180 3509 2233; x_wconf 83' lang='lat' dir='ltr'><strong>adducam</strong></span> <span class='ocrx_word' id='word_1_518' title='bbox 3567 2182 3639 2234; x_wconf 89' lang='lat' dir='ltr'><strong>ad</strong></span> 
     </span>
    </p>
   </div>
   <div class='ocr_carea' id='block_1_66' title="bbox 2072 2263 3637 2340">
    <p class='ocr_par' dir='ltr' id='par_1_66' title="bbox 2072 2263 3637 2340">
     <span class='ocr_line' id='line_1_66' title="bbox 2072 2263 3637 2340; baseline 0.006 -23"><span class='ocrx_word' id='word_1_519' title='bbox 2072 2263 2265 2336; x_wconf 78' lang='lat' dir='ltr'><strong>Tyrum</strong></span> <span class='ocrx_word' id='word_1_520' title='bbox 2288 2265 2775 2323; x_wconf 80' lang='lat' dir='ltr'><strong>Nabuchodonosor</strong></span> <span class='ocrx_word' id='word_1_521' title='bbox 2794 2285 2958 2339; x_wconf 81' lang='lat' dir='ltr'><strong>regem</strong></span> <span class='ocrx_word' id='word_1_522' title='bbox 2979 2268 3269 2340; x_wconf 80' lang='lat' dir='ltr'><strong>Babylonis</strong></span> <span class='ocrx_word' id='word_1_523' title='bbox 3287 2271 3351 2324; x_wconf 91' lang='lat' dir='ltr'><strong>ab</strong></span> <span class='ocrx_word' id='word_1_524' title='bbox 3364 2272 3637 2340; x_wconf 70' lang='lat' dir='ltr'><strong>Aquilone,</strong></span> 
     </span>
    </p>
   </div>
   <div class='ocr_carea' id='block_1_67' title="bbox 2070 2363 3640 2433">
    <p class='ocr_par' dir='ltr' id='par_1_67' title="bbox 2070 2363 3640 2433">
     <span class='ocr_line' id='line_1_67' title="bbox 2070 2363 3640 2433; baseline 0.006 -24"><span class='ocrx_word' id='word_1_525' title='bbox 2070 2372 2241 2427; x_wconf 83' lang='lat' dir='ltr'><strong>regem</strong></span> <span class='ocrx_word' id='word_1_526' title='bbox 2275 2374 2472 2427; x_wconf 76' lang='lat' dir='ltr'><strong>regum,</strong></span> <span class='ocrx_word' id='word_1_527' title='bbox 2526 2376 2644 2413; x_wconf 89' lang='lat' dir='ltr'><strong>cum</strong></span> <span class='ocrx_word' id='word_1_528' title='bbox 2679 2363 2846 2431; x_wconf 81' lang='lat' dir='ltr'><strong>equis,</strong></span> <span class='ocrx_word' id='word_1_529' title='bbox 2894 2372 2942 2416; x_wconf 89' lang='lat' dir='ltr'><strong>et</strong></span> <span class='ocrx_word' id='word_1_530' title='bbox 2972 2364 3236 2428; x_wconf 80' lang='lat' dir='ltr'><strong>curribus,</strong></span> <span class='ocrx_word' id='word_1_531' title='bbox 3271 2372 3321 2417; x_wconf 82' lang='lat' dir='ltr'><strong>et</strong></span> <span class='ocrx_word' id='word_1_532' title='bbox 3365 2366 3640 2433; x_wconf 81' lang='lat' dir='ltr'><strong>equitibus,</strong></span> 
     </span>
    </p>
   </div>
   <div class='ocr_carea' id='block_1_68' title="bbox 2071 2451 3640 2523">
    <p class='ocr_par' dir='ltr' id='par_1_68' title="bbox 2071 2451 3640 2523">
     <span class='ocr_line' id='line_1_68' title="bbox 2071 2451 3640 2523; baseline 0.004 -21"><span class='ocrx_word' id='word_1_533' title='bbox 2071 2460 2118 2502; x_wconf 85' lang='lat' dir='ltr'><strong>et</strong></span> <span class='ocrx_word' id='word_1_534' title='bbox 2145 2460 2284 2503; x_wconf 69' lang='lat' dir='ltr'><strong>cortu</strong></span> <span class='ocrx_word' id='word_1_535' title='bbox 2320 2452 2611 2521; x_wconf 86' lang='lat' dir='ltr'><strong>populoque</strong></span> <span class='ocrx_word' id='word_1_536' title='bbox 2643 2469 2853 2522; x_wconf 88' lang='lat' dir='ltr'><strong>magno.</strong></span> <span class='ocrx_word' id='word_1_537' title='bbox 2910 2451 3084 2508; x_wconf 83' lang='lat' dir='ltr'><strong>Filias</strong></span> <span class='ocrx_word' id='word_1_538' title='bbox 3125 2464 3242 2508; x_wconf 90' lang='lat' dir='ltr'><strong>tuas</strong></span> <span class='ocrx_word' id='word_1_539' title='bbox 3270 2470 3387 2523; x_wconf 69' lang='lat' dir='ltr'><strong>quas</strong></span> <span class='ocrx_word' id='word_1_540' title='bbox 3435 2466 3556 2509; x_wconf 85' lang='lat' dir='ltr'><strong>sunt</strong></span> <span class='ocrx_word' id='word_1_541' title='bbox 3588 2459 3640 2511; x_wconf 70' lang='lat' dir='ltr'><strong>is</strong></span> 
     </span>
    </p>
   </div>
   <div class='ocr_carea' id='block_1_69' title="bbox 2072 2540 3637 2610">
    <p class='ocr_par' dir='ltr' id='par_1_69' title="bbox 2072 2540 3637 2610">
     <span class='ocr_line' id='line_1_69' title="bbox 2072 2540 3637 2610; baseline 0.004 -19"><span class='ocrx_word' id='word_1_542' title='bbox 2072 2554 2220 2609; x_wconf 87' lang='lat' dir='ltr'><strong>agro,</strong></span> <span class='ocrx_word' id='word_1_543' title='bbox 2250 2540 2432 2610; x_wconf 88' lang='lat' dir='ltr'><strong>gladio</strong></span> <span class='ocrx_word' id='word_1_544' title='bbox 2463 2542 2763 2609; x_wconf 82' lang='lat' dir='ltr'><strong>interﬁciet,</strong></span> <span class='ocrx_word' id='word_1_545' title='bbox 2821 2551 2871 2596; x_wconf 87' lang='lat' dir='ltr'><strong>et</strong></span> <span class='ocrx_word' id='word_1_546' title='bbox 2915 2543 3265 2596; x_wconf 75' lang='lat' dir='ltr'><strong>circumdabit</strong></span> <span class='ocrx_word' id='word_1_547' title='bbox 3300 2554 3347 2595; x_wconf 90' lang='lat' dir='ltr'><strong>te</strong></span> <span class='ocrx_word' id='word_1_548' title='bbox 3385 2546 3637 2598; x_wconf 50' lang='lat' dir='ltr'><strong>munitio-</strong></span> 
     </span>
    </p>
   </div>
   <div class='ocr_carea' id='block_1_70' title="bbox 2074 2630 3638 2702">
    <p class='ocr_par' dir='ltr' id='par_1_70' title="bbox 2074 2630 3638 2702">
     <span class='ocr_line' id='line_1_70' title="bbox 2074 2630 3638 2702; baseline 0.004 -20"><span class='ocrx_word' id='word_1_549' title='bbox 2074 2630 2255 2694; x_wconf 88' lang='lat' dir='ltr'><strong>nibus,</strong></span> <span class='ocrx_word' id='word_1_550' title='bbox 2284 2641 2331 2685; x_wconf 92' lang='lat' dir='ltr'><strong>et</strong></span> <span class='ocrx_word' id='word_1_551' title='bbox 2389 2633 2733 2699; x_wconf 86' lang='lat' dir='ltr'><strong>comportabit</strong></span> <span class='ocrx_word' id='word_1_552' title='bbox 2788 2648 3029 2702; x_wconf 85' lang='lat' dir='ltr'><strong>aggerem</strong></span> <span class='ocrx_word' id='word_1_553' title='bbox 3065 2635 3123 2687; x_wconf 88' lang='lat' dir='ltr'><strong>in</strong></span> <span class='ocrx_word' id='word_1_554' title='bbox 3151 2648 3300 2702; x_wconf 75' lang='lat' dir='ltr'><strong>gyro,</strong></span> <span class='ocrx_word' id='word_1_555' title='bbox 3339 2644 3388 2688; x_wconf 89' lang='lat' dir='ltr'><strong>et</strong></span> <span class='ocrx_word' id='word_1_556' title='bbox 3418 2636 3638 2689; x_wconf 81' lang='lat' dir='ltr'><strong>elevabit</strong></span> 
     </span>
    </p>
   </div>
   <div class='ocr_carea' id='block_1_71' title="bbox 2072 2724 3640 2794">
    <p class='ocr_par' dir='ltr' id='par_1_71' title="bbox 2072 2724 3640 2794">
     <span class='ocr_line' id='line_1_71' title="bbox 2072 2724 3640 2794; baseline 0.005 -21"><span class='ocrx_word' id='word_1_557' title='bbox 2072 2732 2255 2775; x_wconf 87' lang='lat' dir='ltr'><strong>contra</strong></span> <span class='ocrx_word' id='word_1_558' title='bbox 2285 2731 2333 2777; x_wconf 91' lang='lat' dir='ltr'><strong>te</strong></span> <span class='ocrx_word' id='word_1_559' title='bbox 2362 2724 2619 2793; x_wconf 82' lang='lat' dir='ltr'><strong>clypeum,</strong></span> <span class='ocrx_word' id='word_1_560' title='bbox 2666 2735 2712 2778; x_wconf 89' lang='lat' dir='ltr'><strong>et</strong></span> <span class='ocrx_word' id='word_1_561' title='bbox 2751 2727 2925 2779; x_wconf 82' lang='lat' dir='ltr'><strong>vineas</strong></span> <span class='ocrx_word' id='word_1_562' title='bbox 2955 2737 3113 2794; x_wconf 85' lang='lat' dir='ltr'><strong>atque</strong></span> <span class='ocrx_word' id='word_1_563' title='bbox 3149 2727 3342 2780; x_wconf 84' lang='lat' dir='ltr'><strong>arietes</strong></span> <span class='ocrx_word' id='word_1_564' title='bbox 3379 2736 3640 2782; x_wconf 54' lang='lat' dir='ltr'><strong>temnam-</strong></span> 
     </span>
    </p>
   </div>
   <div class='ocr_carea' id='block_1_72' title="bbox 2073 2811 3640 2879">
    <p class='ocr_par' dir='ltr' id='par_1_72' title="bbox 2073 2811 3640 2879">
     <span class='ocr_line' id='line_1_72' title="bbox 2073 2811 3640 2879; baseline 0.007 -15"><span class='ocrx_word' id='word_1_565' title='bbox 2073 2811 2146 2865; x_wconf 90' lang='lat' dir='ltr'><strong>bit</strong></span> <span class='ocrx_word' id='word_1_566' title='bbox 2174 2813 2231 2866; x_wconf 89' lang='lat' dir='ltr'><strong>in</strong></span> <span class='ocrx_word' id='word_1_567' title='bbox 2255 2829 2431 2867; x_wconf 86' lang='lat' dir='ltr'><strong>muros</strong></span> <span class='ocrx_word' id='word_1_568' title='bbox 2462 2824 2598 2879; x_wconf 88' lang='lat' dir='ltr'><strong>tuas,</strong></span> <span class='ocrx_word' id='word_1_569' title='bbox 2628 2824 2674 2868; x_wconf 89' lang='lat' dir='ltr'><strong>et</strong></span> <span class='ocrx_word' id='word_1_570' title='bbox 2694 2825 2864 2870; x_wconf 88' lang='lat' dir='ltr'><strong>turres</strong></span> <span class='ocrx_word' id='word_1_571' title='bbox 2897 2827 3014 2870; x_wconf 84' lang='lat' dir='ltr'><strong>tuas</strong></span> <span class='ocrx_word' id='word_1_572' title='bbox 3037 2817 3268 2874; x_wconf 87' lang='lat' dir='ltr'><strong>destruet</strong></span> <span class='ocrx_word' id='word_1_573' title='bbox 3291 2822 3343 2874; x_wconf 90' lang='lat' dir='ltr'><strong>in</strong></span> <span class='ocrx_word' id='word_1_574' title='bbox 3366 2837 3640 2875; x_wconf 75' lang='lat' dir='ltr'><strong>armamra</strong></span> 
     </span>
    </p>
   </div>
   <div class='ocr_carea' id='block_1_73' title="bbox 2073 2909 3641 2986">
    <p class='ocr_par' dir='ltr' id='par_1_73' title="bbox 2073 2909 3641 2986">
     <span class='ocr_line' id='line_1_73' title="bbox 2073 2909 3641 2986; baseline 0.009 -29"><span class='ocrx_word' id='word_1_575' title='bbox 2073 2919 2195 2969; x_wconf 87' lang='lat' dir='ltr'><strong>sua,</strong></span> <span class='ocrx_word' id='word_1_576' title='bbox 2227 2913 2282 2960; x_wconf 91' lang='lat' dir='ltr'><strong>et</strong></span> <span class='ocrx_word' id='word_1_577' title='bbox 2308 2914 2501 2961; x_wconf 71' lang='lat' dir='ltr'><strong>caetera</strong></span> <span class='ocrx_word' id='word_1_578' title='bbox 2535 2922 2655 2977; x_wconf 67' lang='lat' dir='ltr'><strong>quae</strong></span> <span class='ocrx_word' id='word_1_579' title='bbox 2686 2923 2858 2978; x_wconf 87' lang='lat' dir='ltr'><strong>usque</strong></span> <span class='ocrx_word' id='word_1_580' title='bbox 2887 2909 2953 2963; x_wconf 88' lang='lat' dir='ltr'><strong>ad</strong></span> <span class='ocrx_word' id='word_1_581' title='bbox 2977 2910 3138 2967; x_wconf 85' lang='lat' dir='ltr'><strong>linem</strong></span> <span class='ocrx_word' id='word_1_582' title='bbox 3161 2913 3387 2970; x_wconf 90' lang='lat' dir='ltr'><strong>visionis</strong></span> <span class='ocrx_word' id='word_1_583' title='bbox 3406 2931 3537 2986; x_wconf 84' lang='lat' dir='ltr'><strong>sequ</strong></span> <span class='ocrx_word' id='word_1_584' title='bbox 3551 2933 3641 2971; x_wconf 59' lang='grc' dir='ltr'>λιι-η</span> 
     </span>
    </p>
   </div>
   <div class='ocr_carea' id='block_1_74' title="bbox 2076 2996 3637 3074">
    <p class='ocr_par' dir='ltr' id='par_1_74' title="bbox 2076 2996 3637 3074">
     <span class='ocr_line' id='line_1_74' title="bbox 2076 2996 3637 3074; baseline 0.007 -26"><span class='ocrx_word' id='word_1_585' title='bbox 2076 3004 2181 3049; x_wconf 89' lang='lat' dir='ltr'><strong>tur.</strong></span> <span class='ocrx_word' id='word_1_586' title='bbox 2249 2996 2382 3052; x_wconf 78' lang='lat' dir='ltr'><strong>Nam</strong></span> <span class='ocrx_word' id='word_1_587' title='bbox 2433 3007 2488 3052; x_wconf 90' lang='lat' dir='ltr'><strong>et</strong></span> <span class='ocrx_word' id='word_1_588' title='bbox 2545 2998 2599 3052; x_wconf 90' lang='lat' dir='ltr'><strong>in</strong></span> <span class='ocrx_word' id='word_1_589' title='bbox 2653 2999 2758 3053; x_wconf 89' lang='lat' dir='ltr'><strong>alia</strong></span> <span class='ocrx_word' id='word_1_590' title='bbox 2815 3002 3120 3070; x_wconf 84' lang='lat' dir='ltr'><strong>prophetia,</strong></span> <span class='ocrx_word' id='word_1_591' title='bbox 3176 3021 3297 3074; x_wconf 71' lang='lat' dir='ltr'><strong>qua:</strong></span> <span class='ocrx_word' id='word_1_592' title='bbox 3354 3008 3637 3065; x_wconf 82' lang='lat' dir='ltr'><strong>adversum</strong></span> 
     </span>
    </p>
   </div>
   <div class='ocr_carea' id='block_1_75' title="bbox 2078 3086 3641 3161">
    <p class='ocr_par' dir='ltr' id='par_1_75' title="bbox 2078 3086 3641 3161">
     <span class='ocr_line' id='line_1_75' title="bbox 2078 3086 3641 3161; baseline 0.005 -21"><span class='ocrx_word' id='word_1_593' title='bbox 2078 3086 2361 3158; x_wconf 60' lang='lat' dir='ltr'><strong>Egyptios</strong></span> <span class='ocrx_word' id='word_1_594' title='bbox 2394 3090 2654 3152; x_wconf 89' lang='lat' dir='ltr'><strong>cernitur,</strong></span> <span class='ocrx_word' id='word_1_595' title='bbox 2692 3092 2877 3145; x_wconf 89' lang='lat' dir='ltr'><strong>eadem</strong></span> <span class='ocrx_word' id='word_1_596' title='bbox 2915 3091 3195 3161; x_wconf 87' lang='lat' dir='ltr'><strong>Scriptura</strong></span> <span class='ocrx_word' id='word_1_597' title='bbox 3226 3098 3504 3150; x_wconf 83' lang='lat' dir='ltr'><strong>contexit:</strong></span> <span class='ocrx_word' id='word_1_598' title='bbox 3539 3095 3641 3149; x_wconf 80' lang='lat' dir='ltr'><strong>Fili</strong></span> 
     </span>
    </p>
   </div>
   <div class='ocr_carea' id='block_1_76' title="bbox 2064 3174 3638 3253">
    <p class='ocr_par' dir='ltr' id='par_1_76' title="bbox 2064 3174 3638 3253">
     <span class='ocr_line' id='line_1_76' title="bbox 2064 3174 3638 3253; baseline 0.007 -26"><span class='ocrx_word' id='word_1_599' title='bbox 2064 3175 2313 3243; x_wconf 81' lang='lat' dir='ltr'><strong>honiinis,</strong></span> <span class='ocrx_word' id='word_1_600' title='bbox 2339 3175 2831 3233; x_wconf 81' lang='lat' dir='ltr'><strong>Nabuchodonosor</strong></span> <span class='ocrx_word' id='word_1_601' title='bbox 2851 3194 2942 3233; x_wconf 81' lang='lat' dir='ltr'><strong>rea:</strong></span> <span class='ocrx_word' id='word_1_602' title='bbox 2972 3174 3259 3251; x_wconf 72' lang='lat' dir='ltr'><strong>Babylonis</strong></span> <span class='ocrx_word' id='word_1_603' title='bbox 3291 3186 3487 3238; x_wconf 76' lang='lat' dir='ltr'><strong>servire</strong></span> <span class='ocrx_word' id='word_1_604' title='bbox 3509 3185 3638 3253; x_wconf 85' lang='lat' dir='ltr'><strong>fecit</strong></span> 
     </span>
    </p>
   </div>
   <div class='ocr_carea' id='block_1_77' title="bbox 2063 3271 3634 3345">
    <p class='ocr_par' dir='ltr' id='par_1_77' title="bbox 2063 3271 3634 3345">
     <span class='ocr_line' id='line_1_77' title="bbox 2063 3271 3634 3345; baseline 0.008 -24"><span class='ocrx_word' id='word_1_605' title='bbox 2063 3271 2344 3323; x_wconf 77' lang='lat' dir='ltr'><strong>exercitum</strong></span> <span class='ocrx_word' id='word_1_606' title='bbox 2367 3284 2519 3323; x_wconf 88' lang='lat' dir='ltr'><strong>suum</strong></span> <span class='ocrx_word' id='word_1_607' title='bbox 2557 3271 2802 3326; x_wconf 73' lang='lat' dir='ltr'><strong>servitute</strong></span> <span class='ocrx_word' id='word_1_608' title='bbox 2841 3287 3031 3342; x_wconf 87' lang='lat' dir='ltr'><strong>magna</strong></span> <span class='ocrx_word' id='word_1_609' title='bbox 3067 3278 3341 3329; x_wconf 84' lang='lat' dir='ltr'><strong>adversum</strong></span> <span class='ocrx_word' id='word_1_610' title='bbox 3384 3275 3581 3345; x_wconf 81' lang='lat' dir='ltr'><strong>Tyrum</strong></span> <span class='ocrx_word' id='word_1_611' title='bbox 3614 3295 3634 3333; x_wconf 90' lang='lat'><strong><em>:</em></strong></span> 
     </span>
    </p>
   </div>
   <div class='ocr_carea' id='block_1_78' title="bbox 2062 3358 3631 3437">
    <p class='ocr_par' dir='ltr' id='par_1_78' title="bbox 2062 3358 3631 3437">
     <span class='ocr_line' id='line_1_78' title="bbox 2062 3358 3631 3437; baseline 0.008 -27"><span class='ocrx_word' id='word_1_612' title='bbox 2062 3372 2214 3411; x_wconf 88' lang='lat' dir='ltr'><strong>omne</strong></span> <span class='ocrx_word' id='word_1_613' title='bbox 2238 3368 2393 3426; x_wconf 82' lang='lat' dir='ltr'><strong>caput</strong></span> <span class='ocrx_word' id='word_1_614' title='bbox 2413 3358 2768 3425; x_wconf 83' lang='lat' dir='ltr'><strong>decalvatum,</strong></span> <span class='ocrx_word' id='word_1_615' title='bbox 2792 3370 2840 3416; x_wconf 89' lang='lat' dir='ltr'><strong>et</strong></span> <span class='ocrx_word' id='word_1_616' title='bbox 2869 3365 3038 3417; x_wconf 86' lang='lat' dir='ltr'><strong>omnis</strong></span> <span class='ocrx_word' id='word_1_617' title='bbox 3070 3367 3316 3420; x_wconf 82' lang='lat' dir='ltr'><strong>humerus</strong></span> <span class='ocrx_word' id='word_1_618' title='bbox 3345 3368 3631 3437; x_wconf 81' lang='lat' dir='ltr'><strong>deptlatus,</strong></span> 
     </span>
    </p>
   </div>
   <div class='ocr_carea' id='block_1_79' title="bbox 2062 3452 3637 3527">
    <p class='ocr_par' dir='ltr' id='par_1_79' title="bbox 2062 3452 3637 3527">
     <span class='ocr_line' id='line_1_79' title="bbox 2062 3452 3637 3527; baseline 0.004 -23"><span class='ocrx_word' id='word_1_619' title='bbox 2062 3458 2109 3504; x_wconf 89' lang='lat' dir='ltr'><strong>et</strong></span> <span class='ocrx_word' id='word_1_620' title='bbox 2138 3464 2333 3503; x_wconf 86' lang='lat' dir='ltr'><strong>merces</strong></span> <span class='ocrx_word' id='word_1_621' title='bbox 2362 3466 2465 3504; x_wconf 90' lang='lat' dir='ltr'><strong>non</strong></span> <span class='ocrx_word' id='word_1_622' title='bbox 2487 3461 2560 3505; x_wconf 87' lang='lat' dir='ltr'><strong>est</strong></span> <span class='ocrx_word' id='word_1_623' title='bbox 2590 3452 2798 3506; x_wconf 87' lang='lat' dir='ltr'><strong>reddita</strong></span> <span class='ocrx_word' id='word_1_624' title='bbox 2829 3454 2900 3515; x_wconf 88' lang='lat' dir='ltr'><strong>ei,</strong></span> <span class='ocrx_word' id='word_1_625' title='bbox 2934 3471 3098 3526; x_wconf 86' lang='lat' dir='ltr'><strong>neque</strong></span> <span class='ocrx_word' id='word_1_626' title='bbox 3143 3460 3396 3512; x_wconf 72' lang='lat' dir='ltr'><strong>exercitui</strong></span> <span class='ocrx_word' id='word_1_627' title='bbox 3430 3460 3545 3527; x_wconf 83' lang='lat' dir='ltr'><strong>ejus</strong></span> <span class='ocrx_word' id='word_1_628' title='bbox 3574 3461 3637 3512; x_wconf 85' lang='lat' dir='ltr'><strong>de</strong></span> 
     </span>
    </p>
   </div>
   <div class='ocr_carea' id='block_1_80' title="bbox 2068 3538 3636 3616">
    <p class='ocr_par' dir='ltr' id='par_1_80' title="bbox 2068 3538 3636 3616">
     <span class='ocr_line' id='line_1_80' title="bbox 2068 3538 3636 3616; baseline 0.005 -23"><span class='ocrx_word' id='word_1_629' title='bbox 2068 3538 2203 3610; x_wconf 74' lang='lat' dir='ltr'><strong>Tyro</strong></span> <span class='ocrx_word' id='word_1_630' title='bbox 2232 3541 2447 3611; x_wconf 75' lang='lat' dir='ltr'><strong>(Ezech.</strong></span> <span class='ocrx_word' id='word_1_631' title='bbox 2481 3544 2656 3614; x_wconf 77' lang='lat' dir='ltr'><strong>xxix).</strong></span> <span class='ocrx_word' id='word_1_632' title='bbox 2688 3542 2794 3599; x_wconf 86' lang='lat' dir='ltr'><strong>Per</strong></span> <span class='ocrx_word' id='word_1_633' title='bbox 2825 3560 2946 3613; x_wconf 73' lang='lat' dir='ltr'><strong>quae</strong></span> <span class='ocrx_word' id='word_1_634' title='bbox 2978 3547 3453 3616; x_wconf 78' lang='lat' dir='ltr'><strong>signiﬁcat-inulto</strong></span> <span class='ocrx_word' id='word_1_635' title='bbox 3498 3561 3636 3604; x_wconf 70' lang='lat' dir='ltr'><strong>tein-</strong></span> 
     </span>
    </p>
   </div>
   <div class='ocr_carea' id='block_1_81' title="bbox 2065 3635 3632 3710">
    <p class='ocr_par' dir='ltr' id='par_1_81' title="bbox 2065 3635 3632 3710">
     <span class='ocr_line' id='line_1_81' title="bbox 2065 3635 3632 3710; baseline 0.006 -22"><span class='ocrx_word' id='word_1_636' title='bbox 2065 3648 2198 3703; x_wconf 89' lang='lat' dir='ltr'><strong>pore</strong></span> <span class='ocrx_word' id='word_1_637' title='bbox 2228 3636 2296 3688; x_wconf 86' lang='lat' dir='ltr'><strong>ab</strong></span> <span class='ocrx_word' id='word_1_638' title='bbox 2328 3636 2569 3690; x_wconf 85' lang='lat' dir='ltr'><strong>exercitu</strong></span> <span class='ocrx_word' id='word_1_639' title='bbox 2611 3635 2907 3707; x_wconf 83' lang='lat' dir='ltr'><strong>Babylonis</strong></span> <span class='ocrx_word' id='word_1_640' title='bbox 2933 3654 3183 3709; x_wconf 85' lang='lat' dir='ltr'><strong>aggerem</strong></span> <span class='ocrx_word' id='word_1_641' title='bbox 3217 3650 3632 3710; x_wconf 80' lang='lat' dir='ltr'><strong>comportatum,</strong></span> 
     </span>
    </p>
   </div>
   <div class='ocr_carea' id='block_1_82' title="bbox 2066 3726 3633 3795">
    <p class='ocr_par' dir='ltr' id='par_1_82' title="bbox 2066 3726 3633 3795">
     <span class='ocr_line' id='line_1_82' title="bbox 2066 3726 3633 3795; baseline 0.005 -18"><span class='ocrx_word' id='word_1_642' title='bbox 2066 3733 2123 3777; x_wconf 92' lang='lat' dir='ltr'><strong>ut</strong></span> <span class='ocrx_word' id='word_1_643' title='bbox 2152 3726 2296 3795; x_wconf 90' lang='lat' dir='ltr'><strong>quod</strong></span> <span class='ocrx_word' id='word_1_644' title='bbox 2326 3736 2511 3793; x_wconf 90' lang='lat' dir='ltr'><strong>postea</strong></span> <span class='ocrx_word' id='word_1_645' title='bbox 2539 3727 2667 3782; x_wconf 81' lang='lat' dir='ltr'><strong>fecit</strong></span> <span class='ocrx_word' id='word_1_646' title='bbox 2700 3729 3032 3792; x_wconf 83' lang='lat' dir='ltr'><strong>Alexander,</strong></span> <span class='ocrx_word' id='word_1_647' title='bbox 3066 3730 3299 3784; x_wconf 90' lang='lat' dir='ltr'><strong>insulam</strong></span> <span class='ocrx_word' id='word_1_648' title='bbox 3334 3733 3633 3786; x_wconf 87' lang='lat' dir='ltr'><strong>continenti</strong></span> 
     </span>
    </p>
   </div>
   <div class='ocr_carea' id='block_1_83' title="bbox 2066 3820 3629 3892">
    <p class='ocr_par' dir='ltr' id='par_1_83' title="bbox 2066 3820 3629 3892">
     <span class='ocr_line' id='line_1_83' title="bbox 2066 3820 3629 3892; baseline 0.003 -18"><span class='ocrx_word' id='word_1_649' title='bbox 2066 3827 2225 3874; x_wconf 75' lang='lat' dir='ltr'><strong>terrae</strong></span> <span class='ocrx_word' id='word_1_650' title='bbox 2251 3821 2483 3886; x_wconf 87' lang='lat' dir='ltr'><strong>socians,</strong></span> <span class='ocrx_word' id='word_1_651' title='bbox 2516 3820 2606 3875; x_wconf 89' lang='lat' dir='ltr'><strong>ille</strong></span> <span class='ocrx_word' id='word_1_652' title='bbox 2662 3831 2788 3876; x_wconf 87' lang='lat' dir='ltr'><strong>ante</strong></span> <span class='ocrx_word' id='word_1_653' title='bbox 2833 3822 3014 3880; x_wconf 84' lang='lat' dir='ltr'><strong>facere</strong></span> <span class='ocrx_word' id='word_1_654' title='bbox 3053 3825 3124 3877; x_wconf 88' lang='lat' dir='ltr'><strong>sit</strong></span> <span class='ocrx_word' id='word_1_655' title='bbox 3153 3836 3377 3879; x_wconf 89' lang='lat' dir='ltr'><strong>conatus</strong></span> <span class='ocrx_word' id='word_1_656' title='bbox 3418 3824 3629 3892; x_wconf 80' lang='lat' dir='ltr'><strong>(Quint.</strong></span> 
     </span>
    </p>
   </div>
   <div class='ocr_carea' id='block_1_84' title="bbox 2064 3909 3631 3987">
    <p class='ocr_par' dir='ltr' id='par_1_84' title="bbox 2064 3909 3631 3987">
     <span class='ocr_line' id='line_1_84' title="bbox 2064 3909 3631 3987; baseline 0.003 -23"><span class='ocrx_word' id='word_1_657' title='bbox 2064 3909 2220 3965; x_wconf 85' lang='lat' dir='ltr'><strong>Curt.</strong></span> <span class='ocrx_word' id='word_1_658' title='bbox 2257 3911 2351 3966; x_wconf 90' lang='lat' dir='ltr'><strong>lib.</strong></span> <span class='ocrx_word' id='word_1_659' title='bbox 2382 3912 2479 3980; x_wconf 84' lang='lat' dir='ltr'><strong>tv).</strong></span> <span class='ocrx_word' id='word_1_660' title='bbox 2528 3912 2812 3978; x_wconf 86' lang='lat' dir='ltr'><strong>Quomodo</strong></span> <span class='ocrx_word' id='word_1_661' title='bbox 2843 3929 2975 3983; x_wconf 88' lang='lat' dir='ltr'><strong>ergo</strong></span> <span class='ocrx_word' id='word_1_662' title='bbox 3023 3918 3281 3971; x_wconf 81' lang='lat' dir='ltr'><strong>adversus</strong></span> <span class='ocrx_word' id='word_1_663' title='bbox 3308 3915 3631 3987; x_wconf 84' lang='lat' dir='ltr'><strong>Babylonem</strong></span> 
     </span>
    </p>
   </div>
   <div class='ocr_carea' id='block_1_85' title="bbox 2064 3999 3636 4076">
    <p class='ocr_par' dir='ltr' id='par_1_85' title="bbox 2064 3999 3636 4076">
     <span class='ocr_line' id='line_1_85' title="bbox 2064 3999 3636 4076; baseline 0.002 -19"><span class='ocrx_word' id='word_1_664' title='bbox 2064 4011 2119 4057; x_wconf 89' lang='lat' dir='ltr'><strong>et</strong></span> <span class='ocrx_word' id='word_1_665' title='bbox 2146 3999 2461 4069; x_wconf 85' lang='lat' dir='ltr'><strong>Philistiim,</strong></span> <span class='ocrx_word' id='word_1_666' title='bbox 2495 4013 2548 4058; x_wconf 88' lang='lat' dir='ltr'><strong>et</strong></span> <span class='ocrx_word' id='word_1_667' title='bbox 2578 4002 2760 4069; x_wconf 78' lang='lat' dir='ltr'><strong>Moab,</strong></span> <span class='ocrx_word' id='word_1_668' title='bbox 2785 4003 3177 4076; x_wconf 67' lang='lat' dir='ltr'><strong>etEgyptum,</strong></span> <span class='ocrx_word' id='word_1_669' title='bbox 3209 4017 3261 4061; x_wconf 90' lang='lat' dir='ltr'><strong>et</strong></span> <span class='ocrx_word' id='word_1_670' title='bbox 3287 4007 3551 4062; x_wconf 67' lang='lat' dir='ltr'><strong>Idumaeos</strong></span> <span class='ocrx_word' id='word_1_671' title='bbox 3583 4019 3636 4061; x_wconf 82' lang='lat' dir='ltr'><strong>et</strong></span> 
     </span>
    </p>
   </div>
   <div class='ocr_carea' id='block_1_86' title="bbox 2067 4091 3633 4169">
    <p class='ocr_par' dir='ltr' id='par_1_86' title="bbox 2067 4091 3633 4169">
     <span class='ocr_line' id='line_1_86' title="bbox 2067 4091 3633 4169; baseline 0.004 -24"><span class='ocrx_word' id='word_1_672' title='bbox 2067 4091 2387 4155; x_wconf 83' lang='lat' dir='ltr'><strong>lsmaelitas,</strong></span> <span class='ocrx_word' id='word_1_673' title='bbox 2416 4108 2576 4163; x_wconf 84' lang='lat' dir='ltr'><strong>supra</strong></span> <span class='ocrx_word' id='word_1_674' title='bbox 2597 4092 2688 4148; x_wconf 86' lang='lat' dir='ltr'><strong>Dei</strong></span> <span class='ocrx_word' id='word_1_675' title='bbox 2714 4096 3189 4151; x_wconf 86' lang='lat' dir='ltr'><strong>contminationetn</strong></span> <span class='ocrx_word' id='word_1_676' title='bbox 3210 4098 3464 4167; x_wconf 82' lang='lat' dir='ltr'><strong>legimus,</strong></span> <span class='ocrx_word' id='word_1_677' title='bbox 3490 4100 3633 4169; x_wconf 85' lang='lat' dir='ltr'><strong>quod</strong></span> 
     </span>
    </p>
   </div>
   <div class='ocr_carea' id='block_1_87' title="bbox 2068 4185 3635 4259">
    <p class='ocr_par' dir='ltr' id='par_1_87' title="bbox 2068 4185 3635 4259">
     <span class='ocr_line' id='line_1_87' title="bbox 2068 4185 3635 4259; baseline 0.005 -19"><span class='ocrx_word' id='word_1_678' title='bbox 2068 4185 2447 4243; x_wconf 86' lang='lat' dir='ltr'><strong>insultaverint</strong></span> <span class='ocrx_word' id='word_1_679' title='bbox 2480 4188 2780 4256; x_wconf 84' lang='lat' dir='ltr'><strong>captivitati</strong></span> <span class='ocrx_word' id='word_1_680' title='bbox 2808 4191 2990 4259; x_wconf 84' lang='lat' dir='ltr'><strong>populi</strong></span> <span class='ocrx_word' id='word_1_681' title='bbox 3012 4190 3156 4258; x_wconf 88' lang='lat' dir='ltr'><strong>ejus,</strong></span> <span class='ocrx_word' id='word_1_682' title='bbox 3190 4192 3263 4245; x_wconf 91' lang='lat' dir='ltr'><strong>ita</strong></span> <span class='ocrx_word' id='word_1_683' title='bbox 3297 4192 3463 4246; x_wconf 87' lang='lat' dir='ltr'><strong>etiam</strong></span> <span class='ocrx_word' id='word_1_684' title='bbox 3494 4209 3635 4248; x_wconf 88' lang='lat' dir='ltr'><strong>nunc</strong></span> 
     </span>
    </p>
   </div>
   <div class='ocr_carea' id='block_1_88' title="bbox 2066 4278 3635 4351">
    <p class='ocr_par' dir='ltr' id='par_1_88' title="bbox 2066 4278 3635 4351">
     <span class='ocr_line' id='line_1_88' title="bbox 2066 4278 3635 4351; baseline 0.004 -19"><span class='ocrx_word' id='word_1_685' title='bbox 2066 4279 2351 4333; x_wconf 90' lang='lat' dir='ltr'><strong>adversum</strong></span> <span class='ocrx_word' id='word_1_686' title='bbox 2389 4278 2550 4349; x_wconf 80' lang='lat'><strong>221</strong></span> <span class='ocrx_word' id='word_1_687' title='bbox 2587 4278 2788 4351; x_wconf 83' lang='lat' dir='ltr'><strong>Tyrum</strong></span> <span class='ocrx_word' id='word_1_688' title='bbox 2812 4279 3113 4345; x_wconf 89' lang='lat' dir='ltr'><strong>inimicam,</strong></span> <span class='ocrx_word' id='word_1_689' title='bbox 3148 4291 3203 4335; x_wconf 90' lang='lat' dir='ltr'><strong>et</strong></span> <span class='ocrx_word' id='word_1_690' title='bbox 3244 4284 3635 4340; x_wconf 85' lang='lat' dir='ltr'><strong>insultatricem</strong></span> 
     </span>
    </p>
   </div>
   <div class='ocr_carea' id='block_1_89' title="bbox 2066 4369 3636 4443">
    <p class='ocr_par' dir='ltr' id='par_1_89' title="bbox 2066 4369 3636 4443">
     <span class='ocr_line' id='line_1_89' title="bbox 2066 4369 3636 4443; baseline 0.005 -22"><span class='ocrx_word' id='word_1_691' title='bbox 2066 4369 2436 4424; x_wconf 86' lang='lat' dir='ltr'><strong>subversionis</strong></span> <span class='ocrx_word' id='word_1_692' title='bbox 2452 4369 2748 4424; x_wconf 83' lang='lat' dir='ltr'><strong>Jerusalem</strong></span> <span class='ocrx_word' id='word_1_693' title='bbox 2769 4372 3053 4441; x_wconf 89' lang='lat' dir='ltr'><strong>prophetia</strong></span> <span class='ocrx_word' id='word_1_694' title='bbox 3073 4373 3295 4440; x_wconf 83' lang='lat' dir='ltr'><strong>texitur,</strong></span> <span class='ocrx_word' id='word_1_695' title='bbox 3315 4375 3456 4443; x_wconf 91' lang='lat' dir='ltr'><strong>quod</strong></span> <span class='ocrx_word' id='word_1_696' title='bbox 3475 4377 3636 4431; x_wconf 85' lang='lat' dir='ltr'><strong>etiam</strong></span> 
     </span>
    </p>
   </div>
   <div class='ocr_carea' id='block_1_90' title="bbox 401 4461 3634 4542">
    <p class='ocr_par' dir='ltr' id='par_1_90' title="bbox 401 4461 3634 4542">
     <span class='ocr_line' id='line_1_90' title="bbox 401 4461 3634 4542; baseline 0.001 -20"><span class='ocrx_word' id='word_1_697' title='bbox 401 4471 454 4523; x_wconf 89' lang='lat' dir='ltr'><strong>in</strong></span> <span class='ocrx_word' id='word_1_698' title='bbox 493 4485 577 4532; x_wconf 89' lang='lat' dir='ltr'><strong>eo,</strong></span> <span class='ocrx_word' id='word_1_699' title='bbox 600 4472 723 4538; x_wconf 88' lang='lat' dir='ltr'><strong>quia</strong></span> <span class='ocrx_word' id='word_1_700' title='bbox 760 4467 1011 4521; x_wconf 81' lang='lat' dir='ltr'><strong>Dominus</strong></span> <span class='ocrx_word' id='word_1_701' title='bbox 1039 4469 1242 4522; x_wconf 88' lang='lat' dir='ltr'><strong>locutus</strong></span> <span class='ocrx_word' id='word_1_702' title='bbox 1273 4476 1377 4532; x_wconf 88' lang='lat' dir='ltr'><strong>est,</strong></span> <span class='ocrx_word' id='word_1_703' title='bbox 1417 4466 1571 4520; x_wconf 93' lang='lat' dir='ltr'><strong>multi</strong></span> <span class='ocrx_word' id='word_1_704' title='bbox 1605 4471 1673 4520; x_wconf 89' lang='lat' dir='ltr'><strong>ad</strong></span> <span class='ocrx_word' id='word_1_705' title='bbox 1724 4464 1959 4520; x_wconf 83' lang='lat' dir='ltr'><strong>Sobnam</strong></span> <span class='ocrx_word' id='word_1_706' title='bbox 1998 4471 2039 4525; x_wconf 91' lang='lat' dir='ltr'><strong>D</strong></span> <span class='ocrx_word' id='word_1_707' title='bbox 2072 4461 2184 4531; x_wconf 82' lang='lat' dir='ltr'><strong>ipsa</strong></span> <span class='ocrx_word' id='word_1_708' title='bbox 2217 4463 2284 4516; x_wconf 83' lang='lat' dir='ltr'><strong>ab</strong></span> <span class='ocrx_word' id='word_1_709' title='bbox 2313 4464 2500 4516; x_wconf 85' lang='lat' dir='ltr'><strong>eodem</strong></span> <span class='ocrx_word' id='word_1_710' title='bbox 2540 4464 2698 4517; x_wconf 84' lang='lat' dir='ltr'><strong>hoste</strong></span> <span class='ocrx_word' id='word_1_711' title='bbox 2738 4465 2810 4519; x_wconf 86' lang='lat' dir='ltr'><strong>sit</strong></span> <span class='ocrx_word' id='word_1_712' title='bbox 2841 4466 3195 4521; x_wconf 81' lang='lat' dir='ltr'><strong>destruenda.</strong></span> <span class='ocrx_word' id='word_1_713' title='bbox 3237 4467 3491 4537; x_wconf 85' lang='lat' dir='ltr'><strong>Legimus</strong></span> <span class='ocrx_word' id='word_1_714' title='bbox 3537 4468 3634 4542; x_wconf 82' lang='grc' dir='ltr'><strong>[αι.</strong></span> 
     </span>
    </p>
   </div>
   <div class='ocr_carea' id='block_1_91' title="bbox 400 4556 1961 4626">
    <p class='ocr_par' dir='ltr' id='par_1_91' title="bbox 400 4556 1961 4626">
     <span class='ocr_line' id='line_1_91' title="bbox 400 4556 1961 4626; baseline -0.003 -10"><span class='ocrx_word' id='word_1_715' title='bbox 400 4559 664 4624; x_wconf 75' lang='lat' dir='ltr'><strong>referunt,</strong></span> <span class='ocrx_word' id='word_1_716' title='bbox 698 4559 838 4626; x_wconf 87' lang='lat' dir='ltr'><strong>quod</strong></span> <span class='ocrx_word' id='word_1_717' title='bbox 864 4556 1085 4611; x_wconf 81' lang='lat' dir='ltr'><strong>Eliacim</strong></span> <span class='ocrx_word' id='word_1_718' title='bbox 1112 4557 1275 4610; x_wconf 88' lang='lat' dir='ltr'><strong>inﬁxa</strong></span> <span class='ocrx_word' id='word_1_719' title='bbox 1308 4556 1529 4625; x_wconf 86' lang='lat' dir='ltr'><strong>paxillo,</strong></span> <span class='ocrx_word' id='word_1_720' title='bbox 1548 4558 1695 4625; x_wconf 89' lang='lat' dir='ltr'><strong>prior</strong></span> <span class='ocrx_word' id='word_1_721' title='bbox 1724 4556 1961 4624; x_wconf 81' lang='lat' dir='ltr'><strong>paxillus</strong></span> 
     </span>
    </p>
   </div>
   <div class='ocr_carea' id='block_1_92' title="bbox 401 4647 1964 4725">
    <p class='ocr_par' dir='ltr' id='par_1_92' title="bbox 401 4647 1964 4725">
     <span class='ocr_line' id='line_1_92' title="bbox 401 4647 1964 4725; baseline -0.004 -18"><span class='ocrx_word' id='word_1_722' title='bbox 401 4656 490 4725; x_wconf 90' lang='lat' dir='ltr'><strong>qui</strong></span> <span class='ocrx_word' id='word_1_723' title='bbox 517 4653 715 4709; x_wconf 86' lang='lat' dir='ltr'><strong>inﬁxus</strong></span> <span class='ocrx_word' id='word_1_724' title='bbox 742 4651 940 4714; x_wconf 81' lang='lat' dir='ltr'><strong>fuerat,</strong></span> <span class='ocrx_word' id='word_1_725' title='bbox 970 4656 1208 4703; x_wconf 89' lang='lat' dir='ltr'><strong>corruat.</strong></span> <span class='ocrx_word' id='word_1_726' title='bbox 1252 4647 1357 4703; x_wconf 73' lang='lat' dir='ltr'><strong>Sed</strong></span> <span class='ocrx_word' id='word_1_727' title='bbox 1396 4650 1528 4718; x_wconf 88' lang='lat' dir='ltr'><strong>quia</strong></span> <span class='ocrx_word' id='word_1_728' title='bbox 1564 4650 1811 4718; x_wconf 88' lang='lat' dir='ltr'><strong>sequitur</strong></span> <span class='ocrx_word' id='word_1_729' title='bbox 1843 4664 1858 4703; x_wconf 86' lang='lat'><strong>:</strong></span> <span class='ocrx_word' id='word_1_730' title='bbox 1896 4648 1964 4701; x_wconf 78' lang='lat' dir='ltr'><strong>Et</strong></span> 
     </span>
    </p>
   </div>
   <div class='ocr_carea' id='block_1_93' title="bbox 401 4737 1962 4815">
    <p class='ocr_par' dir='ltr' id='par_1_93' title="bbox 401 4737 1962 4815">
     <span class='ocr_line' id='line_1_93' title="bbox 401 4737 1962 4815; baseline -0.004 -16"><span class='ocrx_word' id='word_1_731' title='bbox 401 4746 587 4815; x_wconf 80' lang='lat' dir='ltr'><strong>peribit</strong></span> <span class='ocrx_word' id='word_1_732' title='bbox 607 4744 742 4813; x_wconf 88' lang='lat' dir='ltr'><strong>quod</strong></span> <span class='ocrx_word' id='word_1_733' title='bbox 792 4741 1103 4811; x_wconf 86' lang='lat' dir='ltr'><strong>pependerat</strong></span> <span class='ocrx_word' id='word_1_734' title='bbox 1132 4740 1188 4792; x_wconf 88' lang='lat' dir='ltr'><strong>in</strong></span> <span class='ocrx_word' id='word_1_735' title='bbox 1213 4756 1270 4793; x_wconf 87' lang='lat' dir='ltr'><strong>eo</strong></span> <span class='ocrx_word' id='word_1_736' title='bbox 1300 4755 1318 4793; x_wconf 91' lang='lat'><strong><em>:</em></strong></span> <span class='ocrx_word' id='word_1_737' title='bbox 1344 4741 1486 4808; x_wconf 90' lang='lat' dir='ltr'><strong>quod</strong></span> <span class='ocrx_word' id='word_1_738' title='bbox 1542 4739 1751 4809; x_wconf 84' lang='lat' dir='ltr'><strong>dejecto</strong></span> <span class='ocrx_word' id='word_1_739' title='bbox 1782 4737 1962 4793; x_wconf 87' lang='lat' dir='ltr'><strong>Sobna</strong></span> 
     </span>
    </p>
   </div>
   <div class='ocr_carea' id='block_1_94' title="bbox 404 4828 1963 4903">
    <p class='ocr_par' dir='ltr' id='par_1_94' title="bbox 404 4828 1963 4903">
     <span class='ocr_line' id='line_1_94' title="bbox 404 4828 1963 4903; baseline -0.005 -14"><span class='ocrx_word' id='word_1_740' title='bbox 404 4848 743 4903; x_wconf 72' lang='lat' dir='ltr'><strong>nequaquam</strong></span> <span class='ocrx_word' id='word_1_741' title='bbox 791 4834 988 4885; x_wconf 78' lang='lat' dir='ltr'><strong>factum</strong></span> <span class='ocrx_word' id='word_1_742' title='bbox 1016 4841 1118 4891; x_wconf 81' lang='lat' dir='ltr'><strong>est,</strong></span> <span class='ocrx_word' id='word_1_743' title='bbox 1151 4828 1507 4897; x_wconf 87' lang='lat' dir='ltr'><strong>intelligimus</strong></span> <span class='ocrx_word' id='word_1_744' title='bbox 1536 4829 1640 4882; x_wconf 87' lang='lat' dir='ltr'><strong>hoc</strong></span> <span class='ocrx_word' id='word_1_745' title='bbox 1668 4829 1795 4894; x_wconf 83' lang='lat' dir='ltr'><strong>diei,</strong></span> <span class='ocrx_word' id='word_1_746' title='bbox 1819 4829 1963 4897; x_wconf 90' lang='lat' dir='ltr'><strong>quod</strong></span> 
     </span>
    </p>
   </div>
   <div class='ocr_carea' id='block_1_95' title="bbox 403 4917 1963 4994">
    <p class='ocr_par' dir='ltr' id='par_1_95' title="bbox 403 4917 1963 4994">
     <span class='ocr_line' id='line_1_95' title="bbox 403 4917 1963 4994; baseline -0.005 -14"><span class='ocrx_word' id='word_1_747' title='bbox 403 4924 647 4994; x_wconf 88' lang='lat' dir='ltr'><strong>deposito</strong></span> <span class='ocrx_word' id='word_1_748' title='bbox 697 4922 915 4984; x_wconf 79' lang='lat' dir='ltr'><strong>Sobna,</strong></span> <span class='ocrx_word' id='word_1_749' title='bbox 965 4917 1338 4988; x_wconf 86' lang='lat' dir='ltr'><strong>pontiﬁcatum</strong></span> <span class='ocrx_word' id='word_1_750' title='bbox 1395 4920 1667 4986; x_wconf 87' lang='lat' dir='ltr'><strong>acceperit</strong></span> <span class='ocrx_word' id='word_1_751' title='bbox 1715 4918 1963 4984; x_wconf 85' lang='lat' dir='ltr'><strong>Eliacim,</strong></span> 
     </span>
    </p>
   </div>
   <div class='ocr_carea' id='block_1_96' title="bbox 403 5013 1963 5087">
    <p class='ocr_par' dir='ltr' id='par_1_96' title="bbox 403 5013 1963 5087">
     <span class='ocr_line' id='line_1_96' title="bbox 403 5013 1963 5087; baseline -0.003 -16"><span class='ocrx_word' id='word_1_752' title='bbox 403 5018 556 5087; x_wconf 86' lang='lat' dir='ltr'><strong>cujus</strong></span> <span class='ocrx_word' id='word_1_753' title='bbox 592 5014 881 5069; x_wconf 86' lang='lat' dir='ltr'><strong>sacerdotii</strong></span> <span class='ocrx_word' id='word_1_754' title='bbox 908 5013 1225 5083; x_wconf 87' lang='lat' dir='ltr'><strong>dignitatem</strong></span> <span class='ocrx_word' id='word_1_755' title='bbox 1256 5014 1523 5066; x_wconf 81' lang='lat' dir='ltr'><strong>subvertit</strong></span> <span class='ocrx_word' id='word_1_756' title='bbox 1552 5022 1797 5067; x_wconf 89' lang='lat' dir='ltr'><strong>extrema</strong></span> <span class='ocrx_word' id='word_1_757' title='bbox 1826 5028 1963 5083; x_wconf 89' lang='lat' dir='ltr'><strong>cap-</strong></span> 
     </span>
    </p>
   </div>
   <div class='ocr_carea' id='block_1_97' title="bbox 404 5104 1965 5175">
    <p class='ocr_par' dir='ltr' id='par_1_97' title="bbox 404 5104 1965 5175">
     <span class='ocr_line' id='line_1_97' title="bbox 404 5104 1965 5175; baseline 0 -15"><span class='ocrx_word' id='word_1_758' title='bbox 404 5109 607 5163; x_wconf 75' lang='lat' dir='ltr'><strong>tivitas.</strong></span> <span class='ocrx_word' id='word_1_759' title='bbox 631 5104 733 5170; x_wconf 85' lang='lat' dir='ltr'><strong>Qui</strong></span> <span class='ocrx_word' id='word_1_760' title='bbox 754 5105 902 5175; x_wconf 88' lang='lat' dir='ltr'><strong>juxta</strong></span> <span class='ocrx_word' id='word_1_761' title='bbox 926 5104 1220 5172; x_wconf 79' lang='grc' dir='ltr'><strong>ἀναγωγὴν</strong></span> <span class='ocrx_word' id='word_1_762' title='bbox 1241 5115 1435 5158; x_wconf 90' lang='lat' dir='ltr'><strong>cuncta</strong></span> <span class='ocrx_word' id='word_1_763' title='bbox 1458 5105 1750 5174; x_wconf 84' lang='lat' dir='ltr'><strong>accipiunt,</strong></span> <span class='ocrx_word' id='word_1_764' title='bbox 1777 5107 1965 5160; x_wconf 80' lang='lat' dir='ltr'><strong>volunt</strong></span> 
     </span>
    </p>
   </div>
   <div class='ocr_carea' id='block_1_98' title="bbox 403 5191 1962 5261">
    <p class='ocr_par' dir='ltr' id='par_1_98' title="bbox 403 5191 1962 5261">
     <span class='ocr_line' id='line_1_98' title="bbox 403 5191 1962 5261; baseline -0.001 -10"><span class='ocrx_word' id='word_1_765' title='bbox 403 5200 455 5251; x_wconf 90' lang='lat' dir='ltr'><strong>in</strong></span> <span class='ocrx_word' id='word_1_766' title='bbox 485 5194 684 5249; x_wconf 67' lang='lat' dir='ltr'><strong>Sobnae</strong></span> <span class='ocrx_word' id='word_1_767' title='bbox 701 5194 1009 5260; x_wconf 86' lang='lat' dir='ltr'><strong>pontiﬁcatu</strong></span> <span class='ocrx_word' id='word_1_768' title='bbox 1027 5191 1339 5247; x_wconf 70' lang='lat' dir='ltr'><strong>.Iudaeorum</strong></span> <span class='ocrx_word' id='word_1_769' title='bbox 1362 5195 1727 5248; x_wconf 87' lang='lat' dir='ltr'><strong>sacerdotium</strong></span> <span class='ocrx_word' id='word_1_770' title='bbox 1745 5196 1962 5261; x_wconf 90' lang='lat' dir='ltr'><strong>cadere,</strong></span> 
     </span>
    </p>
   </div>
   <div class='ocr_carea' id='block_1_99' title="bbox 401 5283 1964 5355">
    <p class='ocr_par' dir='ltr' id='par_1_99' title="bbox 401 5283 1964 5355">
     <span class='ocr_line' id='line_1_99' title="bbox 401 5283 1964 5355; baseline -0.002 -13"><span class='ocrx_word' id='word_1_771' title='bbox 401 5301 449 5342; x_wconf 90' lang='lat' dir='ltr'><strong>et</strong></span> <span class='ocrx_word' id='word_1_772' title='bbox 483 5290 535 5341; x_wconf 88' lang='lat' dir='ltr'><strong>in</strong></span> <span class='ocrx_word' id='word_1_773' title='bbox 577 5286 923 5341; x_wconf 77' lang='lat' dir='ltr'><strong>successione</strong></span> <span class='ocrx_word' id='word_1_774' title='bbox 986 5283 1237 5350; x_wconf 81' lang='lat' dir='ltr'><strong>Eliacim,</strong></span> <span class='ocrx_word' id='word_1_775' title='bbox 1266 5286 1354 5351; x_wconf 90' lang='lat' dir='ltr'><strong>qui</strong></span> <span class='ocrx_word' id='word_1_776' title='bbox 1410 5286 1798 5355; x_wconf 88' lang='lat' dir='ltr'><strong>interpretatur</strong></span> <span class='ocrx_word' id='word_1_777' title='bbox 1826 5284 1964 5339; x_wconf 90' lang='lat' dir='ltr'><strong>Deus</strong></span> 
     </span>
    </p>
   </div>
   <div class='ocr_carea' id='block_1_100' title="bbox 401 5376 1961 5449">
    <p class='ocr_par' dir='ltr' id='par_1_100' title="bbox 401 5376 1961 5449">
     <span class='ocr_line' id='line_1_100' title="bbox 401 5376 1961 5449; baseline 0.001 -18"><span class='ocrx_word' id='word_1_778' title='bbox 401 5395 697 5449; x_wconf 85' lang='lat' dir='ltr'><strong>resurgens,</strong></span> <span class='ocrx_word' id='word_1_779' title='bbox 732 5376 1026 5446; x_wconf 77' lang='lat' dir='ltr'><strong>evangelici</strong></span> <span class='ocrx_word' id='word_1_780' title='bbox 1051 5378 1234 5431; x_wconf 88' lang='lat' dir='ltr'><strong>cultus</strong></span> <span class='ocrx_word' id='word_1_781' title='bbox 1255 5387 1593 5431; x_wconf 85' lang='lat' dir='ltr'><strong>sacramenta</strong></span> <span class='ocrx_word' id='word_1_782' title='bbox 1624 5379 1917 5434; x_wconf 88' lang='lat' dir='ltr'><strong>monstrari</strong></span> <span class='ocrx_word' id='word_1_783' title='bbox 1944 5419 1961 5445; x_wconf 91' lang='lat'><strong>,</strong></span> 
     </span>
    </p>
   </div>
   <div class='ocr_carea' id='block_1_101' title="bbox 400 5470 1960 5541">
    <p class='ocr_par' dir='ltr' id='par_1_101' title="bbox 400 5470 1960 5541">
     <span class='ocr_line' id='line_1_101' title="bbox 400 5470 1960 5541; baseline -0.001 -13"><span class='ocrx_word' id='word_1_784' title='bbox 400 5476 470 5528; x_wconf 91' lang='lat' dir='ltr'><strong>ita</strong></span> <span class='ocrx_word' id='word_1_785' title='bbox 499 5482 561 5528; x_wconf 91' lang='lat' dir='ltr'><strong>ut</strong></span> <span class='ocrx_word' id='word_1_786' title='bbox 615 5474 721 5527; x_wconf 82' lang='lat' dir='ltr'><strong>hoc</strong></span> <span class='ocrx_word' id='word_1_787' title='bbox 752 5474 895 5541; x_wconf 87' lang='lat' dir='ltr'><strong>quod</strong></span> <span class='ocrx_word' id='word_1_788' title='bbox 928 5474 1176 5539; x_wconf 86' lang='lat' dir='ltr'><strong>sequitur</strong></span> <span class='ocrx_word' id='word_1_789' title='bbox 1209 5486 1223 5523; x_wconf 89' lang='lat'><strong>:</strong></span> <span class='ocrx_word' id='word_1_790' title='bbox 1259 5470 1421 5541; x_wconf 77' lang='lat'><strong>226</strong></span> <span class='ocrx_word' id='word_1_791' title='bbox 1450 5471 1513 5524; x_wconf 88' lang='lat' dir='ltr'><strong>In</strong></span> <span class='ocrx_word' id='word_1_792' title='bbox 1560 5473 1645 5526; x_wconf 92' lang='lat' dir='ltr'><strong>die</strong></span> <span class='ocrx_word' id='word_1_793' title='bbox 1673 5474 1789 5539; x_wconf 88' lang='lat' dir='ltr'><strong>illo,</strong></span> <span class='ocrx_word' id='word_1_794' title='bbox 1832 5474 1960 5527; x_wconf 88' lang='lat' dir='ltr'><strong>dicit</strong></span> 
     </span>
    </p>
   </div>
   <div class='ocr_carea' id='block_1_102' title="bbox 401 5562 1964 5634">
    <p class='ocr_par' dir='ltr' id='par_1_102' title="bbox 401 5562 1964 5634">
     <span class='ocr_line' id='line_1_102' title="bbox 401 5562 1964 5634; baseline -0.001 -15"><span class='ocrx_word' id='word_1_795' title='bbox 401 5567 655 5619; x_wconf 80' lang='lat' dir='ltr'><strong>Dominus</strong></span> <span class='ocrx_word' id='word_1_796' title='bbox 666 5566 1011 5625; x_wconf 69' lang='lat' dir='ltr'><strong>exercituum,</strong></span> <span class='ocrx_word' id='word_1_797' title='bbox 1032 5562 1561 5631; x_wconf 74' lang='lat' dir='ltr'><strong>aufereturpaxillns,</strong></span> <span class='ocrx_word' id='word_1_798' title='bbox 1583 5565 1672 5633; x_wconf 87' lang='lat' dir='ltr'><strong>qui</strong></span> <span class='ocrx_word' id='word_1_799' title='bbox 1686 5566 1825 5634; x_wconf 69' lang='lat' dir='ltr'><strong>ﬁxus</strong></span> <span class='ocrx_word' id='word_1_800' title='bbox 1848 5565 1964 5633; x_wconf 80' lang='lat' dir='ltr'><strong>[ue-</strong></span> 
     </span>
    </p>
   </div>
   <div class='ocr_carea' id='block_1_103' title="bbox 402 5656 1962 5726">
    <p class='ocr_par' dir='ltr' id='par_1_103' title="bbox 402 5656 1962 5726">
     <span class='ocr_line' id='line_1_103' title="bbox 402 5656 1962 5726; baseline 0.001 -15"><span class='ocrx_word' id='word_1_801' title='bbox 402 5669 479 5711; x_wconf 92' lang='lat' dir='ltr'><strong>rat</strong></span> <span class='ocrx_word' id='word_1_802' title='bbox 508 5660 565 5712; x_wconf 86' lang='lat' dir='ltr'><strong>in</strong></span> <span class='ocrx_word' id='word_1_803' title='bbox 592 5658 706 5711; x_wconf 90' lang='lat' dir='ltr'><strong>loco</strong></span> <span class='ocrx_word' id='word_1_804' title='bbox 737 5656 904 5726; x_wconf 74' lang='lat' dir='ltr'><strong>ﬁdeli,</strong></span> <span class='ocrx_word' id='word_1_805' title='bbox 944 5667 992 5710; x_wconf 89' lang='lat' dir='ltr'><strong>et</strong></span> <span class='ocrx_word' id='word_1_806' title='bbox 1028 5656 1306 5724; x_wconf 71' lang='lat' dir='ltr'><strong>frangetur</strong></span> <span class='ocrx_word' id='word_1_807' title='bbox 1352 5664 1398 5707; x_wconf 92' lang='lat' dir='ltr'><strong>et</strong></span> <span class='ocrx_word' id='word_1_808' title='bbox 1448 5656 1620 5718; x_wconf 89' lang='lat' dir='ltr'><strong>cadet,</strong></span> <span class='ocrx_word' id='word_1_809' title='bbox 1654 5657 1721 5710; x_wconf 86' lang='lat' dir='ltr'><strong>ad</strong></span> <span class='ocrx_word' id='word_1_810' title='bbox 1766 5658 1962 5726; x_wconf 86' lang='lat' dir='ltr'><strong>prioris</strong></span> 
     </span>
    </p>
   </div>
   <div class='ocr_carea' id='block_1_104' title="bbox 404 5746 1959 5822">
    <p class='ocr_par' dir='ltr' id='par_1_104' title="bbox 404 5746 1959 5822">
     <span class='ocr_line' id='line_1_104' title="bbox 404 5746 1959 5822; baseline -0.002 -17"><span class='ocrx_word' id='word_1_811' title='bbox 404 5753 576 5822; x_wconf 87' lang='lat' dir='ltr'><strong>populi</strong></span> <span class='ocrx_word' id='word_1_812' title='bbox 629 5752 839 5807; x_wconf 88' lang='lat' dir='ltr'><strong>ruinam</strong></span> <span class='ocrx_word' id='word_1_813' title='bbox 876 5753 1162 5818; x_wconf 87' lang='lat' dir='ltr'><strong>pertineat.</strong></span> <span class='ocrx_word' id='word_1_814' title='bbox 1198 5746 1369 5802; x_wconf 83' lang='lat' dir='ltr'><strong>Nemo</strong></span> <span class='ocrx_word' id='word_1_815' title='bbox 1415 5757 1597 5804; x_wconf 86' lang='lat' dir='ltr'><strong>autem</strong></span> <span class='ocrx_word' id='word_1_816' title='bbox 1632 5750 1866 5816; x_wconf 87' lang='lat' dir='ltr'><strong>dubitat,</strong></span> <span class='ocrx_word' id='word_1_817' title='bbox 1906 5761 1959 5805; x_wconf 86' lang='lat' dir='ltr'><strong>et</strong></span> 
     </span>
    </p>
   </div>
   <div class='ocr_carea' id='block_1_105' title="bbox 2072 4551 3635 4625">
    <p class='ocr_par' dir='ltr' id='par_1_105' title="bbox 2072 4551 3635 4625">
     <span class='ocr_line' id='line_1_105' title="bbox 2072 4551 3635 4625; baseline 0.004 -19"><span class='ocrx_word' id='word_1_818' title='bbox 2072 4551 2338 4625; x_wconf 82' lang='lat' dir='ltr'><strong>legamus]</strong></span> <span class='ocrx_word' id='word_1_819' title='bbox 2390 4552 2703 4607; x_wconf 69' lang='lat' dir='ltr'><strong>Graecorum</strong></span> <span class='ocrx_word' id='word_1_820' title='bbox 2756 4556 3035 4623; x_wconf 87' lang='lat' dir='ltr'><strong>historias,</strong></span> <span class='ocrx_word' id='word_1_821' title='bbox 3082 4566 3140 4611; x_wconf 89' lang='lat' dir='ltr'><strong>et</strong></span> <span class='ocrx_word' id='word_1_822' title='bbox 3185 4559 3423 4615; x_wconf 76' lang='lat' dir='ltr'><strong>maxime</strong></span> <span class='ocrx_word' id='word_1_823' title='bbox 3450 4576 3635 4614; x_wconf 89' lang='lat' dir='ltr'><strong>eorum</strong></span> 
     </span>
    </p>
   </div>
   <div class='ocr_carea' id='block_1_106' title="bbox 2070 4646 3637 4720">
    <p class='ocr_par' dir='ltr' id='par_1_106' title="bbox 2070 4646 3637 4720">
     <span class='ocr_line' id='line_1_106' title="bbox 2070 4646 3637 4720; baseline 0.006 -23"><span class='ocrx_word' id='word_1_824' title='bbox 2070 4651 2164 4715; x_wconf 89' lang='lat' dir='ltr'><strong>qui</strong></span> <span class='ocrx_word' id='word_1_825' title='bbox 2202 4646 2438 4714; x_wconf 65' lang='lat' dir='ltr'><strong>Assyriae</strong></span> <span class='ocrx_word' id='word_1_826' title='bbox 2461 4649 2638 4713; x_wconf 81' lang='lat' dir='ltr'><strong>gentis</strong></span> <span class='ocrx_word' id='word_1_827' title='bbox 2671 4646 2809 4701; x_wconf 88' lang='lat' dir='ltr'><strong>bella</strong></span> <span class='ocrx_word' id='word_1_828' title='bbox 2834 4648 3189 4716; x_wconf 86' lang='lat' dir='ltr'><strong>describunt;</strong></span> <span class='ocrx_word' id='word_1_829' title='bbox 3219 4651 3399 4719; x_wconf 89' lang='lat' dir='ltr'><strong>ibique</strong></span> <span class='ocrx_word' id='word_1_830' title='bbox 3436 4655 3637 4720; x_wconf 79' lang='lat' dir='ltr'><strong>reperi-</strong></span> 
     </span>
    </p>
   </div>
   <div class='ocr_carea' id='block_1_107' title="bbox 2073 4739 3630 4811">
    <p class='ocr_par' dir='ltr' id='par_1_107' title="bbox 2073 4739 3630 4811">
     <span class='ocr_line' id='line_1_107' title="bbox 2073 4739 3630 4811; baseline 0.003 -20"><span class='ocrx_word' id='word_1_831' title='bbox 2073 4754 2193 4793; x_wconf 90' lang='lat' dir='ltr'><strong>mus</strong></span> <span class='ocrx_word' id='word_1_832' title='bbox 2242 4750 2365 4809; x_wconf 92' lang='lat' dir='ltr'><strong>post</strong></span> <span class='ocrx_word' id='word_1_833' title='bbox 2411 4740 2784 4809; x_wconf 87' lang='lat' dir='ltr'><strong>captivitatem</strong></span> <span class='ocrx_word' id='word_1_834' title='bbox 2840 4739 3167 4811; x_wconf 79' lang='lat' dir='ltr'><strong>Jerusalem,</strong></span> <span class='ocrx_word' id='word_1_835' title='bbox 3204 4743 3547 4809; x_wconf 71' lang='lat' dir='ltr'><strong>Palaestinos,</strong></span> <span class='ocrx_word' id='word_1_836' title='bbox 3578 4756 3630 4797; x_wconf 90' lang='lat' dir='ltr'><strong>et</strong></span> 
     </span>
    </p>
   </div>
   <div class='ocr_carea' id='block_1_108' title="bbox 2068 4828 3638 4901">
    <p class='ocr_par' dir='ltr' id='par_1_108' title="bbox 2068 4828 3638 4901">
     <span class='ocr_line' id='line_1_108' title="bbox 2068 4828 3638 4901; baseline 0.004 -19"><span class='ocrx_word' id='word_1_837' title='bbox 2068 4828 2294 4891; x_wconf 85' lang='lat' dir='ltr'><strong>Arabas,</strong></span> <span class='ocrx_word' id='word_1_838' title='bbox 2319 4838 2371 4882; x_wconf 90' lang='lat' dir='ltr'><strong>et</strong></span> <span class='ocrx_word' id='word_1_839' title='bbox 2395 4828 2775 4894; x_wconf 85' lang='lat' dir='ltr'><strong>Damascenos,</strong></span> <span class='ocrx_word' id='word_1_840' title='bbox 2800 4846 2862 4885; x_wconf 91' lang='lat' dir='ltr'><strong>ac</strong></span> <span class='ocrx_word' id='word_1_841' title='bbox 2885 4832 3141 4901; x_wconf 68' lang='lat' dir='ltr'><strong>deinec-ps</strong></span> <span class='ocrx_word' id='word_1_842' title='bbox 3159 4832 3440 4901; x_wconf 59' lang='lat' dir='ltr'><strong>[Egyptios</strong></span> <span class='ocrx_word' id='word_1_843' title='bbox 3469 4834 3638 4889; x_wconf 74' lang='lat' dir='ltr'><strong>fuisse</strong></span> 
     </span>
    </p>
   </div>
   <div class='ocr_carea' id='block_1_109' title="bbox 2069 4918 3635 4995">
    <p class='ocr_par' dir='ltr' id='par_1_109' title="bbox 2069 4918 3635 4995">
     <span class='ocr_line' id='line_1_109' title="bbox 2069 4918 3635 4995; baseline 0.003 -20"><span class='ocrx_word' id='word_1_844' title='bbox 2069 4921 2380 4976; x_wconf 88' lang='lat' dir='ltr'><strong>subversos.</strong></span> <span class='ocrx_word' id='word_1_845' title='bbox 2415 4918 2567 4984; x_wconf 85' lang='lat' dir='ltr'><strong>Quod</strong></span> <span class='ocrx_word' id='word_1_846' title='bbox 2604 4930 2784 4975; x_wconf 90' lang='lat' dir='ltr'><strong>autem</strong></span> <span class='ocrx_word' id='word_1_847' title='bbox 2817 4938 3030 4992; x_wconf 91' lang='lat' dir='ltr'><strong>semper</strong></span> <span class='ocrx_word' id='word_1_848' title='bbox 3061 4924 3144 4977; x_wconf 65' lang='lat' dir='ltr'><strong>ha:</strong></span> <span class='ocrx_word' id='word_1_849' title='bbox 3175 4934 3385 4992; x_wconf 82' lang='lat' dir='ltr'><strong>gentes.</strong></span> <span class='ocrx_word' id='word_1_850' title='bbox 3408 4936 3460 4978; x_wconf 91' lang='lat' dir='ltr'><strong>et</strong></span> <span class='ocrx_word' id='word_1_851' title='bbox 3493 4941 3635 4995; x_wconf 80' lang='lat' dir='ltr'><strong>pra:-</strong></span> 
     </span>
    </p>
   </div>
   <div class='ocr_carea' id='block_1_110' title="bbox 2068 5010 3636 5085">
    <p class='ocr_par' dir='ltr' id='par_1_110' title="bbox 2068 5010 3636 5085">
     <span class='ocr_line' id='line_1_110' title="bbox 2068 5010 3636 5085; baseline 0.005 -20"><span class='ocrx_word' id='word_1_852' title='bbox 2068 5013 2226 5082; x_wconf 88' lang='lat' dir='ltr'><strong>cipue</strong></span> <span class='ocrx_word' id='word_1_853' title='bbox 2253 5010 2426 5082; x_wconf 84' lang='lat' dir='ltr'><strong>Tyrus</strong></span> <span class='ocrx_word' id='word_1_854' title='bbox 2446 5014 2843 5085; x_wconf 84' lang='lat' dir='ltr'><strong>impugnaverit</strong></span> <span class='ocrx_word' id='word_1_855' title='bbox 2862 5014 3047 5076; x_wconf 84' lang='lat' dir='ltr'><strong>Israel,</strong></span> <span class='ocrx_word' id='word_1_856' title='bbox 3077 5025 3132 5069; x_wconf 91' lang='lat' dir='ltr'><strong>et</strong></span> <span class='ocrx_word' id='word_1_857' title='bbox 3153 5015 3205 5068; x_wconf 90' lang='lat' dir='ltr'><strong>in</strong></span> <span class='ocrx_word' id='word_1_858' title='bbox 3227 5017 3375 5071; x_wconf 91' lang='lat' dir='ltr'><strong>illius</strong></span> <span class='ocrx_word' id='word_1_859' title='bbox 3403 5019 3636 5073; x_wconf 75' lang='lat' dir='ltr'><strong>subVer-</strong></span> 
     </span>
    </p>
   </div>
   <div class='ocr_carea' id='block_1_111' title="bbox 2067 5102 3639 5174">
    <p class='ocr_par' dir='ltr' id='par_1_111' title="bbox 2067 5102 3639 5174">
     <span class='ocr_line' id='line_1_111' title="bbox 2067 5102 3639 5174; baseline 0.003 -16"><span class='ocrx_word' id='word_1_860' title='bbox 2067 5102 2221 5158; x_wconf 87' lang='lat' dir='ltr'><strong>sione</strong></span> <span class='ocrx_word' id='word_1_861' title='bbox 2251 5103 2424 5157; x_wconf 66' lang='lat' dir='ltr'><strong>laetata</strong></span> <span class='ocrx_word' id='word_1_862' title='bbox 2444 5107 2536 5168; x_wconf 89' lang='lat' dir='ltr'><strong>sit,</strong></span> <span class='ocrx_word' id='word_1_863' title='bbox 2566 5108 2729 5158; x_wconf 85' lang='lat' dir='ltr'><strong>Amos</strong></span> <span class='ocrx_word' id='word_1_864' title='bbox 2758 5105 3017 5174; x_wconf 85' lang='lat' dir='ltr'><strong>propheta</strong></span> <span class='ocrx_word' id='word_1_865' title='bbox 3053 5106 3103 5159; x_wconf 91' lang='lat' dir='ltr'><strong>in</strong></span> <span class='ocrx_word' id='word_1_866' title='bbox 3137 5108 3365 5162; x_wconf 74' lang='lat' dir='ltr'><strong>exordio</strong></span> <span class='ocrx_word' id='word_1_867' title='bbox 3388 5111 3471 5164; x_wconf 91' lang='lat' dir='ltr'><strong>sui</strong></span> <span class='ocrx_word' id='word_1_868' title='bbox 3492 5110 3639 5164; x_wconf 84' lang='lat' dir='ltr'><strong>voln-</strong></span> 
     </span>
    </p>
   </div>
   <div class='ocr_carea' id='block_1_112' title="bbox 2070 5195 3637 5264">
    <p class='ocr_par' dir='ltr' id='par_1_112' title="bbox 2070 5195 3637 5264">
     <span class='ocr_line' id='line_1_112' title="bbox 2070 5195 3637 5264; baseline 0.003 -16"><span class='ocrx_word' id='word_1_869' title='bbox 2070 5195 2231 5250; x_wconf 88' lang='lat' dir='ltr'><strong>minis</strong></span> <span class='ocrx_word' id='word_1_870' title='bbox 2261 5195 2492 5264; x_wconf 88' lang='lat' dir='ltr'><strong>explicat</strong></span> <span class='ocrx_word' id='word_1_871' title='bbox 2519 5195 2717 5264; x_wconf 79' lang='lat' dir='ltr'><strong>(Amos.</strong></span> <span class='ocrx_word' id='word_1_872' title='bbox 2754 5196 2875 5263; x_wconf 85' lang='lat' dir='ltr'><strong>t),et</strong></span> <span class='ocrx_word' id='word_1_873' title='bbox 2911 5196 3148 5251; x_wconf 74' lang='lat' dir='ltr'><strong>breviter</strong></span> <span class='ocrx_word' id='word_1_874' title='bbox 3177 5198 3361 5253; x_wconf 84' lang='lat' dir='ltr'><strong>laudes</strong></span> <span class='ocrx_word' id='word_1_875' title='bbox 3395 5199 3506 5254; x_wconf 88' lang='lat' dir='ltr'><strong>Deo</strong></span> <span class='ocrx_word' id='word_1_876' title='bbox 3543 5218 3637 5254; x_wconf 82' lang='lat' dir='ltr'><strong>ca-</strong></span> 
     </span>
    </p>
   </div>
   <div class='ocr_carea' id='block_1_113' title="bbox 2070 5286 3634 5358">
    <p class='ocr_par' dir='ltr' id='par_1_113' title="bbox 2070 5286 3634 5358">
     <span class='ocr_line' id='line_1_113' title="bbox 2070 5286 3634 5358; baseline 0.003 -19"><span class='ocrx_word' id='word_1_877' title='bbox 2070 5301 2205 5340; x_wconf 87' lang='lat' dir='ltr'><strong>nens</strong></span> <span class='ocrx_word' id='word_1_878' title='bbox 2235 5286 2521 5340; x_wconf 85' lang='lat' dir='ltr'><strong>I’salmista</strong></span> <span class='ocrx_word' id='word_1_879' title='bbox 2543 5289 2785 5342; x_wconf 85' lang='lat' dir='ltr'><strong>declarat</strong></span> <span class='ocrx_word' id='word_1_880' title='bbox 2814 5304 2831 5340; x_wconf 92' lang='lat'><strong>:</strong></span> <span class='ocrx_word' id='word_1_881' title='bbox 2866 5287 3028 5352; x_wconf 84' lang='lat' dir='ltr'><strong>Deus,</strong></span> <span class='ocrx_word' id='word_1_882' title='bbox 3059 5290 3173 5358; x_wconf 82' lang='lat' dir='ltr'><strong>quis</strong></span> <span class='ocrx_word' id='word_1_883' title='bbox 3196 5290 3385 5343; x_wconf 85' lang='lat' dir='ltr'><strong>similis</strong></span> <span class='ocrx_word' id='word_1_884' title='bbox 3412 5292 3507 5344; x_wconf 88' lang='lat' dir='ltr'><strong>erit</strong></span> <span class='ocrx_word' id='word_1_885' title='bbox 3541 5292 3634 5344; x_wconf 88' lang='lat' dir='ltr'><strong>tibi</strong></span> 
     </span>
    </p>
   </div>
   <div class='ocr_carea' id='block_1_114' title="bbox 2068 5376 3634 5448">
    <p class='ocr_par' dir='ltr' id='par_1_114' title="bbox 2068 5376 3634 5448">
     <span class='ocr_line' id='line_1_114' title="bbox 2068 5376 3634 5448; baseline 0.003 -18"><span class='ocrx_word' id='word_1_886' title='bbox 2068 5376 2164 5448; x_wconf 90' lang='lat' dir='ltr'><strong>[al.</strong></span> <span class='ocrx_word' id='word_1_887' title='bbox 2186 5376 2346 5448; x_wconf 44' lang='lat' dir='ltr'><strong>ztui]?</strong></span> <span class='ocrx_word' id='word_1_888' title='bbox 2374 5392 2436 5430; x_wconf 87' lang='lat' dir='ltr'><strong>ne</strong></span> <span class='ocrx_word' id='word_1_889' title='bbox 2476 5386 2673 5441; x_wconf 88' lang='lat' dir='ltr'><strong>taceas,</strong></span> <span class='ocrx_word' id='word_1_890' title='bbox 2702 5392 2865 5445; x_wconf 85' lang='lat' dir='ltr'><strong>neque</strong></span> <span class='ocrx_word' id='word_1_891' title='bbox 2891 5382 3261 5448; x_wconf 85' lang='lat' dir='ltr'><strong>compescaris,</strong></span> <span class='ocrx_word' id='word_1_892' title='bbox 3294 5381 3452 5435; x_wconf 78' lang='lat' dir='ltr'><strong>Deus.</strong></span> <span class='ocrx_word' id='word_1_893' title='bbox 3491 5381 3634 5446; x_wconf 83' lang='lat' dir='ltr'><strong>Quo-</strong></span> 
     </span>
    </p>
   </div>
   <div class='ocr_carea' id='block_1_115' title="bbox 2068 5470 3629 5543">
    <p class='ocr_par' dir='ltr' id='par_1_115' title="bbox 2068 5470 3629 5543">
     <span class='ocr_line' id='line_1_115' title="bbox 2068 5470 3629 5543; baseline 0 -18"><span class='ocrx_word' id='word_1_894' title='bbox 2068 5474 2215 5525; x_wconf 80' lang='lat' dir='ltr'><strong>niam</strong></span> <span class='ocrx_word' id='word_1_895' title='bbox 2232 5487 2346 5525; x_wconf 86' lang='lat' dir='ltr'><strong>ecce</strong></span> <span class='ocrx_word' id='word_1_896' title='bbox 2376 5470 2576 5524; x_wconf 87' lang='lat' dir='ltr'><strong>inimici</strong></span> <span class='ocrx_word' id='word_1_897' title='bbox 2614 5470 2687 5522; x_wconf 89' lang='lat' dir='ltr'><strong>tui</strong></span> <span class='ocrx_word' id='word_1_898' title='bbox 2721 5482 3012 5526; x_wconf 88' lang='lat' dir='ltr'><strong>sonuerunt</strong></span> <span class='ocrx_word' id='word_1_899' title='bbox 3047 5490 3064 5528; x_wconf 91' lang='lat'><strong><em>:</em></strong></span> <span class='ocrx_word' id='word_1_900' title='bbox 3097 5485 3143 5528; x_wconf 91' lang='lat' dir='ltr'><strong>et</strong></span> <span class='ocrx_word' id='word_1_901' title='bbox 3182 5477 3274 5543; x_wconf 86' lang='lat' dir='ltr'><strong>qui</strong></span> <span class='ocrx_word' id='word_1_902' title='bbox 3304 5486 3351 5527; x_wconf 90' lang='lat' dir='ltr'><strong>te</strong></span> <span class='ocrx_word' id='word_1_903' title='bbox 3383 5474 3629 5538; x_wconf 79' lang='lat' dir='ltr'><strong>oderunt,</strong></span> 
     </span>
    </p>
   </div>
   <div class='ocr_carea' id='block_1_116' title="bbox 2064 5560 3632 5637">
    <p class='ocr_par' dir='ltr' id='par_1_116' title="bbox 2064 5560 3632 5637">
     <span class='ocr_line' id='line_1_116' title="bbox 2064 5560 3632 5637; baseline 0.001 -18"><span class='ocrx_word' id='word_1_904' title='bbox 2064 5564 2365 5619; x_wconf 66' lang='lat' dir='ltr'><strong>extulerunt</strong></span> <span class='ocrx_word' id='word_1_905' title='bbox 2387 5572 2563 5629; x_wconf 89' lang='lat' dir='ltr'><strong>caput.</strong></span> <span class='ocrx_word' id='word_1_906' title='bbox 2588 5560 2758 5628; x_wconf 87' lang='lat' dir='ltr'><strong>Super</strong></span> <span class='ocrx_word' id='word_1_907' title='bbox 2776 5565 3025 5634; x_wconf 87' lang='lat' dir='ltr'><strong>populum</strong></span> <span class='ocrx_word' id='word_1_908' title='bbox 3052 5580 3199 5619; x_wconf 83' lang='lat' dir='ltr'><strong>tuum</strong></span> <span class='ocrx_word' id='word_1_909' title='bbox 3219 5567 3632 5637; x_wconf 72' lang='lat' dir='ltr'><strong>ntalignatternnt</strong></span> 
     </span>
    </p>
   </div>
   <div class='ocr_carea' id='block_1_117' title="bbox 2067 5655 3631 5723">
    <p class='ocr_par' dir='ltr' id='par_1_117' title="bbox 2067 5655 3631 5723">
     <span class='ocr_line' id='line_1_117' title="bbox 2067 5655 3631 5723; baseline 0.001 -11"><span class='ocrx_word' id='word_1_910' title='bbox 2067 5656 2361 5719; x_wconf 81' lang='lat' dir='ltr'><strong>consilium,</strong></span> <span class='ocrx_word' id='word_1_911' title='bbox 2390 5667 2434 5708; x_wconf 88' lang='lat' dir='ltr'><strong>et</strong></span> <span class='ocrx_word' id='word_1_912' title='bbox 2463 5655 2825 5723; x_wconf 78' lang='lat' dir='ltr'><strong>cogitaverunt</strong></span> <span class='ocrx_word' id='word_1_913' title='bbox 2848 5659 3100 5712; x_wconf 78' lang='lat' dir='ltr'><strong>adversus</strong></span> <span class='ocrx_word' id='word_1_914' title='bbox 3140 5670 3347 5713; x_wconf 81' lang='lat' dir='ltr'><strong>sanctos</strong></span> <span class='ocrx_word' id='word_1_915' title='bbox 3375 5669 3509 5715; x_wconf 89' lang='lat' dir='ltr'><strong>tuos.</strong></span> <span class='ocrx_word' id='word_1_916' title='bbox 3533 5660 3631 5714; x_wconf 85' lang='lat' dir='ltr'><strong>Di-</strong></span> 
     </span>
    </p>
   </div>
   <div class='ocr_carea' id='block_1_118' title="bbox 2068 5746 3632 5823">
    <p class='ocr_par' dir='ltr' id='par_1_118' title="bbox 2068 5746 3632 5823">
     <span class='ocr_line' id='line_1_118' title="bbox 2068 5746 3632 5823; baseline -0.001 -19"><span class='ocrx_word' id='word_1_917' title='bbox 2068 5760 2298 5805; x_wconf 76' lang='lat' dir='ltr'><strong>xerunt:</strong></span> <span class='ocrx_word' id='word_1_918' title='bbox 2335 5746 2528 5815; x_wconf 78' lang='lat' dir='ltr'><strong>Venite,</strong></span> <span class='ocrx_word' id='word_1_919' title='bbox 2566 5746 2996 5819; x_wconf 79' lang='lat' dir='ltr'><strong>ctdisperdamus</strong></span> <span class='ocrx_word' id='word_1_920' title='bbox 3028 5768 3113 5807; x_wconf 82' lang='lat' dir='ltr'><strong>eos</strong></span> <span class='ocrx_word' id='word_1_921' title='bbox 3155 5754 3217 5805; x_wconf 83' lang='lat' dir='ltr'><strong>de</strong></span> <span class='ocrx_word' id='word_1_922' title='bbox 3252 5765 3420 5823; x_wconf 80' lang='lat' dir='ltr'><strong>gente,</strong></span> <span class='ocrx_word' id='word_1_923' title='bbox 3445 5765 3488 5805; x_wconf 90' lang='lat' dir='ltr'><strong>ct</strong></span> <span class='ocrx_word' id='word_1_924' title='bbox 3532 5768 3632 5805; x_wconf 87' lang='lat' dir='ltr'><strong>non</strong></span> 
     </span>
    </p>
   </div>
  </div>
