3972 6198
277 304 399 368 ’267

1481 300 1545 362 S.
1589 297 1908 360 EUSEBII
1951 299 2399 364 HIERONYMI

3464 286 3573 353 208

294 421 619 470 memoratur
643 426 832 467 nomen
861 408 1031 465 lsrael
1048 408 1207 462 ultra.
1236 407 1501 472 Quoniam
1520 409 1880 478 cogitaverunt
1907 412 1959 473 Α
1987 413 2152 470 filiam
2177 425 2323 470 tuam
2348 411 2518 468 maria
2542 408 2861 475 clamantia,
2882 417 2935 462 et
2959 402 3362 476 quodammodo
3381 417 3571 458 vocem

299 507 647 571 unanimiter,
668 504 826 559 simul
849 504 1125 556 adversum
1141 510 1191 554 te
1213 506 1581 554 testamentum
1603 501 1881 569 disposue-

294 609 445 662 runt,
479 596 821 652 tabernacula
850 595 1230 658 Nummorum,
1262 605 1309 645 et
1345 591 1658 655 lsmaetitae,
1700 592 1882 657 Moab,

297 703 347 746 et
380 692 631 761 Agareni,
661 688 849 750 Cebal,
889 698 937 740 et
961 687 1206 750 Ammon,
1245 695 1292 737 et
1319 684 1591 747 Amalech,
1633 685 1884 755 alienige-

293 802 382 844 na:
399 800 516 838 cum
536 781 896 837 habitantibus
923 779 1120 848 Tyrum
1143 777 1315 848 (Psal.
1337 777 1586 839 cxx-xm!
1612 787 1662 830 et
1680 776 1885 847 seqq.).

291 875 382 928 .Ex
415 871 893 944 quibusomnibus
925 868 1206 931 discimus,
1237 867 1452 936 pondus
1481 867 1577 920 ira
1599 864 1690 921 Dei
1714 879 1882 935 super

305 965 510 1034 Tyrum
541 960 755 1016 venisse
816 959 1184 1021 meretricem,
1221 972 1343 1027 qua
1396 956 1489 1011 hic
1553 957 1656 1010 sub
1707 955 1890 1023 specie

299 1059 493 1121 scorti,
510 1059 563 1112 in
599 1055 848 1110 Ezechiel
883 1055 988 1109 sub
1009 1053 1162 1107 navis
1182 1052 1546 1107 translatione
1565 1051 1890 1106 describitur

301 1148 522 1215 (-Ezeclt.
551 1145 728 1216 xxvi).
763 1143 999 1210 Ulnlate,
1025 1143 1222 1211 inquit,
1253 1159 1405 1196 naves
1437 1144 1620 1196 maris.
1653 1143 1760 1196 Pro
1785 1157 1892 1212 quo

308 1243 358 1293 in
387 1237 529 1292 LXX
563 1239 792 1306 legimus
821 1234 1160 1304 Carthaginis
1183 1249 1202 1287 :
1234 1243 1290 1287 et
1321 1233 1547 1288 habetur
1573 1233 1627 1286 in
1661 1232 1891 1294 Hebraeo

305 1345 524 1385 rnaasns
553 1327 804 1399 (mar-tn)
834 1345 849 1381 :
874 1326 950 1379 ~de
971 1339 1082 1395 quo
1109 1335 1163 1378 et
1197 1327 1249 1377 in
1283 1323 1417 1378 Jona
1455 1325 1743 1394 propheta,
1765 1324 1890 1377 etin
1959 1359 1962 1364 -

301 1422 540 1491 quadam
577 1419 803 1487 epistola
836 1420 851 1448 ¹
885 1416 1178 1485 disputavi.
1200 1417 1504 1472 Possumus
1538 1425 1740 1480 autem,
1765 1419 1891 1485 quia

307 1515 584 1582 Carthago
638 1510 926 1579 Tyriorum
985 1508 1193 1561 colonia
1229 1517 1332 1572 est,
1372 1508 1424 1560 in
1487 1508 1740 1576 prasenti
1776 1506 1894 1561 loco

310 1605 559 1666 Tharsis,
586 1618 693 1657 non
726 1617 876 1654 mare
903 1598 1253 1669 generaliter,
1283 1601 1376 1653 sed
1417 1610 1471 1654 et
1500 1599 1890 1668 Carthaginem

305 1697 557 1763 accipere
591 1711 606 1748 :
634 1693 778 1762 quod
806 1706 1151 1761 nequaquam
1177 1691 1248 1745 de
1281 1691 1354 1744 Al
1357 1692 1468 1746 rica
1493 1705 1662 1745 naves
1688 1690 1893 1760 Tyrum

313 1787 556 1845 veniant,
598 1798 698 1838 nec
722 1783 791 1837 de
813 1791 955 1838 terra
973 1781 1385 1850 Cethim,quam
1409 1782 1645 1852 Cyprum
1675 1783 1898 1850 quidam
1932 1764 1973 1818 Β

303 1879 742 1947 interpretantur
769 1894 783 1928 :
817 1888 994 1943 usque
1019 1873 1182 1937 hodie
1199 1873 1345 1928 enim
1371 1883 1452 1928 est
1479 1873 1619 1944 apud
1645 1887 1739 1928 eos
1765 1872 1898 1927 urbs

309 1969 549 2031 (litium,
593 1967 659 2020 de
691 1981 797 2036 qua
826 1979 877 2019 et
901 1965 1050 2020 Zeno
1078 1967 1276 2020 Stoica
1303 1977 1467 2021 secta
1493 1966 1894 2021 haresiarches

317 2059 420 2112 fuit
452 2074 470 2111 :
513 2071 821 2125 quanquam
873 2055 1128 2124 plerique
1183 2065 1517 2122 nostrorum,
1565 2065 1620 2111 et
1666 2057 1902 2111 maxime

317 2149 754 2202 Machabaorum
797 2147 1126 2215 principum,
1172 2147 1385 2200 Cethim
1441 2147 1613 2202 Italia
1653 2146 1902 2202 Maccdo-

318 2245 534 2310 niaque
559 2241 765 2296 insulas
782 2241 1138 2294 arbitrentur.
1159 2239 1270 2294 lloc
1289 2241 1430 2295 enim
1456 2239 1735 2310 Scriptura
1757 2256 1903 2294 com-

321 2345 613 2400 memorat,
642 2335 785 2404 quod
813 2334 1120 2388 Alexander
1149 2350 1245 2388 rex
1267 2333 1622 2390 Macedonum
1653 2348 1905 2406 egressus

330 2433 407 2486 sit
437 2433 502 2484 de
530 2440 674 2484 terra
701 2425 942 2482 Cetbim.
973 2427 1209 2480 insulam
1229 2441 1445 2496 quoque
1466 2428 1772 2488 nominans,
1799 2440 1905 2478 ιιοιι

325 2522 586 2578 mem-itur
619 2538 633 2573 :
668 2529 855 2589 postea
915 2521 1060 2574 enim
1101 2535 1130 2574 a
1171 2518 1691 2585 Nabuchodonosor,
1742 2517 1909 2588 228

315 2614 407 2667 vel
440 2611 754 2666 Alexandro
809 2622 970 2665 terra
1001 2611 1287 2665 continens
1351 2609 1490 2664 facta
1523 2621 1626 2672 est,
1685 2623 1908 2678 pr0pter

324 2705 788 2776 expugnationem
825 2703 1012 2757 inultis
1038 2704 1091 2757 in
1111 2703 1260 2758 brevi
1283 2701 1421 2757 freto
1451 2702 1741 2772 aggeribus
1764 2717 1908 2754 com-

315 2800 576 2867 portatis.
611 2793 1045 2866 Negotiationem
1105 2810 1320 2865 quoque
1373 2792 1596 2849 Sidonis
1649 2793 1904 2862 appellat,

321 2891 476 2956 iuxta
510 2896 828 2959 sequentem
869 2887 1220 2955 versiculum,
1249 2889 1302 2941 in
1330 2902 1437 2956 quo
1468 2888 1581 2942 ait:
1616 2884 1909 2972 Erubesce,

321 2983 524 3037 Sidon.
559 2979 809 3034 Tradunt
847 2979 991 3033 enim
1025 2979 1293 3043 historia,
1317 2981 1458 3049 quod
1489 2977 1669 3049 Tyrus
1697 2979 1909 3033 colonia

326 3073 552 3128 Sidonis
591 3073 684 3125 sit.

405 3161 588 3235 (Vera.
619 3160 699 3230 5.)
739 3177 760 3212 ι
798 3158 1243 3215 Translretantes
1275 3171 1424 3211 mare
1456 3156 1797 3226 repleverunt
1836 3165 1910 3222 te,

325 3257 390 3311 iu
421 3255 578 3324 aquis
607 3251 791 3307 multis
823 3265 1006 3306 semen
1032 3249 1164 3315 Nili,
1207 3249 1400 3305 messis
1453 3247 1693 3304 ﬂuiniuis
1725 3251 1914 3322 fruges

335 3351 477 3418 eius.
516 3365 538 3400 ι
570 3346 776 3417 Tyrum
804 3343 1177 3414 negotiatione
1202 3343 1462 3414 gaudere,
1490 3353 1545 3397 et
1578 3344 1744 3398 totius
1768 3343 1916 3399 orbis

333 3455 457 3496 esse
486 3438 790 3508 emporion,
832 3445 885 3491 et
928 3434 1220 3506 praesentia
1268 3443 1512 3505 tempora
1561 3436 1819 3504 probant,
1860 3432 1918 3490 et
1998 3439 2000 3442 ’

333 3531 592 3586 Ezechiel
623 3531 733 3584 lato
761 3543 1020 3584 sermone
1047 3515 1326 3583 describit.
1356 3527 1508 3594 Quod
1545 3537 1724 3584 autem
1756 3542 1922 3599 uego-

331 3626 568 3679 tiatores
589 3622 642 3675 iu
663 3618 1032 3675 subvehendis
1054 3619 1330 3674 mercibus
1350 3618 1705 3675 translretent
1724 3621 1918 3688 maria,

333 3730 501 3771 nemo
541 3722 625 3768 est
657 3713 748 3783 qui
788 3711 1034 3775 dubitet;
1079 3725 1179 3766 nec
1227 3720 1410 3765 tantas
1441 3711 1606 3766 habet
1637 3727 1766 3781 opes
1806 3714 1922 3783 ipsa

335 3812 472 3866 urbs
503 3808 570 3864 de
602 3817 746 3862 terra
777 3805 1014 3876 regionis
1062 3819 1196 3869 sua,
1224 3820 1343 3873 qua
1377 3805 1536 3859 Valde
1557 3815 1783 3876 angusta
1814 3813 1919 3872 est,

333 3913 395 3957 et
433 3898 668 3955 Galilaa
734 3895 1093 3964 Damasciquc
1134 3893 1330 3948 finibus
1367 3895 1650 3963 premitur,
1695 3901 1924 3963 quantas

335 3998 410 4052 de
437 3991 791 4050 subvectione
817 3991 1057 4042 navium.
1085 3985 1238 4042 Nilus
1289 3986 1467 4040 ornnis
1495 3997 1549 4040 et
1573 3984 1786 4055 Egypti
1823 3985 1928 4039 fer-

338 4088 516 4142 tilitas
537 4100 572 4140 e
593 4083 769 4138 vicino
807 4079 1113 4135 infunditur
1135 4076 1301 4149 Tyro.
1328 4077 1434 4132 Pro
1452 4076 1595 4141 Nilo,
1615 4074 1759 4145 quod
1787 4074 1928 4144 apud

337 4179 610 4234 “egra.”
653 4173 884 4243 legimus
923 4185 1040 4225 5,0“
1087 4166 1320 4240 (τίνω),
1369 4162 1512 4219 LXX
1550 4174 1604 4220 et
1627 4163 1669 4218 Τ
1676 4164 1930 4220 heodotio

335 4271 698 4340 negotiatores
732 4263 1072 4333 interpretati
1105 4271 1269 4326 sunt;
1301 4260 1443 4329 quod
1477 4261 1728 4324 verbum,
1760 4259 1930 4312 turbi-

348 4366 496 4425 dum,
525 4370 579 4414 et
611 4373 705 4429 per
737 4357 842 4411 hoc
877 4355 978 4408 Nili
1023 4368 1193 4423 aquas
1244 4353 1535 4420 significat,
1569 4349 1802 4405 Jeremia
1849 4360 1932 4404 te-

1990 509 2320 574 emittentia,
2359 520 2479 576 quae
2526 519 2628 576 per
2677 513 2926 556 naturam
2976 497 3122 568 loqui
3174 510 3285 550 non
3331 493 3568 549 valent:

1989 600 2196 654 frustra
2220 598 2442 652 divitias
2469 591 2803 665 comportari
2829 590 2982 647 :sine
3007 601 3172 643 causa
3202 588 3268 640 de
3299 592 3415 640 toto
3437 584 3572 638 orbe

1990 691 2044 744 in
2079 688 2282 758 Tyrum
2314 701 2443 758 opes
2478 684 2684 740 contuli
2723 699 2739 737 :
2775 681 2863 736 illa
2911 679 3085 743 dives,
3130 676 3223 731 illa
3267 674 3571 732 luxuriosa.

1993 793 2048 838 et
2073 783 2394 852 populorum
2420 777 2696 849 quondam
2723 773 2964 845 gaudens
2991 767 3358 832 multitudine,
3384 765 3439 820 in
3469 779 3573 834 qua

1995 875 2326 930 nascebatur
2353 872 2509 925 turba
2535 867 3118 934 mortaliutn,,caterva
3143 873 3455 931 puerorum,
3481 858 3571 925 ju-

1995 967 2234 1021 ventutis
2266 962 2541 1023 examina,
2589 958 2744 1027 cuius
2773 956 2965 1026 platea
2987 953 3280 1022 virginum,
3325 957 3379 1003 et
3404 946 3576 1000 infan-

1997 1061 2155 1118 tium,
2189 1071 2252 1110 ac
2286 1055 2570 1125 iuvenum,
2592 1061 2644 1105 et
2677 1047 2979 1120 puellarum
3021 1043 3231 1097 lusibus
3263 1048 3570 1107 perstrepe—

1997 1151 2164 1202 bant:
2196 1163 2340 1201 Ittlllc
2358 1147 2422 1199 ad
2458 1143 2808 1199 solitudinem
2841 1137 3061 1192 redacta
3093 1143 3195 1188 est.
3221 1129 3362 1184 Fieri
3399 1137 3577 1184 autem

1999 1238 2455 1312 προσωποποιῒας
2486 1252 2555 1290 ex
2585 1237 2744 1289 rebus
2778 1233 2942 1286 mutis
2972 1229 2993 1259 '
3033 1226 3276 1283 solemne
3315 1232 3430 1278 est.-

2069 1331 2249 1402 (Vers.
2289 1328 2373 1399 5.)
2415 1346 2436 1379 ί
2476 1325 2609 1381 Cum
2642 1323 2882 1378 auditum
2917 1318 3081 1373 fuerit
3111 1317 3162 1370 in
3196 1311 3582 1385 Egypto;do-

1999 1427 2186 1482 lebunt
2224 1421 2348 1477 cum
2383 1417 2658 1474 audierint
2717 1417 2784 1468 de
2816 1412 2981 1484 Tyro.
3014 1429 3033 1462 ι
3073 1409 3186 1464 lloc
3234 1404 3582 1478 perSpicuum

1999 1517 2251 1588 est,quod
2266 1512 2508 1585 Egyptii
2529 1521 2813 1581 postquam
2835 1505 3110 1560 audierint
3129 1500 3584 1568 potentissimam,

1997 1619 2055 1666 et
2083 1612 2315 1665 vicinam
2343 1605 2507 1676 239
2537 1613 2778 1675 gentem,
2811 1599 2972 1668 longa
3005 1593 3292 1649 obsidione
3322 1590 3583 1655 deletam,

2001 1701 2179 1756 sciant
2210 1699 2376 1755 etiam
2410 1695 2512 1750 sibi
2553 1683 2836 1748 interitum
2865 1685 3257 1758 propinquare.

2080 1793 2272 1865 (Vers.
2311 1791 2390 1860 6.)
2432 1809 2450 1841 t
2485 1786 2741 1842 Transito
2767 1782 2960 1843 maria.
2986 1779 3188 1833 ululate
3218 1774 3310 1847 qui
3333 1772 3591 1860 habitatis

2000 1890 2060 1944 in
2087 1856 2288 1943 insula.
2320 1903 2340 1937 ›
2375 1856 2615 1937 llursum
2648 1891 2748 1948 pro
2773 1878 2912 1930 mari
2941 1883 2992 1929 et
3024 1871 3244 1926 Tharsis
3280 1867 3420 1925 LXX
3451 1856 3590 1922 Caro

2005 1980 2272 2052 thaginem
2315 1970 2726 2030 transtulerunt.
2756 1968 3012 2037 Legimus
3043 1966 3095 2019 in
3142 1963 3388 2020 historiis
3431 1963 3592 2031 Assy-

2008 2074 2238 2135 riorum,
2260 2069 2514 2124 obsessos
2530 2063 2724 2136 Tyrios
2749 2071 3032 2132 postquam
3059 2059 3266 2113 nullam
3292 2071 3438 2126 spem
3468 2069 3593 2108 eva-

2007 2167 2166 2221 dendi
2192 2158 2806 2228 videbant,couscensis
2834 2157 3062 2210 navibus
3119 2152 3328 2222 fugisse
3361 2149 3594 2202 Cartha-

2015 2259 2217 2329 ginem,
2253 2271 2351 2311 seu
2385 2255 2450 2306 ad
2484 2253 2619 2306 a‘ias
2646 2249 2789 2304 ‘lonii
2821 2246 3102 2318 Aﬁgaique
3150 2242 3317 2298 maris
3365 2239 3591 2295 insulas.

2010 2349 2166 2406 Unde
2199 2358 2251 2403 et
2275 2350 2328 2402 in
2347 2344 2596 2400 Ezechiel
2624 2343 2865 2398 dicitur:
2903 2340 3100 2394 Merces
3135 2354 3239 2392 non
3278 2335 3354 2388 est
3388 2332 3596 2387 reddita

2008 2441 2079 2504 ei,
2121 2453 2284 2508 neque
2314 2435 2566 2491 exercitui
2598 2433 2716 2503 ejus
2765 2431 2831 2485 de
2864 2429 3002 2501 Tyro
3041 2425 3256 2498 (Ezech.
3289 2439 3437 2492 xxxx,
3467 2422 3595 2491 l8);

2019 2547 2085 2587 eo
2113 2530 2256 2600 quod
2288 2542 2479 2583 omnes
2511 2528 2664 2580 urbis
2689 2538 2820 2594 opes
2847 2521 3130 2575 translata
3168 2519 3275 2574 siut
3299 2516 3397 2589 [αι.
3423 2511 3595 2585 sunt],

2016 2635 2070 2679 et
2104 2622 2314 2678 nobiles
2336 2622 2542 2692 quique
2565 2633 2683 2672 eam
2715 2631 2939 2670 vacuam
2968 2608 3422 2680 dereliquerint'.

2089 2713 2276 2788 (Vers.
2308 2712 2386 2782 7.)
2430 2729 2448 2764 ι
2483 2708 2756 2778 Numquid
2789 2721 2892 2762 non
2936 2707 3051 2760 hac
3098 2711 3281 2759 vestra
3328 2712 3434 2766 est,
3480 2713 3601 2768 qua

2011 2807 2348 2880 gloriabatur
2380 2819 2410 2857 a
2444 2802 2634 2858 diebus
2667 2797 2917 2872 pristinis
2950 2800 3002 2850 in
3040 2791 3365 2864 antiquitate
3394 2789 3534 2846 sua?
3569 2809 3590 2838 ι

2013 2898 2208 2969 Arguit
2248 2895 2519 2966 superbia
2563 2892 2793 2965 Tyrum,
2836 2889 2978 2962 quod
3023 2892 3076 2942 in
3126 2885 3452 2942 conditionis
3493 2897 3604 2939 sua

2014 2990 2342 3059 antiquitate
2373 2988 2443 3042 sit
2481 2985 2731 3056 gloriata,
2761 2993 2815 3038 et
2841 2998 2944 3036 non
2974 2977 3355 3050 respexeritad
3390 2977 3556 3032 Deum
3585 2993 3600 3030 :

1934 3095 1982 3159 ο
2016 3081 2108 3136 sed
2141 3078 2353 3132 nomina
2381 3071 2601 3146 patrum
2633 3073 2901 3139 recolens,
2932 3087 2991 3126 se
3024 3083 3280 3124 aeternam
3312 3068 3601 3137 putaverit.

2099 3189 2118 3222 ι
2167 3168 2376 3222 Ducent
2424 3182 2542 3222 eam
2589 3167 2756 3238 pedes
2799 3166 2881 3219 sui
2927 3164 3084 3234 longe
3127 3163 3192 3217 ad
3244 3159 3605 3231 peregrinano

2020 3265 2168 3318 dum.
2209 3280 2227 3314 ι
2259 3257 2367 3315 Eos
2398 3258 2554 3326 dicit,
2586 3259 2676 3328 qui
2713 3258 2763 3310 in
2798 3257 2930 3310 urbe
2958 3261 3362 3318 remanserant,
3394 3261 3447 3306 et
3480 3265 3607 3319 cap-

2021 3355 2114 3410 tivi
2149 3351 2298 3408 ducti
2327 3359 2456 3407 sunt
2495 3351 2546 3404 iu
2583 3348 2937 3420 Babylonem.

2099 3443 2282 3518 (Vcrs.
2327 3441 2408 3514 8.)
2464 3460 2483 3493 ι
2543 3439 2677 3508 Quis
2728 3439 2987 3510 cogitavit
3034 3437 3137 3492 hoc
3189 3451 3372 3508 super.
3402 3431 3605 3506 Tyrum

2023 3536 2298 3610 quondam
2355 3531 2718 3590 coronatam?
2777 3551 2796 3584 ι
2868 3531 3107 3586 Rursum
3165 3528 3282 3598 lege
3353 3526 3607 3582 Ezechiel

2025 3629 2244 3704 (Ezech.
2283 3626 2477 3698 xxvn),
2507 3635 2560 3681 et
2603 3633 2821 3696 quanta
2855 3624 3044 3696 gloria:
3086 3622 3266 3694 Tyrus
3318 3621 3504 3688 fuerit,
3539 3635 3607 3675 ex

2025 3721 2294 3795 principis
2343 3721 2466 3791 ejus
2499 3717 2889 3774 lamentatione
2920 3731 3242 3788 cognosces.
3275 3713 3606 3769 Coronatam

2026 3825 2187 3872 vocat
2213 3827 2356 3877 eam,
2382 3810 2525 3881 quod
2551 3809 2692 3866 sicut
2725 3824 2814 3865 rex
2849 3811 2989 3864 inter
3013 3808 3296 3878 plurimam
3328 3806 3605 3860 hominum

2029 3901 2424 3958 multitudinem
2457 3913 2711 3957 ornatum
2765 3900 3074 3956 diademate
3103 3899 3265 3968 erigit
3296 3891 3484 3968 caput),
3534 3897 3605 3948 ita

2029 3991 2209 4065 Tyrus
2233 3992 2446 4062 fulgens
2471 4001 2523 4048 et
2547 3990 2767 4047 excelsa
2793 3990 3009 4060 opibus,
3035 4003 3276 4059 auroque
3301 3997 3352 4042 et
3379 3990 3609 4055 geuuuis

2034 4095 2088 4141 et
2127 4084 2306 4141 serico
2339 4098 2401 4140 ac
2438 4100 2675 4154 purpura
2719 4083 2922 4150 nitens,
2962 4083 3148 4154 regina
3195 4079 3267 4137 sit
3311 4079 3366 4134 in
3399 4077 3614 4135 cunctis

2036 4177 2288 4248 gentibus
2321 4176 2612 4232 aestimata.

2111 4288 2129 4321 ι
2177 4267 2345 4339 Cujus
2375 4267 2742 4336 negotiatores
2768 4265 3064 4336 principes,
3089 4263 3371 4318 institores
3397 4261 3516 4333 ejus
3541 4264 3618 4316 in-

2037 4360 2164 4431 clyti
2198 4368 2378 4415 terra.
2418 4379 2437 4412 ι
2464 4358 2724 4414 Miramur
2750 4359 2986 4426 legatqu
3015 4355 3207 4429 Pyrrhi
3234 4356 3508 4424 quondam
3537 4358 3620 4410 dio

340 4463 547 4515 stante.
570 4451 722 4516 Quid
781 4449 875 4501 tibi
919 4457 966 4501 ει
1000 4445 1251 4515 Αὸρωηο,
1297 4453 1354 4497 ιιι
1396 4443 1544 4497 bibas
1584 4459 1752 4513 aqua!
1792 4442 1931 4496 Geou
1964 4435 2009 4490 ι)
2041 4451 2186 4504 xisse
2212 4448 2280 4504 de
2308 4451 2441 4503 urbe
2471 4449 2718 4504 Romana
2749 4446 2906 4504 :Vidi
2939 4448 3222 4523 civitatem
3244 4461 3454 4516 regum.
3484 4445 3621 4499 Ecce

353 4547 575 4617 {-Jerent.
611 4541 794 4626 11,.18)
821 4559 835 4595 :
872 4555 969 4611 pro
994 4555 1100 4609 quo
1132 4539 1185 4593 in
1219 4536 1488 4593 Hebraico
1521 4536 1758 4592 habetur
1789 4533 1934 4599 Sior,

343 4641 409 4696 id
435 4649 540 4702 est,
569 4637 835 4691 turbidas.

425 4751 604 4820 (Vers.
635 4746 716 4820 Ἀ.)
753 4765 771 4800 ‹
809 4745 1109 4812 Erubesce,
1129 4745 1306 4800 Sidon
1334 4763 1348 4798 :
1378 4745 1454 4799 ait
1478 4744 1622 4798 enim
1649 4758 1799 4798 mare
1828 4742 1943 4798 for-

343 4846 528 4900 titudo
556 4844 748 4906 maris,
779 4841 967 4894 dicens
999 4857 1012 4893 :
1039 4838 1154 4892 Non
1189 4838 1479 4908 parturivi,
1506 4849 1562 4894 et
1589 4851 1694 4891 non
1730 4836 1937 4905 peperi,

345 4950 412 4994 tet
451 4954 555 4992 non
592 4936 828 4992 emitrivi
854 4934 1107 5004 juvenes,
1145 4946 1246 4986 nec
1275 4933 1340 4985 ad
1380 4930 1773 4986 incrementum
1811 4946 1940 5000 per-

349 5031 483 5086 duxi
514 5029 778 5098 virgines.
819 5047 836 5080 ι
893 5026 1014 5081 Dixi
1057 5039 1219 5093 supra
1270 5022 1538 5078 coloniam
1590 5023 1939 5077 Sidoniorum

345 5138 480 5180 esse
505 5122 736 5193 Tyrum.
760 5119 900 5176 Audi
923 5119 1107 5188 igitur,
1135 5126 1328 5179 mater,
1351 5125 1546 5170 cuncta
1572 5115 1733 5169 simul
1755 5124 1943 5168 contra

432 5330 450 5361 ³
491 5327 668 5400 Epist:
697 5327 748 5379 in
777 5333 979 5400 nostra
1005 5322 1324 5400 recensione
1361 5319 1451 5385 57,
1492 5321 1560 5376 ad
1606 5319 1940 5400 Marcellam,

357 5391 604 5459 nume.
649 5397 818 5451 Porro
854 5393 1212 5448 conferendas
1243 5408 1457 5461 quoque
1491 5403 1573 5447 est
1614 5391 1751 5445 liber
1789 5391 1943 5456 Quae-

356 5473 600 5526 stionum
637 5466 954 5522 Hcltraicar.
989 5469 1040 5516 in
1079 5461 1279 5516 Geues.
1312 5479 1432 5532 Cap.
1463 5477 1517 5524 Χ,
1549 5462 1603 5522 4,
1639 5471 1750 5514 not.
1788 5461 1946 5532 Deni-

355 5559 469 5612 que
501 5539 800 5607 Procopius
837 5538 891 5612 in
925 5536 1064 5588 hunc
1093 5533 1458 5612 lsaize__loemu
1493 5535 1558 5584 de
1587 5538 1732 5612 ενι-φ
1766 5531 1944 5584 nomi-

363 5604 452 5679 ne,
478 5614 617 5682 quod
647 5604 1211 5682 veteresinterpretes
1231 5604 1462 5682 {istisin
1483 5605 1943 5682 transtulissent:

369 5671 585 5750 iéyerat
612 5683 691 5746 δὲ,
724 5679 917 5748 inquit,
955 5671 1353 5750 Κύπρος-οὓτω
1381 5671 1696 5750 δῃλοῦσθαιε
1724 5673 1828 5750 καὶ.
1849 5673 1948 5750 Ki-

359 5741 482 5808 τεόν
513 5750 653 5806 εἶναι
679 5741 840 5804 ⁷’πόλίν
867 5751 921 5802 ἐν
947 5741 1110 5818 aii-ci).
1147 5743 1382 5797 Narrant
1417 5741 1646 5810 Cyprum
1679 5744 1751 5795 ita
1782 5743 1948 5811 signi.

2047 4542 2219 4598 multo
2263 4550 2391 4596 ante
2428 4540 2520 4594 illa
2559 4550 2801 4608 tempora
2833 4540 3203 4608 negotiatores
3245 4549 3300 4592 et
3344 4539 3624 4593 institores

2043 4634 2202 4708 Tyri,
2224 4634 2501 4706 principes
2525 4644 2580 4688 et
2606 4633 2794 4704 inclyti
2828 4632 3210 4688 describuntur
3242 4647 3259 4698 ;
3299 4641 3357 4686 ut
3381 4645 3478 4699 per
3510 4634 3625 4685 hac

2045 4728 2370 4784 ostendatur
2415 4725 2706 4797 opulentia
2756 4726 3092 4796 magnitudo,
3139 4739 3264 4779 cum
3318 4725 3626 4794 negotiator

2046 4816 2176 4892 Tyri
2207 4819 2429 4874 alterius
2462 4819 2640 4874 verbis
2666 4832 2786 4872 esse
2816 4833 2906 4871 rex
2932 4817 3128 4887 possit.

2120 4936 2304 5006 (Vers.
2342 4933 2423 5005 9.)
2458 4954 2476 4986 ‹
2508 4933 2770 4988 Dominus
2812 4915 3153 4989 exercituum
3198 4935 3458 5004 cogitavit
3497 4935 3621 5001 hoc,

2053 5040 2112 5086 ut
2139 5030 2457 5085 detraheret
2481 5026 2794 5096 superbiam
2821 5027 3002 5081 omnis
3025 5027 3234 5096 gloriae,
3285 5036 3341 5081 et
3377 5029 3444 5082 ad
3469 5030 3627 5098 igno-

2052 5125 2276 5179 minium
2305 5121 2600 5176 deduceret
2631 5121 2918 5175 universos
2946 5121 3180 5190 inclytus
3213 5130 3393 5174 terra.
3437 5137 3458 5173 ι
3491 5120 3628 5188 Quia

2050 5324 2230 5396 ﬁcari,
2250 5323 2385 5378 etin
2415 5338 2477 5376 ea
2501 5338 2610 5377 esse
2635 5321 2830 5378 Citium
2877 5323 3075 5378 urbem.

2122 5399 2143 5428 ³
2183 5395 2274 5449 Sic
2327 5397 2694 5466 legogmntis,
2759 5396 2970 5466 etiamsi
3040 5409 3176 5452 mss.
3223 5409 3346 5450 cum
3391 5393 3630 5463 vulgatis

2053 5467 2316 5538 hactenus
2349 5464 2638 5538 pra-lerant
2675 5465 2852 5519 multis
2885 5479 2902 5538 .'
2940 5467 3070 5533 qttin
3106 5468 3276 5520 miror
3312 5482 3482 5538 magis
3519 5482 3634 5518 tua-

2053 5535 2303 5592 nifesuun
2333 5535 2578 5586 mendum
2615 5537 2815 5586 tamdiu
2845 5537 3168 5590 obtinuisse.

2123 5607 2143 5637 ⁸
2174 5608 2341 5658 Antea
2373 5615 2514 5666 erat,
2544 5614 2594 5657 et
2640 5605 2842 5659 nobiles
2881 5621 3106 5676 quoque,
3153 5608 3333 5662 minus
3372 5615 3539 5671 recte,
3573 5614 3630 5662 et

2051 5687 2240 5734 contra
2270 5690 2399 5730 mss.
2435 5677 2624 5731 fidem.
