3898 6184
302 297 413 361 209

840 298 1337 362 COMMENTAB.
1381 298 1460 360 ιΝ
1504 298 1768 360 ΙΒΑΙΑΜ
1800 295 2266 359 PRUPHE'I‘AM
2321 300 2462 362 LIB.
2506 303 2574 374 V,
2613 301 2770 362 CAP.
2801 300 3028 363 XXIII.

3450 295 3572 363 ﬂii}

303 430 466 482 stupra
513 415 900 484 interrogantis
941 431 1094 472 more
1137 416 1353 471 dixerat
1390 431 1407 470 :
1449 414 1580 480 Quis
1623 415 1872 486 cogitavit
1904 417 1954 475 Α
1981 426 2113 480 tem,
2144 417 2506 473 traduxerunt
2535 420 2788 477 robustos
2824 419 2964 488 ejus,
3000 417 3338 474 suﬁoderunt
3368 417 3558 473 domos

304 505 404 557 Irae
451 519 610 571 super
641 504 837 575 Tyrum
869 510 1132 575 quondam
1175 507 1525 562 coronatam?
1569 521 1716 560 nunc
1766 506 1880 570 ipse

305 595 588 664 respondit
634 613 648 653 :
694 595 814 652 Non
863 597 1120 664 fatorum,
1155 609 1214 652 ut
1257 598 1406 652 stulti
1433 606 1646 667 putant,
1679 597 1758 650 sic
1792 595 1878 649 ﬁla

303 685 538 739 deducta
568 695 696 740 sunt
735 701 752 741 :
785 701 895 740 non
931 686 1160 741 fortunae
1191 687 1434 740 cucurrit
1471 695 1610 748 rota,
1647 684 1747 739 sed
1781 683 1876 738 Dei

299 776 514 845 judicio
533 786 588 831 et
610 777 784 847 ipsius
805 782 1088 833 voluntate
1108 780 1410 849 perlectum
1432 786 1536 841 est,
1565 777 1658 845 qui
1690 790 1881 844 super-

307 869 391 921 bis
424 867 651 934 resistit,
686 877 742 922 et
779 869 1070 924 humilibus
1116 871 1206 922 dat
1238 869 1471 939 gratiam
1499 866 1710 938 (Iacob.
1746 869 1820 936 IV)
1863 883 1880 922 :

305 970 356 1013 et
395 960 568 1030 a3o
594 969 907 1015 commonet
941 969 1258 1031 arrogantes
1287 960 1621 1016 conditionis
1656 973 1790 1021 suae,
1826 968 1884 1011 ut

305 1051 520 1105 discant
539 1049 832 1118 potentiam
853 1050 973 1120 ejus
1004 1065 1100 1120 per
1129 1051 1425 1117 miseriam,
1453 1051 1613 1119 cujus
1643 1048 1883 1104 clemen-

308 1142 436 1196 tiam
469 1156 565 1210 per
594 1142 855 1197 beneficia
887 1145 1087 1199 sentire
1119 1143 1422 1197 noluerant.

379 1230 558 1300 (Vers.
599 1229 711 1302 10.)
749 1249 770 1283 ι
821 1231 1018 1288 Transi
1067 1244 1263 1288 terram
1301 1243 1442 1286 tuam
1475 1232 1630 1302 quasi
1659 1232 1881 1293 ﬂumen,

310 1319 417 1372 lilia
446 1319 613 1374 maris
636 1334 652 1373 :
675 1335 783 1374 non
815 1330 899 1376 est
925 1322 1199 1390 cingulum
1230 1321 1368 1376 ultra
1405 1321 1521 1375 tibi.
1555 1339 1573 1371 ι
1597 1320 1769 1381 Sicut.
1801 1321 1886 1373 in-

307 1410 449 1478 quit,
465 1409 684 1471 ﬂuvius.
709 1414 825 1466 sive
845 1422 903 1468 ut
929 1413 982 1466 in
1007 1412 1270 1467 Hebraieo
1293 1411 1679 1482 signiﬁcantius
1702 1411 1884 1478 habet,

306 1502 530 1568 rivulus,
569 1503 673 1556 hoc
697 1503 842 1557 enim
871 1503 1068 1558 dicitur
1104 1518 1195 1559 ton
1234 1503 1405 1573 (Ἶκν),
1437 1503 1592 1557 facile
1618 1501 1882 1556 transitur

309 1595 444 1655 pede
477 1596 590 1649 :ita
617 1605 671 1648 et
701 1604 754 1647 tu
785 1605 983 1648 terram
1016 1606 1183 1661 tuam,
1215 1596 1266 1648 in
1298 1594 1666 1662 captivitatem
1699 1595 1884 1656 ducta,

309 1684 592 1752 transibis,
623 1700 657 1739 o
689 1685 800 1738 filia
829 1686 1019 1752 maris,
1055 1686 1138 1740 vel
1169 1687 1294 1756 quia
1322 1687 1496 1741 insula
1533 1701 1615 1746 es.
1648 1684 1732 1740 vel
1761 1686 1884 1753 quia

309 1789 472 1842 Supra
509 1776 576 1830 de
618 1786 670 1832 te
729 1777 996 1845 scriptum
1045 1791 1128 1833 est
1181 1795 1196 1834 :
1239 1778 1388 1832 Dixit
1429 1793 1576 1832 mare
1635 1778 1896 1845 fortitudo
1925 1759 1964 1815 Β

312 1870 496 1927 maris,
534 1867 656 1921 Non
688 1869 968 1934 parturivi,
992 1881 1038 1923 et
1071 1885 1173 1923 non
1195 1871 1389 1940 peperi.
1423 1868 1686 1937 Quodque
1707 1870 1888 1932 lul'ert,

315 1957 440 2012 Non
467 1969 546 2013 est
572 1960 844 2029 cingulum
891 1961 1033 2016 ultra
1061 1963 1180 2027 tibi,
1211 1977 1368 2029 quem
1407 1976 1624 2016 sensum
1674 1962 1890 2026 habeat,

315 2050 558 2118 apertius
586 2049 944 2120 Symmachus
988 2055 1164 2116 docet,
1199 2069 1304 2107 non
1345 2055 1538 2121 poteris
1584 2053 1726 2108 ultra
1761 2053 1892 2106 resi-

313 2149 468 2203 stere,
501 2141 551 2194 id
575 2151 680 2204 est,
704 2157 810 2197 non
834 2143 1062 2202 habebis
1091 2146 1256 2211 vires,
1284 2158 1382 2199 nec
1406 2145 1684 2200 accinctos
1703 2143 1770 2197 ad
1796 2159 1892 2214 pu-

313 2232 586 2302 gnandum
606 2231 820 2288 lumbos
838 2243 1044 2296 tuos,nt
1060 2235 1236 2304 possis
1252 2236 1576 2290 adversariis
1595 2235 1890 2291 contraire.

385 2322 566 2392 (Vers.
607 2324 720 2394 ll.)
761 2344 780 2376 ι
818 2324 1038 2380 Manum
1072 2340 1226 2380 suam
1256 2325 1502 2379 extendit
1527 2338 1694 2394 super
1725 2339 1895 2387 mare,

322 2415 673 2469 conturbavit
709 2431 893 2486 regna.
933 2435 953 2470 ι
993 2416 1128 2483 Quis
1173 2416 1421 2470 extendit
1451 2415 1721 2470 manum?
1754 2416 1896 2469 haud

319 2505 540 2558 dubium
587 2521 655 2561 ex
704 2508 821 2577 ipsa
870 2510 1141 2563 sermonis
1183 2507 1516 2562 continentia
1555 2508 1688 2576 quin
1734 2506 1895 2571 Deus,

319 2596 387 2650 de
426 2612 534 2666 quo
572 2611 736 2667 supra
765 2599 900 2652 dixit
936 2614 952 2655 :
986 2597 1236 2652 Dominus
1265 2598 1592 2652 exercituum
1635 2597 1887 2667 cogitauit

321 2687 442 2752 hoc,
476 2697 535 2742 ut
567 2689 862 2743 detraheret
895 2690 1195 2758 superbiam
1224 2691 1394 2744 omnis
1417 2690 1622 2759 gloriae.
1645 2689 1902 2744 Extendit

326 2793 455 2850 ergo
475 2795 694 2834 manum
721 2796 874 2835 suam
903 2797 1067 2852 super
1088 2783 1270 2835 omnia
1303 2783 1496 2847 maria,
1522 2781 1779 2836 saeculum
1806 2796 1898 2834 or-

329 2868 564 2938 bemque
589 2871 926 2938 significans,
946 2887 998 2928 et
1022 2875 1366 2928 conturbavit
1385 2876 1665 2930 universas
1688 2884 1897 2944 gentes,

323 2959 468 3014 inter
492 2976 638 3030 quas
653 2973 708 3016 et
741 2975 818 3028 tu,
845 2964 1010 3035 Tyre,
1070 2966 1279 3019 turbata
1302 2981 1382 3032 es,
1403 2967 1518 3020 sive
1541 2981 1704 3033 super
1728 2981 1895 3030 mare,

327 3053 380 3107 in
416 3069 529 3121 quo
561 3057 778 3125 pr0prie
809 3060 915 3112 sita
945 3073 1030 3114 es.

393 3146 576 3213 (Vers.
597 3147 740 3217 i2.)¢
767 3148 1026 3205 Dominus
1045 3149 1315 3205 mandavit
1340 3151 1601 3206 adversus
1616 3146 1900 3214 Chanaan,

321 3247 382 3290 ut
413 3247 729 3293 contereret
755 3238 926 3295 fortes
953 3239 1096 3309 ejus.
1133 3258 1152 3292 ι
1179 3239 1430 3295 Ostendit
1453 3239 1598 3309 quod
1632 3239 1702 3294 sit
1734 3254 1904 3305 mare,

321 3344 492 3396 super
534 3329 679 3398 quod
725 3332 1036 3386 extenderit
1068 3331 1330 3386 Dominus
1358 3347 1576 3386 manmn
1606 3345 1782 3394 suam,
1823 3329 1905 3382 di-

322 3435 489 3473 cens:
511 3419 816 3476 diandavit
836 3423 1096 3478 adversus
1121 3423 1436 3478 Chanaan.»
1471 3423 1647 3492 Tyrus
1677 3422 1818 3476 enim
1852 3419 1907 3474 in

327 3521 472 3566 terra
503 3511 757 3566 Chanaan
789 3515 1002 3568 condita
1044 3524 1148 3568 est.
1174 3515 1314 3584 Lege
1357 3513 1687 3581 Scripturas,
1731 3511 1910 3566 maxi-

331 3619 532 3672 weque
579 3602 931 3670 Evangelium
983 3603 1178 3676 (Marc.
1205 3603 1327 3675 vn),
1370 3602 1463 3658 ubi
1489 3601 1906 3673 Symphtenissa

326 3694 686 3764 interpellans
738 3710 836 3762 pro
871 3695 1000 3760 lilia,
1054 3697 1329 3766 egreditur
1367 3694 1436 3749 de
1459 3702 1599 3748 terra
1623 3693 1906 3756 Chanaan,

326 3785 669 3852 qna-dicitur
703 3787 900 3841 mulier
938 3786 1265 3842 Cbananaea.
1283 3784 1564 3854 Simulque
1587 3783 1714 3853 quia
1751 3783 1908 3837 dixe-

331 3886 416 3930 rat
441 3893 456 3932 :
485 3875 732 3930 Extendit
753 3893 963 3930 manum
990 3894 1165 3944 suam,
1213 3893 1280 3932 ne
1300 3884 1615 3946 operantem
1651 3873 1908 3930 membris

331 3979 389 4023 et
441 3968 616 4022 oliicio
675 3969 938 4036 corporali
996 3971 1251 4024 crederes
1291 3967 1616 4031 Dominum,
1676 3965 1912 4034 adjecit,

332 4060 624 4120 umndavit,
660 4069 716 4111 ιιι
738 4059 830 4113 Dei
855 4061 1068 4122 fecisse,
1083 4060 1314 4129 jussisse
1337 4060 1431 4117 sit.

403 4151 582 4220 (Vers.
610 4153 722 4222 l3.)
775 4170 794 4204 ι
826 4151 892 4206 Ει
914 4151 1052 4206 dixit
1084 4167 1099 4209 :
1129 4151 1244 4206 Non
1277 4151 1498 4219 adjicies
1530 4151 1670 4207 ultra
1707 4160 1766 4204 ut
1792 4148 1908 4217 glo-

336 4244 517 4309 rieris,
550 4243 875 4298 calumniam
911 4245 1212 4307 sustinens,
1252 4245 1406 4312 virgo
1441 4244 1550 4298 ﬁlia
1585 4243 1822 4307 Sidonis,
1855 4242 1906 4295 in

330 4337 544 4392 Cethim
579 4351 918 4407 consurgens
948 4337 1241 4392 transfreta
1280 4353 1302 4393 ι
1326 4337 1398 4391 ibi
1423 4351 1642 4406 quoque
1669 4351 1776 4390 non
1805 4336 1910 4390 erit

1988 509 2157 572 illius,
2203 518 2502 576 posuerunt
2547 525 2666 565 eam
2716 514 2768 566 in
2821 513 3056 566 ruinam.
3105 509 3341 574 Ululate,
3393 523 3565 563 naves

1990 599 2181 664 maris,
2215 602 2343 668 quia
2378 602 2657 656 devastata
2701 615 2786 658 est
2832 603 3090 657 fortitudo
3125 611 3323 656 vestra.
3362 620 3380 652 ι
3420 601 3557 666 Quia

1987 700 2150 754 supra
2179 685 2391 740 dixerat
2423 705 2442 742 :
2473 689 2672 744 Ducem
2699 707 2814 744 eam
2847 691 3000 758 pedes
3029 688 3111 743 sui
3138 687 3288 756 longe
3320 687 3387 740 ad
3412 702 3557 754 pere-

1987 777 2309 845 grinandum
2341 793 2360 832 :
2405 789 2462 834 et
2494 780 2708 846 iterum,
2746 781 2936 836 Transi
2982 791 3181 835 terram
3229 792 3374 834 tuam
3409 781 3563 847 quasi

1987 867 2206 934 ﬂumen,
2237 867 2538 938 duplexque
2569 871 2669 925 fuit
2701 873 2930 942 populus
2957 871 3104 943 Tyri,
3135 887 3322 926 eorum
3349 869 3438 940 qui
3473 868 3563 922 fu-

1987 968 2174 1024 gerant
2229 968 2287 1012 et
2351 961 2834 1018 transfretaverant
2879 965 2933 1017 in
2979 964 3216 1029 Cethim,
3274 970 3328 1017 et
3373 975 3559 1015 eorum

1989 1045 2079 1112 qui
2121 1046 2175 1100 itt
2225 1047 2361 1104 urbe
2405 1063 2803 1116 remanserant,
2848 1054 2915 1108 ad
2969 1064 3258 1120 utrumque
3303 1049 3558 1120 loquitur.

1991 1132 2066 1189 De
2095 1136 2179 1190 his
2211 1137 2303 1205 qui
2334 1136 2608 1208 fugerant,
2645 1155 2808 1210 supra
2843 1142 2918 1195 ait
2951 1155 2967 1195 :
3003 1141 3068 1195 In
3102 1140 3305 1196 Cetltim
3339 1154 3561 1192 consur-

1988 1239 2110 1292 gens
2142 1228 2457 1296 transfreta.
2487 1232 2559 1285 ibi
2587 1248 2794 1301 quoque
2829 1249 2932 1286 non
2974 1234 3073 1286 erit
3107 1231 3307 1300 requies
3337 1230 3451 1283 tibi.
3487 1227 3565 1282 De

1992 1315 2077 1370 his
2103 1317 2196 1386 qui
2226 1332 2624 1386 remanserant,
2651 1331 2706 1376 et
2728 1323 2872 1377 ducti
2905 1331 3032 1376 sunt
3055 1325 3107 1375 in
3142 1322 3506 1390 captivitatem
3546 1334 3562 1374 :

1993 1405 2150 1472 Ecce,
2194 1409 2391 1478 inquit,
2427 1413 2623 1467 accolis
2665 1424 2822 1468 terra:
2863 1413 3256 1476 Chalda’orum,
3287 1411 3442 1479 cujus
3469 1426 3564 1478 po-

1991 1497 2215 1550 tentiam
2271 1499 2404 1552 nulli
2453 1502 2634 1570 populi
2686 1512 2811 1558 ante
2858 1503 3194 1566 habuernnt,
3231 1509 3288 1556 et
3332 1516 3452 1569 quae
3497 1501 3571 1553 ab

1990 1585 2218 1658 Assyrio
2245 1589 2470 1646 fundata
2505 1605 2612 1656 est,
2654 1597 3082 1651 transduxerunt
3133 1594 3384 1651 robustos
3413 1594 3562 1664 Tyri.

1995 1677 2347 1738 Suﬂoderunt
2369 1699 2480 1739 nou
2499 1685 2674 1741 solum
2704 1701 2912 1750 muros,
2939 1689 3034 1742 sed
3061 1696 3115 1741 et
3135 1696 3328 1742 cuncta
3357 1684 3570 1740 habita-

1995 1776 2118 1826 ru'a
2159 1774 2420 1841 civitatis,
2457 1788 2863 1847 posueruntque
2891 1793 3010 1832 eam
3059 1777 3111 1831 in
3156 1779 3393 1832 ruinam.
3427 1777 3564 1842 Quia

1997 1868 2160 1936 igitur
2197 1867 2287 1920 alii
2321 1868 2598 1936 fugerunt,
2631 1869 2723 1923 alii
2754 1869 2897 1936 capti
2930 1877 3078 1934 sunt,
3112 1868 3340 1932 ululate,
3376 1883 3568 1931 naves,

1995 1957 2079 2009 vel
2113 1956 2302 2023 maris,
2336 1957 2420 2012 vel
2449 1956 2834 2026 Carthaginis;
2896 1958 3188 2026 negotiatio
3216 1960 3362 2013 enim
3396 1970 3449 2012 et
3477 1973 3569 2012 co-

1997 2047 2140 2102 lonia
2181 2057 2360 2102 vestra
2401 2048 2582 2104 deleta
2628 2060 2734 2105 est.
2772 2049 3056 2117 Simulque
3086 2050 3390 2114 considera,
3426 2066 3564 2119 qun-

1999 2139 2159 2194 tnodo
2185 2139 2489 2196 laudaverit
2511 2140 2816 2198 Chaldaeos.
2841 2140 2958 2196 Non
2991 2141 3143 2203 dixit,
3179 2140 3300 2194 talis
3345 2142 3575 2208 populus

1998 2232 2140 2286 ultra
2170 2247 2275 2287 non
2303 2234 2409 2289 erit
2443 2249 2460 2288 :
2491 2233 2770 2302 potentius
2791 2233 3012 2303 quippe,
3041 2241 3094 2286 et
3122 2231 3315 2287 durius
3347 2247 3574 2301 regnum

1997 2336 2082 2379 est
2108 2324 2518 2393 Romanorum;
2550 2324 2671 2392 sed,
2697 2337 2829 2380 a-ute-
2851 2342 2953 2380 non
2982 2325 3100 2392 fuit.
3132 2324 3235 2391 Qui
3265 2325 3448 2395 priora
3480 2340 3576 2380 ue-

1999 2420 2165 2487 gavit,
2199 2419 2476 2473 concessit
2507 2418 2819 2487 sequentia.

2068 2509 2251 2573 (Vers.
2281 2507 2399 2577 15.)
2431 2525 2450 2560 ι
2483 2508 2550 2562 Ει
2577 2508 2680 2563 erit
2709 2509 2764 2562 in
2793 2507 2879 2563 die
2907 2507 3016 2570 illa,
3052 2507 3104 2560 in
3133 2507 3411 2562 oblivione
3439 2507 3572 2572 eris,

1998 2617 2031 2653 o
2060 2599 2227 2670 Tyre,
2253 2600 2598 2669 septuaginta
2621 2599 2800 2665 anuis,
2835 2601 2974 2654 sicut
3004 2599 3118 2655 dies
3153 2599 3295 2667 regis
3327 2598 3514 2654 unius.
3551 2618 3570 2648 ι

1997 2693 2082 2748 Ab
2111 2693 2214 2749 hoc
2241 2692 2359 2747 loco
2385 2706 2556 2760 usque
2578 2691 2632 2746 in
2664 2692 2824 2746 linem
2857 2690 3022 2762 hujus
3051 2691 3368 2761 prophetiae,
3423 2689 3578 2761 Tyro

1999 2798 2263 2856 prospera
2309 2785 2656 2846 nuntiantur,
2689 2783 2834 2854 quod
2867 2783 3061 2838 debeat
3091 2799 3252 2853 agere
3286 2783 3572 2851 pteniteu-

2003 2879 2154 2942 tiam,
2181 2876 2323 2947 quod
2353 2875 2550 2931 iterum
2580 2875 2905 2930 exstruenda
2934 2876 3026 2938 sit,
3057 2875 3198 2944 quod
3232 2877 3572 2944 septuaginta

2003 2977 2211 3022 tantum
2250 2968 2433 3035 annis,
2473 2967 2671 3038 quibus
2719 2977 2772 3023 et
2823 2967 3078 3036 templum
3132 2966 3224 3020 Dei
3274 2968 3576 3022 desolatum

1922 3083 1970 3148 ο
2004 3061 2125 3123 fuit,
2157 3059 2285 3132 Tyri
2318 3061 2600 3115 subversio
2634 3068 2852 3114 maneat
2884 3077 2898 3114 :
2934 3069 2991 3113 ut
3018 3059 3172 3127 cujus
3206 3060 3376 3148 ruinis
3405 3059 3578 3114 insul-

2008 3149 2176 3213 tabat,
2206 3158 2260 3204 et
2293 3150 2572 3206 ruinarum
2617 3150 2736 3220 ejus
2770 3158 2991 3217 tempus
3033 3147 3294 3203 imitetur.
3345 3147 3576 3216 Septua.

2005 3243 2152 3310 ginta
2179 3253 2360 3296 autem
2391 3255 2566 3296 annos
2593 3241 2758 3297 unius
2789 3241 2957 3311 regis,
2992 3240 3147 3296 multi
3181 3249 3374 3308 putant
3399 3237 3582 3293 Nabu-

2005 3333 2348 3389 chodonosor
2381 3333 2512 3397 dici,
2546 3333 2742 3403 quibus
2774 3347 3001 3402 regnum
3035 3333 3216 3402 gentis
3247 3333 3482 3402 Assyriae
3525 3331 3577 3384 in

2005 3423 2306 3481 Jerusalem
2343 3423 2726 3492 permanserit.
2760 3421 2865 3475 Alii
2899 3422 3229 3490 generaliter
3255 3422 3579 3491 pronuntia-

2007 3525 2142 3581 tum,
2170 3514 2316 3585 qutod
2355 3513 2448 3580 qui
2482 3513 2700 3582 longum
2749 3514 3010 3583 regnandi
3050 3524 3266 3583 tempus
3307 3513 3580 3578 habuerit,

2007 3608 2350 3677 septuaginta
2383 3621 2556 3660 annos
2589 3604 2962 3660 transire'non
3000 3606 3191 3673 possit.

2077 3701 2237 3770 232
2263 3698 2445 3769 (Vers.
2477 3699 2588 3767 l6.)
2626 3717 2645 3750 ι
2681 3699 2810 3752 l’ost
2833 3697 3173 3767 septuaginta
3198 3706 3380 3750 autem
3411 3713 3580 3752 annos

2006 3791 2111 3846 erit
2129 3790 2270 3860 Tyro
2286 3790 2442 3862 quasi
2468 3790 2743 3845 canticum
2765 3789 3085 3843 meretricis.
3107 3786 3274 3844 Sume
3291 3787 3578 3852 citharam,

2006 3884 2235 3941 circumi
2262 3884 2559 3946 civitatem,
2583 3882 2844 3938 meretrix
2879 3881 3146 3936 oblivioni
3190 3880 3408 3944 tradita,
3450 3880 3584 3934 bene

2006 3991 2161 4038 cave,
2183 3975 2466 4044 frequenta
2485 3975 2782 4038 canticum,
2804 3973 3141 4027 utmemoria
3167 3971 3240 4026 tui
3275 3973 3364 4025 sit.
3397 3989 3414 4020 ι
3445 3971 3582 4036 Quia

2008 4083 2130 4123 eum
2162 4067 2409 4137 plurimis
2437 4065 2691 4136 gentibus
2716 4064 2984 4119 fornicata
3009 4078 3088 4128 es,
3121 4072 3175 4118 et
3199 4063 3495 4118 desolatam
3532 4073 3582 4116 te

2009 4158 2316 4225 nudamque
2361 4165 2416 4210 ct
2459 4154 2810 4226 ,captivitatis
2862 4153 3202 4225 squalentem
3281 4153 3536 4207 sordibus
3566 4194 3580 4216 ,

2007 4257 2280 4301 amatores
2320 4245 2537 4315 pristini
2572 4254 3044 4314 contempserunt,
3073 4257 3294 4300 assume
3326 4258 3469 4297 nunc
3503 4245 3582 4296 ci-

2013 4339 2222 4393 tharam
2249 4377 2266 4402 ,
2315 4338 2633 4407 congemina
2683 4339 2961 4403 carmina,
3004 4337 3231 4392 circumi
3261 4336 3579 4411 civitatem,

335 4429 552 4497 requies
585 4427 700 4482 tibi.
741 4446 760 4478 ι
801 4427 966 4494 Deus,
996 4429 1090 4496 qui
1125 4428 1382 4498 cogitavit
1401 4428 1690 4483 detrahere
1720 4441 1910 4495 super-
1939 4427 1982 4481 D
2013 4431 2206 4501 plange
2227 4430 2455 4498 lupanar
2473 4429 2791 4499 pristinum,
2813 4437 2870 4484 et
2885 4429 3092 4498 antiqui
3122 4428 3328 4485 erroris
3363 4429 3595 4499 vestigia

333 4520 478 4572 hiatu
496 4519 676 4575 omnis
697 4519 905 4590 gloriae,
928 4519 1019 4587 qui
1046 4519 1322 4573 mandavit
1344 4518 1908 4583 adversusChanaau,

333 4620 392 4662 nt
439 4617 749 4664 contereret
799 4607 966 4664 fortes
1011 4607 1154 4678 ejus,
1194 4608 1308 4676 ipse
1329 4609 1462 4663 dicit
1496 4625 1510 4663 :
1550 4605 1903 4676 Nequaquam

337 4703 480 4756 ultra
509 4700 852 4770 gloriaberis,
878 4709 932 4754 et
958 4701 1010 4753 in
1033 4708 1122 4754 tua
1145 4699 1383 4754 conlldcs
1404 4698 1662 4768 potentia.
1689 4696 1740 4752 0
1760 4697 1907 4766 virgo

332 4796 444 4848 lilia
469 4792 713 4858 Sidonis,
738 4794 790 4847 id
815 4801 917 4856 est,
942 4792 1159 4847 colonia.
1177 4789 1555 4857 Sidoniorum,
1587 4789 1766 4859 fugies
1785 4790 1908 4859 qui-

329 4890 459 4938 dem
490 4883 717 4938 navibus
747 4883 815 4937 ad
841 4883 1049 4938 insulas
1073 4882 1406 4945 Occidentis,
1433 4895 1530 4936 seu
1563 4880 1616 4934 in
1643 4881 1902 4951 Cyprum,

327 4987 389 5029 et
423 4974 583 5045 33],
615 4984 843 5030 caeteras
873 4973 1201 5029 Macedonia:
1230 4973 1560 5042 Craciazque
1586 4983 1777 5036 terras,
1807 4977 1900 5028 sed

328 5080 390 5121 et
424 5068 520 5132 ibi,
559 5067 881 5120 adversante
915 5063 1054 5131 Deo,
1087 5064 1327 5134 requiem
1385 5065 1630 5120 invenire
1662 5080 1768 5119 non
1801 5079 1904 5134 po-

331 5159 496 5214 teris.
524 5157 808 5226 Alioquin,
840 5157 1022 5211 omnis
1052 5170 1222 5224 vagus
1252 5165 1414 5224 atque
1460 5157 1515 5210 in
1567 5157 1701 5211 orbe
1749 5169 1906 5225 pere-

325 5249 550 5318 grinus,
580 5261 634 5303 et
663 5247 994 5304 incertarum
1034 5247 1267 5311 sodium,
1298 5263 1513 5316 semper
1546 5248 1600 5302 in
1631 5248 1904 5316 angustia,

323 5341 534 5413 jugiter
559 5341 613 5394 in
643 5355 880 5396 maerore
909 5341 923 5370 ¹
953 5349 1056 5394 est.

410 5431 592 5497 (Vera.
628 5433 719 5496 13,
751 5431 838 5487 ll.
871 5431 890 5501 )
931 5449 949 5484 ι
992 5431 1131 5487 Ecce
1167 5439 1313 5486 terra
1349 5433 1746 5502 Chaldaeorum,
1782 5434 1908 5490 talis

328 5523 570 5596 populus
601 5538 704 5577 non
735 5523 830 5578 fuit
865 5539 881 5577 :
913 5523 1084 5578 Assur
1112 5522 1359 5580 fundavit
1385 5539 1504 5580 eam
1537 5527 1590 5580 in
1625 5527 1910 5596 captivita-

2011 4523 2262 4590 'acrymis
2303 4523 2442 4584 lava,
2489 4533 2547 4573 ut
2591 4521 2767 4590 possis
2814 4522 2904 4576 Dei
2954 4521 3008 4574 in
3058 4531 3109 4574 te
3151 4520 3594 4576 misericordiam

2009 4624 2324 4678 provocare.

2084 4700 2262 4770 (Vere.
2298 4700 2411 4769 l7.)
2452 4719 2471 4752 ι
2513 4699 2580 4754 Et
2611 4701 2740 4763 erit,
2775 4709 2895 4768 post
2925 4701 3268 4770 septuaginta
3300 4715 3474 4754 annos
3506 4703 3582 4750 vi-

2011 4792 2196 4846 sitabit
2233 4792 2494 4846 Dominus
2526 4792 2753 4862 Tyrum,
2785 4800 2840 4846 et
2881 4792 3104 4846 reducet
3130 4806 3248 4844 eam
3277 4789 3343 4844 ad
3374 4804 3593 4844 merces.

2008 4898 2160 4948 suas,
2194 4893 2248 4938 et
2291 4898 2504 4938 rursum
2540 4884 2897 4940 l'ornicabitur
2929 4899 3054 4938 cum
3098 4882 3366 4935 universis
3397 4882 3594 4949 regnis.

2010 4984 2170 5029 terra:
2233 4990 2398 5044 super
2451 4974 2646 5031 faciem
2708 4985 2884 5030 terrae.
2924 4992 2942 5026 ι
3010 4973 3134 5027 [huc
3194 4974 3376 5027 omnia
3428 4974 3594 5043 juxta

2012 5067 2292 5122 historiam
2346 5069 2557 5137 expleta
2614 5083 2736 5123 esse
2766 5105 2782 5130 ,
2843 5065 3096 5120 consonis
3151 5065 3463 5120 Graecorum
3521 5076 3577 5120 et

2006 5157 2325 5214 Phoenicum
2407 5158 2609 5214 litteris
2681 5159 2976 5220 indicatur,
3028 5157 3175 5225 quod
3246 5166 3370 5226 post
3438 5156 3580 5210 LXX

2009 5265 2180 5306 annos
2236 5250 2559 5312 instaurata,
2611 5252 2678 5304 ad
2734 5249 3026 5318 potentiam
3065 5249 3346 5317 pristinam
3390 5249 3460 5302 sit
3495 5262 3580 5300 re-

2010 5357 2188 5407 versa,
2205 5353 2259 5396 et
2283 5342 2574 5411 negotiatio
2595 5341 2842 5395 universa
2853 5356 2967 5394 rum
2986 5341 3224 5409 gentium
3247 5338 3428 5401 fuerit,
3449 5353 3600 5406 quas.

2010 5447 2112 5502 ego
2129 5443 2261 5503 puto
2285 5433 2668 5487 fornicationes
2688 5433 2969 5502 appellari,
2991 5443 3049 5487 ut
3065 5433 3337 5503 quomodo
3359 5432 3451 5500 qui
3475 5429 3589 5484 for-

2018 5525 2253 5589 nicatur,
2280 5525 2348 5578 ad
2400 5525 2631 5590 lupanar
2659 5525 2960 5594 ingreditur
2989 5534 3042 5578 ct
3073 5521 3378 5578 mercedem
3412 5525 3593 5591 ειιιιιη

421 5703 437 5733 ⁸
480 5701 610 5759 Erat
639 5721 840 5775 semper
879 5705 931 5760 in
972 5706 1217 5776 angustia
1250 5704 1450 5776 jugiter
1491 5714 1538 5759 et
1573 5705 1626 5759 iu
1665 5719 1906 5762 mn'rore.
1950 5701 2272 5774 llujusmodi
2316 5701 2422 5758 alia
2470 5701 2662 5759 menda
2695 5717 2838 5772 swpe
2867 5718 2935 5759 ex
2966 5716 3100 5757 mss.
3129 5700 3512 5758 emendantes.
