  <div class='ocr_page' id='page_1' title='image "/cluster/home/n/w/nwhite01/storage/ocr_20150623/24/hvd.32044096580485/111.png"; bbox 0 0 3972 6198; ppageno 0'>
   <div class='ocr_carea' id='block_1_1' title="bbox 314 278 436 345">
    <p class='ocr_par' dir='ltr' id='par_1_1' title="bbox 314 278 436 345">
     <span class='ocr_line' id='line_1_1' title="bbox 314 278 436 345; baseline -0.033 -4"><span class='ocrx_word' id='word_1_1' title='bbox 314 278 436 345; x_wconf 50' lang='lat'><strong>911-.</strong></span> 
     </span>
    </p>
   </div>
   <div class='ocr_carea' id='block_1_2' title="bbox 1475 294 2377 360">
    <p class='ocr_par' dir='ltr' id='par_1_2' title="bbox 1475 294 2377 360">
     <span class='ocr_line' id='line_1_2' title="bbox 1475 294 2377 360; baseline 0.008 -7"><span class='ocrx_word' id='word_1_2' title='bbox 1475 295 1533 357; x_wconf 87' lang='lat' dir='ltr'><strong>S.</strong></span> <span class='ocrx_word' id='word_1_3' title='bbox 1579 294 1891 357; x_wconf 81' lang='lat' dir='ltr'><strong>EUSEBII</strong></span> <span class='ocrx_word' id='word_1_4' title='bbox 1926 295 2377 360; x_wconf 77' lang='lat' dir='ltr'><strong>HIERONYMI</strong></span> 
     </span>
    </p>
   </div>
   <div class='ocr_carea' id='block_1_3' title="bbox 3440 299 3547 365">
    <p class='ocr_par' dir='ltr' id='par_1_3' title="bbox 3440 299 3547 365">
     <span class='ocr_line' id='line_1_3' title="bbox 3440 299 3547 365; baseline 0.037 -5"><span class='ocrx_word' id='word_1_5' title='bbox 3440 299 3547 365; x_wconf 67' lang='lat'><strong>‘21?</strong></span> 
     </span>
    </p>
   </div>
   <div class='ocr_carea' id='block_1_4' title="bbox 310 398 3545 485">
    <p class='ocr_par' dir='ltr' id='par_1_4' title="bbox 310 398 3545 485">
     <span class='ocr_line' id='line_1_4' title="bbox 310 398 3545 485; baseline 0.006 -35"><span class='ocrx_word' id='word_1_6' title='bbox 310 398 520 468; x_wconf 87' lang='lat' dir='ltr'><strong>tribuit,</strong></span> <span class='ocrx_word' id='word_1_7' title='bbox 578 398 658 455; x_wconf 82' lang='lat' dir='ltr'><strong>sic</strong></span> <span class='ocrx_word' id='word_1_8' title='bbox 701 409 755 455; x_wconf 87' lang='lat' dir='ltr'><strong>et</strong></span> <span class='ocrx_word' id='word_1_9' title='bbox 813 401 1055 470; x_wconf 84' lang='lat' dir='ltr'><strong>institor,</strong></span> <span class='ocrx_word' id='word_1_10' title='bbox 1087 404 1155 460; x_wconf 83' lang='lat' dir='ltr'><strong>de</strong></span> <span class='ocrx_word' id='word_1_11' title='bbox 1186 414 1299 461; x_wconf 90' lang='lat' dir='ltr'><strong>toto</strong></span> <span class='ocrx_word' id='word_1_12' title='bbox 1348 408 1480 463; x_wconf 83' lang='lat' dir='ltr'><strong>otbe</strong></span> <span class='ocrx_word' id='word_1_13' title='bbox 1524 425 1875 477; x_wconf 85' lang='lat' dir='ltr'><strong>concurrens,</strong></span> <span class='ocrx_word' id='word_1_14' title='bbox 1904 424 1952 481; x_wconf 74' lang='grc' dir='ltr'><strong>Α</strong></span> <span class='ocrx_word' id='word_1_15' title='bbox 1982 424 2223 469; x_wconf 79' lang='lat' dir='ltr'><strong>extrema</strong></span> <span class='ocrx_word' id='word_1_16' title='bbox 2256 423 2364 482; x_wconf 89' lang='lat' dir='ltr'><strong>est,</strong></span> <span class='ocrx_word' id='word_1_17' title='bbox 2392 413 2715 471; x_wconf 68' lang='lat' dir='ltr'><strong>Christianis</strong></span> <span class='ocrx_word' id='word_1_18' title='bbox 2734 411 3013 473; x_wconf 67' lang='lat' dir='ltr'><strong>felicitatis</strong></span> <span class='ocrx_word' id='word_1_19' title='bbox 3043 424 3256 485; x_wconf 85' lang='lat' dir='ltr'><strong>tempus</strong></span> <span class='ocrx_word' id='word_1_20' title='bbox 3279 415 3545 485; x_wconf 79' lang='lat' dir='ltr'><strong>interpre-</strong></span> 
     </span>
    </p>
   </div>
   <div class='ocr_carea' id='block_1_5' title="bbox 310 486 1870 569">
    <p class='ocr_par' dir='ltr' id='par_1_5' title="bbox 310 486 1870 569">
     <span class='ocr_line' id='line_1_5' title="bbox 310 486 1870 569; baseline 0.012 -31"><span class='ocrx_word' id='word_1_21' title='bbox 310 486 774 556; x_wconf 86' lang='lat' dir='ltr'><strong>pulchritudinem</strong></span> <span class='ocrx_word' id='word_1_22' title='bbox 817 491 972 547; x_wconf 81' lang='lat' dir='ltr'><strong>urbis</strong></span> <span class='ocrx_word' id='word_1_23' title='bbox 998 495 1152 564; x_wconf 83' lang='lat' dir='ltr'><strong>quasi</strong></span> <span class='ocrx_word' id='word_1_24' title='bbox 1185 497 1492 556; x_wconf 74' lang='lat' dir='ltr'><strong>meretricis</strong></span> <span class='ocrx_word' id='word_1_25' title='bbox 1543 500 1870 569; x_wconf 83' lang='lat' dir='ltr'><strong>impleverit.</strong></span> 
     </span>
    </p>
   </div>
   <div class='ocr_carea' id='block_1_6' title="bbox 381 576 1874 657">
    <p class='ocr_par' dir='ltr' id='par_1_6' title="bbox 381 576 1874 657">
     <span class='ocr_line' id='line_1_6' title="bbox 381 576 1874 657; baseline 0.013 -28"><span class='ocrx_word' id='word_1_26' title='bbox 381 576 559 646; x_wconf 83' lang='lat' dir='ltr'><strong>(Vers.</strong></span> <span class='ocrx_word' id='word_1_27' title='bbox 595 576 707 649; x_wconf 89' lang='grc'><strong>18.)</strong></span> <span class='ocrx_word' id='word_1_28' title='bbox 744 597 761 637; x_wconf 79' lang='grc' dir='ltr'><strong>ι</strong></span> <span class='ocrx_word' id='word_1_29' title='bbox 802 578 867 637; x_wconf 85' lang='lat' dir='ltr'><strong>Et</strong></span> <span class='ocrx_word' id='word_1_30' title='bbox 900 581 1006 637; x_wconf 90' lang='lat' dir='ltr'><strong>erit</strong></span> <span class='ocrx_word' id='word_1_31' title='bbox 1029 585 1321 655; x_wconf 91' lang='lat' dir='ltr'><strong>negotiatio</strong></span> <span class='ocrx_word' id='word_1_32' title='bbox 1347 586 1487 657; x_wconf 89' lang='lat' dir='ltr'><strong>ejus,</strong></span> <span class='ocrx_word' id='word_1_33' title='bbox 1509 598 1563 643; x_wconf 90' lang='lat' dir='ltr'><strong>et</strong></span> <span class='ocrx_word' id='word_1_34' title='bbox 1614 606 1824 648; x_wconf 79' lang='lat' dir='ltr'><strong>merces</strong></span> <span class='ocrx_word' id='word_1_35' title='bbox 1858 592 1874 624; x_wconf 76' lang='grc'>⁸</span> 
     </span>
    </p>
   </div>
   <div class='ocr_carea' id='block_1_7' title="bbox 306 668 1875 750">
    <p class='ocr_par' dir='ltr' id='par_1_7' title="bbox 306 668 1875 750">
     <span class='ocr_line' id='line_1_7' title="bbox 306 668 1875 750; baseline 0.01 -29"><span class='ocrx_word' id='word_1_36' title='bbox 306 668 425 736; x_wconf 77' lang='lat' dir='ltr'><strong>ejus</strong></span> <span class='ocrx_word' id='word_1_37' title='bbox 448 670 798 725; x_wconf 63' lang='lat' dir='ltr'><strong>sanctiﬁcata!</strong></span> <span class='ocrx_word' id='word_1_38' title='bbox 846 670 1124 733; x_wconf 87' lang='lat' dir='ltr'><strong>Domino:</strong></span> <span class='ocrx_word' id='word_1_39' title='bbox 1182 690 1288 730; x_wconf 91' lang='lat' dir='ltr'><strong>non</strong></span> <span class='ocrx_word' id='word_1_40' title='bbox 1333 678 1657 743; x_wconf 84' lang='lat' dir='ltr'><strong>condentur,</strong></span> <span class='ocrx_word' id='word_1_41' title='bbox 1696 695 1875 750; x_wconf 81' lang='lat' dir='ltr'><strong>neque</strong></span> 
     </span>
    </p>
   </div>
   <div class='ocr_carea' id='block_1_8' title="bbox 316 760 1875 834">
    <p class='ocr_par' dir='ltr' id='par_1_8' title="bbox 316 760 1875 834">
     <span class='ocr_line' id='line_1_8' title="bbox 316 760 1875 834; baseline 0.012 -24"><span class='ocrx_word' id='word_1_42' title='bbox 316 768 666 828; x_wconf 89' lang='lat' dir='ltr'><strong>reponentur.</strong></span> <span class='ocrx_word' id='word_1_43' title='bbox 692 760 827 827; x_wconf 85' lang='lat' dir='ltr'><strong>Quia</strong></span> <span class='ocrx_word' id='word_1_44' title='bbox 857 762 952 833; x_wconf 28' lang='lat' dir='ltr'><strong>his.</strong></span> <span class='ocrx_word' id='word_1_45' title='bbox 976 765 1067 834; x_wconf 87' lang='lat' dir='ltr'><strong>qui</strong></span> <span class='ocrx_word' id='word_1_46' title='bbox 1113 764 1483 825; x_wconf 81' lang='lat' dir='ltr'><strong>habitaverint</strong></span> <span class='ocrx_word' id='word_1_47' title='bbox 1517 785 1709 831; x_wconf 73' lang='lat' dir='ltr'><strong>coram</strong></span> <span class='ocrx_word' id='word_1_48' title='bbox 1770 772 1875 828; x_wconf 89' lang='lat' dir='ltr'><strong>Do-</strong></span> 
     </span>
    </p>
   </div>
   <div class='ocr_carea' id='block_1_9' title="bbox 311 848 1877 924">
    <p class='ocr_par' dir='ltr' id='par_1_9' title="bbox 311 848 1877 924">
     <span class='ocr_line' id='line_1_9' title="bbox 311 848 1877 924; baseline 0.012 -25"><span class='ocrx_word' id='word_1_49' title='bbox 311 848 479 909; x_wconf 87' lang='lat' dir='ltr'><strong>mino.</strong></span> <span class='ocrx_word' id='word_1_50' title='bbox 513 849 614 905; x_wconf 90' lang='lat' dir='ltr'><strong>erit</strong></span> <span class='ocrx_word' id='word_1_51' title='bbox 642 853 936 922; x_wconf 74' lang='lat' dir='ltr'><strong>negotiatio</strong></span> <span class='ocrx_word' id='word_1_52' title='bbox 964 854 1081 923; x_wconf 83' lang='lat' dir='ltr'><strong>ejus</strong></span> <span class='ocrx_word' id='word_1_53' title='bbox 1107 858 1149 924; x_wconf 76' lang='lat'><strong>’,</strong></span> <span class='ocrx_word' id='word_1_54' title='bbox 1187 867 1245 910; x_wconf 91' lang='lat' dir='ltr'><strong>ut</strong></span> <span class='ocrx_word' id='word_1_55' title='bbox 1278 861 1676 916; x_wconf 87' lang='lat' dir='ltr'><strong>manducentin</strong></span> <span class='ocrx_word' id='word_1_56' title='bbox 1727 872 1877 917; x_wconf 87' lang='lat' dir='ltr'><strong>satu-</strong></span> 
     </span>
    </p>
   </div>
   <div class='ocr_carea' id='block_1_10' title="bbox 309 940 1876 1014">
    <p class='ocr_par' dir='ltr' id='par_1_10' title="bbox 309 940 1876 1014">
     <span class='ocr_line' id='line_1_10' title="bbox 309 940 1876 1014; baseline 0.012 -23"><span class='ocrx_word' id='word_1_57' title='bbox 309 940 493 1003; x_wconf 83' lang='lat' dir='ltr'><strong>ritate,</strong></span> <span class='ocrx_word' id='word_1_58' title='bbox 524 951 577 994; x_wconf 92' lang='lat' dir='ltr'><strong>et</strong></span> <span class='ocrx_word' id='word_1_59' title='bbox 612 942 912 998; x_wconf 83' lang='lat' dir='ltr'><strong>vestiantur</strong></span> <span class='ocrx_word' id='word_1_60' title='bbox 956 960 1127 1014; x_wconf 83' lang='lat' dir='ltr'><strong>usque</strong></span> <span class='ocrx_word' id='word_1_61' title='bbox 1163 948 1230 1002; x_wconf 88' lang='lat' dir='ltr'><strong>ad</strong></span> <span class='ocrx_word' id='word_1_62' title='bbox 1275 959 1623 1010; x_wconf 83' lang='lat' dir='ltr'><strong>vetustatem.</strong></span> <span class='ocrx_word' id='word_1_63' title='bbox 1666 970 1686 1005; x_wconf 77' lang='grc' dir='ltr'><strong>ι</strong></span> <span class='ocrx_word' id='word_1_64' title='bbox 1750 952 1876 1009; x_wconf 57' lang='lat' dir='ltr'><strong>Hac</strong></span> 
     </span>
    </p>
   </div>
   <div class='ocr_carea' id='block_1_11' title="bbox 306 1029 1875 1112">
    <p class='ocr_par' dir='ltr' id='par_1_11' title="bbox 306 1029 1875 1112">
     <span class='ocr_line' id='line_1_11' title="bbox 306 1029 1875 1112; baseline 0.011 -30"><span class='ocrx_word' id='word_1_65' title='bbox 306 1029 598 1084; x_wconf 86' lang='lat' dir='ltr'><strong>secundum</strong></span> <span class='ocrx_word' id='word_1_66' title='bbox 650 1031 956 1098; x_wconf 88' lang='lat' dir='ltr'><strong>historiam,</strong></span> <span class='ocrx_word' id='word_1_67' title='bbox 1024 1039 1254 1094; x_wconf 81' lang='lat' dir='ltr'><strong>necdum</strong></span> <span class='ocrx_word' id='word_1_68' title='bbox 1307 1039 1450 1097; x_wconf 81' lang='lat' dir='ltr'><strong>facta</strong></span> <span class='ocrx_word' id='word_1_69' title='bbox 1495 1045 1875 1112; x_wconf 80' lang='lat' dir='ltr'><strong>comperimus,</strong></span> 
     </span>
    </p>
   </div>
   <div class='ocr_carea' id='block_1_12' title="bbox 306 1119 1875 1199">
    <p class='ocr_par' dir='ltr' id='par_1_12' title="bbox 306 1119 1875 1199">
     <span class='ocr_line' id='line_1_12' title="bbox 306 1119 1875 1199; baseline 0.012 -26"><span class='ocrx_word' id='word_1_70' title='bbox 306 1120 409 1175; x_wconf 91' lang='lat' dir='ltr'><strong>nisi</strong></span> <span class='ocrx_word' id='word_1_71' title='bbox 450 1119 590 1177; x_wconf 79' lang='lat' dir='ltr'><strong>forte</strong></span> <span class='ocrx_word' id='word_1_72' title='bbox 619 1126 914 1192; x_wconf 78' lang='lat' dir='ltr'><strong>putandum</strong></span> <span class='ocrx_word' id='word_1_73' title='bbox 956 1136 1057 1194; x_wconf 87' lang='lat' dir='ltr'><strong>est,</strong></span> <span class='ocrx_word' id='word_1_74' title='bbox 1097 1130 1241 1197; x_wconf 87' lang='lat' dir='ltr'><strong>quod</strong></span> <span class='ocrx_word' id='word_1_75' title='bbox 1291 1143 1415 1199; x_wconf 81' lang='lat' dir='ltr'><strong>post</strong></span> <span class='ocrx_word' id='word_1_76' title='bbox 1464 1134 1875 1190; x_wconf 64' lang='lat' dir='ltr'><strong>aediﬁcationem</strong></span> 
     </span>
    </p>
   </div>
   <div class='ocr_carea' id='block_1_13' title="bbox 303 1207 1874 1295">
    <p class='ocr_par' dir='ltr' id='par_1_13' title="bbox 303 1207 1874 1295">
     <span class='ocr_line' id='line_1_13' title="bbox 303 1207 1874 1295; baseline 0.012 -30"><span class='ocrx_word' id='word_1_77' title='bbox 303 1207 620 1281; x_wconf 71' lang='lat' dir='ltr'><strong>Jerusalem,</strong></span> <span class='ocrx_word' id='word_1_78' title='bbox 650 1224 703 1270; x_wconf 86' lang='lat' dir='ltr'><strong>et</strong></span> <span class='ocrx_word' id='word_1_79' title='bbox 729 1216 1183 1274; x_wconf 84' lang='lat' dir='ltr'><strong>instaurationem</strong></span> <span class='ocrx_word' id='word_1_80' title='bbox 1222 1220 1372 1295; x_wconf 85' lang='lat' dir='ltr'><strong>Tyri,</strong></span> <span class='ocrx_word' id='word_1_81' title='bbox 1408 1226 1595 1281; x_wconf 74' lang='lat' dir='ltr'><strong>amica:</strong></span> <span class='ocrx_word' id='word_1_82' title='bbox 1626 1226 1769 1281; x_wconf 88' lang='lat' dir='ltr'><strong>inter</strong></span> <span class='ocrx_word' id='word_1_83' title='bbox 1814 1243 1874 1284; x_wconf 91' lang='lat' dir='ltr'><strong>se</strong></span> 
     </span>
    </p>
   </div>
   <div class='ocr_carea' id='block_1_14' title="bbox 304 1304 1877 1389">
    <p class='ocr_par' dir='ltr' id='par_1_14' title="bbox 304 1304 1877 1389">
     <span class='ocr_line' id='line_1_14' title="bbox 304 1304 1877 1389; baseline 0.013 -34"><span class='ocrx_word' id='word_1_84' title='bbox 304 1304 505 1360; x_wconf 76' lang='lat' dir='ltr'><strong>fuerint</strong></span> <span class='ocrx_word' id='word_1_85' title='bbox 527 1306 794 1373; x_wconf 82' lang='lat' dir='ltr'><strong>civitates,</strong></span> <span class='ocrx_word' id='word_1_86' title='bbox 813 1318 867 1364; x_wconf 83' lang='lat' dir='ltr'><strong>et</strong></span> <span class='ocrx_word' id='word_1_87' title='bbox 885 1310 950 1365; x_wconf 89' lang='lat' dir='ltr'><strong>ad</strong></span> <span class='ocrx_word' id='word_1_88' title='bbox 972 1313 1225 1382; x_wconf 84' lang='lat' dir='ltr'><strong>templum</strong></span> <span class='ocrx_word' id='word_1_89' title='bbox 1246 1314 1339 1372; x_wconf 90' lang='lat' dir='ltr'><strong>Dei</strong></span> <span class='ocrx_word' id='word_1_90' title='bbox 1357 1316 1549 1373; x_wconf 87' lang='lat' dir='ltr'><strong>crebro</strong></span> <span class='ocrx_word' id='word_1_91' title='bbox 1569 1317 1718 1389; x_wconf 83' lang='lat' dir='ltr'><strong>Tyrii</strong></span> <span class='ocrx_word' id='word_1_92' title='bbox 1735 1320 1877 1381; x_wconf 87' lang='lat' dir='ltr'><strong>dona</strong></span> 
     </span>
    </p>
   </div>
   <div class='ocr_carea' id='block_1_15' title="bbox 306 1395 1875 1480">
    <p class='ocr_par' dir='ltr' id='par_1_15' title="bbox 306 1395 1875 1480">
     <span class='ocr_line' id='line_1_15' title="bbox 306 1395 1875 1480; baseline 0.017 -37"><span class='ocrx_word' id='word_1_93' title='bbox 306 1395 734 1455; x_wconf 83' lang='lat' dir='ltr'><strong>transmiserint:</strong></span> <span class='ocrx_word' id='word_1_94' title='bbox 763 1399 907 1455; x_wconf 84' lang='lat' dir='ltr'><strong>sicut</strong></span> <span class='ocrx_word' id='word_1_95' title='bbox 947 1403 1075 1458; x_wconf 84' lang='lat' dir='ltr'><strong>etin</strong></span> <span class='ocrx_word' id='word_1_96' title='bbox 1130 1405 1303 1463; x_wconf 82' lang='lat' dir='ltr'><strong>Ezdra</strong></span> <span class='ocrx_word' id='word_1_97' title='bbox 1340 1408 1563 1478; x_wconf 88' lang='lat' dir='ltr'><strong>legimus</strong></span> <span class='ocrx_word' id='word_1_98' title='bbox 1587 1411 1681 1480; x_wconf 89' lang='lat' dir='ltr'><strong>(ll</strong></span> <span class='ocrx_word' id='word_1_99' title='bbox 1714 1412 1875 1469; x_wconf 85' lang='lat' dir='ltr'><strong>Esdr.</strong></span> 
     </span>
    </p>
   </div>
   <div class='ocr_carea' id='block_1_16' title="bbox 304 1486 1882 1564">
    <p class='ocr_par' dir='ltr' id='par_1_16' title="bbox 304 1486 1882 1564">
     <span class='ocr_line' id='line_1_16' title="bbox 304 1486 1882 1564; baseline 0.013 -25"><span class='ocrx_word' id='word_1_100' title='bbox 304 1498 420 1549; x_wconf 79' lang='lat' dir='ltr'><strong>xm,</strong></span> <span class='ocrx_word' id='word_1_101' title='bbox 450 1486 563 1556; x_wconf 85' lang='grc'><strong>16),</strong></span> <span class='ocrx_word' id='word_1_102' title='bbox 599 1489 743 1558; x_wconf 82' lang='lat' dir='ltr'><strong>quod</strong></span> <span class='ocrx_word' id='word_1_103' title='bbox 778 1491 969 1560; x_wconf 80' lang='lat' dir='ltr'><strong>Tyrios</strong></span> <span class='ocrx_word' id='word_1_104' title='bbox 998 1494 1087 1562; x_wconf 87' lang='lat' dir='ltr'><strong>qui</strong></span> <span class='ocrx_word' id='word_1_105' title='bbox 1116 1496 1293 1564; x_wconf 87' lang='lat' dir='ltr'><strong>pisces</strong></span> <span class='ocrx_word' id='word_1_106' title='bbox 1316 1498 1638 1564; x_wconf 83' lang='lat' dir='ltr'><strong>vendebant,</strong></span> <span class='ocrx_word' id='word_1_107' title='bbox 1669 1504 1719 1555; x_wconf 90' lang='lat' dir='ltr'><strong>in</strong></span> <span class='ocrx_word' id='word_1_108' title='bbox 1742 1502 1882 1558; x_wconf 88' lang='lat' dir='ltr'><strong>Sab-</strong></span> 
     </span>
    </p>
   </div>
   <div class='ocr_carea' id='block_1_17' title="bbox 306 1577 1875 1659">
    <p class='ocr_par' dir='ltr' id='par_1_17' title="bbox 306 1577 1875 1659">
     <span class='ocr_line' id='line_1_17' title="bbox 306 1577 1875 1659; baseline 0.011 -29"><span class='ocrx_word' id='word_1_109' title='bbox 306 1577 430 1633; x_wconf 82' lang='lat' dir='ltr'><strong>bato</strong></span> <span class='ocrx_word' id='word_1_110' title='bbox 462 1579 722 1650; x_wconf 81' lang='lat' dir='ltr'><strong>abegerit,</strong></span> <span class='ocrx_word' id='word_1_111' title='bbox 778 1592 834 1638; x_wconf 88' lang='lat' dir='ltr'><strong>et</strong></span> <span class='ocrx_word' id='word_1_112' title='bbox 866 1583 1090 1640; x_wconf 83' lang='lat' dir='ltr'><strong>introire</strong></span> <span class='ocrx_word' id='word_1_113' title='bbox 1145 1588 1333 1643; x_wconf 83' lang='lat' dir='ltr'><strong>urbem</strong></span> <span class='ocrx_word' id='word_1_114' title='bbox 1378 1606 1485 1645; x_wconf 84' lang='lat' dir='ltr'><strong>non</strong></span> <span class='ocrx_word' id='word_1_115' title='bbox 1528 1593 1875 1659; x_wconf 78' lang='lat' dir='ltr'><strong>permiserit:</strong></span> 
     </span>
    </p>
   </div>
   <div class='ocr_carea' id='block_1_18' title="bbox 304 1676 1877 1739">
    <p class='ocr_par' dir='ltr' id='par_1_18' title="bbox 304 1676 1877 1739">
     <span class='ocr_line' id='line_1_18' title="bbox 304 1676 1877 1739; baseline 0.01 -17"><span class='ocrx_word' id='word_1_116' title='bbox 304 1681 464 1738; x_wconf 79' lang='lat' dir='ltr'><strong>atque</strong></span> <span class='ocrx_word' id='word_1_117' title='bbox 516 1688 581 1727; x_wconf 84' lang='lat' dir='ltr'><strong>ex</strong></span> <span class='ocrx_word' id='word_1_118' title='bbox 619 1689 726 1729; x_wconf 88' lang='lat' dir='ltr'><strong>uno</strong></span> <span class='ocrx_word' id='word_1_119' title='bbox 753 1676 1104 1733; x_wconf 86' lang='lat' dir='ltr'><strong>mercimonio</strong></span> <span class='ocrx_word' id='word_1_120' title='bbox 1156 1680 1318 1737; x_wconf 87' lang='lat' dir='ltr'><strong>etiam</strong></span> <span class='ocrx_word' id='word_1_121' title='bbox 1364 1681 1430 1739; x_wconf 87' lang='lat' dir='ltr'><strong>de</strong></span> <span class='ocrx_word' id='word_1_122' title='bbox 1472 1684 1688 1739; x_wconf 66' lang='lat' dir='ltr'><strong>ceteris</strong></span> <span class='ocrx_word' id='word_1_123' title='bbox 1733 1685 1877 1738; x_wconf 63' lang='lat' dir='ltr'><strong>asti-</strong></span> 
     </span>
    </p>
   </div>
   <div class='ocr_carea' id='block_1_19' title="bbox 303 1764 1871 1841">
    <p class='ocr_par' dir='ltr' id='par_1_19' title="bbox 303 1764 1871 1841">
     <span class='ocr_line' id='line_1_19' title="bbox 303 1764 1871 1841; baseline 0.011 -28"><span class='ocrx_word' id='word_1_124' title='bbox 303 1767 557 1816; x_wconf 87' lang='lat' dir='ltr'><strong>mandum</strong></span> <span class='ocrx_word' id='word_1_125' title='bbox 582 1765 675 1819; x_wconf 88' lang='lat' dir='ltr'><strong>sit.</strong></span> <span class='ocrx_word' id='word_1_126' title='bbox 706 1764 877 1821; x_wconf 80' lang='lat' dir='ltr'><strong>Judaei</strong></span> <span class='ocrx_word' id='word_1_127' title='bbox 900 1782 1050 1823; x_wconf 82' lang='lat' dir='ltr'><strong>cassa</strong></span> <span class='ocrx_word' id='word_1_128' title='bbox 1076 1770 1132 1827; x_wconf 88' lang='lat' dir='ltr'><strong>in</strong></span> <span class='ocrx_word' id='word_1_129' title='bbox 1163 1769 1401 1827; x_wconf 81' lang='lat' dir='ltr'><strong>futurum</strong></span> <span class='ocrx_word' id='word_1_130' title='bbox 1450 1784 1570 1830; x_wconf 75' lang='lat' dir='ltr'><strong>vota</strong></span> <span class='ocrx_word' id='word_1_131' title='bbox 1591 1775 1871 1841; x_wconf 75' lang='lat' dir='ltr'><strong>diﬂ‘erunt,</strong></span> 
     </span>
    </p>
   </div>
   <div class='ocr_carea' id='block_1_20' title="bbox 1977 501 3548 573">
    <p class='ocr_par' dir='ltr' id='par_1_20' title="bbox 1977 501 3548 573">
     <span class='ocr_line' id='line_1_20' title="bbox 1977 501 3548 573; baseline 0.003 -20"><span class='ocrx_word' id='word_1_132' title='bbox 1977 511 2061 556; x_wconf 90' lang='lat' dir='ltr'><strong>tor</strong></span> <span class='ocrx_word' id='word_1_133' title='bbox 2097 519 2112 556; x_wconf 87' lang='lat'><strong>:</strong></span> <span class='ocrx_word' id='word_1_134' title='bbox 2147 504 2290 571; x_wconf 89' lang='lat' dir='ltr'><strong>quod</strong></span> <span class='ocrx_word' id='word_1_135' title='bbox 2328 513 2610 572; x_wconf 78' lang='lat' dir='ltr'><strong>postquam</strong></span> <span class='ocrx_word' id='word_1_136' title='bbox 2670 501 2934 558; x_wconf 66' lang='lat' dir='ltr'><strong>mliﬁcus</strong></span> <span class='ocrx_word' id='word_1_137' title='bbox 2970 512 3078 570; x_wconf 90' lang='lat' dir='ltr'><strong>est,</strong></span> <span class='ocrx_word' id='word_1_138' title='bbox 3108 513 3163 558; x_wconf 88' lang='lat' dir='ltr'><strong>et</strong></span> <span class='ocrx_word' id='word_1_139' title='bbox 3203 505 3407 572; x_wconf 85' lang='lat' dir='ltr'><strong>recepit</strong></span> <span class='ocrx_word' id='word_1_140' title='bbox 3435 505 3548 573; x_wconf 75' lang='grc' dir='ltr'><strong>ι)τί-</strong></span> 
     </span>
    </p>
   </div>
   <div class='ocr_carea' id='block_1_21' title="bbox 1976 593 3546 664">
    <p class='ocr_par' dir='ltr' id='par_1_21' title="bbox 1976 593 3546 664">
     <span class='ocr_line' id='line_1_21' title="bbox 1976 593 3546 664; baseline 0 -15"><span class='ocrx_word' id='word_1_141' title='bbox 1976 593 2182 649; x_wconf 88' lang='lat' dir='ltr'><strong>stinum</strong></span> <span class='ocrx_word' id='word_1_142' title='bbox 2238 596 2543 663; x_wconf 68' lang='lat' dir='ltr'><strong>statum,{et</strong></span> <span class='ocrx_word' id='word_1_143' title='bbox 2588 596 2768 651; x_wconf 90' lang='lat' dir='ltr'><strong>omnis</strong></span> <span class='ocrx_word' id='word_1_144' title='bbox 2825 596 3127 664; x_wconf 76' lang='lat' dir='ltr'><strong>negotiator</strong></span> <span class='ocrx_word' id='word_1_145' title='bbox 3169 595 3225 648; x_wconf 89' lang='lat' dir='ltr'><strong>in</strong></span> <span class='ocrx_word' id='word_1_146' title='bbox 3271 595 3546 663; x_wconf 86' lang='lat' dir='ltr'><strong>antiquam</strong></span> 
     </span>
    </p>
   </div>
   <div class='ocr_carea' id='block_1_22' title="bbox 1975 682 3555 753">
    <p class='ocr_par' dir='ltr' id='par_1_22' title="bbox 1975 682 3555 753">
     <span class='ocr_line' id='line_1_22' title="bbox 1975 682 3555 753; baseline 0.001 -18"><span class='ocrx_word' id='word_1_147' title='bbox 1975 682 2442 745; x_wconf 87' lang='lat' dir='ltr'><strong>consuetudinem,</strong></span> <span class='ocrx_word' id='word_1_148' title='bbox 2479 690 2694 751; x_wconf 90' lang='lat' dir='ltr'><strong>portum</strong></span> <span class='ocrx_word' id='word_1_149' title='bbox 2720 682 2839 750; x_wconf 84' lang='lat' dir='ltr'><strong>ejus</strong></span> <span class='ocrx_word' id='word_1_150' title='bbox 2861 685 3143 753; x_wconf 85' lang='lat' dir='ltr'><strong>ingressus</strong></span> <span class='ocrx_word' id='word_1_151' title='bbox 3173 694 3276 748; x_wconf 89' lang='lat' dir='ltr'><strong>est,</strong></span> <span class='ocrx_word' id='word_1_152' title='bbox 3332 692 3386 738; x_wconf 90' lang='lat' dir='ltr'><strong>et</strong></span> <span class='ocrx_word' id='word_1_153' title='bbox 3411 697 3555 737; x_wconf 81' lang='lat' dir='ltr'><strong>mer-</strong></span> 
     </span>
    </p>
   </div>
   <div class='ocr_carea' id='block_1_23' title="bbox 1977 771 3550 829">
    <p class='ocr_par' dir='ltr' id='par_1_23' title="bbox 1977 771 3550 829">
     <span class='ocr_line' id='line_1_23' title="bbox 1977 771 3550 829; baseline -0.001 -1"><span class='ocrx_word' id='word_1_154' title='bbox 1977 771 2209 828; x_wconf 88' lang='lat' dir='ltr'><strong>cimonia</strong></span> <span class='ocrx_word' id='word_1_155' title='bbox 2242 780 2301 826; x_wconf 90' lang='lat' dir='ltr'><strong>et</strong></span> <span class='ocrx_word' id='word_1_156' title='bbox 2343 771 2495 827; x_wconf 88' lang='lat' dir='ltr'><strong>labor</strong></span> <span class='ocrx_word' id='word_1_157' title='bbox 2537 786 2728 827; x_wconf 90' lang='lat' dir='ltr'><strong>eorum</strong></span> <span class='ocrx_word' id='word_1_158' title='bbox 2758 771 2993 829; x_wconf 90' lang='lat' dir='ltr'><strong>Domino</strong></span> <span class='ocrx_word' id='word_1_159' title='bbox 3022 774 3359 829; x_wconf 88' lang='lat' dir='ltr'><strong>dedicentur.</strong></span> <span class='ocrx_word' id='word_1_160' title='bbox 3413 774 3550 827; x_wconf 88' lang='lat' dir='ltr'><strong>Cer-</strong></span> 
     </span>
    </p>
   </div>
   <div class='ocr_carea' id='block_1_24' title="bbox 1977 860 3548 932">
    <p class='ocr_par' dir='ltr' id='par_1_24' title="bbox 1977 860 3548 932">
     <span class='ocr_line' id='line_1_24' title="bbox 1977 860 3548 932; baseline 0.001 -17"><span class='ocrx_word' id='word_1_161' title='bbox 1977 877 2170 917; x_wconf 88' lang='lat' dir='ltr'><strong>namus</strong></span> <span class='ocrx_word' id='word_1_162' title='bbox 2236 862 2289 916; x_wconf 91' lang='lat' dir='ltr'><strong>in</strong></span> <span class='ocrx_word' id='word_1_163' title='bbox 2352 860 2496 932; x_wconf 84' lang='lat' dir='ltr'><strong>Tyro</strong></span> <span class='ocrx_word' id='word_1_164' title='bbox 2529 863 2551 897; x_wconf 87' lang='grc'><em>³</em></span> <span class='ocrx_word' id='word_1_165' title='bbox 2616 872 2917 920; x_wconf 80' lang='lat' dir='ltr'><strong>exstructas</strong></span> <span class='ocrx_word' id='word_1_166' title='bbox 2983 862 3192 919; x_wconf 86' lang='lat' dir='ltr'><strong>Christi</strong></span> <span class='ocrx_word' id='word_1_167' title='bbox 3270 864 3548 926; x_wconf 89' lang='lat' dir='ltr'><strong>ecclesias,</strong></span> 
     </span>
    </p>
   </div>
   <div class='ocr_carea' id='block_1_25' title="bbox 1977 952 3546 1024">
    <p class='ocr_par' dir='ltr' id='par_1_25' title="bbox 1977 952 3546 1024">
     <span class='ocr_line' id='line_1_25' title="bbox 1977 952 3546 1024; baseline -0.001 -17"><span class='ocrx_word' id='word_1_168' title='bbox 1977 952 2387 1008; x_wconf 88' lang='lat' dir='ltr'><strong>consideremus</strong></span> <span class='ocrx_word' id='word_1_169' title='bbox 2419 967 2549 1021; x_wconf 82' lang='lat' dir='ltr'><strong>opes</strong></span> <span class='ocrx_word' id='word_1_170' title='bbox 2571 955 2839 1020; x_wconf 91' lang='lat' dir='ltr'><strong>omnium,</strong></span> <span class='ocrx_word' id='word_1_171' title='bbox 2867 954 3011 1024; x_wconf 90' lang='lat' dir='ltr'><strong>quod</strong></span> <span class='ocrx_word' id='word_1_172' title='bbox 3060 969 3167 1010; x_wconf 89' lang='lat' dir='ltr'><strong>non</strong></span> <span class='ocrx_word' id='word_1_173' title='bbox 3194 964 3546 1024; x_wconf 81' lang='lat' dir='ltr'><strong>reponantur,</strong></span> 
     </span>
    </p>
   </div>
   <div class='ocr_carea' id='block_1_26' title="bbox 1978 1044 3550 1114">
    <p class='ocr_par' dir='ltr' id='par_1_26' title="bbox 1978 1044 3550 1114">
     <span class='ocr_line' id='line_1_26' title="bbox 1978 1044 3550 1114; baseline 0.001 -17"><span class='ocrx_word' id='word_1_174' title='bbox 1978 1044 2564 1110; x_wconf 78' lang='lat' dir='ltr'><strong>necthesaurizentur,</strong></span> <span class='ocrx_word' id='word_1_175' title='bbox 2624 1045 2718 1100; x_wconf 91' lang='lat' dir='ltr'><strong>sed</strong></span> <span class='ocrx_word' id='word_1_176' title='bbox 2776 1046 2973 1100; x_wconf 81' lang='lat' dir='ltr'><strong>dentur</strong></span> <span class='ocrx_word' id='word_1_177' title='bbox 3021 1046 3105 1100; x_wconf 90' lang='lat' dir='ltr'><strong>his</strong></span> <span class='ocrx_word' id='word_1_178' title='bbox 3163 1047 3254 1114; x_wconf 88' lang='lat' dir='ltr'><strong>qui</strong></span> <span class='ocrx_word' id='word_1_179' title='bbox 3304 1045 3550 1100; x_wconf 83' lang='lat' dir='ltr'><strong>habitant</strong></span> 
     </span>
    </p>
   </div>
   <div class='ocr_carea' id='block_1_27' title="bbox 1976 1135 3551 1204">
    <p class='ocr_par' dir='ltr' id='par_1_27' title="bbox 1976 1135 3551 1204">
     <span class='ocr_line' id='line_1_27' title="bbox 1976 1135 3551 1204; baseline 0.001 -15"><span class='ocrx_word' id='word_1_180' title='bbox 1976 1149 2159 1189; x_wconf 86' lang='lat' dir='ltr'><strong>coram</strong></span> <span class='ocrx_word' id='word_1_181' title='bbox 2220 1135 2469 1200; x_wconf 83' lang='lat' dir='ltr'><strong>Domino,</strong></span> <span class='ocrx_word' id='word_1_182' title='bbox 2521 1135 2612 1204; x_wconf 90' lang='lat' dir='ltr'><strong>qui</strong></span> <span class='ocrx_word' id='word_1_183' title='bbox 2665 1137 2964 1191; x_wconf 81' lang='lat' dir='ltr'><strong>servientes</strong></span> <span class='ocrx_word' id='word_1_184' title='bbox 3018 1136 3174 1191; x_wconf 85' lang='lat' dir='ltr'><strong>altari</strong></span> <span class='ocrx_word' id='word_1_185' title='bbox 3228 1136 3551 1203; x_wconf 83' lang='lat' dir='ltr'><strong>participant</strong></span> 
     </span>
    </p>
   </div>
   <div class='ocr_carea' id='block_1_28' title="bbox 1977 1224 3547 1298">
    <p class='ocr_par' dir='ltr' id='par_1_28' title="bbox 1977 1224 3547 1298">
     <span class='ocr_line' id='line_1_28' title="bbox 1977 1224 3547 1298; baseline 0.001 -19"><span class='ocrx_word' id='word_1_186' title='bbox 1977 1240 2101 1279; x_wconf 89' lang='lat' dir='ltr'><strong>cttm</strong></span> <span class='ocrx_word' id='word_1_187' title='bbox 2133 1224 2287 1279; x_wconf 81' lang='lat' dir='ltr'><strong>altari</strong></span> <span class='ocrx_word' id='word_1_188' title='bbox 2328 1224 2379 1288; x_wconf 88' lang='grc' dir='ltr'><strong>(Ι</strong></span> <span class='ocrx_word' id='word_1_189' title='bbox 2415 1225 2535 1281; x_wconf 90' lang='lat' dir='ltr'><strong>Cor.</strong></span> <span class='ocrx_word' id='word_1_190' title='bbox 2565 1226 2667 1295; x_wconf 80' lang='lat' dir='ltr'><strong>ts).</strong></span> <span class='ocrx_word' id='word_1_191' title='bbox 2693 1226 3003 1283; x_wconf 85' lang='lat' dir='ltr'><strong>Ministrant</strong></span> <span class='ocrx_word' id='word_1_192' title='bbox 3035 1236 3211 1281; x_wconf 89' lang='lat' dir='ltr'><strong>autem</strong></span> <span class='ocrx_word' id='word_1_193' title='bbox 3248 1224 3399 1298; x_wconf 80' lang='lat' dir='ltr'><strong>Tyrii</strong></span> <span class='ocrx_word' id='word_1_194' title='bbox 3440 1242 3547 1282; x_wconf 89' lang='lat' dir='ltr'><strong>non</strong></span> 
     </span>
    </p>
   </div>
   <div class='ocr_carea' id='block_1_29' title="bbox 1980 1314 3545 1385">
    <p class='ocr_par' dir='ltr' id='par_1_29' title="bbox 1980 1314 3545 1385">
     <span class='ocr_line' id='line_1_29' title="bbox 1980 1314 3545 1385; baseline 0.003 -19"><span class='ocrx_word' id='word_1_195' title='bbox 1980 1314 2309 1377; x_wconf 82' lang='lat' dir='ltr'><strong>addivitias,</strong></span> <span class='ocrx_word' id='word_1_196' title='bbox 2332 1329 2435 1370; x_wconf 91' lang='lat' dir='ltr'><strong>nec</strong></span> <span class='ocrx_word' id='word_1_197' title='bbox 2495 1315 2562 1369; x_wconf 90' lang='lat' dir='ltr'><strong>ad</strong></span> <span class='ocrx_word' id='word_1_198' title='bbox 2609 1316 2960 1372; x_wconf 82' lang='lat' dir='ltr'><strong>cumulandas</strong></span> <span class='ocrx_word' id='word_1_199' title='bbox 3002 1317 3343 1371; x_wconf 83' lang='lat' dir='ltr'><strong>sacerdotum</strong></span> <span class='ocrx_word' id='word_1_200' title='bbox 3391 1331 3545 1385; x_wconf 88' lang='lat' dir='ltr'><strong>opes,</strong></span> 
     </span>
    </p>
   </div>
   <div class='ocr_carea' id='block_1_30' title="bbox 1979 1406 3547 1479">
    <p class='ocr_par' dir='ltr' id='par_1_30' title="bbox 1979 1406 3547 1479">
     <span class='ocr_line' id='line_1_30' title="bbox 1979 1406 3547 1479; baseline 0.002 -20"><span class='ocrx_word' id='word_1_201' title='bbox 1979 1406 2073 1464; x_wconf 81' lang='lat' dir='ltr'><strong>sed</strong></span> <span class='ocrx_word' id='word_1_202' title='bbox 2106 1406 2172 1461; x_wconf 92' lang='lat' dir='ltr'><strong>ad</strong></span> <span class='ocrx_word' id='word_1_203' title='bbox 2224 1406 2399 1462; x_wconf 88' lang='lat' dir='ltr'><strong>victus</strong></span> <span class='ocrx_word' id='word_1_204' title='bbox 2464 1409 2771 1463; x_wconf 85' lang='lat' dir='ltr'><strong>necessaria</strong></span> <span class='ocrx_word' id='word_1_205' title='bbox 2828 1408 3203 1478; x_wconf 85' lang='lat' dir='ltr'><strong>suppetenda:</strong></span> <span class='ocrx_word' id='word_1_206' title='bbox 3243 1407 3407 1479; x_wconf 60' lang='lat'><strong>235</strong></span> <span class='ocrx_word' id='word_1_207' title='bbox 3468 1418 3547 1472; x_wconf 89' lang='lat' dir='ltr'><strong>ut,</strong></span> 
     </span>
    </p>
   </div>
   <div class='ocr_carea' id='block_1_31' title="bbox 1974 1496 3547 1567">
    <p class='ocr_par' dir='ltr' id='par_1_31' title="bbox 1974 1496 3547 1567">
     <span class='ocr_line' id='line_1_31' title="bbox 1974 1496 3547 1567; baseline 0.002 -17"><span class='ocrx_word' id='word_1_208' title='bbox 1974 1496 2131 1565; x_wconf 83' lang='lat' dir='ltr'><strong>juxta</strong></span> <span class='ocrx_word' id='word_1_209' title='bbox 2164 1497 2505 1565; x_wconf 86' lang='lat' dir='ltr'><strong>Apostolum,</strong></span> <span class='ocrx_word' id='word_1_210' title='bbox 2537 1498 2798 1557; x_wconf 80' lang='lat' dir='ltr'><strong>habentes</strong></span> <span class='ocrx_word' id='word_1_211' title='bbox 2825 1499 3025 1554; x_wconf 89' lang='lat' dir='ltr'><strong>victum</strong></span> <span class='ocrx_word' id='word_1_212' title='bbox 3054 1508 3218 1567; x_wconf 83' lang='lat' dir='ltr'><strong>atque</strong></span> <span class='ocrx_word' id='word_1_213' title='bbox 3270 1501 3547 1565; x_wconf 89' lang='lat' dir='ltr'><strong>vestitum,</strong></span> 
     </span>
    </p>
   </div>
   <div class='ocr_carea' id='block_1_32' title="bbox 1981 1587 3547 1658">
    <p class='ocr_par' dir='ltr' id='par_1_32' title="bbox 1981 1587 3547 1658">
     <span class='ocr_line' id='line_1_32' title="bbox 1981 1587 3547 1658; baseline 0.001 -17"><span class='ocrx_word' id='word_1_214' title='bbox 1981 1588 2064 1645; x_wconf 88' lang='lat' dir='ltr'><strong>his</strong></span> <span class='ocrx_word' id='word_1_215' title='bbox 2092 1590 2329 1643; x_wconf 89' lang='lat' dir='ltr'><strong>contenti</strong></span> <span class='ocrx_word' id='word_1_216' title='bbox 2354 1588 2527 1646; x_wconf 90' lang='lat' dir='ltr'><strong>simus</strong></span> <span class='ocrx_word' id='word_1_217' title='bbox 2556 1587 2613 1657; x_wconf 93' lang='grc' dir='ltr'><strong>(Ι</strong></span> <span class='ocrx_word' id='word_1_218' title='bbox 2648 1588 2779 1649; x_wconf 80' lang='lat' dir='ltr'><strong>Tim.</strong></span> <span class='ocrx_word' id='word_1_219' title='bbox 2824 1592 2920 1657; x_wconf 72' lang='grc' dir='ltr'><strong>γι).</strong></span> <span class='ocrx_word' id='word_1_220' title='bbox 2949 1588 3018 1643; x_wconf 89' lang='lat' dir='ltr'><strong>Et</strong></span> <span class='ocrx_word' id='word_1_221' title='bbox 3069 1598 3199 1644; x_wconf 88' lang='lat' dir='ltr'><strong>nota</strong></span> <span class='ocrx_word' id='word_1_222' title='bbox 3250 1590 3395 1658; x_wconf 88' lang='lat' dir='ltr'><strong>quod</strong></span> <span class='ocrx_word' id='word_1_223' title='bbox 3441 1605 3547 1643; x_wconf 90' lang='lat' dir='ltr'><strong>non</strong></span> 
     </span>
    </p>
   </div>
   <div class='ocr_carea' id='block_1_33' title="bbox 1980 1678 3548 1752">
    <p class='ocr_par' dir='ltr' id='par_1_33' title="bbox 1980 1678 3548 1752">
     <span class='ocr_line' id='line_1_33' title="bbox 1980 1678 3548 1752; baseline 0.003 -19"><span class='ocrx_word' id='word_1_224' title='bbox 1980 1678 2177 1735; x_wconf 81' lang='lat' dir='ltr'><strong>dixerit</strong></span> <span class='ocrx_word' id='word_1_225' title='bbox 2215 1680 2634 1749; x_wconf 84' lang='lat' dir='ltr'><strong>negotiationes,</strong></span> <span class='ocrx_word' id='word_1_226' title='bbox 2666 1693 2719 1736; x_wconf 91' lang='lat' dir='ltr'><strong>et</strong></span> <span class='ocrx_word' id='word_1_227' title='bbox 2753 1696 2967 1737; x_wconf 89' lang='lat' dir='ltr'><strong>merces</strong></span> <span class='ocrx_word' id='word_1_228' title='bbox 2998 1681 3126 1752; x_wconf 89' lang='lat' dir='ltr'><strong>Tyri</strong></span> <span class='ocrx_word' id='word_1_229' title='bbox 3180 1682 3548 1737; x_wconf 79' lang='lat' dir='ltr'><strong>sanctiﬁcatas</strong></span> 
     </span>
    </p>
   </div>
   <div class='ocr_carea' id='block_1_34' title="bbox 1986 1768 3543 1841">
    <p class='ocr_par' dir='ltr' id='par_1_34' title="bbox 1986 1768 3543 1841">
     <span class='ocr_line' id='line_1_34' title="bbox 1986 1768 3543 1841; baseline 0.002 -18"><span class='ocrx_word' id='word_1_230' title='bbox 1986 1768 2213 1827; x_wconf 88' lang='lat' dir='ltr'><strong>Domino</strong></span> <span class='ocrx_word' id='word_1_231' title='bbox 2272 1771 2357 1828; x_wconf 89' lang='lat' dir='ltr'><strong>his</strong></span> <span class='ocrx_word' id='word_1_232' title='bbox 2405 1773 2611 1828; x_wconf 85' lang='lat' dir='ltr'><strong>dandas</strong></span> <span class='ocrx_word' id='word_1_233' title='bbox 2658 1773 2749 1841; x_wconf 90' lang='lat' dir='ltr'><strong>qni</strong></span> <span class='ocrx_word' id='word_1_234' title='bbox 2797 1772 3163 1828; x_wconf 80' lang='lat' dir='ltr'><strong>habitaverint</strong></span> <span class='ocrx_word' id='word_1_235' title='bbox 3217 1773 3543 1837; x_wconf 82' lang='lat' dir='ltr'><strong>Jerusalem,</strong></span> 
     </span>
    </p>
   </div>
   <div class='ocr_carea' id='block_1_35' title="bbox 303 1843 3546 1934">
    <p class='ocr_par' dir='ltr' id='par_1_35' title="bbox 303 1843 3546 1934">
     <span class='ocr_line' id='line_1_35' title="bbox 303 1843 3546 1934; baseline 0.007 -29"><span class='ocrx_word' id='word_1_236' title='bbox 303 1861 424 1919; x_wconf 88' lang='lat' dir='ltr'><strong>post</strong></span> <span class='ocrx_word' id='word_1_237' title='bbox 449 1852 845 1912; x_wconf 83' lang='lat' dir='ltr'><strong>Antichristum</strong></span> <span class='ocrx_word' id='word_1_238' title='bbox 877 1859 932 1912; x_wconf 90' lang='lat' dir='ltr'><strong>in</strong></span> <span class='ocrx_word' id='word_1_239' title='bbox 970 1860 1118 1915; x_wconf 88' lang='lat' dir='ltr'><strong>mille</strong></span> <span class='ocrx_word' id='word_1_240' title='bbox 1140 1863 1295 1917; x_wconf 89' lang='lat' dir='ltr'><strong>annis</strong></span> <span class='ocrx_word' id='word_1_241' title='bbox 1325 1862 1439 1919; x_wconf 61' lang='lat' dir='ltr'><strong>haec</strong></span> <span class='ocrx_word' id='word_1_242' title='bbox 1465 1864 1726 1934; x_wconf 77' lang='lat' dir='ltr'><strong>explenda</strong></span> <span class='ocrx_word' id='word_1_243' title='bbox 1760 1882 1869 1921; x_wconf 50' lang='lat' dir='ltr'><strong>me.</strong></span> <span class='ocrx_word' id='word_1_244' title='bbox 1905 1843 1946 1897; x_wconf 76' lang='grc' dir='ltr'>Β</span> <span class='ocrx_word' id='word_1_245' title='bbox 1973 1862 2117 1917; x_wconf 69' lang='lat' dir='ltr'><strong>Sicut</strong></span> <span class='ocrx_word' id='word_1_246' title='bbox 2160 1859 2329 1917; x_wconf 56' lang='lat' dir='ltr'><strong>Iudici</strong></span> <span class='ocrx_word' id='word_1_247' title='bbox 2383 1862 2764 1925; x_wconf 69' lang='lat' dir='ltr'><strong>arbitramur;</strong></span> <span class='ocrx_word' id='word_1_248' title='bbox 2804 1862 2901 1917; x_wconf 69' lang='lat' dir='ltr'><strong>Sed</strong></span> <span class='ocrx_word' id='word_1_249' title='bbox 2959 1863 3054 1933; x_wconf 78' lang='lat' dir='ltr'><strong>qui</strong></span> <span class='ocrx_word' id='word_1_250' title='bbox 3110 1862 3314 1917; x_wconf 73' lang='grc' dir='ltr'><strong>ΐυετῖιιι</strong></span> <span class='ocrx_word' id='word_1_251' title='bbox 3364 1874 3546 1916; x_wconf 71' lang='lat' dir='ltr'><strong>00m“</strong></span> 
     </span>
    </p>
   </div>
   <div class='ocr_carea' id='block_1_36' title="bbox 305 1946 1872 2029">
    <p class='ocr_par' dir='ltr' id='par_1_36' title="bbox 305 1946 1872 2029">
     <span class='ocr_line' id='line_1_36' title="bbox 305 1946 1872 2029; baseline 0.011 -33"><span class='ocrx_word' id='word_1_252' title='bbox 305 1956 596 2003; x_wconf 86' lang='lat' dir='ltr'><strong>morantes.</strong></span> <span class='ocrx_word' id='word_1_253' title='bbox 634 1946 744 2004; x_wconf 89' lang='lat' dir='ltr'><strong>Nec</strong></span> <span class='ocrx_word' id='word_1_254' title='bbox 772 1950 968 2005; x_wconf 88' lang='lat' dir='ltr'><strong>mirum</strong></span> <span class='ocrx_word' id='word_1_255' title='bbox 1006 1954 1051 2007; x_wconf 90' lang='lat' dir='ltr'><strong>si</strong></span> <span class='ocrx_word' id='word_1_256' title='bbox 1086 1953 1189 2008; x_wconf 86' lang='lat' dir='ltr'><strong>ista</strong></span> <span class='ocrx_word' id='word_1_257' title='bbox 1220 1954 1546 2025; x_wconf 80' lang='lat' dir='ltr'><strong>conﬁngant,</strong></span> <span class='ocrx_word' id='word_1_258' title='bbox 1569 1957 1661 2027; x_wconf 90' lang='lat' dir='ltr'><strong>qui</strong></span> <span class='ocrx_word' id='word_1_259' title='bbox 1691 1970 1872 2029; x_wconf 87' lang='lat' dir='ltr'><strong>spreta</strong></span> 
     </span>
    </p>
   </div>
   <div class='ocr_carea' id='block_1_37' title="bbox 305 2036 1877 2112">
    <p class='ocr_par' dir='ltr' id='par_1_37' title="bbox 305 2036 1877 2112">
     <span class='ocr_line' id='line_1_37' title="bbox 305 2036 1877 2112; baseline 0.011 -23"><span class='ocrx_word' id='word_1_260' title='bbox 305 2036 529 2091; x_wconf 76' lang='lat' dir='ltr'><strong>veritate</strong></span> <span class='ocrx_word' id='word_1_261' title='bbox 554 2039 778 2107; x_wconf 83' lang='lat' dir='ltr'><strong>Christi,</strong></span> <span class='ocrx_word' id='word_1_262' title='bbox 810 2057 1074 2112; x_wconf 85' lang='lat' dir='ltr'><strong>organum</strong></span> <span class='ocrx_word' id='word_1_263' title='bbox 1103 2044 1304 2101; x_wconf 87' lang='lat' dir='ltr'><strong>diaboli</strong></span> <span class='ocrx_word' id='word_1_264' title='bbox 1332 2047 1731 2104; x_wconf 79' lang='lat' dir='ltr'><strong>Antichristnm</strong></span> <span class='ocrx_word' id='word_1_265' title='bbox 1789 2066 1877 2106; x_wconf 80' lang='lat' dir='ltr'><strong>rc-</strong></span> 
     </span>
    </p>
   </div>
   <div class='ocr_carea' id='block_1_38' title="bbox 305 2128 1877 2208">
    <p class='ocr_par' dir='ltr' id='par_1_38' title="bbox 305 2128 1877 2208">
     <span class='ocr_line' id='line_1_38' title="bbox 305 2128 1877 2208; baseline 0.011 -27"><span class='ocrx_word' id='word_1_266' title='bbox 305 2128 510 2195; x_wconf 90' lang='lat' dir='ltr'><strong>cepturi</strong></span> <span class='ocrx_word' id='word_1_267' title='bbox 539 2140 688 2195; x_wconf 86' lang='lat' dir='ltr'><strong>suut,</strong></span> <span class='ocrx_word' id='word_1_268' title='bbox 753 2147 876 2189; x_wconf 89' lang='lat' dir='ltr'><strong>cum</strong></span> <span class='ocrx_word' id='word_1_269' title='bbox 908 2138 1071 2192; x_wconf 82' lang='lat' dir='ltr'><strong>etiam</strong></span> <span class='ocrx_word' id='word_1_270' title='bbox 1107 2136 1403 2193; x_wconf 89' lang='lat' dir='ltr'><strong>Christiani</strong></span> <span class='ocrx_word' id='word_1_271' title='bbox 1434 2140 1772 2208; x_wconf 82' lang='lat' dir='ltr'><strong>judaizantes</strong></span> <span class='ocrx_word' id='word_1_272' title='bbox 1808 2144 1877 2199; x_wconf 87' lang='lat' dir='ltr'><strong>de</strong></span> 
     </span>
    </p>
   </div>
   <div class='ocr_carea' id='block_1_39' title="bbox 307 2215 1875 2285">
    <p class='ocr_par' dir='ltr' id='par_1_39' title="bbox 307 2215 1875 2285">
     <span class='ocr_line' id='line_1_39' title="bbox 307 2215 1875 2285; baseline 0.008 -17"><span class='ocrx_word' id='word_1_273' title='bbox 307 2215 450 2271; x_wconf 86' lang='lat' dir='ltr'><strong>mille</strong></span> <span class='ocrx_word' id='word_1_274' title='bbox 474 2231 740 2273; x_wconf 89' lang='lat' dir='ltr'><strong>annorum</strong></span> <span class='ocrx_word' id='word_1_275' title='bbox 805 2222 1135 2279; x_wconf 88' lang='lat' dir='ltr'><strong>beatitudine</strong></span> <span class='ocrx_word' id='word_1_276' title='bbox 1185 2225 1299 2281; x_wconf 66' lang='lat' dir='ltr'><strong>haec</strong></span> <span class='ocrx_word' id='word_1_277' title='bbox 1339 2225 1485 2285; x_wconf 84' lang='lat' dir='ltr'><strong>dicta</strong></span> <span class='ocrx_word' id='word_1_278' title='bbox 1528 2227 1875 2284; x_wconf 87' lang='lat' dir='ltr'><strong>contendant.</strong></span> 
     </span>
    </p>
   </div>
   <div class='ocr_carea' id='block_1_40' title="bbox 304 2305 1869 2387">
    <p class='ocr_par' dir='ltr' id='par_1_40' title="bbox 304 2305 1869 2387">
     <span class='ocr_line' id='line_1_40' title="bbox 304 2305 1869 2387; baseline 0.008 -28"><span class='ocrx_word' id='word_1_279' title='bbox 304 2305 414 2375; x_wconf 84' lang='lat' dir='ltr'><strong>Ego</strong></span> <span class='ocrx_word' id='word_1_280' title='bbox 451 2318 630 2363; x_wconf 85' lang='lat' dir='ltr'><strong>autem</strong></span> <span class='ocrx_word' id='word_1_281' title='bbox 659 2313 930 2380; x_wconf 89' lang='lat' dir='ltr'><strong>quomodo</strong></span> <span class='ocrx_word' id='word_1_282' title='bbox 964 2314 1020 2368; x_wconf 87' lang='lat' dir='ltr'><strong>in</strong></span> <span class='ocrx_word' id='word_1_283' title='bbox 1045 2314 1252 2370; x_wconf 81' lang='lat' dir='ltr'><strong>visione</strong></span> <span class='ocrx_word' id='word_1_284' title='bbox 1285 2313 1574 2385; x_wconf 86' lang='lat' dir='ltr'><strong>Babylonis</strong></span> <span class='ocrx_word' id='word_1_285' title='bbox 1596 2317 1701 2372; x_wconf 91' lang='lat' dir='ltr'><strong>sub</strong></span> <span class='ocrx_word' id='word_1_286' title='bbox 1742 2325 1869 2387; x_wconf 86' lang='lat' dir='ltr'><strong>typo</strong></span> 
     </span>
    </p>
   </div>
   <div class='ocr_carea' id='block_1_41' title="bbox 300 2398 1868 2473">
    <p class='ocr_par' dir='ltr' id='par_1_41' title="bbox 300 2398 1868 2473">
     <span class='ocr_line' id='line_1_41' title="bbox 300 2398 1868 2473; baseline 0.006 -24"><span class='ocrx_word' id='word_1_287' title='bbox 300 2398 602 2453; x_wconf 77' lang='lat' dir='ltr'><strong>eversionis</strong></span> <span class='ocrx_word' id='word_1_288' title='bbox 632 2400 770 2469; x_wconf 83' lang='lat' dir='ltr'><strong>ejus,</strong></span> <span class='ocrx_word' id='word_1_289' title='bbox 805 2402 964 2472; x_wconf 74' lang='lat'><strong>233</strong></span> <span class='ocrx_word' id='word_1_290' title='bbox 997 2404 1478 2460; x_wconf 85' lang='lat' dir='ltr'><strong>consummationis</strong></span> <span class='ocrx_word' id='word_1_291' title='bbox 1525 2415 1736 2473; x_wconf 86' lang='lat' dir='ltr'><strong>tempus</strong></span> <span class='ocrx_word' id='word_1_292' title='bbox 1787 2404 1868 2458; x_wconf 88' lang='lat' dir='ltr'><strong>in-</strong></span> 
     </span>
    </p>
   </div>
   <div class='ocr_carea' id='block_1_42' title="bbox 302 2488 1867 2562">
    <p class='ocr_par' dir='ltr' id='par_1_42' title="bbox 302 2488 1867 2562">
     <span class='ocr_line' id='line_1_42' title="bbox 302 2488 1867 2562; baseline 0.008 -23"><span class='ocrx_word' id='word_1_293' title='bbox 302 2488 503 2559; x_wconf 80' lang='lat' dir='ltr'><strong>telligo,</strong></span> <span class='ocrx_word' id='word_1_294' title='bbox 534 2501 587 2543; x_wconf 88' lang='lat' dir='ltr'><strong>et</strong></span> <span class='ocrx_word' id='word_1_295' title='bbox 623 2491 675 2545; x_wconf 88' lang='lat' dir='ltr'><strong>in</strong></span> <span class='ocrx_word' id='word_1_296' title='bbox 706 2490 958 2562; x_wconf 63' lang='lat' dir='ltr'><strong>Egypto</strong></span> <span class='ocrx_word' id='word_1_297' title='bbox 995 2493 1286 2553; x_wconf 72' lang='lat' dir='ltr'><strong>destructis</strong></span> <span class='ocrx_word' id='word_1_298' title='bbox 1334 2493 1496 2551; x_wconf 87' lang='lat' dir='ltr'><strong>idolis</strong></span> <span class='ocrx_word' id='word_1_299' title='bbox 1536 2494 1709 2551; x_wconf 82' lang='lat' dir='ltr'><strong>altare</strong></span> <span class='ocrx_word' id='word_1_300' title='bbox 1758 2493 1867 2551; x_wconf 86' lang='lat' dir='ltr'><strong>Do-</strong></span> 
     </span>
    </p>
   </div>
   <div class='ocr_carea' id='block_1_43' title="bbox 299 2580 1865 2656">
    <p class='ocr_par' dir='ltr' id='par_1_43' title="bbox 299 2580 1865 2656">
     <span class='ocr_line' id='line_1_43' title="bbox 299 2580 1865 2656; baseline 0.004 -23"><span class='ocrx_word' id='word_1_301' title='bbox 299 2580 428 2637; x_wconf 76' lang='lat' dir='ltr'><strong>mini</strong></span> <span class='ocrx_word' id='word_1_302' title='bbox 459 2580 782 2638; x_wconf 90' lang='lat' dir='ltr'><strong>collocatum</strong></span> <span class='ocrx_word' id='word_1_303' title='bbox 841 2584 907 2638; x_wconf 89' lang='lat' dir='ltr'><strong>ad</strong></span> <span class='ocrx_word' id='word_1_304' title='bbox 950 2584 1149 2643; x_wconf 82' lang='lat' dir='ltr'><strong>Christi</strong></span> <span class='ocrx_word' id='word_1_305' title='bbox 1199 2593 1415 2656; x_wconf 82' lang='lat' dir='ltr'><strong>tempus</strong></span> <span class='ocrx_word' id='word_1_306' title='bbox 1460 2585 1660 2655; x_wconf 80' lang='lat' dir='ltr'><strong>refero,</strong></span> <span class='ocrx_word' id='word_1_307' title='bbox 1708 2596 1764 2641; x_wconf 89' lang='lat' dir='ltr'><strong>et</strong></span> <span class='ocrx_word' id='word_1_308' title='bbox 1809 2588 1865 2640; x_wconf 90' lang='lat' dir='ltr'><strong>in</strong></span> 
     </span>
    </p>
   </div>
   <div class='ocr_carea' id='block_1_44' title="bbox 297 2671 1866 2748">
    <p class='ocr_par' dir='ltr' id='par_1_44' title="bbox 297 2671 1866 2748">
     <span class='ocr_line' id='line_1_44' title="bbox 297 2671 1866 2748; baseline 0.009 -29"><span class='ocrx_word' id='word_1_309' title='bbox 297 2671 500 2726; x_wconf 78' lang='lat' dir='ltr'><strong>visione</strong></span> <span class='ocrx_word' id='word_1_310' title='bbox 530 2672 706 2740; x_wconf 80' lang='lat' dir='ltr'><strong>Moab,</strong></span> <span class='ocrx_word' id='word_1_311' title='bbox 740 2675 994 2733; x_wconf 85' lang='lat' dir='ltr'><strong>thronum</strong></span> <span class='ocrx_word' id='word_1_312' title='bbox 1020 2675 1320 2733; x_wconf 80' lang='lat' dir='ltr'><strong>Salvatoris</strong></span> <span class='ocrx_word' id='word_1_313' title='bbox 1352 2677 1403 2733; x_wconf 92' lang='lat' dir='ltr'><strong>in</strong></span> <span class='ocrx_word' id='word_1_314' title='bbox 1434 2687 1576 2732; x_wconf 84' lang='lat' dir='ltr'><strong>terra</strong></span> <span class='ocrx_word' id='word_1_315' title='bbox 1604 2677 1726 2748; x_wconf 87' lang='lat' dir='ltr'><strong>ejus</strong></span> <span class='ocrx_word' id='word_1_316' title='bbox 1766 2692 1866 2744; x_wconf 85' lang='lat' dir='ltr'><strong>po-</strong></span> 
     </span>
    </p>
   </div>
   <div class='ocr_carea' id='block_1_45' title="bbox 295 2759 1871 2837">
    <p class='ocr_par' dir='ltr' id='par_1_45' title="bbox 295 2759 1871 2837">
     <span class='ocr_line' id='line_1_45' title="bbox 295 2759 1871 2837; baseline 0.007 -25"><span class='ocrx_word' id='word_1_317' title='bbox 295 2759 457 2815; x_wconf 88' lang='lat' dir='ltr'><strong>situm</strong></span> <span class='ocrx_word' id='word_1_318' title='bbox 492 2777 840 2834; x_wconf 84' lang='lat' dir='ltr'><strong>recognosco,</strong></span> <span class='ocrx_word' id='word_1_319' title='bbox 882 2774 936 2820; x_wconf 92' lang='lat' dir='ltr'><strong>et</strong></span> <span class='ocrx_word' id='word_1_320' title='bbox 958 2768 1012 2821; x_wconf 88' lang='lat' dir='ltr'><strong>in</strong></span> <span class='ocrx_word' id='word_1_321' title='bbox 1062 2765 1310 2823; x_wconf 74' lang='lat' dir='ltr'><strong>Damasci</strong></span> <span class='ocrx_word' id='word_1_322' title='bbox 1335 2767 1658 2837; x_wconf 63' lang='lat' dir='ltr'><strong>ceterisque</strong></span> <span class='ocrx_word' id='word_1_323' title='bbox 1707 2767 1871 2823; x_wconf 86' lang='lat' dir='ltr'><strong>visio-</strong></span> 
     </span>
    </p>
   </div>
   <div class='ocr_carea' id='block_1_46' title="bbox 296 2852 1871 2928">
    <p class='ocr_par' dir='ltr' id='par_1_46' title="bbox 296 2852 1871 2928">
     <span class='ocr_line' id='line_1_46' title="bbox 296 2852 1871 2928; baseline 0.005 -22"><span class='ocrx_word' id='word_1_324' title='bbox 296 2852 453 2907; x_wconf 88' lang='lat' dir='ltr'><strong>nibus</strong></span> <span class='ocrx_word' id='word_1_325' title='bbox 485 2857 759 2918; x_wconf 87' lang='lat' dir='ltr'><strong>omnibus,</strong></span> <span class='ocrx_word' id='word_1_326' title='bbox 795 2866 1104 2911; x_wconf 89' lang='lat' dir='ltr'><strong>nostrorum</strong></span> <span class='ocrx_word' id='word_1_327' title='bbox 1158 2871 1280 2915; x_wconf 86' lang='lat' dir='ltr'><strong>esse</strong></span> <span class='ocrx_word' id='word_1_328' title='bbox 1329 2868 1635 2928; x_wconf 90' lang='lat' dir='ltr'><strong>temporum</strong></span> <span class='ocrx_word' id='word_1_329' title='bbox 1686 2873 1871 2915; x_wconf 83' lang='lat' dir='ltr'><strong>sacra-</strong></span> 
     </span>
    </p>
   </div>
   <div class='ocr_carea' id='block_1_47' title="bbox 298 2943 1872 3019">
    <p class='ocr_par' dir='ltr' id='par_1_47' title="bbox 298 2943 1872 3019">
     <span class='ocr_line' id='line_1_47' title="bbox 298 2943 1872 3019; baseline 0.006 -25"><span class='ocrx_word' id='word_1_330' title='bbox 298 2950 477 2997; x_wconf 87' lang='lat' dir='ltr'><strong>menta</strong></span> <span class='ocrx_word' id='word_1_331' title='bbox 507 2957 612 2999; x_wconf 90' lang='lat' dir='ltr'><strong>non</strong></span> <span class='ocrx_word' id='word_1_332' title='bbox 667 2943 909 3000; x_wconf 78' lang='lat' dir='ltr'><strong>dubito:</strong></span> <span class='ocrx_word' id='word_1_333' title='bbox 958 2947 1033 3001; x_wconf 86' lang='lat' dir='ltr'><strong>ita</strong></span> <span class='ocrx_word' id='word_1_334' title='bbox 1081 2955 1133 3001; x_wconf 90' lang='lat' dir='ltr'><strong>et</strong></span> <span class='ocrx_word' id='word_1_335' title='bbox 1180 2946 1235 3002; x_wconf 91' lang='lat' dir='ltr'><strong>in</strong></span> <span class='ocrx_word' id='word_1_336' title='bbox 1291 2946 1500 3007; x_wconf 84' lang='lat' dir='ltr'><strong>visione</strong></span> <span class='ocrx_word' id='word_1_337' title='bbox 1551 2947 1700 3019; x_wconf 85' lang='lat' dir='ltr'><strong>Tyri,</strong></span> <span class='ocrx_word' id='word_1_338' title='bbox 1752 2963 1872 3018; x_wconf 71' lang='lat' dir='ltr'><strong>qua:</strong></span> 
     </span>
    </p>
   </div>
   <div class='ocr_carea' id='block_1_48' title="bbox 1976 1950 3547 2023">
    <p class='ocr_par' dir='ltr' id='par_1_48' title="bbox 1976 1950 3547 2023">
     <span class='ocr_line' id='line_1_48' title="bbox 1976 1950 3547 2023; baseline 0.002 -19"><span class='ocrx_word' id='word_1_339' title='bbox 1976 1950 2348 2023; x_wconf 88' lang='lat' dir='ltr'><strong>Domino,qul</strong></span> <span class='ocrx_word' id='word_1_340' title='bbox 2410 1951 2655 2009; x_wconf 87' lang='lat' dir='ltr'><strong>serviunt</strong></span> <span class='ocrx_word' id='word_1_341' title='bbox 2712 1954 2785 2009; x_wconf 87' lang='lat' dir='ltr'><strong>ei.</strong></span> <span class='ocrx_word' id='word_1_342' title='bbox 2819 1953 2911 2010; x_wconf 87' lang='lat' dir='ltr'><strong>Sic</strong></span> <span class='ocrx_word' id='word_1_343' title='bbox 2966 1955 3109 2009; x_wconf 88' lang='lat' dir='ltr'><strong>enim</strong></span> <span class='ocrx_word' id='word_1_344' title='bbox 3164 1960 3220 2009; x_wconf 90' lang='lat' dir='ltr'><strong>et</strong></span> <span class='ocrx_word' id='word_1_345' title='bbox 3284 1952 3547 2008; x_wconf 88' lang='lat' dir='ltr'><strong>Dominus</strong></span> 
     </span>
    </p>
   </div>
   <div class='ocr_carea' id='block_1_49' title="bbox 1977 2042 3548 2115">
    <p class='ocr_par' dir='ltr' id='par_1_49' title="bbox 1977 2042 3548 2115">
     <span class='ocr_line' id='line_1_49' title="bbox 1977 2042 3548 2115; baseline 0.001 -19"><span class='ocrx_word' id='word_1_346' title='bbox 1977 2043 2280 2105; x_wconf 87' lang='lat' dir='ltr'><strong>constituit,</strong></span> <span class='ocrx_word' id='word_1_347' title='bbox 2318 2045 2489 2113; x_wconf 88' lang='lat' dir='ltr'><strong>utqui</strong></span> <span class='ocrx_word' id='word_1_348' title='bbox 2515 2042 2864 2115; x_wconf 84' lang='lat' dir='ltr'><strong>Evangelium</strong></span> <span class='ocrx_word' id='word_1_349' title='bbox 2897 2045 3209 2115; x_wconf 68' lang='lat' dir='ltr'><strong>praedicant,</strong></span> <span class='ocrx_word' id='word_1_350' title='bbox 3244 2045 3428 2099; x_wconf 82' lang='lat' dir='ltr'><strong>vivant</strong></span> <span class='ocrx_word' id='word_1_351' title='bbox 3479 2044 3548 2097; x_wconf 88' lang='lat' dir='ltr'><strong>de</strong></span> 
     </span>
    </p>
   </div>
   <div class='ocr_carea' id='block_1_50' title="bbox 1981 2133 3547 2206">
    <p class='ocr_par' dir='ltr' id='par_1_50' title="bbox 1981 2133 3547 2206">
     <span class='ocr_line' id='line_1_50' title="bbox 1981 2133 3547 2206; baseline -0.001 -18"><span class='ocrx_word' id='word_1_352' title='bbox 1981 2133 2272 2203; x_wconf 75' lang='lat' dir='ltr'><strong>Evangelia</strong></span> <span class='ocrx_word' id='word_1_353' title='bbox 2297 2133 2353 2206; x_wconf 88' lang='lat' dir='ltr'><strong>(I</strong></span> <span class='ocrx_word' id='word_1_354' title='bbox 2385 2134 2509 2191; x_wconf 85' lang='lat' dir='ltr'><strong>Cor.</strong></span> <span class='ocrx_word' id='word_1_355' title='bbox 2543 2136 2642 2206; x_wconf 79' lang='lat' dir='ltr'><strong>Ix).</strong></span> <span class='ocrx_word' id='word_1_356' title='bbox 2688 2136 2911 2194; x_wconf 85' lang='lat' dir='ltr'><strong>Servire</strong></span> <span class='ocrx_word' id='word_1_357' title='bbox 2951 2147 3131 2191; x_wconf 88' lang='lat' dir='ltr'><strong>autem</strong></span> <span class='ocrx_word' id='word_1_358' title='bbox 3184 2135 3434 2199; x_wconf 90' lang='lat' dir='ltr'><strong>Domino,</strong></span> <span class='ocrx_word' id='word_1_359' title='bbox 3490 2141 3547 2188; x_wconf 90' lang='lat' dir='ltr'><strong>et</strong></span> 
     </span>
    </p>
   </div>
   <div class='ocr_carea' id='block_1_51' title="bbox 1983 2225 3547 2293">
    <p class='ocr_par' dir='ltr' id='par_1_51' title="bbox 1983 2225 3547 2293">
     <span class='ocr_line' id='line_1_51' title="bbox 1983 2225 3547 2293; baseline 0.001 -13"><span class='ocrx_word' id='word_1_360' title='bbox 1983 2225 2229 2287; x_wconf 89' lang='lat' dir='ltr'><strong>habitare</strong></span> <span class='ocrx_word' id='word_1_361' title='bbox 2252 2240 2434 2283; x_wconf 88' lang='lat' dir='ltr'><strong>coram</strong></span> <span class='ocrx_word' id='word_1_362' title='bbox 2461 2241 2550 2293; x_wconf 88' lang='lat' dir='ltr'><strong>eo,</strong></span> <span class='ocrx_word' id='word_1_363' title='bbox 2578 2242 2685 2283; x_wconf 86' lang='lat' dir='ltr'><strong>non</strong></span> <span class='ocrx_word' id='word_1_364' title='bbox 2717 2237 2803 2285; x_wconf 85' lang='lat' dir='ltr'><strong>est</strong></span> <span class='ocrx_word' id='word_1_365' title='bbox 2822 2228 2947 2291; x_wconf 90' lang='lat' dir='ltr'><strong>loci,</strong></span> <span class='ocrx_word' id='word_1_366' title='bbox 2968 2227 3065 2282; x_wconf 88' lang='lat' dir='ltr'><strong>sed</strong></span> <span class='ocrx_word' id='word_1_367' title='bbox 3098 2226 3295 2281; x_wconf 88' lang='lat' dir='ltr'><strong>meriti.</strong></span> <span class='ocrx_word' id='word_1_368' title='bbox 3324 2225 3547 2281; x_wconf 82' lang='lat' dir='ltr'><strong>ﬂuens-</strong></span> 
     </span>
    </p>
   </div>
   <div class='ocr_carea' id='block_1_52' title="bbox 1974 2316 3545 2389">
    <p class='ocr_par' dir='ltr' id='par_1_52' title="bbox 1974 2316 3545 2389">
     <span class='ocr_line' id='line_1_52' title="bbox 1974 2316 3545 2389; baseline 0.002 -19"><span class='ocrx_word' id='word_1_369' title='bbox 1974 2330 2081 2385; x_wconf 91' lang='lat' dir='ltr'><strong>que</strong></span> <span class='ocrx_word' id='word_1_370' title='bbox 2109 2317 2345 2373; x_wconf 88' lang='lat' dir='ltr'><strong>visiones</strong></span> <span class='ocrx_word' id='word_1_371' title='bbox 2373 2316 2545 2383; x_wconf 67' lang='lat' dir='ltr'><strong>Isaias,</strong></span> <span class='ocrx_word' id='word_1_372' title='bbox 2574 2318 2690 2374; x_wconf 84' lang='lat' dir='ltr'><strong>sive</strong></span> <span class='ocrx_word' id='word_1_373' title='bbox 2725 2333 2891 2374; x_wconf 84' lang='lat' dir='ltr'><strong>onera</strong></span> <span class='ocrx_word' id='word_1_374' title='bbox 2922 2333 3041 2389; x_wconf 72' lang='lat' dir='ltr'><strong>quae</strong></span> <span class='ocrx_word' id='word_1_375' title='bbox 3093 2318 3259 2375; x_wconf 87' lang='lat' dir='ltr'><strong>certis</strong></span> <span class='ocrx_word' id='word_1_376' title='bbox 3298 2316 3545 2389; x_wconf 85' lang='lat' dir='ltr'><strong>gentibus</strong></span> 
     </span>
    </p>
   </div>
   <div class='ocr_carea' id='block_1_53' title="bbox 1975 2406 3543 2479">
    <p class='ocr_par' dir='ltr' id='par_1_53' title="bbox 1975 2406 3543 2479">
     <span class='ocr_line' id='line_1_53' title="bbox 1975 2406 3543 2479; baseline 0.001 -19"><span class='ocrx_word' id='word_1_377' title='bbox 1975 2406 2251 2477; x_wconf 88' lang='lat' dir='ltr'><strong>imposuit,</strong></span> <span class='ocrx_word' id='word_1_378' title='bbox 2282 2416 2341 2462; x_wconf 91' lang='lat' dir='ltr'><strong>ut</strong></span> <span class='ocrx_word' id='word_1_379' title='bbox 2363 2406 2594 2475; x_wconf 81' lang='lat' dir='ltr'><strong>iussisti,</strong></span> <span class='ocrx_word' id='word_1_380' title='bbox 2629 2417 2686 2464; x_wconf 91' lang='lat' dir='ltr'><strong>et</strong></span> <span class='ocrx_word' id='word_1_381' title='bbox 2715 2418 2773 2464; x_wconf 91' lang='lat' dir='ltr'><strong>ut</strong></span> <span class='ocrx_word' id='word_1_382' title='bbox 2801 2423 2905 2464; x_wconf 88' lang='lat' dir='ltr'><strong>nos</strong></span> <span class='ocrx_word' id='word_1_383' title='bbox 2937 2409 3233 2479; x_wconf 76' lang='lat' dir='ltr'><strong>quivimus,</strong></span> <span class='ocrx_word' id='word_1_384' title='bbox 3284 2408 3543 2464; x_wconf 82' lang='lat' dir='ltr'><strong>historica</strong></span> 
     </span>
    </p>
   </div>
   <div class='ocr_carea' id='block_1_54' title="bbox 1974 2496 3538 2567">
    <p class='ocr_par' dir='ltr' id='par_1_54' title="bbox 1974 2496 3538 2567">
     <span class='ocr_line' id='line_1_54' title="bbox 1974 2496 3538 2567; baseline 0.003 -18"><span class='ocrx_word' id='word_1_385' title='bbox 1974 2496 2417 2566; x_wconf 86' lang='lat' dir='ltr'><strong>interpretatione</strong></span> <span class='ocrx_word' id='word_1_386' title='bbox 2445 2499 2823 2567; x_wconf 88' lang='lat' dir='ltr'><strong>disseruimus,</strong></span> <span class='ocrx_word' id='word_1_387' title='bbox 2855 2499 3132 2556; x_wconf 65' lang='lat' dir='ltr'><strong>Hebraica</strong></span> <span class='ocrx_word' id='word_1_388' title='bbox 3160 2509 3367 2558; x_wconf 85' lang='lat' dir='ltr'><strong>tantum</strong></span> <span class='ocrx_word' id='word_1_389' title='bbox 3395 2499 3538 2554; x_wconf 79' lang='lat' dir='ltr'><strong>veri-</strong></span> 
     </span>
    </p>
   </div>
   <div class='ocr_carea' id='block_1_55' title="bbox 1973 2588 3543 2661">
    <p class='ocr_par' dir='ltr' id='par_1_55' title="bbox 1973 2588 3543 2661">
     <span class='ocr_line' id='line_1_55' title="bbox 1973 2588 3543 2661; baseline 0.004 -21"><span class='ocrx_word' id='word_1_390' title='bbox 1973 2588 2100 2644; x_wconf 83' lang='lat' dir='ltr'><strong>tatis</strong></span> <span class='ocrx_word' id='word_1_391' title='bbox 2128 2599 2440 2658; x_wconf 83' lang='lat' dir='ltr'><strong>prementes</strong></span> <span class='ocrx_word' id='word_1_392' title='bbox 2460 2592 2710 2661; x_wconf 85' lang='lat' dir='ltr'><strong>vestigia.</strong></span> <span class='ocrx_word' id='word_1_393' title='bbox 2737 2590 2870 2658; x_wconf 64' lang='lat' dir='ltr'><strong>Qua;</strong></span> <span class='ocrx_word' id='word_1_394' title='bbox 2901 2593 3305 2660; x_wconf 87' lang='lat' dir='ltr'><strong>sequuntur,ad</strong></span> <span class='ocrx_word' id='word_1_395' title='bbox 3353 2605 3543 2646; x_wconf 87' lang='lat' dir='ltr'><strong>omnes</strong></span> 
     </span>
    </p>
   </div>
   <div class='ocr_carea' id='block_1_56' title="bbox 1970 2678 3542 2753">
    <p class='ocr_par' dir='ltr' id='par_1_56' title="bbox 1970 2678 3542 2753">
     <span class='ocr_line' id='line_1_56' title="bbox 1970 2678 3542 2753; baseline 0.003 -22"><span class='ocrx_word' id='word_1_396' title='bbox 1970 2678 2243 2747; x_wconf 84' lang='lat' dir='ltr'><strong>pertinent</strong></span> <span class='ocrx_word' id='word_1_397' title='bbox 2270 2681 2539 2749; x_wconf 87' lang='lat' dir='ltr'><strong>nationes,</strong></span> <span class='ocrx_word' id='word_1_398' title='bbox 2571 2691 2628 2739; x_wconf 91' lang='lat' dir='ltr'><strong>et</strong></span> <span class='ocrx_word' id='word_1_399' title='bbox 2658 2682 2988 2753; x_wconf 82' lang='lat' dir='ltr'><strong>generaliter</strong></span> <span class='ocrx_word' id='word_1_400' title='bbox 3021 2684 3086 2738; x_wconf 80' lang='lat' dir='ltr'><strong>ad</strong></span> <span class='ocrx_word' id='word_1_401' title='bbox 3135 2684 3303 2738; x_wconf 88' lang='lat' dir='ltr'><strong>totius</strong></span> <span class='ocrx_word' id='word_1_402' title='bbox 3352 2682 3542 2741; x_wconf 80' lang='lat' dir='ltr'><strong>mundi</strong></span> 
     </span>
    </p>
   </div>
   <div class='ocr_carea' id='block_1_57' title="bbox 1970 2774 3545 2845">
    <p class='ocr_par' dir='ltr' id='par_1_57' title="bbox 1970 2774 3545 2845">
     <span class='ocr_line' id='line_1_57' title="bbox 1970 2774 3545 2845; baseline 0.002 -20"><span class='ocrx_word' id='word_1_403' title='bbox 1970 2774 2514 2829; x_wconf 85' lang='lat' dir='ltr'><strong>consummationem.</strong></span> <span class='ocrx_word' id='word_1_404' title='bbox 2548 2776 2621 2830; x_wconf 91' lang='lat' dir='ltr'><strong>De</strong></span> <span class='ocrx_word' id='word_1_405' title='bbox 2644 2776 2843 2845; x_wconf 73' lang='lat' dir='ltr'><strong>quibus</strong></span> <span class='ocrx_word' id='word_1_406' title='bbox 2874 2791 2977 2831; x_wconf 89' lang='lat' dir='ltr'><strong>nec</strong></span> <span class='ocrx_word' id='word_1_407' title='bbox 2998 2783 3055 2831; x_wconf 88' lang='lat' dir='ltr'><strong>tu</strong></span> <span class='ocrx_word' id='word_1_408' title='bbox 3089 2775 3293 2845; x_wconf 89' lang='lat' dir='ltr'><strong>petisti,</strong></span> <span class='ocrx_word' id='word_1_409' title='bbox 3313 2784 3372 2828; x_wconf 89' lang='lat' dir='ltr'><strong>ut</strong></span> <span class='ocrx_word' id='word_1_410' title='bbox 3408 2774 3545 2829; x_wconf 88' lang='lat' dir='ltr'><strong>scri-</strong></span> 
     </span>
    </p>
   </div>
   <div class='ocr_carea' id='block_1_58' title="bbox 1973 2859 3542 2936">
    <p class='ocr_par' dir='ltr' id='par_1_58' title="bbox 1973 2859 3542 2936">
     <span class='ocr_line' id='line_1_58' title="bbox 1973 2859 3542 2936; baseline 0.003 -22"><span class='ocrx_word' id='word_1_411' title='bbox 1973 2859 2179 2926; x_wconf 83' lang='lat' dir='ltr'><strong>berem,</strong></span> <span class='ocrx_word' id='word_1_412' title='bbox 2212 2879 2312 2919; x_wconf 88' lang='lat' dir='ltr'><strong>nec</strong></span> <span class='ocrx_word' id='word_1_413' title='bbox 2340 2866 2471 2920; x_wconf 90' lang='lat' dir='ltr'><strong>mihi</strong></span> <span class='ocrx_word' id='word_1_414' title='bbox 2508 2868 2747 2923; x_wconf 83' lang='lat' dir='ltr'><strong>otiosum</strong></span> <span class='ocrx_word' id='word_1_415' title='bbox 2775 2867 2896 2933; x_wconf 88' lang='lat' dir='ltr'><strong>l‘uit,</strong></span> <span class='ocrx_word' id='word_1_416' title='bbox 2932 2877 2990 2922; x_wconf 92' lang='lat' dir='ltr'><strong>ut</strong></span> <span class='ocrx_word' id='word_1_417' title='bbox 3022 2882 3089 2922; x_wconf 79' lang='lat' dir='ltr'><strong>ex</strong></span> <span class='ocrx_word' id='word_1_418' title='bbox 3117 2864 3391 2936; x_wconf 81' lang='lat' dir='ltr'><strong>superﬂuo</strong></span> <span class='ocrx_word' id='word_1_419' title='bbox 3437 2878 3542 2920; x_wconf 88' lang='lat' dir='ltr'><strong>non</strong></span> 
     </span>
    </p>
   </div>
   <div class='ocr_carea' id='block_1_59' title="bbox 1975 2955 3263 3029">
    <p class='ocr_par' dir='ltr' id='par_1_59' title="bbox 1975 2955 3263 3029">
     <span class='ocr_line' id='line_1_59' title="bbox 1975 2955 3263 3029; baseline 0.003 -21"><span class='ocrx_word' id='word_1_420' title='bbox 1975 2955 2200 3022; x_wconf 73' lang='lat' dir='ltr'><strong>quaesita</strong></span> <span class='ocrx_word' id='word_1_421' title='bbox 2225 2955 2510 3022; x_wconf 88' lang='lat' dir='ltr'><strong>dictarem,</strong></span> <span class='ocrx_word' id='word_1_422' title='bbox 2543 2959 2636 3029; x_wconf 91' lang='lat' dir='ltr'><strong>qui</strong></span> <span class='ocrx_word' id='word_1_423' title='bbox 2673 2960 2901 3029; x_wconf 62' lang='lat' dir='ltr'><strong>quaesita</strong></span> <span class='ocrx_word' id='word_1_424' title='bbox 2930 2960 3019 3014; x_wconf 78' lang='lat' dir='ltr'><strong>vix</strong></span> <span class='ocrx_word' id='word_1_425' title='bbox 3046 2957 3263 3028; x_wconf 88' lang='lat' dir='ltr'><strong>scripsi.</strong></span> 
     </span>
    </p>
   </div>
   <div class='ocr_carea' id='block_1_60' title="bbox 372 3096 1869 3184">
    <p class='ocr_par' dir='ltr' id='par_1_60' title="bbox 372 3096 1869 3184">
     <span class='ocr_line' id='line_1_60' title="bbox 372 3096 1869 3184; baseline 0.007 -34"><span class='ocrx_word' id='word_1_426' title='bbox 372 3099 390 3128; x_wconf 84' lang='grc'>¹</span> <span class='ocrx_word' id='word_1_427' title='bbox 432 3096 592 3184; x_wconf 75' lang='lat' dir='ltr'><strong>Putat</strong></span> <span class='ocrx_word' id='word_1_428' title='bbox 623 3099 895 3182; x_wconf 76' lang='lat' dir='ltr'><strong>Victorius</strong></span> <span class='ocrx_word' id='word_1_429' title='bbox 940 3101 1186 3184; x_wconf 77' lang='lat' dir='ltr'><strong>vitiatum</strong></span> <span class='ocrx_word' id='word_1_430' title='bbox 1224 3116 1346 3157; x_wconf 86' lang='lat' dir='ltr'><strong>esse</strong></span> <span class='ocrx_word' id='word_1_431' title='bbox 1379 3101 1521 3184; x_wconf 81' lang='lat' dir='ltr'><strong>hunc</strong></span> <span class='ocrx_word' id='word_1_432' title='bbox 1575 3103 1775 3184; x_wconf 79' lang='lat' dir='ltr'><strong>locum,</strong></span> <span class='ocrx_word' id='word_1_433' title='bbox 1817 3116 1869 3160; x_wconf 90' lang='lat' dir='ltr'><strong>et</strong></span> 
     </span>
    </p>
   </div>
   <div class='ocr_carea' id='block_1_61' title="bbox 1972 3096 3540 3184">
    <p class='ocr_par' dir='ltr' id='par_1_61' title="bbox 1981 3110 3540 3184">
     <span class='ocr_line' id='line_1_61' title="bbox 1981 3110 3540 3184; baseline 0.001 -20"><span class='ocrx_word' id='word_1_434' title='bbox 1981 3180 1995 3184; x_wconf 31' lang='grc' dir='ltr'><strong>Α</strong></span> <span class='ocrx_word' id='word_1_435' title='bbox 2047 3111 2085 3184; x_wconf 79' lang='lat'><strong>&#39;_</strong></span> <span class='ocrx_word' id='word_1_436' title='bbox 2100 3110 2410 3184; x_wconf 75' lang='lat' dir='ltr'><strong>Scripserat</strong></span> <span class='ocrx_word' id='word_1_437' title='bbox 2438 3113 2749 3184; x_wconf 42' lang='lat' dir='ltr'><strong>Eusebius;</strong></span> <span class='ocrx_word' id='word_1_438' title='bbox 2775 3114 2841 3184; x_wconf 81' lang='grc' dir='ltr'><strong>Ὃ</strong></span> <span class='ocrx_word' id='word_1_439' title='bbox 2866 3114 2929 3184; x_wconf 84' lang='grc' dir='ltr'><strong>δὴ</strong></span> <span class='ocrx_word' id='word_1_440' title='bbox 2962 3110 3057 3168; x_wconf 75' lang='grc' dir='ltr'><strong>καὶ</strong></span> <span class='ocrx_word' id='word_1_441' title='bbox 3083 3111 3382 3184; x_wconf 55' lang='grc' dir='ltr'><strong>πληροῦται</strong></span> <span class='ocrx_word' id='word_1_442' title='bbox 3416 3110 3540 3184; x_wconf 58' lang='grc' dir='ltr'><strong>καφ</strong></span> 
     </span>
    </p>
   </div>
   <div class='ocr_carea' id='block_1_62' title="bbox 296 3170 1864 3240">
    <p class='ocr_par' dir='ltr' id='par_1_62' title="bbox 296 3170 1864 3240">
     <span class='ocr_line' id='line_1_62' title="bbox 296 3170 1864 3240; baseline 0.008 -22"><span class='ocrx_word' id='word_1_443' title='bbox 296 3170 588 3223; x_wconf 75' lang='lat' dir='ltr'><strong>secundum</strong></span> <span class='ocrx_word' id='word_1_444' title='bbox 612 3171 856 3240; x_wconf 90' lang='lat' dir='ltr'><strong>quinque</strong></span> <span class='ocrx_word' id='word_1_445' title='bbox 883 3185 1010 3225; x_wconf 90' lang='lat' dir='ltr'><strong>mss.</strong></span> <span class='ocrx_word' id='word_1_446' title='bbox 1034 3172 1249 3240; x_wconf 84' lang='lat' dir='ltr'><strong>codices</strong></span> <span class='ocrx_word' id='word_1_447' title='bbox 1270 3187 1398 3226; x_wconf 90' lang='lat' dir='ltr'><strong>suos</strong></span> <span class='ocrx_word' id='word_1_448' title='bbox 1438 3173 1717 3240; x_wconf 87' lang='lat' dir='ltr'><strong>legendum</strong></span> <span class='ocrx_word' id='word_1_449' title='bbox 1743 3189 1864 3231; x_wconf 91' lang='lat' dir='ltr'><strong>esse</strong></span> 
     </span>
    </p>
   </div>
   <div class='ocr_carea' id='block_1_63' title="bbox 297 3239 1861 3321">
    <p class='ocr_par' dir='ltr' id='par_1_63' title="bbox 297 3239 1861 3321">
     <span class='ocr_line' id='line_1_63' title="bbox 297 3239 1861 3321; baseline 0.006 -31"><span class='ocrx_word' id='word_1_450' title='bbox 297 3240 553 3294; x_wconf 79' lang='lat' dir='ltr'><strong>mercedes</strong></span> <span class='ocrx_word' id='word_1_451' title='bbox 580 3239 678 3321; x_wconf 77' lang='lat' dir='ltr'><strong>pro</strong></span> <span class='ocrx_word' id='word_1_452' title='bbox 702 3255 920 3304; x_wconf 82' lang='lat' dir='ltr'><strong>merces,</strong></span> <span class='ocrx_word' id='word_1_453' title='bbox 945 3251 1055 3295; x_wconf 87' lang='lat' dir='ltr'><strong>tam</strong></span> <span class='ocrx_word' id='word_1_454' title='bbox 1092 3239 1199 3304; x_wconf 90' lang='lat' dir='ltr'><strong>hic,</strong></span> <span class='ocrx_word' id='word_1_455' title='bbox 1249 3256 1411 3310; x_wconf 83' lang='lat' dir='ltr'><strong>quam</strong></span> <span class='ocrx_word' id='word_1_456' title='bbox 1440 3239 1508 3296; x_wconf 17' lang='lat' dir='ltr'><strong>ini</strong></span> <span class='ocrx_word' id='word_1_457' title='bbox 1550 3242 1861 3315; x_wconf 77' lang='lat' dir='ltr'><strong>Hieronymi</strong></span> 
     </span>
    </p>
   </div>
   <div class='ocr_carea' id='block_1_64' title="bbox 297 3319 710 3364">
    <p class='ocr_par' dir='ltr' id='par_1_64' title="bbox 297 3319 710 3364">
     <span class='ocr_line' id='line_1_64' title="bbox 297 3319 710 3364; baseline 0.012 -5"><span class='ocrx_word' id='word_1_458' title='bbox 297 3319 710 3364; x_wconf 75' lang='lat' dir='ltr'><strong>cettttttetttario.</strong></span> 
     </span>
    </p>
   </div>
   <div class='ocr_carea' id='block_1_65' title="bbox 365 3374 1860 3453">
    <p class='ocr_par' dir='ltr' id='par_1_65' title="bbox 365 3374 1860 3453">
     <span class='ocr_line' id='line_1_65' title="bbox 365 3374 1860 3453; baseline 0.005 -24"><span class='ocrx_word' id='word_1_459' title='bbox 365 3377 387 3407; x_wconf 83' lang='grc'>²</span> <span class='ocrx_word' id='word_1_460' title='bbox 422 3374 649 3447; x_wconf 81' lang='lat' dir='ltr'><strong>Legerat</strong></span> <span class='ocrx_word' id='word_1_461' title='bbox 694 3378 950 3453; x_wconf 67' lang='lat' dir='ltr'><strong>Martian.’</strong></span> <span class='ocrx_word' id='word_1_462' title='bbox 979 3418 994 3445; x_wconf 94' lang='lat'><strong>,</strong></span> <span class='ocrx_word' id='word_1_463' title='bbox 1052 3395 1247 3453; x_wconf 69' lang='lat' dir='ltr'><strong>merces</strong></span> <span class='ocrx_word' id='word_1_464' title='bbox 1267 3381 1368 3436; x_wconf 82' lang='lat' dir='ltr'><strong>erit</strong></span> <span class='ocrx_word' id='word_1_465' title='bbox 1395 3383 1727 3453; x_wconf 36' lang='lat' dir='ltr'><strong>negotiatio,</strong></span> <span class='ocrx_word' id='word_1_466' title='bbox 1757 3391 1860 3437; x_wconf 91' lang='lat' dir='ltr'><strong>ctc.</strong></span> 
     </span>
    </p>
   </div>
   <div class='ocr_carea' id='block_1_66' title="bbox 297 3443 1865 3508">
    <p class='ocr_par' dir='ltr' id='par_1_66' title="bbox 297 3443 1865 3508">
     <span class='ocr_line' id='line_1_66' title="bbox 297 3443 1865 3508; baseline 0.004 -10"><span class='ocrx_word' id='word_1_467' title='bbox 297 3443 404 3500; x_wconf 80' lang='lat' dir='ltr'><strong>Nos</strong></span> <span class='ocrx_word' id='word_1_468' title='bbox 462 3443 643 3501; x_wconf 72' lang='lat' dir='ltr'><strong>vocem</strong></span> <span class='ocrx_word' id='word_1_469' title='bbox 675 3465 867 3502; x_wconf 80' lang='lat' dir='ltr'><strong>merces</strong></span> <span class='ocrx_word' id='word_1_470' title='bbox 892 3443 1016 3502; x_wconf 83' lang='lat' dir='ltr'><strong>hinc</strong></span> <span class='ocrx_word' id='word_1_471' title='bbox 1051 3450 1352 3506; x_wconf 70' lang='lat' dir='ltr'><strong>amovimus</strong></span> <span class='ocrx_word' id='word_1_472' title='bbox 1385 3443 1641 3507; x_wconf 59' lang='lat' dir='ltr'><strong>ad&#39;ﬂdcm</strong></span> <span class='ocrx_word' id='word_1_473' title='bbox 1688 3443 1865 3508; x_wconf 68' lang='lat' dir='ltr'><strong>Vatic.</strong></span> 
     </span>
    </p>
   </div>
   <div class='ocr_carea' id='block_1_67' title="bbox 300 3519 1866 3592">
    <p class='ocr_par' dir='ltr' id='par_1_67' title="bbox 300 3519 1866 3592">
     <span class='ocr_line' id='line_1_67' title="bbox 300 3519 1866 3592; baseline 0.003 -21"><span class='ocrx_word' id='word_1_474' title='bbox 300 3531 431 3592; x_wconf 81' lang='lat' dir='ltr'><strong>ms.,</strong></span> <span class='ocrx_word' id='word_1_475' title='bbox 451 3527 677 3586; x_wconf 78' lang='lat' dir='ltr'><strong>cegente</strong></span> <span class='ocrx_word' id='word_1_476' title='bbox 707 3519 832 3592; x_wconf 82' lang='lat' dir='ltr'><strong>ipso</strong></span> <span class='ocrx_word' id='word_1_477' title='bbox 849 3519 1342 3592; x_wconf 54' lang='lat' dir='ltr'><strong>scripturartestu,</strong></span> <span class='ocrx_word' id='word_1_478' title='bbox 1363 3524 1455 3592; x_wconf 88' lang='lat' dir='ltr'><strong>qui</strong></span> <span class='ocrx_word' id='word_1_479' title='bbox 1476 3536 1651 3591; x_wconf 88' lang='lat' dir='ltr'><strong>neque</strong></span> <span class='ocrx_word' id='word_1_480' title='bbox 1675 3524 1729 3576; x_wconf 83' lang='lat' dir='ltr'><strong>in</strong></span> <span class='ocrx_word' id='word_1_481' title='bbox 1760 3522 1866 3576; x_wconf 86' lang='lat' dir='ltr'><strong>He-</strong></span> 
     </span>
    </p>
   </div>
   <div class='ocr_carea' id='block_1_68' title="bbox 300 3585 1867 3661">
    <p class='ocr_par' dir='ltr' id='par_1_68' title="bbox 300 3585 1867 3661">
     <span class='ocr_line' id='line_1_68' title="bbox 300 3585 1867 3661; baseline 0.005 -24"><span class='ocrx_word' id='word_1_482' title='bbox 300 3585 501 3661; x_wconf 53' lang='lat' dir='ltr'><strong>braeo,</strong></span> <span class='ocrx_word' id='word_1_483' title='bbox 530 3585 743 3661; x_wconf 42' lang='lat' dir='ltr'><strong>’neque&#39;</strong></span> <span class='ocrx_word' id='word_1_484' title='bbox 777 3590 828 3641; x_wconf 92' lang='lat' dir='ltr'><strong>in</strong></span> <span class='ocrx_word' id='word_1_485' title='bbox 886 3585 1086 3645; x_wconf 55' lang='lat' dir='ltr'><strong>Graecis</strong></span> <span class='ocrx_word' id='word_1_486' title='bbox 1133 3585 1453 3661; x_wconf 63' lang='lat' dir='ltr'><strong>Latinisque</strong></span> <span class='ocrx_word' id='word_1_487' title='bbox 1531 3585 1867 3648; x_wconf 78' lang='lat' dir='ltr'><strong>versionibus</strong></span> 
     </span>
    </p>
   </div>
   <div class='ocr_carea' id='block_1_69' title="bbox 297 3655 1685 3728">
    <p class='ocr_par' dir='ltr' id='par_1_69' title="bbox 297 3655 1685 3728">
     <span class='ocr_line' id='line_1_69' title="bbox 297 3655 1685 3728; baseline 0.008 -20"><span class='ocrx_word' id='word_1_488' title='bbox 297 3669 412 3708; x_wconf 68' lang='lat' dir='ltr'><strong>earn</strong></span> <span class='ocrx_word' id='word_1_489' title='bbox 446 3655 537 3710; x_wconf 88' lang='lat' dir='ltr'><strong>hic</strong></span> <span class='ocrx_word' id='word_1_490' title='bbox 570 3655 672 3712; x_wconf 83' lang='lat' dir='ltr'><strong>luci</strong></span> <span class='ocrx_word' id='word_1_491' title='bbox 706 3671 889 3713; x_wconf 88' lang='lat' dir='ltr'><strong>vocem</strong></span> <span class='ocrx_word' id='word_1_492' title='bbox 922 3659 1190 3728; x_wconf 80' lang='lat' dir='ltr'><strong>agnoscit.</strong></span> <span class='ocrx_word' id='word_1_493' title='bbox 1366 3655 1379 3661; x_wconf 82' lang='grc'><em>’</em></span> <span class='ocrx_word' id='word_1_494' title='bbox 1682 3676 1685 3677; x_wconf 60' lang='grc'><strong><em>⁷</em></strong></span> 
     </span>
    </p>
   </div>
   <div class='ocr_carea' id='block_1_70' title="bbox 1970 3180 3540 3254">
    <p class='ocr_par' dir='ltr' id='par_1_70' title="bbox 1970 3180 3540 3254">
     <span class='ocr_line' id='line_1_70' title="bbox 1970 3180 3540 3254; baseline 0.001 -22"><span class='ocrx_word' id='word_1_495' title='bbox 1970 3180 2118 3254; x_wconf 63' lang='grc' dir='ltr'><strong>ἡμᾶς</strong></span> <span class='ocrx_word' id='word_1_496' title='bbox 2145 3181 2344 3254; x_wconf 54' lang='grc' dir='ltr'><strong>αὐτοές</strong></span> <span class='ocrx_word' id='word_1_497' title='bbox 2366 3199 2379 3214; x_wconf 90' lang='grc'><strong>·</strong></span> <span class='ocrx_word' id='word_1_498' title='bbox 2402 3182 2501 3250; x_wconf 80' lang='grc' dir='ltr'><strong>τῆς</strong></span> <span class='ocrx_word' id='word_1_499' title='bbox 2532 3184 2641 3254; x_wconf 75' lang='grc' dir='ltr'><strong>γὰρ</strong></span> <span class='ocrx_word' id='word_1_500' title='bbox 2674 3180 3003 3254; x_wconf 71' lang='grc' dir='ltr'><strong>Ἑκκλησίας</strong></span> <span class='ocrx_word' id='word_1_501' title='bbox 3032 3184 3126 3235; x_wconf 79' lang='grc' dir='ltr'><strong>τοῦ</strong></span> <span class='ocrx_word' id='word_1_502' title='bbox 3149 3182 3285 3236; x_wconf 84' lang='grc' dir='ltr'><strong>Θεοῦ</strong></span> <span class='ocrx_word' id='word_1_503' title='bbox 3317 3182 3540 3254; x_wconf 21' lang='grc' dir='ltr'><strong>ῑδρυλμέ-</strong></span> 
     </span>
    </p>
   </div>
   <div class='ocr_carea' id='block_1_71' title="bbox 1970 3250 3540 3391">
    <p class='ocr_par' dir='ltr' id='par_1_71' title="bbox 1970 3250 3540 3391">
     <span class='ocr_line' id='line_1_71' title="bbox 1970 3250 3540 3324; baseline 0 -21"><span class='ocrx_word' id='word_1_504' title='bbox 1970 3250 2068 3319; x_wconf 67' lang='lat' dir='ltr'><strong>vn;</strong></span> <span class='ocrx_word' id='word_1_505' title='bbox 2101 3250 2159 3301; x_wconf 81' lang='grc' dir='ltr'><strong>ὲν</strong></span> <span class='ocrx_word' id='word_1_506' title='bbox 2190 3254 2254 3320; x_wconf 73' lang='grc' dir='ltr'>τῇ</span> <span class='ocrx_word' id='word_1_507' title='bbox 2281 3252 2493 3324; x_wconf 76' lang='grc' dir='ltr'><strong>Τυρίων</strong></span> <span class='ocrx_word' id='word_1_508' title='bbox 2524 3250 2676 3306; x_wconf 70' lang='grc' dir='ltr'>πόλει</span> <span class='ocrx_word' id='word_1_509' title='bbox 2698 3253 2887 3322; x_wconf 80' lang='grc' dir='ltr'>ὥσπερ</span> <span class='ocrx_word' id='word_1_510' title='bbox 2919 3252 3013 3305; x_wconf 81' lang='grc' dir='ltr'>οὖν</span> <span class='ocrx_word' id='word_1_511' title='bbox 3067 3254 3162 3305; x_wconf 77' lang='grc' dir='ltr'><strong>καὶ</strong></span> <span class='ocrx_word' id='word_1_512' title='bbox 3199 3254 3258 3305; x_wconf 75' lang='grc' dir='ltr'><strong>ἑν</strong></span> <span class='ocrx_word' id='word_1_513' title='bbox 3291 3254 3403 3312; x_wconf 86' lang='grc' dir='ltr'><strong>τοῖς</strong></span> <span class='ocrx_word' id='word_1_514' title='bbox 3430 3251 3540 3303; x_wconf 84' lang='grc' dir='ltr'><strong>λοι-</strong></span> 
     </span>
     <span class='ocr_line' id='line_1_72' title="bbox 1970 3318 3536 3391; baseline 0.001 -20"><span class='ocrx_word' id='word_1_515' title='bbox 1970 3321 2090 3381; x_wconf 75' lang='grc' dir='ltr'>ποῖς</span> <span class='ocrx_word' id='word_1_516' title='bbox 2124 3318 2328 3391; x_wconf 68' lang='grc' dir='ltr'><strong>ἔθνεσι,</strong></span> <span class='ocrx_word' id='word_1_517' title='bbox 2384 3321 2555 3375; x_wconf 79' lang='grc' dir='ltr'><strong>πολλὰ</strong></span> <span class='ocrx_word' id='word_1_518' title='bbox 2606 3323 2713 3377; x_wconf 85' lang='grc' dir='ltr'><strong>τῶν</strong></span> <span class='ocrx_word' id='word_1_519' title='bbox 2751 3324 2809 3375; x_wconf 76' lang='grc' dir='ltr'><strong>ὲν</strong></span> <span class='ocrx_word' id='word_1_520' title='bbox 2867 3323 3006 3391; x_wconf 76' lang='grc' dir='ltr'><strong>αὐτῇ</strong></span> <span class='ocrx_word' id='word_1_521' title='bbox 3066 3321 3438 3391; x_wconf 81' lang='grc' dir='ltr'><strong>μισθωμάτων</strong></span> <span class='ocrx_word' id='word_1_522' title='bbox 3468 3323 3536 3373; x_wconf 72' lang='grc' dir='ltr'><strong>ἐκ</strong></span> 
     </span>
    </p>
   </div>
   <div class='ocr_carea' id='block_1_72' title="bbox 1969 3336 3538 3461">
    <p class='ocr_par' dir='ltr' id='par_1_72' title="bbox 1969 3336 3538 3461">
     <span class='ocr_line' id='line_1_73' title="bbox 1969 3336 3536 3391; baseline 0.001 -20"><span class='ocrx_word' id='word_1_523' title='bbox 1969 3336 2090 3381; x_wconf 81' lang='grc' dir='ltr'>ποις</span> <span class='ocrx_word' id='word_1_524' title='bbox 2124 3336 2328 3386; x_wconf 73' lang='lat' dir='ltr'><strong>caveat,</strong></span> <span class='ocrx_word' id='word_1_525' title='bbox 2384 3336 2555 3375; x_wconf 68' lang='grc' dir='ltr'><strong>πολλα</strong></span> <span class='ocrx_word' id='word_1_526' title='bbox 2606 3340 2713 3377; x_wconf 86' lang='grc' dir='ltr'><strong>των</strong></span> <span class='ocrx_word' id='word_1_527' title='bbox 2751 3336 2809 3375; x_wconf 79' lang='grc' dir='ltr'><strong>εν</strong></span> <span class='ocrx_word' id='word_1_528' title='bbox 2867 3336 3006 3391; x_wconf 65' lang='lat' dir='ltr'><strong>eum</strong></span> <span class='ocrx_word' id='word_1_529' title='bbox 3066 3336 3438 3391; x_wconf 73' lang='grc' dir='ltr'><strong>μισυωματων</strong></span> <span class='ocrx_word' id='word_1_530' title='bbox 3468 3336 3536 3373; x_wconf 78' lang='grc' dir='ltr'><strong>εκ</strong></span> 
     </span>
     <span class='ocr_line' id='line_1_74' title="bbox 1969 3390 3538 3461; baseline 0.001 -21"><span class='ocrx_word' id='word_1_531' title='bbox 1969 3390 2353 3461; x_wconf 75' lang='grc' dir='ltr'><strong>πραγματείας</strong></span> <span class='ocrx_word' id='word_1_532' title='bbox 2369 3391 2749 3461; x_wconf 75' lang='grc' dir='ltr'><strong>κομιζομένων</strong></span> <span class='ocrx_word' id='word_1_533' title='bbox 2770 3390 3054 3461; x_wconf 69' lang='grc' dir='ltr'><strong>ἁγιάζεται</strong></span> <span class='ocrx_word' id='word_1_534' title='bbox 3079 3391 3538 3461; x_wconf 19' lang='grc' dir='ltr'><strong>τῷξΚυρίῳΑπροσ-</strong></span> 
     </span>
    </p>
   </div>
   <div class='ocr_carea' id='block_1_73' title="bbox 1970 3459 3535 3581">
    <p class='ocr_par' dir='ltr' id='par_1_73' title="bbox 1970 3459 3535 3581">
     <span class='ocr_line' id='line_1_75' title="bbox 1970 3459 3535 3581; baseline 0.001 -74"><span class='ocrx_word' id='word_1_535' title='bbox 1970 3460 2247 3526; x_wconf 80' lang='grc' dir='ltr'><strong>φερόμενα</strong></span> <span class='ocrx_word' id='word_1_536' title='bbox 2272 3462 2337 3530; x_wconf 78' lang='grc' dir='ltr'><strong>τῇ</strong></span> <span class='ocrx_word' id='word_1_537' title='bbox 2405 3459 2704 3529; x_wconf 69' lang='grc' dir='ltr'>Ἐκκλὴσίᾳ</span> <span class='ocrx_word' id='word_1_538' title='bbox 2759 3460 2946 3525; x_wconf 83' lang='grc' dir='ltr'>αὑτοῦ,</span> <span class='ocrx_word' id='word_1_539' title='bbox 2977 3459 3194 3581; x_wconf 58' lang='lat' dir='ltr'><strong>angui</strong></span> <span class='ocrx_word' id='word_1_540' title='bbox 3220 3459 3535 3529; x_wconf 73' lang='grc' dir='ltr'><strong>κομίζοντες</strong></span> 
     </span>
     <span class='ocr_line' id='line_1_76' title="bbox 1972 3527 3535 3581; baseline 0.001 -3"><span class='ocrx_word' id='word_1_541' title='bbox 1972 3527 2342 3581; x_wconf 75' lang='grc' dir='ltr'><strong>προσφέρουσι</strong></span> <span class='ocrx_word' id='word_1_542' title='bbox 2370 3532 2470 3581; x_wconf 71' lang='grc' dir='ltr'><strong>σὺν</strong></span> <span class='ocrx_word' id='word_1_543' title='bbox 2500 3530 2776 3581; x_wconf 77' lang='grc' dir='ltr'><strong>εὐλαῦεια.</strong></span> <span class='ocrx_word' id='word_1_544' title='bbox 2805 3566 2821 3581; x_wconf 94' lang='grc'><strong>.</strong></span> <span class='ocrx_word' id='word_1_545' title='bbox 2852 3569 2867 3581; x_wconf 86' lang='grc'><strong>.</strong></span> <span class='ocrx_word' id='word_1_546' title='bbox 2894 3567 2909 3581; x_wconf 93' lang='grc'><strong>.</strong></span> <span class='ocrx_word' id='word_1_547' title='bbox 2942 3529 3078 3581; x_wconf 80' lang='grc' dir='ltr'><strong>δηλα</strong></span> <span class='ocrx_word' id='word_1_548' title='bbox 3113 3530 3146 3581; x_wconf 81' lang='lat' dir='ltr'><strong>&#39;h</strong></span> <span class='ocrx_word' id='word_1_549' title='bbox 3195 3533 3307 3581; x_wconf 69' lang='grc' dir='ltr'>τοῖς</span> <span class='ocrx_word' id='word_1_550' title='bbox 3361 3529 3535 3581; x_wconf 78' lang='grc' dir='ltr'><strong>παρέ-</strong></span> 
     </span>
    </p>
   </div>
   <div class='ocr_carea' id='block_1_74' title="bbox 1972 3527 3536 3601">
    <p class='ocr_par' dir='ltr' id='par_1_74' title="bbox 1972 3527 3536 3601">
     <span class='ocr_line' id='line_1_77' title="bbox 1972 3527 3536 3601; baseline 0.001 -23"><span class='ocrx_word' id='word_1_551' title='bbox 1972 3527 2342 3601; x_wconf 51' lang='grc' dir='ltr'><strong>ξτροσφέροιιοί</strong></span> <span class='ocrx_word' id='word_1_552' title='bbox 2370 3532 2470 3582; x_wconf 69' lang='grc' dir='ltr'><strong>σὺν</strong></span> <span class='ocrx_word' id='word_1_553' title='bbox 2500 3527 2776 3601; x_wconf 71' lang='grc' dir='ltr'><strong>εὐλαὸἐιᾳ.</strong></span> <span class='ocrx_word' id='word_1_554' title='bbox 2805 3566 2821 3584; x_wconf 96' lang='grc'><strong>.</strong></span> <span class='ocrx_word' id='word_1_555' title='bbox 2852 3569 2867 3583; x_wconf 90' lang='grc'><strong>.</strong></span> <span class='ocrx_word' id='word_1_556' title='bbox 2894 3567 2909 3583; x_wconf 96' lang='grc'><strong>.</strong></span> <span class='ocrx_word' id='word_1_557' title='bbox 2942 3527 3146 3600; x_wconf 81' lang='grc' dir='ltr'><strong>δηλαδὴ</strong></span> <span class='ocrx_word' id='word_1_558' title='bbox 3195 3527 3307 3593; x_wconf 54' lang='lat' dir='ltr'><strong>tot:</strong></span> <span class='ocrx_word' id='word_1_559' title='bbox 3361 3529 3536 3597; x_wconf 82' lang='grc' dir='ltr'><strong>παρέ-</strong></span> 
     </span>
    </p>
   </div>
   <div class='ocr_carea' id='block_1_75' title="bbox 1972 3595 2683 3670">
    <p class='ocr_par' dir='ltr' id='par_1_75' title="bbox 1972 3595 2683 3670">
     <span class='ocr_line' id='line_1_78' title="bbox 1972 3595 2683 3670; baseline 0.011 -22"><span class='ocrx_word' id='word_1_560' title='bbox 1972 3595 2119 3665; x_wconf 88' lang='grc' dir='ltr'><strong>δροις</strong></span> <span class='ocrx_word' id='word_1_561' title='bbox 2141 3595 2238 3651; x_wconf 75' lang='grc' dir='ltr'><strong>τοῦ</strong></span> <span class='ocrx_word' id='word_1_562' title='bbox 2269 3596 2683 3670; x_wconf 75' lang='grc' dir='ltr'><strong>θυσιαστηρίου.</strong></span> 
     </span>
    </p>
   </div>
   <div class='ocr_carea' id='block_1_76' title="bbox 1444 4018 2365 4111">
    <p class='ocr_par' dir='ltr' id='par_1_76' title="bbox 1444 4018 2365 4111">
     <span class='ocr_line' id='line_1_79' title="bbox 1444 4018 2365 4111; baseline -0.001 0"><span class='ocrx_word' id='word_1_563' title='bbox 1444 4019 1793 4111; x_wconf 82' lang='lat' dir='ltr'><strong>LIBER</strong></span> <span class='ocrx_word' id='word_1_564' title='bbox 1873 4018 2365 4111; x_wconf 83' lang='lat' dir='ltr'><strong>SEXTUS.</strong></span> 
     </span>
    </p>
   </div>
   <div class='ocr_carea' id='block_1_77' title="bbox 369 4339 3536 4427">
    <p class='ocr_par' dir='ltr' id='par_1_77' title="bbox 369 4339 3536 4427">
     <span class='ocr_line' id='line_1_80' title="bbox 369 4339 3536 4427; baseline -0.005 -15"><span class='ocrx_word' id='word_1_565' title='bbox 369 4352 533 4427; x_wconf 68' lang='lat'><strong>235</strong></span> <span class='ocrx_word' id='word_1_566' title='bbox 582 4348 741 4421; x_wconf 74' lang='lat' dir='ltr'><strong>Quod</strong></span> <span class='ocrx_word' id='word_1_567' title='bbox 798 4350 851 4404; x_wconf 80' lang='lat' dir='ltr'><strong>in’</strong></span> <span class='ocrx_word' id='word_1_568' title='bbox 908 4345 1230 4418; x_wconf 62' lang='lat' dir='ltr'><strong>praecedenti</strong></span> <span class='ocrx_word' id='word_1_569' title='bbox 1282 4341 1552 4399; x_wconf 75' lang='lat' dir='ltr'><strong>volumine</strong></span> <span class='ocrx_word' id='word_1_570' title='bbox 1602 4339 1941 4427; x_wconf 78' lang='lat' dir='ltr'><strong>pollicitus_</strong></span> <span class='ocrx_word' id='word_1_571' title='bbox 1984 4339 2245 4412; x_wconf 84' lang='lat' dir='ltr'><strong>Babylon,</strong></span> <span class='ocrx_word' id='word_1_572' title='bbox 2269 4357 2388 4413; x_wconf 75' lang='lat' dir='ltr'><strong>qua:</strong></span> <span class='ocrx_word' id='word_1_573' title='bbox 2425 4341 2689 4398; x_wconf 80' lang='lat' dir='ltr'><strong>Hebraice</strong></span> <span class='ocrx_word' id='word_1_574' title='bbox 2717 4343 2917 4400; x_wconf 82' lang='lat' dir='ltr'><strong>dicitur</strong></span> <span class='ocrx_word' id='word_1_575' title='bbox 2944 4360 3106 4402; x_wconf 66' lang='lat' dir='ltr'><strong>sanun</strong></span> <span class='ocrx_word' id='word_1_576' title='bbox 3153 4346 3326 4416; x_wconf 63' lang='grc' dir='ltr'><strong>(πῃ),</strong></span> <span class='ocrx_word' id='word_1_577' title='bbox 3367 4347 3536 4404; x_wconf 55' lang='lat' dir='ltr'><strong>inter.</strong></span> 
     </span>
    </p>
   </div>
   <div class='ocr_carea' id='block_1_78' title="bbox 301 4416 3532 4514">
    <p class='ocr_par' dir='ltr' id='par_1_78' title="bbox 301 4416 3532 4514">
     <span class='ocr_line' id='line_1_81' title="bbox 301 4416 3532 4514; baseline -0.002 -14"><span class='ocrx_word' id='word_1_578' title='bbox 301 4416 535 4514; x_wconf 43' lang='lat' dir='ltr'><strong>sun—5&#39;th</strong></span> <span class='ocrx_word' id='word_1_579' title='bbox 596 4416 763 4513; x_wconf 74' lang='lat' dir='ltr'><strong>super</strong></span> <span class='ocrx_word' id='word_1_580' title='bbox 823 4416 1171 4495; x_wconf 75' lang='lat' dir='ltr'><strong>fundamenta</strong></span> <span class='ocrx_word' id='word_1_581' title='bbox 1220 4436 1478 4503; x_wconf 62' lang='lat' dir='ltr'><strong>historia,</strong></span> <span class='ocrx_word' id='word_1_582' title='bbox 1505 4437 1552 4492; x_wconf 90' lang='lat' dir='ltr'><strong>si</strong></span> <span class='ocrx_word' id='word_1_583' title='bbox 1605 4432 1867 4490; x_wconf 77' lang='lat' dir='ltr'><strong>voluntati</strong></span> <span class='ocrx_word' id='word_1_584' title='bbox 1895 4416 1949 4477; x_wconf 81' lang='grc' dir='ltr'><strong>Ι)</strong></span> <span class='ocrx_word' id='word_1_585' title='bbox 1974 4440 2218 4499; x_wconf 80' lang='lat' dir='ltr'><strong>pretatur</strong></span> <span class='ocrx_word' id='word_1_586' title='bbox 2246 4430 2528 4502; x_wconf 75' lang='lat' dir='ltr'><strong>confusio;</strong></span> <span class='ocrx_word' id='word_1_587' title='bbox 2565 4446 2631 4487; x_wconf 89' lang='lat' dir='ltr'><strong>eo</strong></span> <span class='ocrx_word' id='word_1_588' title='bbox 2663 4436 2805 4501; x_wconf 88' lang='lat' dir='ltr'><strong>quod</strong></span> <span class='ocrx_word' id='word_1_589' title='bbox 2828 4432 2900 4489; x_wconf 88' lang='lat' dir='ltr'><strong>Ibi</strong></span> <span class='ocrx_word' id='word_1_590' title='bbox 2923 4435 3329 4501; x_wconf 69' lang='lat' dir='ltr'><strong>aediﬁcandum]</strong></span> <span class='ocrx_word' id='word_1_591' title='bbox 3342 4438 3532 4492; x_wconf 87' lang='lat' dir='ltr'><strong>turrim</strong></span> 
     </span>
    </p>
   </div>
   <div class='ocr_carea' id='block_1_79' title="bbox 299 4527 1859 4599">
    <p class='ocr_par' dir='ltr' id='par_1_79' title="bbox 299 4527 1859 4599">
     <span class='ocr_line' id='line_1_82' title="bbox 299 4527 1859 4599; baseline -0.012 0"><span class='ocrx_word' id='word_1_592' title='bbox 299 4551 497 4599; x_wconf 72' lang='lat' dir='ltr'><strong>nostra:</strong></span> <span class='ocrx_word' id='word_1_593' title='bbox 540 4536 790 4592; x_wconf 88' lang='lat' dir='ltr'><strong>Christus</strong></span> <span class='ocrx_word' id='word_1_594' title='bbox 852 4538 1136 4594; x_wconf 88' lang='lat' dir='ltr'><strong>annueret,</strong></span> <span class='ocrx_word' id='word_1_595' title='bbox 1195 4527 1474 4597; x_wconf 80' lang='lat' dir='ltr'><strong>spirituale</strong></span> <span class='ocrx_word' id='word_1_596' title='bbox 1521 4535 1859 4582; x_wconf 81' lang='lat' dir='ltr'><strong>exstruerem</strong></span> 
     </span>
    </p>
   </div>
   <div class='ocr_carea' id='block_1_80' title="bbox 295 4618 1864 4693">
    <p class='ocr_par' dir='ltr' id='par_1_80' title="bbox 295 4618 1864 4693">
     <span class='ocr_line' id='line_1_83' title="bbox 295 4618 1864 4693; baseline -0.008 -6"><span class='ocrx_word' id='word_1_597' title='bbox 295 4630 605 4693; x_wconf 63' lang='lat' dir='ltr'><strong>aedilicium,</strong></span> <span class='ocrx_word' id='word_1_598' title='bbox 639 4634 693 4679; x_wconf 82' lang='lat' dir='ltr'><strong>et</strong></span> <span class='ocrx_word' id='word_1_599' title='bbox 724 4620 977 4692; x_wconf 88' lang='lat' dir='ltr'><strong>imposito</strong></span> <span class='ocrx_word' id='word_1_600' title='bbox 1026 4620 1261 4675; x_wconf 88' lang='lat' dir='ltr'><strong>culmine</strong></span> <span class='ocrx_word' id='word_1_601' title='bbox 1308 4618 1559 4688; x_wconf 69' lang='lat' dir='ltr'><strong>perfectae</strong></span> <span class='ocrx_word' id='word_1_602' title='bbox 1608 4618 1864 4674; x_wconf 68' lang='lat' dir='ltr'><strong>Ecclesia:</strong></span> 
     </span>
    </p>
   </div>
   <div class='ocr_carea' id='block_1_81' title="bbox 297 4710 1864 4780">
    <p class='ocr_par' dir='ltr' id='par_1_81' title="bbox 297 4710 1864 4780">
     <span class='ocr_line' id='line_1_84' title="bbox 297 4710 1864 4780; baseline -0.005 -9"><span class='ocrx_word' id='word_1_603' title='bbox 297 4727 615 4775; x_wconf 69' lang='lat' dir='ltr'><strong>«rnamenta</strong></span> <span class='ocrx_word' id='word_1_604' title='bbox 645 4719 1023 4773; x_wconf 86' lang='lat' dir='ltr'><strong>monstrarem,</strong></span> <span class='ocrx_word' id='word_1_605' title='bbox 1058 4712 1160 4766; x_wconf 90' lang='lat' dir='ltr'><strong>hoc</strong></span> <span class='ocrx_word' id='word_1_606' title='bbox 1186 4710 1238 4765; x_wconf 90' lang='lat' dir='ltr'><strong>in</strong></span> <span class='ocrx_word' id='word_1_607' title='bbox 1282 4710 1633 4780; x_wconf 81' lang='lat' dir='ltr'><strong>sequentibus</strong></span> <span class='ocrx_word' id='word_1_608' title='bbox 1654 4710 1864 4765; x_wconf 85' lang='lat' dir='ltr'><strong>duobus</strong></span> 
     </span>
    </p>
   </div>
   <div class='ocr_carea' id='block_1_82' title="bbox 298 4803 1864 4878">
    <p class='ocr_par' dir='ltr' id='par_1_82' title="bbox 298 4803 1864 4878">
     <span class='ocr_line' id='line_1_85' title="bbox 298 4803 1864 4878; baseline -0.006 -12"><span class='ocrx_word' id='word_1_609' title='bbox 298 4812 473 4877; x_wconf 87' lang='lat' dir='ltr'><strong>libris,</strong></span> <span class='ocrx_word' id='word_1_610' title='bbox 507 4824 541 4863; x_wconf 90' lang='grc' dir='ltr'><strong>ο</strong></span> <span class='ocrx_word' id='word_1_611' title='bbox 569 4809 723 4878; x_wconf 83' lang='lat' dir='ltr'><strong>virgo</strong></span> <span class='ocrx_word' id='word_1_612' title='bbox 744 4804 955 4860; x_wconf 87' lang='lat' dir='ltr'><strong>Christi</strong></span> <span class='ocrx_word' id='word_1_613' title='bbox 974 4803 1346 4869; x_wconf 86' lang='lat' dir='ltr'><strong>Eustochium,</strong></span> <span class='ocrx_word' id='word_1_614' title='bbox 1374 4803 1712 4858; x_wconf 87' lang='lat' dir='ltr'><strong>orationibus</strong></span> <span class='ocrx_word' id='word_1_615' title='bbox 1734 4803 1864 4868; x_wconf 88' lang='lat' dir='ltr'><strong>tuis,</strong></span> 
     </span>
    </p>
   </div>
   <div class='ocr_carea' id='block_1_83' title="bbox 297 4894 1864 4960">
    <p class='ocr_par' dir='ltr' id='par_1_83' title="bbox 297 4894 1864 4960">
     <span class='ocr_line' id='line_1_86' title="bbox 297 4894 1864 4960; baseline -0.006 -2"><span class='ocrx_word' id='word_1_616' title='bbox 297 4913 351 4958; x_wconf 89' lang='lat' dir='ltr'><strong>et</strong></span> <span class='ocrx_word' id='word_1_617' title='bbox 391 4902 602 4956; x_wconf 86' lang='lat' dir='ltr'><strong>Domini</strong></span> <span class='ocrx_word' id='word_1_618' title='bbox 627 4896 1003 4956; x_wconf 87' lang='lat' dir='ltr'><strong>misericordia</strong></span> <span class='ocrx_word' id='word_1_619' title='bbox 1036 4894 1215 4950; x_wconf 75' lang='lat' dir='ltr'><strong>facere</strong></span> <span class='ocrx_word' id='word_1_620' title='bbox 1259 4895 1518 4960; x_wconf 89' lang='lat' dir='ltr'><strong>conabor,</strong></span> <span class='ocrx_word' id='word_1_621' title='bbox 1570 4904 1631 4949; x_wconf 92' lang='lat' dir='ltr'><strong>ut</strong></span> <span class='ocrx_word' id='word_1_622' title='bbox 1675 4894 1864 4950; x_wconf 89' lang='lat' dir='ltr'><strong>eodem</strong></span> 
     </span>
    </p>
   </div>
   <div class='ocr_carea' id='block_1_84' title="bbox 300 4986 1863 5063">
    <p class='ocr_par' dir='ltr' id='par_1_84' title="bbox 300 4986 1863 5063">
     <span class='ocr_line' id='line_1_87' title="bbox 300 4986 1863 5063; baseline -0.006 -14"><span class='ocrx_word' id='word_1_623' title='bbox 300 4997 482 5049; x_wconf 82' lang='lat' dir='ltr'><strong>labore</strong></span> <span class='ocrx_word' id='word_1_624' title='bbox 515 5008 623 5063; x_wconf 90' lang='lat' dir='ltr'><strong>quo</strong></span> <span class='ocrx_word' id='word_1_625' title='bbox 653 4992 880 5062; x_wconf 88' lang='lat' dir='ltr'><strong>quintus</strong></span> <span class='ocrx_word' id='word_1_626' title='bbox 915 4989 1051 5044; x_wconf 90' lang='lat' dir='ltr'><strong>liber</strong></span> <span class='ocrx_word' id='word_1_627' title='bbox 1097 4988 1377 5042; x_wconf 87' lang='lat' dir='ltr'><strong>historiam</strong></span> <span class='ocrx_word' id='word_1_628' title='bbox 1430 4986 1863 5056; x_wconf 81' lang='lat' dir='ltr'><strong>comprehendit,</strong></span> 
     </span>
    </p>
   </div>
   <div class='ocr_carea' id='block_1_85' title="bbox 299 5081 1864 5153">
    <p class='ocr_par' dir='ltr' id='par_1_85' title="bbox 299 5081 1864 5153">
     <span class='ocr_line' id='line_1_88' title="bbox 299 5081 1864 5153; baseline -0.006 -14"><span class='ocrx_word' id='word_1_629' title='bbox 299 5098 481 5139; x_wconf 62' lang='lat' dir='ltr'><strong>sextus</strong></span> <span class='ocrx_word' id='word_1_630' title='bbox 506 5094 559 5138; x_wconf 91' lang='lat' dir='ltr'><strong>et</strong></span> <span class='ocrx_word' id='word_1_631' title='bbox 588 5083 848 5153; x_wconf 87' lang='lat' dir='ltr'><strong>septimus</strong></span> <span class='ocrx_word' id='word_1_632' title='bbox 877 5081 1207 5151; x_wconf 81' lang='lat' dir='ltr'><strong>perstringat</strong></span> <span class='ocrx_word' id='word_1_633' title='bbox 1231 5092 1506 5148; x_wconf 87' lang='lat' dir='ltr'><strong>anagogen</strong></span> <span class='ocrx_word' id='word_1_634' title='bbox 1538 5093 1552 5134; x_wconf 90' lang='lat'><strong>:</strong></span> <span class='ocrx_word' id='word_1_635' title='bbox 1582 5092 1691 5132; x_wconf 90' lang='lat' dir='ltr'><strong>non</strong></span> <span class='ocrx_word' id='word_1_636' title='bbox 1745 5092 1864 5132; x_wconf 83' lang='lat' dir='ltr'><strong>om-</strong></span> 
     </span>
    </p>
   </div>
   <div class='ocr_carea' id='block_1_86' title="bbox 300 5171 1865 5239">
    <p class='ocr_par' dir='ltr' id='par_1_86' title="bbox 300 5171 1865 5239">
     <span class='ocr_line' id='line_1_89' title="bbox 300 5171 1865 5239; baseline -0.004 -9"><span class='ocrx_word' id='word_1_637' title='bbox 300 5177 388 5231; x_wconf 90' lang='lat' dir='ltr'><strong>nia</strong></span> <span class='ocrx_word' id='word_1_638' title='bbox 425 5176 771 5238; x_wconf 82' lang='lat' dir='ltr'><strong>disserentes,</strong></span> <span class='ocrx_word' id='word_1_639' title='bbox 807 5190 875 5229; x_wconf 90' lang='lat' dir='ltr'><strong>ue</strong></span> <span class='ocrx_word' id='word_1_640' title='bbox 902 5174 1068 5229; x_wconf 87' lang='lat' dir='ltr'><strong>multa</strong></span> <span class='ocrx_word' id='word_1_641' title='bbox 1100 5173 1231 5228; x_wconf 88' lang='lat' dir='ltr'><strong>liaut</strong></span> <span class='ocrx_word' id='word_1_642' title='bbox 1265 5172 1556 5235; x_wconf 85' lang='lat' dir='ltr'><strong>volumina,</strong></span> <span class='ocrx_word' id='word_1_643' title='bbox 1589 5171 1685 5225; x_wconf 85' lang='lat' dir='ltr'><strong>sed</strong></span> <span class='ocrx_word' id='word_1_644' title='bbox 1735 5171 1865 5239; x_wconf 87' lang='lat' dir='ltr'><strong>quid</strong></span> 
     </span>
    </p>
   </div>
   <div class='ocr_carea' id='block_1_87' title="bbox 298 5260 1865 5329">
    <p class='ocr_par' dir='ltr' id='par_1_87' title="bbox 298 5260 1865 5329">
     <span class='ocr_line' id='line_1_90' title="bbox 298 5260 1865 5329; baseline -0.006 -6"><span class='ocrx_word' id='word_1_645' title='bbox 298 5266 655 5323; x_wconf 86' lang='lat' dir='ltr'><strong>ecclesiastici</strong></span> <span class='ocrx_word' id='word_1_646' title='bbox 696 5266 797 5320; x_wconf 84' lang='lat' dir='ltr'><strong>viri</strong></span> <span class='ocrx_word' id='word_1_647' title='bbox 830 5275 958 5321; x_wconf 83' lang='lat' dir='ltr'><strong>ante</strong></span> <span class='ocrx_word' id='word_1_648' title='bbox 997 5279 1097 5321; x_wconf 88' lang='lat' dir='ltr'><strong>nos</strong></span> <span class='ocrx_word' id='word_1_649' title='bbox 1146 5264 1441 5329; x_wconf 89' lang='lat' dir='ltr'><strong>senserint,</strong></span> <span class='ocrx_word' id='word_1_650' title='bbox 1487 5260 1726 5319; x_wconf 82' lang='lat' dir='ltr'><strong>breviter</strong></span> <span class='ocrx_word' id='word_1_651' title='bbox 1782 5260 1865 5315; x_wconf 85' lang='lat' dir='ltr'><strong>in-</strong></span> 
     </span>
    </p>
   </div>
   <div class='ocr_carea' id='block_1_88' title="bbox 296 5359 689 5415">
    <p class='ocr_par' dir='ltr' id='par_1_88' title="bbox 296 5359 689 5415">
     <span class='ocr_line' id='line_1_91' title="bbox 296 5359 689 5415; baseline 0.005 -5"><span class='ocrx_word' id='word_1_652' title='bbox 296 5359 563 5415; x_wconf 78' lang='lat' dir='ltr'><strong>dicentes.</strong></span> <span class='ocrx_word' id='word_1_653' title='bbox 680 5362 689 5369; x_wconf 75' lang='grc'><strong>’</strong></span> 
     </span>
    </p>
   </div>
   <div class='ocr_carea' id='block_1_89' title="bbox 369 5445 1863 5521">
    <p class='ocr_par' dir='ltr' id='par_1_89' title="bbox 369 5445 1863 5521">
     <span class='ocr_line' id='line_1_92' title="bbox 369 5445 1863 5521; baseline -0.001 -19"><span class='ocrx_word' id='word_1_654' title='bbox 369 5452 525 5521; x_wconf 83' lang='lat' dir='ltr'><strong>(Cap.</strong></span> <span class='ocrx_word' id='word_1_655' title='bbox 559 5448 698 5505; x_wconf 76' lang='lat' dir='ltr'><strong>XIII.</strong></span> <span class='ocrx_word' id='word_1_656' title='bbox 729 5475 797 5488; x_wconf 92' lang='lat'>—</span> <span class='ocrx_word' id='word_1_657' title='bbox 826 5445 981 5502; x_wconf 80' lang='lat' dir='ltr'><strong>Vers.</strong></span> <span class='ocrx_word' id='word_1_658' title='bbox 1020 5447 1098 5517; x_wconf 87' lang='grc'><strong>1.)</strong></span> <span class='ocrx_word' id='word_1_659' title='bbox 1131 5468 1148 5500; x_wconf 79' lang='grc' dir='ltr'><strong>ι</strong></span> <span class='ocrx_word' id='word_1_660' title='bbox 1185 5448 1338 5504; x_wconf 88' lang='lat' dir='ltr'><strong>Onus</strong></span> <span class='ocrx_word' id='word_1_661' title='bbox 1367 5462 1463 5503; x_wconf 89' lang='lat' dir='ltr'><strong>seu</strong></span> <span class='ocrx_word' id='word_1_662' title='bbox 1516 5447 1651 5502; x_wconf 81' lang='lat' dir='ltr'><strong>visio</strong></span> <span class='ocrx_word' id='word_1_663' title='bbox 1679 5456 1863 5502; x_wconf 89' lang='lat' dir='ltr'><strong>contra</strong></span> 
     </span>
    </p>
   </div>
   <div class='ocr_carea' id='block_1_90' title="bbox 302 5538 1868 5615">
    <p class='ocr_par' dir='ltr' id='par_1_90' title="bbox 302 5538 1868 5615">
     <span class='ocr_line' id='line_1_93' title="bbox 302 5538 1868 5615; baseline -0.001 -20"><span class='ocrx_word' id='word_1_664' title='bbox 302 5542 624 5615; x_wconf 62' lang='lat' dir='ltr'><strong>Babylonem</strong></span> <span class='ocrx_word' id='word_1_665' title='bbox 670 5556 832 5613; x_wconf 82' lang='lat' dir='ltr'><strong>qua&#39;n</strong></span> <span class='ocrx_word' id='word_1_666' title='bbox 867 5539 999 5594; x_wconf 89' lang='lat' dir='ltr'><strong>vidit</strong></span> <span class='ocrx_word' id='word_1_667' title='bbox 1025 5540 1190 5595; x_wconf 89' lang='lat' dir='ltr'><strong>Isaias</strong></span> <span class='ocrx_word' id='word_1_668' title='bbox 1234 5541 1377 5596; x_wconf 72' lang='lat' dir='ltr'><strong>[ilius</strong></span> <span class='ocrx_word' id='word_1_669' title='bbox 1419 5541 1606 5595; x_wconf 83' lang='lat' dir='ltr'><strong>Amos.</strong></span> <span class='ocrx_word' id='word_1_670' title='bbox 1650 5558 1669 5592; x_wconf 74' lang='grc' dir='ltr'><strong>ι</strong></span> <span class='ocrx_word' id='word_1_671' title='bbox 1721 5538 1868 5593; x_wconf 84' lang='lat' dir='ltr'><strong>Vidit</strong></span> 
     </span>
    </p>
   </div>
   <div class='ocr_carea' id='block_1_91' title="bbox 301 5631 1864 5701">
    <p class='ocr_par' dir='ltr' id='par_1_91' title="bbox 301 5631 1864 5701">
     <span class='ocr_line' id='line_1_94' title="bbox 301 5631 1864 5701; baseline -0.004 -10"><span class='ocrx_word' id='word_1_672' title='bbox 301 5654 407 5691; x_wconf 89' lang='lat' dir='ltr'><strong>non</strong></span> <span class='ocrx_word' id='word_1_673' title='bbox 435 5636 640 5701; x_wconf 81' lang='lat' dir='ltr'><strong>carnis,</strong></span> <span class='ocrx_word' id='word_1_674' title='bbox 677 5638 770 5689; x_wconf 84' lang='lat' dir='ltr'><strong>sed</strong></span> <span class='ocrx_word' id='word_1_675' title='bbox 816 5632 1011 5687; x_wconf 88' lang='lat' dir='ltr'><strong>mentis</strong></span> <span class='ocrx_word' id='word_1_676' title='bbox 1040 5631 1234 5697; x_wconf 89' lang='lat' dir='ltr'><strong>oculis,</strong></span> <span class='ocrx_word' id='word_1_677' title='bbox 1281 5647 1439 5701; x_wconf 88' lang='lat' dir='ltr'><strong>quam</strong></span> <span class='ocrx_word' id='word_1_678' title='bbox 1498 5631 1700 5701; x_wconf 85' lang='lat' dir='ltr'><strong>grande</strong></span> <span class='ocrx_word' id='word_1_679' title='bbox 1746 5646 1864 5685; x_wconf 82' lang='lat' dir='ltr'><strong>ma-</strong></span> 
     </span>
    </p>
   </div>
   <div class='ocr_carea' id='block_1_92' title="bbox 304 5721 1864 5801">
    <p class='ocr_par' dir='ltr' id='par_1_92' title="bbox 304 5721 1864 5801">
     <span class='ocr_line' id='line_1_95' title="bbox 304 5721 1864 5801; baseline -0.005 -18"><span class='ocrx_word' id='word_1_680' title='bbox 304 5744 575 5801; x_wconf 80' lang='lat' dir='ltr'><strong>gnumque</strong></span> <span class='ocrx_word' id='word_1_681' title='bbox 604 5728 812 5797; x_wconf 88' lang='lat' dir='ltr'><strong>pondus</strong></span> <span class='ocrx_word' id='word_1_682' title='bbox 845 5722 1105 5795; x_wconf 85' lang='lat' dir='ltr'><strong>Babyloni</strong></span> <span class='ocrx_word' id='word_1_683' title='bbox 1137 5722 1205 5777; x_wconf 87' lang='lat' dir='ltr'><strong>sit</strong></span> <span class='ocrx_word' id='word_1_684' title='bbox 1228 5723 1633 5792; x_wconf 84' lang='lat' dir='ltr'><strong>imponendum.</strong></span> <span class='ocrx_word' id='word_1_685' title='bbox 1658 5721 1721 5775; x_wconf 86' lang='lat' dir='ltr'><strong>Et</strong></span> <span class='ocrx_word' id='word_1_686' title='bbox 1741 5721 1864 5791; x_wconf 83' lang='lat' dir='ltr'><strong>quia</strong></span> 
     </span>
    </p>
   </div>
   <div class='ocr_carea' id='block_1_93' title="bbox 1968 4523 3534 4594">
    <p class='ocr_par' dir='ltr' id='par_1_93' title="bbox 1968 4523 3534 4594">
     <span class='ocr_line' id='line_1_96' title="bbox 1968 4523 3534 4594; baseline 0.005 -17"><span class='ocrx_word' id='word_1_687' title='bbox 1968 4536 2149 4578; x_wconf 81' lang='lat' dir='ltr'><strong>sermo</strong></span> <span class='ocrx_word' id='word_1_688' title='bbox 2178 4523 2438 4579; x_wconf 81' lang='lat' dir='ltr'><strong>confusus</strong></span> <span class='ocrx_word' id='word_1_689' title='bbox 2467 4524 2559 4589; x_wconf 87' lang='lat' dir='ltr'><strong>sit,</strong></span> <span class='ocrx_word' id='word_1_690' title='bbox 2599 4524 2949 4594; x_wconf 85' lang='lat' dir='ltr'><strong>spiritualiter</strong></span> <span class='ocrx_word' id='word_1_691' title='bbox 2982 4530 3213 4584; x_wconf 87' lang='lat' dir='ltr'><strong>mundus</strong></span> <span class='ocrx_word' id='word_1_692' title='bbox 3237 4532 3339 4585; x_wconf 88' lang='lat' dir='ltr'><strong>iste</strong></span> <span class='ocrx_word' id='word_1_693' title='bbox 3373 4530 3534 4585; x_wconf 79' lang='lat' dir='ltr'><strong>intel-</strong></span> 
     </span>
    </p>
   </div>
   <div class='ocr_carea' id='block_1_94' title="bbox 1966 4614 3530 4686">
    <p class='ocr_par' dir='ltr' id='par_1_94' title="bbox 1966 4614 3530 4686">
     <span class='ocr_line' id='line_1_97' title="bbox 1966 4614 3530 4686; baseline 0.004 -18"><span class='ocrx_word' id='word_1_694' title='bbox 1966 4614 2171 4685; x_wconf 87' lang='lat' dir='ltr'><strong>ligitur,</strong></span> <span class='ocrx_word' id='word_1_695' title='bbox 2199 4615 2291 4685; x_wconf 90' lang='lat' dir='ltr'><strong>qui</strong></span> <span class='ocrx_word' id='word_1_696' title='bbox 2328 4616 2381 4669; x_wconf 90' lang='lat' dir='ltr'><strong>in</strong></span> <span class='ocrx_word' id='word_1_697' title='bbox 2419 4616 2658 4685; x_wconf 87' lang='lat' dir='ltr'><strong>maligno</strong></span> <span class='ocrx_word' id='word_1_698' title='bbox 2701 4617 2907 4686; x_wconf 88' lang='lat' dir='ltr'><strong>positus</strong></span> <span class='ocrx_word' id='word_1_699' title='bbox 2956 4629 3059 4685; x_wconf 89' lang='lat' dir='ltr'><strong>est,</strong></span> <span class='ocrx_word' id='word_1_700' title='bbox 3106 4628 3161 4675; x_wconf 88' lang='lat' dir='ltr'><strong>et</strong></span> <span class='ocrx_word' id='word_1_701' title='bbox 3207 4637 3312 4677; x_wconf 86' lang='lat' dir='ltr'><strong>non</strong></span> <span class='ocrx_word' id='word_1_702' title='bbox 3356 4622 3530 4676; x_wconf 87' lang='lat' dir='ltr'><strong>solum</strong></span> 
     </span>
    </p>
   </div>
   <div class='ocr_carea' id='block_1_95' title="bbox 1967 4702 3532 4779">
    <p class='ocr_par' dir='ltr' id='par_1_95' title="bbox 1967 4702 3532 4779">
     <span class='ocr_line' id='line_1_98' title="bbox 1967 4702 3532 4779; baseline 0.006 -22"><span class='ocrx_word' id='word_1_703' title='bbox 1967 4702 2196 4771; x_wconf 82' lang='lat' dir='ltr'><strong>linguas,</strong></span> <span class='ocrx_word' id='word_1_704' title='bbox 2233 4704 2326 4759; x_wconf 86' lang='lat' dir='ltr'><strong>sed</strong></span> <span class='ocrx_word' id='word_1_705' title='bbox 2358 4718 2523 4774; x_wconf 83' lang='lat' dir='ltr'><strong>opera</strong></span> <span class='ocrx_word' id='word_1_706' title='bbox 2557 4706 2891 4775; x_wconf 87' lang='lat' dir='ltr'><strong>singulorum</strong></span> <span class='ocrx_word' id='word_1_707' title='bbox 2954 4718 3269 4779; x_wconf 87' lang='lat' dir='ltr'><strong>mentesque</strong></span> <span class='ocrx_word' id='word_1_708' title='bbox 3301 4713 3532 4766; x_wconf 79' lang='lat' dir='ltr'><strong>confun-</strong></span> 
     </span>
    </p>
   </div>
   <div class='ocr_carea' id='block_1_96' title="bbox 1965 4790 3534 4864">
    <p class='ocr_par' dir='ltr' id='par_1_96' title="bbox 1965 4790 3534 4864">
     <span class='ocr_line' id='line_1_99' title="bbox 1965 4790 3534 4864; baseline 0.006 -17"><span class='ocrx_word' id='word_1_709' title='bbox 1965 4792 2065 4847; x_wconf 88' lang='lat' dir='ltr'><strong>dit.</strong></span> <span class='ocrx_word' id='word_1_710' title='bbox 2096 4790 2268 4862; x_wconf 89' lang='lat' dir='ltr'><strong>Ilujus</strong></span> <span class='ocrx_word' id='word_1_711' title='bbox 2308 4793 2595 4864; x_wconf 85' lang='lat' dir='ltr'><strong>Babylonis</strong></span> <span class='ocrx_word' id='word_1_712' title='bbox 2649 4811 2741 4851; x_wconf 78' lang='lat' dir='ltr'><strong>res</strong></span> <span class='ocrx_word' id='word_1_713' title='bbox 2766 4806 2852 4850; x_wconf 88' lang='lat' dir='ltr'><strong>est</strong></span> <span class='ocrx_word' id='word_1_714' title='bbox 2879 4813 3039 4852; x_wconf 83' lang='lat' dir='ltr'><strong>verus</strong></span> <span class='ocrx_word' id='word_1_715' title='bbox 3094 4799 3534 4855; x_wconf 84' lang='lat' dir='ltr'><strong>Nabuchodono-</strong></span> 
     </span>
    </p>
   </div>
   <div class='ocr_carea' id='block_1_97' title="bbox 1966 4884 3533 4959">
    <p class='ocr_par' dir='ltr' id='par_1_97' title="bbox 1966 4884 3533 4959">
     <span class='ocr_line' id='line_1_100' title="bbox 1966 4884 3533 4959; baseline 0.005 -20"><span class='ocrx_word' id='word_1_716' title='bbox 1966 4899 2075 4947; x_wconf 88' lang='lat' dir='ltr'><strong>sor,</strong></span> <span class='ocrx_word' id='word_1_717' title='bbox 2104 4895 2293 4939; x_wconf 85' lang='lat' dir='ltr'><strong>contra</strong></span> <span class='ocrx_word' id='word_1_718' title='bbox 2325 4884 2612 4941; x_wconf 78' lang='lat' dir='ltr'><strong>Dominum</strong></span> <span class='ocrx_word' id='word_1_719' title='bbox 2638 4890 2978 4957; x_wconf 89' lang='lat' dir='ltr'><strong>superbiens,</strong></span> <span class='ocrx_word' id='word_1_720' title='bbox 3008 4892 3099 4959; x_wconf 87' lang='lat' dir='ltr'><strong>qui</strong></span> <span class='ocrx_word' id='word_1_721' title='bbox 3125 4891 3258 4945; x_wconf 82' lang='lat' dir='ltr'><strong>dicit</strong></span> <span class='ocrx_word' id='word_1_722' title='bbox 3285 4892 3336 4946; x_wconf 88' lang='lat' dir='ltr'><strong>in</strong></span> <span class='ocrx_word' id='word_1_723' title='bbox 3372 4895 3533 4947; x_wconf 90' lang='lat' dir='ltr'><strong>corde</strong></span> 
     </span>
    </p>
   </div>
   <div class='ocr_carea' id='block_1_98' title="bbox 1965 4975 3531 5050">
    <p class='ocr_par' dir='ltr' id='par_1_98' title="bbox 1965 4975 3531 5050">
     <span class='ocr_line' id='line_1_101' title="bbox 1965 4975 3531 5050; baseline 0.003 -21"><span class='ocrx_word' id='word_1_724' title='bbox 1965 4991 2063 5029; x_wconf 88' lang='lat' dir='ltr'><strong>suo</strong></span> <span class='ocrx_word' id='word_1_725' title='bbox 2096 4991 2111 5030; x_wconf 88' lang='lat'><strong>:</strong></span> <span class='ocrx_word' id='word_1_726' title='bbox 2150 4975 2214 5029; x_wconf 79' lang='lat' dir='ltr'><strong>In</strong></span> <span class='ocrx_word' id='word_1_727' title='bbox 2245 4977 2432 5031; x_wconf 68' lang='lat' dir='ltr'><strong>calum</strong></span> <span class='ocrx_word' id='word_1_728' title='bbox 2461 4978 2765 5043; x_wconf 80' lang='lat' dir='ltr'><strong>ascendam,</strong></span> <span class='ocrx_word' id='word_1_729' title='bbox 2796 4995 2952 5049; x_wconf 80' lang='lat' dir='ltr'><strong>super</strong></span> <span class='ocrx_word' id='word_1_730' title='bbox 2972 4980 3147 5035; x_wconf 79' lang='lat' dir='ltr'><strong>sidera</strong></span> <span class='ocrx_word' id='word_1_731' title='bbox 3188 4983 3306 5036; x_wconf 71' lang='lat' dir='ltr'><strong>costi</strong></span> <span class='ocrx_word' id='word_1_732' title='bbox 3339 4997 3531 5050; x_wconf 80' lang='lat' dir='ltr'><strong>ponam</strong></span> 
     </span>
    </p>
   </div>
   <div class='ocr_carea' id='block_1_99' title="bbox 1966 5068 3532 5129">
    <p class='ocr_par' dir='ltr' id='par_1_99' title="bbox 1966 5068 3532 5129">
     <span class='ocr_line' id='line_1_102' title="bbox 1966 5068 3532 5129; baseline 0.006 -10"><span class='ocrx_word' id='word_1_733' title='bbox 1966 5068 2154 5123; x_wconf 79' lang='lat' dir='ltr'><strong>solium</strong></span> <span class='ocrx_word' id='word_1_734' title='bbox 2185 5084 2391 5122; x_wconf 81' lang='lat' dir='ltr'><strong>meum:</strong></span> <span class='ocrx_word' id='word_1_735' title='bbox 2422 5069 2608 5123; x_wconf 83' lang='lat' dir='ltr'><strong>sedebo</strong></span> <span class='ocrx_word' id='word_1_736' title='bbox 2646 5069 2700 5122; x_wconf 79' lang='lat' dir='ltr'><strong>in</strong></span> <span class='ocrx_word' id='word_1_737' title='bbox 2730 5081 2907 5125; x_wconf 81' lang='lat' dir='ltr'><strong>monts</strong></span> <span class='ocrx_word' id='word_1_738' title='bbox 2939 5070 3259 5128; x_wconf 77' lang='lat' dir='ltr'><strong>Testamenti</strong></span> <span class='ocrx_word' id='word_1_739' title='bbox 3296 5078 3350 5129; x_wconf 85' lang='lat' dir='ltr'><strong>in</strong></span> <span class='ocrx_word' id='word_1_740' title='bbox 3393 5076 3532 5128; x_wconf 82' lang='lat' dir='ltr'><strong>late-</strong></span> 
     </span>
    </p>
   </div>
   <div class='ocr_carea' id='block_1_100' title="bbox 1968 5160 3526 5232">
    <p class='ocr_par' dir='ltr' id='par_1_100' title="bbox 1968 5160 3526 5232">
     <span class='ocr_line' id='line_1_103' title="bbox 1968 5160 3526 5232; baseline 0.005 -21"><span class='ocrx_word' id='word_1_741' title='bbox 1968 5160 2112 5212; x_wconf 88' lang='lat' dir='ltr'><strong>ribus</strong></span> <span class='ocrx_word' id='word_1_742' title='bbox 2160 5160 2441 5229; x_wconf 84' lang='lat' dir='ltr'><strong>aquilonis,</strong></span> <span class='ocrx_word' id='word_1_743' title='bbox 2462 5160 2742 5218; x_wconf 73' lang='lat' dir='ltr'><strong>ascendam</strong></span> <span class='ocrx_word' id='word_1_744' title='bbox 2762 5178 2918 5231; x_wconf 84' lang='lat' dir='ltr'><strong>super</strong></span> <span class='ocrx_word' id='word_1_745' title='bbox 2937 5166 3269 5219; x_wconf 79' lang='lat' dir='ltr'><strong>altitudinem</strong></span> <span class='ocrx_word' id='word_1_746' title='bbox 3291 5168 3526 5232; x_wconf 79' lang='lat' dir='ltr'><strong>nubium,</strong></span> 
     </span>
    </p>
   </div>
   <div class='ocr_carea' id='block_1_101' title="bbox 1964 5259 3532 5328">
    <p class='ocr_par' dir='ltr' id='par_1_101' title="bbox 1964 5259 3532 5328">
     <span class='ocr_line' id='line_1_104' title="bbox 1964 5259 3532 5328; baseline 0.002 -14"><span class='ocrx_word' id='word_1_747' title='bbox 1964 5277 2051 5315; x_wconf 87' lang='lat' dir='ltr'><strong>ero</strong></span> <span class='ocrx_word' id='word_1_748' title='bbox 2080 5259 2268 5315; x_wconf 84' lang='lat' dir='ltr'><strong>similis</strong></span> <span class='ocrx_word' id='word_1_749' title='bbox 2299 5260 2594 5315; x_wconf 78' lang='lat' dir='ltr'><strong>Altissimo.</strong></span> <span class='ocrx_word' id='word_1_750' title='bbox 2631 5259 2741 5314; x_wconf 87' lang='lat' dir='ltr'><strong>Iste</strong></span> <span class='ocrx_word' id='word_1_751' title='bbox 2768 5270 2851 5315; x_wconf 91' lang='lat' dir='ltr'><strong>est</strong></span> <span class='ocrx_word' id='word_1_752' title='bbox 2882 5260 2973 5328; x_wconf 89' lang='lat' dir='ltr'><strong>qui</strong></span> <span class='ocrx_word' id='word_1_753' title='bbox 3026 5261 3262 5315; x_wconf 72' lang='lat' dir='ltr'><strong>Ostendit</strong></span> <span class='ocrx_word' id='word_1_754' title='bbox 3303 5261 3532 5317; x_wconf 83' lang='lat' dir='ltr'><strong>Domino</strong></span> 
     </span>
    </p>
   </div>
   <div class='ocr_carea' id='block_1_102' title="bbox 1966 5352 3529 5422">
    <p class='ocr_par' dir='ltr' id='par_1_102' title="bbox 1966 5352 3529 5422">
     <span class='ocr_line' id='line_1_105' title="bbox 1966 5352 3529 5422; baseline -0.003 -13"><span class='ocrx_word' id='word_1_755' title='bbox 1966 5355 2215 5409; x_wconf 87' lang='lat' dir='ltr'><strong>universa</strong></span> <span class='ocrx_word' id='word_1_756' title='bbox 2257 5368 2420 5422; x_wconf 84' lang='lat' dir='ltr'><strong>regna</strong></span> <span class='ocrx_word' id='word_1_757' title='bbox 2472 5352 2681 5417; x_wconf 85' lang='lat' dir='ltr'><strong>mundi,</strong></span> <span class='ocrx_word' id='word_1_758' title='bbox 2742 5362 2797 5408; x_wconf 91' lang='lat' dir='ltr'><strong>et</strong></span> <span class='ocrx_word' id='word_1_759' title='bbox 2839 5354 2974 5407; x_wconf 81' lang='lat' dir='ltr'><strong>dixit</strong></span> <span class='ocrx_word' id='word_1_760' title='bbox 3028 5354 3126 5407; x_wconf 88' lang='lat' dir='ltr'><strong>ei:</strong></span> <span class='ocrx_word' id='word_1_761' title='bbox 3188 5352 3315 5407; x_wconf 69' lang='lat' dir='ltr'><strong>Haao</strong></span> <span class='ocrx_word' id='word_1_762' title='bbox 3356 5355 3529 5407; x_wconf 74' lang='lat' dir='ltr'><strong>omnia</strong></span> 
     </span>
    </p>
   </div>
   <div class='ocr_carea' id='block_1_103' title="bbox 1967 5444 3530 5510">
    <p class='ocr_par' dir='ltr' id='par_1_103' title="bbox 1967 5444 3530 5510">
     <span class='ocr_line' id='line_1_106' title="bbox 1967 5444 3530 5510; baseline 0 -11"><span class='ocrx_word' id='word_1_763' title='bbox 1967 5447 2094 5499; x_wconf 81' lang='lat' dir='ltr'><strong>mihi</strong></span> <span class='ocrx_word' id='word_1_764' title='bbox 2124 5446 2323 5497; x_wconf 85' lang='lat' dir='ltr'><strong>tradita</strong></span> <span class='ocrx_word' id='word_1_765' title='bbox 2350 5454 2491 5508; x_wconf 79' lang='lat' dir='ltr'><strong>sunt,</strong></span> <span class='ocrx_word' id='word_1_766' title='bbox 2525 5455 2573 5497; x_wconf 86' lang='lat' dir='ltr'><strong>et</strong></span> <span class='ocrx_word' id='word_1_767' title='bbox 2612 5445 2705 5497; x_wconf 75' lang='lat' dir='ltr'><strong>tibi</strong></span> <span class='ocrx_word' id='word_1_768' title='bbox 2734 5444 2889 5510; x_wconf 79' lang='lat' dir='ltr'><strong>dabo,</strong></span> <span class='ocrx_word' id='word_1_769' title='bbox 2923 5448 2967 5497; x_wconf 77' lang='lat' dir='ltr'><strong>si</strong></span> <span class='ocrx_word' id='word_1_770' title='bbox 2994 5446 3185 5499; x_wconf 84' lang='lat' dir='ltr'><strong>cadens</strong></span> <span class='ocrx_word' id='word_1_771' title='bbox 3225 5445 3530 5499; x_wconf 79' lang='lat' dir='ltr'><strong>adoraveris</strong></span> 
     </span>
    </p>
   </div>
   <div class='ocr_carea' id='block_1_104' title="bbox 1966 5534 3528 5607">
    <p class='ocr_par' dir='ltr' id='par_1_104' title="bbox 1966 5534 3528 5607">
     <span class='ocr_line' id='line_1_107' title="bbox 1966 5534 3528 5607; baseline 0.002 -17"><span class='ocrx_word' id='word_1_772' title='bbox 1966 5554 2045 5593; x_wconf 85' lang='lat' dir='ltr'><strong>me</strong></span> <span class='ocrx_word' id='word_1_773' title='bbox 2072 5536 2285 5607; x_wconf 74' lang='lat' dir='ltr'><strong>(Matth.</strong></span> <span class='ocrx_word' id='word_1_774' title='bbox 2320 5537 2493 5606; x_wconf 84' lang='lat' dir='ltr'><strong>IV,9).</strong></span> <span class='ocrx_word' id='word_1_775' title='bbox 2529 5534 2772 5605; x_wconf 88' lang='lat' dir='ltr'><strong>Denique</strong></span> <span class='ocrx_word' id='word_1_776' title='bbox 2803 5537 2854 5589; x_wconf 91' lang='lat' dir='ltr'><strong>in</strong></span> <span class='ocrx_word' id='word_1_777' title='bbox 2886 5537 3341 5605; x_wconf 88' lang='lat' dir='ltr'><strong>consequentibus</strong></span> <span class='ocrx_word' id='word_1_778' title='bbox 3367 5535 3528 5606; x_wconf 78' lang='lat'><strong>235</strong></span> 
     </span>
    </p>
   </div>
   <div class='ocr_carea' id='block_1_105' title="bbox 1968 5625 3530 5697">
    <p class='ocr_par' dir='ltr' id='par_1_105' title="bbox 1968 5625 3530 5697">
     <span class='ocr_line' id='line_1_108' title="bbox 1968 5625 3530 5697; baseline -0.003 -15"><span class='ocrx_word' id='word_1_779' title='bbox 1968 5642 2307 5697; x_wconf 85' lang='lat' dir='ltr'><strong>nequaquam</strong></span> <span class='ocrx_word' id='word_1_780' title='bbox 2348 5636 2536 5681; x_wconf 88' lang='lat' dir='ltr'><strong>contra</strong></span> <span class='ocrx_word' id='word_1_781' title='bbox 2578 5625 2927 5696; x_wconf 84' lang='lat' dir='ltr'><strong>Babylonem,</strong></span> <span class='ocrx_word' id='word_1_782' title='bbox 2963 5627 3057 5681; x_wconf 86' lang='lat' dir='ltr'><strong>sed</strong></span> <span class='ocrx_word' id='word_1_783' title='bbox 3105 5636 3293 5681; x_wconf 88' lang='lat' dir='ltr'><strong>contra</strong></span> <span class='ocrx_word' id='word_1_784' title='bbox 3344 5626 3530 5680; x_wconf 74' lang='lat' dir='ltr'><strong>orbein</strong></span> 
     </span>
    </p>
   </div>
   <div class='ocr_carea' id='block_1_106' title="bbox 1968 5717 3531 5787">
    <p class='ocr_par' dir='ltr' id='par_1_106' title="bbox 1968 5717 3531 5787">
     <span class='ocr_line' id='line_1_109' title="bbox 1968 5717 3531 5787; baseline -0.003 -13"><span class='ocrx_word' id='word_1_785' title='bbox 1968 5731 2233 5775; x_wconf 85' lang='lat' dir='ltr'><strong>terrarum</strong></span> <span class='ocrx_word' id='word_1_786' title='bbox 2263 5718 2613 5777; x_wconf 87' lang='lat' dir='ltr'><strong>comminatio</strong></span> <span class='ocrx_word' id='word_1_787' title='bbox 2641 5727 2744 5775; x_wconf 90' lang='lat' dir='ltr'><strong>est.</strong></span> <span class='ocrx_word' id='word_1_788' title='bbox 2784 5719 3044 5775; x_wconf 87' lang='lat' dir='ltr'><strong>Dominus</strong></span> <span class='ocrx_word' id='word_1_789' title='bbox 3100 5717 3339 5775; x_wconf 75' lang='lat' dir='ltr'><strong>Sabaoth</strong></span> <span class='ocrx_word' id='word_1_790' title='bbox 3395 5730 3531 5787; x_wconf 75' lang='lat' dir='ltr'><strong>prs:-</strong></span> 
     </span>
    </p>
   </div>
  </div>
