3898 6184
241 297 351 364 213

763 296 1262 359 COMMENTAR.
1308 300 1387 358 IN
1440 299 1707 361 [SAIAM
1748 301 2211 362 PROPHE'I‘AM
2248 303 2392 365 LIB.
2441 304 2539 378 VI,
2571 303 2737 365 CAP.
2768 302 2941 364 Xlll.

3401 272 3506 369 ait

248 408 561 479 cepit-genti
595 405 1046 469 bellicosissima,
1078 414 1137 459 ut
1172 406 1353 462 veniat
1392 408 1462 462 de
1516 418 1657 465 terra
1712 411 1829 465 Ion.
1858 422 1903 477 Α
1933 412 2134 468 ctlllcat
2162 422 2217 468 et
2245 414 2337 483 qui
2374 410 2803 474 sanctiﬁcantur,
2857 426 2923 467 ex
2961 425 3068 465 uuo
3121 424 3309 467 omnes
3372 416 3502 468 sint.

244 504 449 571 ginqua
499 512 533 553 a
587 496 902 551 summitate
961 496 1110 559 cteli.
1172 507 1234 552 ut
1309 499 1586 569 disperdat
1642 505 1829 556 urbem

246 606 548 649 terrarum.
585 590 654 644 Et
684 591 880 644 iterum
919 605 935 642 :
968 588 1104 644 Ecce
1149 590 1263 646 dies
1317 596 1458 646 venit
1517 594 1832 651 insanabilis

245 687 451 757 furoris
486 686 680 748 etim,
711 691 768 734 ut
798 691 961 744 ponat
1008 682 1183 736 orbem
1241 692 1505 737 terrarum
1540 686 1832 752 desertum,

244 788 295 832 et
330 786 628 843 peccatores
670 774 941 840 disperdat
995 789 1059 827 ea:
1108 789 1190 828 eo.
1241 775 1318 828 Ac
1371 776 1569 831 deinde
1612 792 1629 832 :
1681 776 1836 832 Prat-

247 870 448 939 cipiant
483 868 598 922 orbi
628 875 891 921 terrarum
919 867 1163 921 universo
1202 866 1368 933 mala,
1396 878 1444 923 et
1494 869 1669 937 impiis
1707 875 1839 938 'pec-

249 974 376 1016 cata
402 977 525 1015 sua.
560 959 643 1014 Ex
676 958 872 1027 quibus
907 957 1191 1027 probatur,
1220 960 1405 1013 omnia
1434 976 1555 1029 qua:
1582 962 1839 1016 dicuntur

250 1065 444 1107 contra
472 1049 827 1120 Babylonem,
856 1050 928 1105 ad
961 1050 1146 1106 mundi
1176 1052 1338 1123 hujus
1362 1051 1741 1109 confusionem
1783 1061 1838 1109 et

248 1142 531 1199 interitum
563 1140 855 1212 pertinere.

322 1234 507 1303 (Vere.
529 1233 611 1303 2.)
635 1251 653 1285 ι
684 1231 861 1301 Super
876 1241 1116 1288 montem
1143 1233 1526 1303 caliginosum,
1550 1237 1665 1291 sive
1688 1252 1840 1292 cam-

255 1334 525 1394 pestrem.
559 1322 736 1377 levate
760 1322 1000 1392 signum.
1036 1339 1057 1374 ι
1092 1324 1369 1390 Apostolis
1427 1328 1739 1395 praccipitur
1785 1338 1841 1379 et

251 1416 568 1486 apostolicis
634 1415 769 1470 viris
799 1429 862 1467 ac
886 1415 1161 1483 magistris
1194 1415 1581 1480 Ecclesiarum,
1607 1427 1666 1471 ut
1686 1417 1844 1471 dimi-

254 1507 432 1561 caturi
464 1515 655 1561 contra
686 1506 1045 1577 Babylonem,
1064 1507 1279 1577 signum
1304 1510 1523 1565 elevem
1548 1508 1842 1565 Dorninica

253 1598 464 1665 crucis,
500 1613 606 1653 non
629 1597 684 1652 in
714 1597 908 1653 humili
945 1596 1086 1666 loco,
1115 1610 1169 1653 et
1201 1599 1257 1653 in
1291 1601 1559 1656 demersis
1583 1600 1839 1666 vallibus,

256 1690 355 1745 sed
387 1691 440 1744 in
473 1700 657 1746 monte
702 1691 1018 1761 caliginoso.
1069 1693 1185 1748 sive
1235 1693 1550 1763 campestri.
1599 1694 1839 1760 Quorum

225 1782 490 1837 -alterum
521 1782 789 1853 signiﬁcat
825 1785 1142 1839 abscondita
1177 1784 1436 1842 Ecclesiae
1473 1796 1839 1851 sacramenta,
1873 1764 1914 1819 Β

258 1889 382 1942 qua:
417 1882 475 1927 ut
508 1874 716 1928 videret
743 1874 972 1946 Moyses,
1005 1885 1060 1931 et
1107 1876 1322 1932 audiret
1356 1892 1544 1933 vocem
1598 1878 1717 1943 Dei,
1752 1877 1841 1933 in—

261 1965 435 2020 travit
466 1968 721 2021 tenebras
753 1976 809 2022 et
839 1966 1149 2033 caliginem.
1174 1967 1364 2024 Posuit
1393 1970 1539 2024 enim
1590 1969 1739 2025 Deus
1766 1979 1844 2024 te-

263 2056 462 2112 nebras
492 2055 773 2113 latibulum
807 2072 968 2112 suum
1001 2074 1017 2115 :
1046 2068 1101 2115 et
1130 2061 1302 2117 nubes
1332 2066 1388 2113 et
1417 2058 1591 2130 caligo
1630 2059 1685 2115 in
1733 2060 1844 2114 cir-

261 2149 415 2200 cuitu
442 2148 563 2217 ejus
592 2145 766 2217 (Psal.
801 2146 957 2217 xvu).
988 2146 1231 2203 Alterqu
1283 2147 1463 2213 decet,
1511 2149 1591 2205 sic
1626 2161 1725 2205 nos
1778 2147 1845 2203 ad

263 2233 482 2289 excelsa
523 2235 1025 2290 eeclesiasticorum
1078 2235 1395 2305 dogmatum
1440 2236 1642 2301 debere
1684 2250 1824 2293 con-

264 2324 554 2391 scendere,
587 2336 644 2379 ut
671 2324 826 2395 juxta
863 2326 1168 2394 apostolum
1221 2325 1450 2385 Paulum
1502 2327 1850 2382 ltumiliemur

262 2426 430 2486 atque
458 2417 703 2472 dicamus
736 2434 752 2477 ς
788 2418 892 2485 Qui
918 2435 1023 2473 non
1043 2435 1161 2475 sunt
1216 2420 1402 2490 digitus
1432 2422 1606 2475 vocari
1638 2430 1850 2489 aposto-

262 2509 369 2573 lsts,
398 2510 525 2578 quia
554 2525 670 2563 sunt
697 2520 997 2578 persecutus
1042 2509 1339 2567 Ecclesium
1382 2512 1478 2568 Dei
1501 2512 1551 2581 (l
1599 2512 1725 2570 Cor.
1757 2528 1847 2576 xv,

266 2604 346 2671 9).
373 2601 479 2669 Qui
510 2613 565 2659 et
599 2604 717 2674 ipse
740 2605 975 2661 elevavit
999 2604 1216 2674 signum
1244 2608 1295 2661 iu
1325 2618 1507 2664 monte
1536 2609 1848 2678 campestri,

268 2696 489 2762 quando
516 2694 677 2751 insita
724 2697 828 2753 sibi
878 2697 1184 2755 humilitate
1227 2700 1489 2756 dicebat:
1524 2699 1636 2772 Ego
1673 2712 1848 2761 autem

261 2785 509 2852 judicavi
539 2786 669 2840 nihil
695 2790 828 2843 scire
848 2804 928 2843 me
952 2796 1007 2844 in
1033 2791 1195 2855 vobis,
1227 2791 1328 2846 nisi
1352 2790 1539 2847 Iesum
1562 2794 1850 2860 Christum,

271 2884 320 2926 et
352 2873 494 2928 lianc
522 2876 860 2945 cruciﬁxum.
889 2875 1001 2933 Hoc
1036 2888 1217 2932 autem
1246 2880 1488 2948 signum,
1521 2889 1576 2934 et
1616 2882 1668 2934 in
1694 2894 1853 2948 supe-

271 2967 514 3021 rioribus
535 2969 739 3023 levabit
770 2969 904 3039 ipse.
938 2970 1032 3039 qui
1068 2980 1223 3023 ortus
1256 2980 1338 3025 est
1368 2969 1437 3024 de
1492 2969 1676 3026 radice
1699 2968 1855 3025 Jesse

272 3057 330 3112 in
371 3058 709 3125 nationibus,
741 3068 799 3114 ut
832 3072 1187 3131 congregaret
1214 3060 1457 3130 perditos
1486 3059 1678 3116 Israel.

1937 506 2038 569 Qui
2077 517 2129 559 et
2168 504 2221 558 in
2272 505 2378 558 alio
2413 505 2531 557 loco
2588 505 2934 560 credentibus
2988 506 3268 572 loquitur:
3327 506 3509 560 Sancti

1935 605 2118 660 estote,
2149 598 2397 667 quoniam
2426 608 2476 651 et
2505 613 2599 667 ego
2633 607 2848 649 sanctus
2896 614 3033 663 sum,
3085 597 3199 668 ipse
3247 600 3508 668 praecipit,

1937 698 1991 742 et
2025 690 2250 742 adducet
2285 689 2556 758 principes
2589 704 2737 753 suos,
2776 699 2833 742 ut
2867 686 3070 743 iaciant
3099 705 3218 759 qua:
3241 700 3510 759 praecepta

1938 792 2063 834 sunt
2098 781 2279 849 (ιιι-ει.
2312 794 2425 845 xIx,
2460 782 2542 847 ‘2).

2015 891 2035 925 ι
2075 872 2140 926 Et
2170 873 2353 927 vocavi
2384 870 2549 926 fortes
2582 886 2731 926 meos
2761 870 2813 923 in
2846 870 2927 924 ira
2958 885 3081 925 mea
3110 888 3126 925 :
3176 870 3521 924 exsultantes

1940 966 1993 1020 in
2026 966 2197 1035 gloria
2232 979 2370 1020 mea.
2413 981 2432 1016 ι
2467 962 2607 1017 LXX
2640 979 2655 1017 :
2693 980 2711 1013 t
2742 962 2999 1031 Gigantes
3039 962 3259 1016 veniunt
3292 963 3513 1030 implore

1941 1058 2180 1112 furorem
2223 1071 2423 1119 meum,
2486 1054 2781 1125 gaudentes
2814 1054 2973 1108 simul
3028 1064 3082 1107 et
3126 1054 3510 1107 contumeliam

1941 1142 2225 1198 iacientes.
2267 1160 2285 1194 ι
2325 1140 2487 1197 Juxta
2526 1140 2849 1195 Hebraicum
2887 1142 3093 1195 laterent
3139 1141 3513 1210 superioribus

1940 1247 2064 1302 qua:
2097 1233 2375 1297 dicuntur,
2409 1232 2553 1299 quod
2590 1233 2705 1300 ipse
2738 1232 3009 1285 vocaverit
3043 1231 3211 1284 fortes
3243 1246 3390 1295 suos,
3422 1247 3515 1285 ex-

1941 1328 2207 1379 sultantes
2235 1326 2287 1379 iu
2314 1325 2485 1394 gloria
2512 1340 2610 1381 sua
2646 1324 2737 1395 qui
2767 1325 3120 1378 mandaverat
3159 1325 3515 1378 sanctilicatis

1942 1418 2076 1471 suis.
2106 1416 2277 1472 Porro
2300 1417 2456 1487 juxta
2484 1415 2647 1483 LXX,
2694 1417 2940 1486 gigantes
2991 1416 3271 1471 venientes
3311 1423 3371 1469 ut
3416 1417 3515 1468 im-

1944 1509 2131 1579 pleant
2166 1509 2401 1564 furorem
2436 1509 2673 1569 Domini.
2703 1509 2996 1575 gaudentes
3024 1510 3076 1561 in
3107 1509 3281 1562 aliena
3323 1507 3514 1577 injuria

1943 1613 2103 1679 atque
2139 1600 2400 1663 laetantes,
2428 1600 2661 1654 sinistras
2683 1600 3016 1671 accipiendae
3045 1611 3170 1655 sum
3201 1600 3516 1653 contrariac-

1944 1704 2066 1759 quze
2106 1691 2352 1753 virtutes,
2377 1690 2445 1743 de
2475 1691 2673 1759 quibus
2703 1701 2760 1745 et
2785 1692 2837 1743 in
2870 1690 3095 1744 Psalmis
3120 1690 3385 1757 legimus:
3414 1688 3522 1741 Mi-

1941 1786 2013 1839 sit
2051 1784 2104 1836 in
2143 1800 2228 1838 eos
2260 1785 2493 1855 furorem
2544 1785 2640 1837 ira'
2666 1799 2797 1847 sure,
2824 1784 3055 1851 furorem
3078 1793 3127 1836 et
3172 1784 3307 1834 iram
3338 1792 3386 1835 et
3420 1785 3519 1834 tri-

1943 1874 2281 1937 bulationem,
2318 1874 2685 1927 immissionem
2718 1889 2808 1940 per
2849 1874 3061 1942 angelos
3076 1872 3517 1941 pessimos(Psal.

1943 1981 2146 2030 Lxxvu,
2173 1964 2289 2037 49).
2324 1965 2399 2019 Ex
2426 1964 2511 2019 bis
2540 1976 2621 2019 est
2652 1975 2706 2019 et
2738 1965 3132 2019 exterm‘inator
3167 1966 3219 2018 in
3266 1960 3518 2033 IEgypto'.

1945 2060 2034 2127 qui
2066 2068 2248 2127 postes
2281 2058 2405 2127 agni
2463 2057 2583 2112 litos
2636 2058 2901 2126 sanguine
2944 2073 3047 2112 non
3101 2059 3264 2111 audet
3315 2058 3523 2112 intrare

1947 2152 2146 2222 (Exod.
2174 2150 2295 2218 xu),
2325 2159 2385 2205 et
2424 2150 2517 2206 ille
2563 2149 2787 2220 spiritus
2827 2150 2922 2220 qui
2965 2165 3222 2221 egressus
3271 2151 3427 2205 stetit
3471 2150 3520 2202 in

1945 2252 2239 2312 conspectu
2268 2241 2502 2307 Domini,
2549 2249 2606 2296 et
2661 2242 2791 2299 ait:
2845 2240 2955 2311 Ego
3002 2243 3257 2310 decipiam
3321 2242 3522 2295 Achab.

1952 2335 2197 2404 Dixitque
2228 2335 2276 2389 ei
2302 2334 2556 2388 Dominus
2590 2349 2610 2387 :
2649 2332 2885 2402 Decipies
2917 2343 2969 2386 et
3013 2334 3343 2401 prter-olebit,
3378 2350 3525 2404 egre-

1946 2429 2068 2480 dere
2091 2436 2139 2481 et
2156 2427 2243 2494 [ac
2266 2425 2343 2479 sic
2372 2423 2494 2492 (111
2512 2423 2638 2495 Reg.
2667 2438 2799 2489 xxtt,
2830 2424 2921 2489 2i,
2940 2424 3057 2489 22).
3081 2424 3234 2479 Unde
3261 2427 3313 2479 iu
3334 2427 3523 2478 codem

1950 2519 2154 2588 Regum
2210 2517 2481 2572 volumine
2535 2516 2787 2572 Micltteas
2847 2516 3037 2571 dixit:
3088 2515 3209 2570 Vidi
3243 2517 3529 2570 Dominum

1951 2608 2207 2663 lsraelent
2236 2606 2502 2662 sedentem
2544 2621 2700 2675 super
2737 2608 2985 2659 thronum
3021 2621 3196 2671 suum,
3256 2616 3306 2660 et
3356 2608 3528 2659 omnis

1947 2700 2209 2756 exercitus
2254 2698 2371 2753 cali
2407 2698 2587 2751 stabat
2618 2698 2760 2751 circa
2794 2713 2913 2750 eum
2939 2714 2971 2751 a
3006 2699 3207 2751 dextris
3242 2708 3292 2750 ct
3315 2714 3347 2750 a
3396 2699 3531 2751 siui-

1952 2793 2075 2845 stris
2104 2789 2288 2859 (Ibid.,
2335 2789 2447 2860 i9).
2472 2788 2685 2844 Dextra
2718 2790 2948 2843 virtutes
2976 2798 3104 2843 sunt
3153 2804 3341 2843 eorum
3366 2804 3529 2857 ange-

1954 2885 2128 2937 lorum
2152 2882 2242 2951 qui
2262 2882 2328 2935 ad
2357 2881 2500 2937 bona
2525 2882 2812 2937 mittuntur
2834 2896 2853 2934 :
2880 2881 3113 2937 sinistra
3137 2890 3318 2935 autem
3341 2895 3531 2933 eorum

1952 2975 2151 3046 quibus
2172 2974 2239 3029 ad
2264 2974 2594 3042 puniendum
2621 2974 2908 3027 tradimur.
2936 2971 3090 3028 Unde
3118 2983 3171 3026 et
3195 2974 3528 3043 Apostolus:

1878 3104 1920 3161 ο
1958 3063 2099 3130 Quos
2130 3061 2352 3121 tradidi.
2390 3062 2590 3130 inquit,
2627 3061 2867 3127 Satanaz,
2896 3072 2950 3115 ut
2978 3063 3191 3116 discant
3224 3078 3326 3115 non
3383 3063 3529 3116 blas-

347 3166 366 3200 ι
400 3147 651 3205 Exaltate
683 3164 890 3217 vocem,
919 3150 1095 3204 levate
1120 3165 1394 3205 manum.»
1433 3150 1540 3207 Pro
1569 3166 1677 3221 quo
1704 3148 1849 3206 LXX
1881 3147 1920 3161 “
1950 3159 2200 3223 phemare
2234 3152 2286 3223 (I
2332 3152 2471 3209 Tim.
2500 3169 2538 3219 ι,
2570 3153 2685 3217 20).
2724 3152 2934 3208 Numen
2998 3166 3176 3209 autem
3228 3155 3527 3225 gigantum,

272 3239 719 3295 transtulerunt:
759 3240 1124 3296 Consolantini
1162 3258 1379 3297 manum
1406 3243 1444 3298 ⁸.
1502 3242 1727 3299 Exaltat
1754 3259 1850 3300 vo—

270 3345 388 3387 cem
414 3330 512 3399 qui
535 3330 601 3385 de
643 3331 965 3386 sublimibus
1006 3332 1265 3402 loquitur,
1290 3342 1343 3387 et
1379 3335 1666 3405 praesentia
1694 3334 1849 3404 quasi

275 3422 457 3475 brevia
485 3431 544 3477 et
569 3424 876 3477 transitoria
904 3426 1225 3480 contemnit.
1249 3425 1351 3492 Qui
1383 3428 1529 3481 audit
1561 3428 1629 3482 ab
1657 3428 1848 3484 eodem

275 3513 415 3569 [satis
446 3530 462 3573 :
500 3512 668 3579 Super
703 3526 929 3570 montem
965 3517 1227 3572 excelsum
1250 3520 1469 3574 ascende
1499 3522 1587 3591 qui
1633 3537 1852 3592 evange-

275 3608 415 3661 lisas
465 3608 618 3662 Sion.
678 3608 841 3664 Eleae
884 3611 940 3664 in
990 3611 1303 3680 fortitudine
1342 3628 1512 3668 vocem
1564 3622 1709 3667 tuam
1763 3615 1853 3682 qui

271 3700 607 3769 erangelizas
645 3700 967 3767 Jerusalem,
1028 3702 1205 3757 elevat
1259 3718 1475 3758 manum
1524 3719 1703 3768 suam,
1759 3703 1853 3773 qui

271 3797 454 3851 potest
480 3802 604 3842 cum
630 3788 795 3842 David
826 3788 1007 3843 dicere
1039 3804 1053 3845 :
1077 3786 1316 3844 Elevatio
1342 3806 1594 3845 manuum
1618 3807 1854 3846 mearum

273 3881 604 3948 sacriﬁcium
629 3886 973 3947 vespertinum
988 3880 1302 3952 (Psal.jcxt.,
1326 3882 1383 3952 2)
1409 3900 1424 3949 ;
1446 3891 1500 3938 et
1522 3899 1611 3954 qut
1636 3884 1687 3938 iu
1710 3884 1855 3938 omni

280 3973 400 4026 loco
440 3972 580 4026 levat
605 3982 830 4028 sanctas
857 3987 1071 4037 manus,
1102 3982 1161 4026 ut
1190 3990 1299 4030 non
1327 3975 1503 4029 solum
1536 3976 1676 4030 levet
1742 3991 1856 4030 ma-

282 4078 406 4128 nus,
438 4064 535 4117 sed
562 4063 724 4118 etiam
747 4063 1060 4119 consoletur
1082 4080 1243 4120 manu
1268 4081 1284 4131 ;
1328 4082 1394 4120 ne
1417 4066 1560 4121 dicat
1589 4068 1811 4135 pauperi
1839 4084 1855 4121 :

280 4154 418 4209 Cras
458 4155 603 4219 veni,
645 4165 699 4209 et
731 4158 918 4225 accipe
950 4171 965 4218 ;
1001 4157 1095 4212 sed
1165 4167 1225 4210 ut
1284 4161 1597 4228 pauperiem
1652 4158 1770 4228 ejus
1805 4168 1860 4212 et

282 4246 660 4302 necessitatem
694 4250 943 4316 praesenti
976 4249 1350 4304 misericordia
1386 4249 1716 4305 consoletur.

353 4338 521 4409 236
553 4356 571 4391 ι
604 4338 675 4395 Et
703 4339 1074 4407 ingrediantur
1131 4348 1318 4410 portas
1366 4340 1553 4395 duces.
1589 4358 1609 4392 ι
1666 4338 1807 4394 LXX
1840 4357 1856 4396 :

1954 3262 2052 3317 pro
2082 3260 2188 3315 quo
2216 3244 2273 3301 in
2306 3242 2534 3302 Hebraeo
2561 3258 2776 3299 emortui
2804 3244 3063 3314 (al-13:),
3102 3246 3152 3298 id
3186 3253 3292 3310 est,
3318 3244 3531 3314 [artium

1954 3337 2191 3407 positum
2228 3345 2338 3400 est,
2371 3334 2510 3389 LXX
2545 3344 2600 3390 et
2630 3333 2933 3389 Theodotio
2990 3335 3047 3390 in
3114 3335 3529 3389 similitudinem

1951 3428 2257 3485 fabularum
2293 3437 2509 3483 vertere
2533 3427 2836 3497 gentilium,
2884 3426 3048 3492 sicut,
3078 3436 3133 3481 et
3181 3426 3428 3491 Sirenas,
3480 3437 3534 3480 et

1954 3520 2201 3586 Titanas,
2241 3528 2298 3576 et
2325 3520 2644 3584 Arcturum,
2674 3518 2888 3590 Hyadas
2916 3520 2937 3549 ⁸
2960 3526 3015 3572 et
3045 3516 3303 3572 Orionem
3358 3518 3533 3572 uomi-

1957 3622 2113 3679 nant,
2146 3627 2264 3681 qua:
2294 3614 2439 3680 apud
2470 3610 2729 3666 Hebraeos
2759 3609 2882 3663 aliis
2910 3608 3250 3679 appellantur
3295 3608 3533 3662 vocabu-

1956 3705 2023 3759 lis
2050 3704 2093 3756 ⁸.
2125 3702 2183 3758 Si
2213 3712 2397 3758 autem
2418 3704 2662 3771 gigantes
2698 3700 2929 3757 rebelles
2955 3698 3050 3755 Dei
3079 3709 3225 3763 sunt,
3268 3708 3324 3752 et
3370 3698 3529 3767 237

1955 3813 2147 3856 omnes
2176 3801 2408 3853 haereses
2456 3797 2742 3853 contraria:
2789 3796 3004 3851 veritati
3059 3795 3323 3850 rebellant
3368 3795 3477 3848 Dco
3517 3812 3531 3848 :

1957 3902 2145 3943 omnes
2174 3886 2418 3941 baretici
2447 3888 2691 3957 gigantes
2721 3896 2867 3951 sunt,
2902 3886 2996 3956 qui
3041 3884 3282 3955 gaudent
3338 3885 3392 3938 in
3450 3900 3536 3939 er-

1962 3994 2083 4033 rore
2108 3993 2232 4043 suo,
2256 3987 2311 4031 et
2341 3986 2468 4033 tunc
2494 3978 2728 4033 maxime
2751 3976 3075 4048 gloriantur,
3105 3976 3324 4047 quando
3349 3974 3538 4029 Eccleo

1960 4070 2054 4126 sia:
2083 4069 2471 4125 contumeliam
2508 4068 2757 4124 fecerint.

2031 4160 2211 4229 (Vers.
2244 4161 2323 4233 5.)
2359 4180 2378 4213 ι
2415 4160 2534 4217 \ox
2568 4160 2930 4217 multitudinis
2958 4160 3012 4216 in
3061 4160 3338 4216 montibus
3381 4163 3539 4231 quasi

1961 4254 2283 4322 populorum
2336 4253 2719 4323 frequentium,
2773 4269 2875 4309 vox
2907 4254 3121 4310 sonitus
3174 4269 3357 4324 regum
3408 4270 3539 4323 gen-

1963 4348 2095 4401 tium
2132 4357 2588 4416 congregatarum
2629 4363 2677 4399 i.
2739 4344 3057 4417 Tripliciter
3102 4344 3208 4399 iste
3253 4345 3404 4401 locus
3454 4360 3545 4398 ao-

286 4430 518 4498 Αρετίιι.
553 4431 836 4500 Principes.
861 4430 1035 4487 Duces
1057 4431 1311 4490 Ecclesiae
1344 4434 1721 4505 ingrediuntur
1743 4448 1865 4503 por~
1896 4439 1939 4496 ι)
1969 4440 2186 4509 cipitur.
2222 4440 2484 4506 Primum,
2526 4450 2585 4494 ut
2616 4439 2828 4494 elevato
2884 4440 3038 4511 signo
3073 4440 3126 4493 in
3174 4448 3355 4494 monte
3398 4453 3545 4493 catu-

284 4531 368 4574 tas
400 4519 787 4590 mysteriorum
841 4521 954 4588 Dei,
988 4532 1042 4577 et
1074 4524 1480 4594 Scripturarum
1520 4535 1858 4579 sacramenta

286 4622 641 4681 cognoscunt,
676 4613 940 4671 habentes
970 4614 1177 4669 clavem
1210 4616 1476 4683 scientias,
1531 4626 1587 4670 ut
1618 4617 1861 4687 aperiant

288 4720 381 4759 cas
410 4703 634 4760 creditis
670 4704 773 4760 sibi
813 4705 1050 4775 populis.
1084 4706 1240 4762 Unde
1273 4708 1607 4776 praecipitur,
1641 4716 1702 4763 ut
1743 4722 1862 4761 nta-

287 4796 437 4864 gistri
471 4795 739 4864 aperiant,
771 4806 825 4852 et
854 4797 1111 4866 discipuli
1169 4798 1561 4868 ingrediantur.

361 4887 646 4958 (γρηΰ.)
682 4906 700 4939 ι
760 4888 870 4958 Ego
920 4889 1169 4943 mandavi
1229 4890 1585 4945 sanctiﬁcatis
1645 4890 1802 4945 meis.
1838 4908 1855 4941 ι

290 4977 391 5031 Pro
423 4994 537 5049 quo
559 4976 700 5034 LXX
730 4995 747 5035 :
781 4978 893 5050 Ego
916 4981 1244 5048 pracipiam,
1266 4992 1315 5035 et
1340 4997 1432 5050 ego
1460 4980 1721 5035 adducam
1752 4997 1859 5035 eos.

290 5066 405 5136 ipse
432 5072 577 5122 enim
608 5070 915 5124 sanctiﬁcat
948 5071 1229 5127 ministros
1253 5086 1401 5135 suos,
1430 5082 1489 5125 ut
1533 5083 1587 5126 et
1611 5072 1702 5142 qui
1735 5087 1861 5126 sati-

370 5230 385 5259 ¹
441 5229 801 5301 Consolgmiui
850 5246 1086 5285 manum.
1130 5229 1220 5301 Ab
1270 5230 1372 5286 hoc
1404 5230 1522 5285 loco
1584 5248 1751 5301 usque
1796 5234 1864 5288 ad

295 5299 575 5352 Dominum
633 5297 888 5361 Sabaoth,
945 5303 996 5355 in
1052 5300 1216 5356 editis
1270 5310 1427 5354 antea
1489 5302 1641 5357 libris
1666 5297 1865 5359 'textus

290 5373 643 5437 S--ptna,:inta
677 5368 1039 5440 interpretum
1072 5371 1256 5424 sedem
1315 5372 1589 5440 propriam
1652 5374 1859 5436 amisit,

290 5456 451 5506 quam
486 5454 586 5491 uos
619 5439 686 5492 ad
721 5440 879 5494 iidem
911 5441 1151 5493 omnium
1183 5439 1677 5508 manuscriptorum
1710 5443 1867 5497 codi-

291 5525 411 5629 gluttt
441 5524 653 5562 smuma
682 5523 803 5562 cum
860 5510 1121 5581 religione
1172 5512 1461 5565 restituere
1530 5514 1863 5568 curauimus.

348 5594 557 5629 ΑΙΠἿΔΝ.

348 5594 557 5632 ΑΙΠἿΑΝ.

362 5651 380 5678 ⁸
412 5647 517 5722 Pro
553 5647 768 5722 Hyadas
798 5649 925 5718 legit
960 5646 1161 5722 Victor.
1207 5650 1476 5719 Pleiadas,
1516 5652 1668 5722 juxta
1720 5653 1863 5710 (ὅτων

290 5732 422 5789 cum
462 5719 713 5789 πλειάδα,
743 5720 865 5777 Job.
902 5736 977 5788 ιχ,
1030 5721 1181 5791 juxta
1215 5722 1374 5777 LXX.

1964 4533 2155 4601 pestri,
2178 4532 2359 4587 veniat
2376 4532 2618 4601 gentium
2639 4530 2952 4593 multitudo,
2975 4540 3029 4585 et
3052 4531 3169 4598 ipsa
3196 4531 3251 4584 in
3275 4530 3545 4583 montibus

1963 4623 2286 4688 constituta,
2318 4637 2438 4691 qua:
2459 4622 2720 4677 dividitur
2747 4624 2800 4675 in
2831 4622 2963 4686 duo,
2995 4622 3048 4675 in
3077 4622 3304 4690 populos
3339 4620 3544 4674 scilicet

1963 4725 2017 4768 et
2058 4715 2110 4775 in
2145 4729 2321 4785 reges,
2363 4713 2416 4767 in
2448 4712 2743 4783 discipulos
2776 4722 2833 4768 et
2880 4712 3193 4783 magistros,
3219 4714 3309 4779 [de
3346 4711 3544 4779 quibus

1968 4805 2219 4860 Salvator
2252 4806 2306 4860 iu
2341 4806 2631 4874 Evsngelio
2663 4804 2989 4874 loquebatur
3020 4820 3035 4859 :
3088 4802 3251 4857 Multi
3301 4804 3367 4854 ob
3427 4801 3543 4857 Ori-

1964 4911 2079 4951 ente
2104 4908 2150 4950 et
2182 4897 2245 4950 ab
2273 4895 2554 4951 Occidente
2575 4899 2781 4951 venient
2811 4905 2861 4950 et
2892 4894 3195 4948 occumbant
3227 4909 3348 4945 cum
3385 4892 3547 4946 Abra-

1964 4990 2162 5043 ltamet
2196 4987 2353 5043 Isaac
2374 5000 2424 5044 et
2448 4988 2614 5042 λαιοῦ
2675 4992 2729 5042 tu
2798 5001 2957 5056 regno
3011 4985 3261 5039 caelorum
3320 4982 3542 5054 (Matth.

1966 5097 2084 5147 vtu,
2122 5083 2234 5152 lt).
2283 5081 2574 5153 Pr0pterea
2640 5091 2820 5133 autent
2882 5092 2988 5132 una
3048 5093 3150 5132 vox
3198 5086 3253 5134 et
3310 5093 3543 5132 COItStutu

2038 5241 2059 5271 ³
2087 5238 2434 5306 Appellantur
2459 5238 2742 5291 vocabulis.
2774 5236 2937 5306 Apud
2999 5235 3253 5290 liebrtcos
3296 5237 3549 5289 Arcturi“

1966 5303 2175 5363 dicitur
2201 5319 2291 5372 um
2316 5311 2448 5361 Ascli
2480 5324 2498 5362 :
2523 5308 2712 5369 Orion,
2744 5307 2870 5365 ’Ῥω
2891 5303 3039 5359 Kesil
3064 5323 3081 5371 ;
3114 5306 3317 5377 llyada:
3367 5308 3549 5375 appel-

1970 5381 2151 5464 lantur
2178 5388 2323 5464 nisi:
2352 5380 2539 5464 Utinm
2569 5394 2583 5439 ;
2620 5390 2673 5430 et
2705 5379 2963 5431 interiora
2997 5389 3193 5441 austri,
3246 5385 3361 5464 run
3415 5385 3552 5435 'l'Tli‘i

1967 5450 2164 5501 Itltadre
2202 5453 2411 5501 tlremuu
2447 5449 2709 5502 Manna.

2036 5545 2103 5557 —-
2136 5519 2399 5571 Nimirqu
2459 5522 2548 5572 ubi
2581 5516 2841 5587 Σειρῆνες
2870 5528 3114 5583 vertunt,
3164 5518 3429 5573 llrbraice
3472 5531 3553 5573 Cri

1967 5593 2122 5646 Dim.
2158 5588 2245 5639 ulli
2280 5589 2512 5659 Τιτίάνας
2540 5595 2750 5646 ωηιξη.
2807 5588 3134 5659 ’Λρκτοῦρρν
3168 5587 3423 5641 ΙΙυὶπευιις
3459 5606 3551 5641 vo-

1969 5605 2122 5646 ωηιξη.
2158 5605 2245 5639 um
2290 5605 2512 5650 ιιτανας
2540 5605 2750 5646 ωηιξη.
2809 5605 3134 5713 ’Λρκτουῖἱλν
3168 5605 3423 5641 ucnraurs
3459 5606 3549 5641 vo-

1969 5672 2055 5713 cat
2082 5666 2249 5724 ﬁt"),
2285 5668 2339 5714 et
2370 5658 2603 5730 Ὠρίωνα
2632 5668 2777 5718 Ἲνῠῦ.
2813 5661 2944 5716 Vide
2973 5671 3026 5715 et
3099 5661 3296 5714 artian.
3325 5661 3369 5714 si
3400 5663 3549 5713 iibCl.
