3972 6198
344 249 455 317 ῖ15

1518 263 1580 325 S.
1626 260 1942 323 EUSEBII
1984 258 2425 323 HIERONYMI
2504 314 2507 317 .

3501 259 3609 321 216

345 370 570 437 dicitur,
628 379 690 425 ut
740 370 869 428 illud
910 342 1269 443 apostolicum
1323 375 1627 445 probetur:
1685 375 1921 446 Idipsum
1958 386 2002 443 Α
2031 378 2300 441 attendas,
2345 376 2589 441 Domine,
2629 376 2746 447 quis
2788 372 3261 446 sustinebithsal.
3308 377 3626 451 cuttings)?

344 465 537 520 dicatis
564 479 769 529 omnes,
805 474 854 519 et
888 482 992 520 non
1029 467 1131 520 sint
1182 470 1235 522 in
1292 468 1434 524 vobis
1491 471 1802 535 schismata,
1837 472 1927 524 sed

345 556 459 610 sitis
489 553 710 625 perfecti
741 556 795 609 in
831 557 1011 611 eodem
1045 573 1223 622 sensu,
1275 570 1321 611 et
1354 561 1408 613 in
1452 561 1633 615 eadem
1662 563 1924 616 sententia

347 646 400 719 (1
434 646 561 702 Cor.
595 665 633 711 ι,
683 646 794 718 10).
854 646 1124 713 Secundo,
1165 651 1542 707 haereticorum
1598 652 1928 709 describitur

347 740 627 808 superbia,
662 740 752 809 qui
784 739 841 793 in
876 742 1147 795 montibus
1178 756 1238 797 se
1286 755 1410 798 esse
1457 744 1764 810 credentes,
1820 746 1927 799 erl-

348 840 550 898 guntur
578 840 769 887 contra
804 832 1090 887 scientiam
1122 833 1239 900 Dei,
1276 844 1333 890 et
1365 835 1708 905 iniquitatem
1742 837 1796 891 in
1828 851 1926 890 ex-

348 920 552 976 celsum
582 921 903 990 loquuntur,
942 932 997 979 et
1031 933 1240 994 ponunt
1279 925 1333 980 in
1380 926 1580 981 coelum
1628 943 1692 982 os
1745 943 1926 995 suum,

348 1012 439 1082 qui
478 1022 530 1068 et
554 1013 655 1082 ipsi
682 1013 882 1069 habent
906 1017 1151 1084 populos,
1192 1017 1392 1073 habent
1422 1031 1594 1088 reges,
1623 1019 1716 1088 qui
1739 1020 1932 1090 decep-

349 1112 463 1158 tum
499 1105 754 1174 p0pulum
789 1107 1079 1163 devorant.
1137 1108 1315 1164 Tertia
1368 1109 1746 1180 interpretatio
1795 1123 1928 1168 est:

347 1197 473 1266 quia
505 1212 671 1267 supra
712 1199 943 1263 dixerat,
980 1199 1247 1269 Gigantes
1280 1205 1527 1267 veniunt,
1566 1216 1628 1256 ut
1671 1202 1932 1272 impleant

350 1289 594 1346 furorem
654 1307 860 1358 meum,
891 1295 1192 1364 gaudentes
1222 1295 1386 1350 simul
1441 1305 1495 1350 et
1540 1295 1927 1351 contumeliam

350 1385 638 1453 facientes,
665 1386 904 1456 ipsorum
934 1388 1210 1459 gigantum
1253 1389 1512 1444 describit
1537 1389 1927 1459 arrogantiam,

349 1486 404 1531 et
429 1478 495 1531 ad
520 1478 846 1546 puniendos,
896 1481 987 1550 qui
1042 1479 1147 1539 sibi
1205 1479 1386 1535 traditi
1439 1481 1664 1547 fuerint,
1702 1482 1753 1535 in
1791 1479 1930 1535 mala

348 1571 503 1635 parte
528 1581 876 1624 consensum.
1775 1632 1779 1637 .

425 1674 446 1709 ι
510 1656 773 1716 Dominus
811 1666 1149 1718 exercituum
1209 1663 1465 1734 praecepit
1516 1664 1724 1720 militiae
1776 1648 1928 1730 belli,

350 1750 696 1809 venientibus
740 1753 807 1809 de
851 1764 998 1810 terra
1044 1757 1232 1826 procul
1284 1774 1317 1813 a
1368 1760 1680 1814 summitate
1738 1758 1864 1813 coeli

352 1839 637 1910 Dominus,
672 1854 726 1897 et
756 1859 886 1900 vasa
922 1844 1124 1903 luroris
1156 1848 1295 1918 ejus,
1332 1856 1391 1904 ut
1419 1848 1693 1919 disperdat
1724 1861 1938 1903 omnem

351 1944 576 1991 terram.
611 1955 630 1989 ι
667 1935 808 1991 LXX
839 1954 853 1995 :
890 1956 909 1991 ‹
947 1939 1210 1997 Dominus
1237 1939 1480 1996 Sabaoth
1513 1941 1768 2011 praecepit
1792 1941 1937 2011 genti

350 2027 801 2094 bellicosissimas,
819 2039 880 2085 ut
899 2033 1170 2092 veniatlde
1201 2043 1341 2088 terra
1364 2035 1655 2105 longinqua
1674 2048 1705 2088 a
1724 2048 1940 2089 summo

356 2122 780 2180 -t-l'undamento
796 2128 862 2193 Ἃ(
884 2126 1006 2180 coeli
1037 2126 1318 2192 Dominus,
1340 2138 1394 2183 et
1410 2127 1700 2183 bellatores
1713 2127 1853 2198 ejus,
1881 2134 1941 2181 ut

352 2212 672 2284 disperdant
740 2216 1056 2271 universum
1123 2218 1334 2273 orbem.
1414 2237 1434 2270 ο
1506 2217 1938 2273 Fundamentum

353 2306 513 2362 obelo
570 2311 979 2377 praenotandum
1017 2320 1120 2367 est.
1155 2310 1212 2364 lu
1251 2311 1456 2382 Regum
1490 2322 1541 2367 et
1572 2310 1940 2383 Paralipome-

356 2414 463 2454 non
498 2400 774 2458 volumine
805 2402 1036 2474 legimus
1071 2402 1156 2474 (11
1185 2403 1315 2476 Reg.
1347 2419 1475 2459 xm
1499 2421 1514 2469 ;
1536 2404 1562 2458 Ι
1596 2402 1779 2459 Paral.
1801 2403 1936 2473 ut),

353 2490 497 2559 quod
529 2491 608 2546 ira
644 2491 736 2547 Dei
767 2508 997 2550 accensa
1028 2495 1097 2550 sit
1130 2510 1295 2563 super
1321 2493 1484 2550 lsrael
1517 2496 1734 2564 quando
1774 2494 1939 2549 David

356 2585 661 2639 numeravit
682 2585 966 2656 populum,
981 2596 1038 2641 et
1061 2587 1280 2644 oﬂ'endit
1301 2589 1611 2645 Dominum.
1632 2589 1688 2644 ln
1707 2589 1938 2646 Psalmis

354 2690 568 2746 quoque
616 2678 875 2733 scribitur
902 2696 917 2733 :
941 2678 1184 2745 Domine,
1227 2696 1291 2734 ne
1318 2681 1374 2735 in
1404 2680 1584 2749 furore
1623 2689 1711 2733 tuo
1742 2695 1937 2750 arguas

354 2782 456 2831 me,
494 2784 659 2837 neque
685 2770 739 2822 in
768 2770 849 2824 ira
879 2782 972 2824 tua
1013 2774 1270 2839 corripias
1304 2787 1405 2839 me,
1440 2781 1495 2828 et
1522 2780 1719 2828 caetera
1754 2771 1839 2827 his
1866 2772 1941 2826 si-

357 2860 528 2921 milia.
554 2876 652 2931 pro
677 2876 785 2931 quo
817 2862 918 2932 legi
946 2863 1002 2918 in
1040 2864 1320 2933 cujusdam
1355 2863 1643 2935 (Basiliam
1665 2863 1936 2933 intelligit)

354 2949 803 3020 Commentariis,
837 2954 975 3009 iram
1030 2955 1123 3010 Dei
1160 2971 1318 3026 posse
1350 2955 1574 3028 intelligi
1606 2958 1937 3012 contrariam

2033 470 2208 525 Omne
2236 482 2453 539 quoque
2482 481 2597 534 eor,
2618 467 2734 523 sive
2767 468 2948 524 anima
2986 466 3224 522 hominis
3254 464 3520 531 tabescet,
3564 478 3621 523 et

2032 560 2252 630 pavebit
2279 559 2621 616 e0nscientia
2645 559 2856 628 peccati
2883 559 2989 614 sul.
3024 558 3151 613 Haec
3171 567 3257 613 est
3281 558 3398 614 dies
3426 559 3622 614 formi-

2031 653 2214 709 dolosa
2231 661 2395 722 atque
2411 651 2695 716 terribilis,
2719 651 2787 706 de
2809 666 2914 719 qua
2943 660 2998 705 et
3023 650 3330 719 Sophonias
3353 650 3622 719 loquitur:

2029 743 2241 797 Metuile
2271 760 2304 796 a
2338 742 2475 811 facie
2510 742 2720 796 Domini
2761 759 2780 796 :
2813 744 2938 811 quia
2959 757 3119 810 prope
3151 750 3228 795 est
3260 741 3373 795 dies
3409 741 3625 800 Domim

2034 831 2221 904 (Sapit.
2257 849 2297 896 ι,
2346 832 2457 899 14).
2514 830 2582 886 Ει
2624 847 2839 887 rursum
2891 849 2907 888 :
2958 830 3123 886 Juxta
3159 843 3231 887 est
3260 834 3369 887 dies
3410 834 3625 888 Domini

2031 944 2225 996 magna
2252 944 2272 983 :
2294 942 2477 996 prope,
2497 935 2549 981 et
2572 925 2721 981 veloa:
2744 925 2921 981 nimis.
2965 924 3033 980 Et
3054 926 3244 992 Amos,
3284 925 3623 995 V¢,.inquit,

2030 1021 2123 1086 qui
2177 1019 2478 1074 desiderant
2528 1018 2664 1072 diem
2715 1015 2931 1071 Domini
2995 1033 3015 1071 :
3074 1019 3257 1087 utquid
3315 1019 3456 1072 vobis
3511 1021 3626 1074 dies

2033 1111 2246 1165 Domini
2274 1126 2390 1178 quw
2425 1105 2650 1162 tenebrat
2680 1116 2828 1168 sunt,
2861 1116 2908 1160 et
2942 1121 3044 1160 non
3075 1104 3170 1159 lua:
3200 1105 3378 1175 (Amos
3412 1122 3462 1170 v,
3498 1107 3625 1171 l8)?

2030 1203 2294 1271 Quodque
2323 1202 2479 1271 juxta
2536 1196 2679 1253 LXX
2723 1197 2969 1252 additum
3018 1205 3107 1251 est
3163 1212 3179 1253 :
3245 1197 3625 1252 Turbabuntur

2030 1296 2211 1365 legati,
2254 1304 2304 1348 et
2353 1292 2562 1347 dolores
2600 1289 2991 1361 apprehendent
3047 1305 3135 1345 eos
3188 1304 3209 1344 :
3254 1289 3377 1346 illos
3419 1291 3627 1360 legatos

2032 1387 2377 1458 interpretari
2397 1399 2708 1457 possumus,
2723 1396 2861 1452 quos
2877 1383 3025 1437 cives
3046 1382 3313 1437 miserant
3336 1383 3621 1438 adversum

2028 1498 2177 1548 eum,
2236 1481 2326 1551 qui
2388 1478 2665 1551 proiectus
2722 1485 2843 1530 erat
2905 1475 2958 1528 in
3006 1483 3208 1529 terram
3259 1474 3629 1552 longinquam,

2032 1584 2094 1631 ut
2127 1574 2229 1630 sibi
2280 1587 2501 1645 regnum
2542 1578 2751 1639 peteret
2792 1566 2946 1632 (Luc.
2989 1581 3105 1631 xu,
3143 1567 3261 1635 27).
3313 1566 3471 1623 Unde
3513 1567 3630 1638 ipse

2040 1668 2281 1738 loquitur
2306 1666 2359 1720 in
2388 1662 2716 1728 Evangelio:
2743 1659 2992 1716 Inimicos
3016 1671 3212 1724 autem,
3235 1660 3326 1731 qui
3350 1660 3634 1715 noluerunt

1924 1742 2016 1814 :B
2045 1779 2125 1817 me
2167 1776 2391 1831 regnare
2442 1772 2601 1826 super
2656 1769 2733 1819 se,
2788 1754 3037 1808 adducite
3090 1753 3212 1820 huc,
3257 1760 3307 1807 et
3353 1753 3635 1822 interﬁcite

2040 1872 2219 1910 coram
2243 1871 2345 1910 me.

2122 1948 2303 2020 (Vers.
2324 1948 2405 2015 8.)
2433 1966 2453 2000 ι
2494 1945 2792 2003 Torsiones
2821 1954 2875 2000 et
2904 1943 3118 1999 dolores
3148 1943 3407 1997 tenebunt
3441 1939 3637 2011 :quasi

2041 2044 2352 2113 parturiens
2392 2038 2654 2095 dolebunt
2703 2054 2719 2094 :
2766 2035 3144 2106 unusquisque
3206 2032 3277 2089 ad
3327 2035 3635 2104 proximum

2041 2148 2203 2189 suum
2243 2132 2486 2202 stupebit
2524 2149 2540 2189 :
2578 2131 2749 2188 facies
2785 2136 3082 2188 combusta:
3123 2131 3302 2186 vultus
3342 2144 3558 2186 eorum.
3610 2145 3630 2181 ι

2041 2226 2178 2283 Cum
2239 2226 2493 2281 venerint
2544 2223 2758 2281 Domini
2809 2226 3101 2281 bellatores
3159 2223 3325 2295 239
3381 2224 3447 2278 de
3490 2231 3638 2276 terra

2042 2318 2364 2390 longinqua,
2412 2325 2467 2373 et
2515 2331 2708 2372 omnes
2745 2332 2937 2371 manus
2986 2315 3191 2370 tinet-int
3240 2313 3537 2375 dissoluta»,
3580 2319 3640 2366 et

2042 2428 2139 2471 cor
2176 2412 2426 2482 pavidum
2473 2419 2636 2479 atque
2677 2410 3015 2476 contritum;
3060 2416 3187 2461 tunc
3241 2405 3636 2474 strophomata,

2042 2521 2164 2575 qua:
2215 2519 2315 2560 nos
2362 2503 2633 2559 torsiones
2679 2502 2885 2557 ventris
2928 2498 3269 2569 interpretati
3319 2511 3531 2560 sumus,
3581 2506 3639 2550 et

2044 2597 2259 2652 dolores
2304 2594 2565 2651 tenebunt
2605 2607 2724 2661 eos,
2763 2593 2970 2648 similes
3015 2590 3295 2646 doloribus
3322 2588 3636 2659 parturien-

2045 2689 2202 2743 tium.
2253 2687 2358 2744 Per
2415 2701 2536 2758 qua:
2594 2686 2903 2742 ostenditur
2961 2683 3204 2754 torqueri
3263 2697 3359 2737 eos
3413 2682 3634 2753 propria

2044 2777 2400 2845 conscientia,
2453 2785 2511 2832 et
2562 2775 2730 2831 iacies
2782 2775 2982 2830 habere
3021 2773 3331 2829 combustas
3372 2786 3438 2827 eo
3485 2776 3632 2841 igne,

2044 2890 2204 2944 quem
2231 2874 2335 2929 sibi
2365 2873 2761 2929 succenderant
2791 2884 2807 2925 :
2841 2870 2965 2941 quia
2996 2883 3101 2925 non
3140 2877 3369 2937 possunt
3399 2867 3580 2921 dicere
3612 2881 3629 2922 :

2045 2967 2326 3038 Signatum
2372 2975 2449 3021 est
2483 2982 2641 3031 super
2679 2981 2773 3018 nos
2816 2963 2993 3017 lumen
3040 2962 3212 3017 vultus
3269 2963 3366 3026 tui,
3419 2959 3642 3014 Domine

357 3042 754 3110 fortitudinem,
784 3047 872 3102 cui
906 3047 1173 3103 tradimur
1192 3051 1259 3104 ad
1290 3049 1647 3119 puniendum,
1668 3048 1738 3105 de
1759 3063 1867 3119 quo
1886 3058 1936 3103 et

2050 3057 2219 3131 (Psal.
2256 3073 2328 3124 tv,
2367 3058 2455 3128 7);
2490 3065 2545 3112 et
2578 3073 2592 3114 :
2633 3054 2746 3110 Nos
2774 3071 2950 3111 omnes
2971 3052 3198 3109 revelata
3234 3051 3391 3121 facie,
3411 3050 3642 3121 gloriam

358 3140 413 3193 iu
443 3149 636 3195 octavo
665 3141 869 3209 psalmo
895 3149 1147 3196 cantatur
1174 3159 1189 3197 :
1214 3139 1282 3196 Ut
1308 3143 1549 3196 destruas
1577 3143 1850 3196 inimicum
1890 3151 1940 3196 et

359 3232 584 3287 ultorem
607 3232 775 3301 (Psal.
800 3247 919 3300 vtn,
948 3232 1027 3305 5).
1052 3233 1289 3291 Possunt
1317 3234 1607 3290 bellatores
1633 3234 1738 3289 dici
1760 3234 1853 3304 qui
1878 3235 1944 3287 de

358 3335 504 3379 terra
532 3326 719 3396 procul
754 3327 975 3382 veniunt
1006 3326 1171 3397 238
1202 3336 1258 3383 et
1289 3341 1320 3381 a
1360 3342 1576 3382 summo
1606 3327 1752 3393 eteli,
1780 3327 1943 3382 etiam

366 3419 599 3475 ministri
633 3422 836 3492 angeli,
872 3424 965 3493 qui
998 3424 1052 3477 in
1092 3423 1277 3477 mundi
1319 3424 1793 3479 consummatione
1826 3423 1946 3477 mit-

361 3512 506 3567 tendi
538 3521 694 3580 sunt,
726 3523 782 3565 ιιι
812 3515 1146 3569 zizaniorum
1186 3515 1487 3583 manipulos
1522 3514 1742 3580 faciant,
1780 3521 1835 3567 et
1864 3527 1948 3568 se-

364 3615 585 3674 paratos
622 3620 651 3659 a
684 3604 962 3659 frumento
992 3606 1243 3661 incendio
1273 3614 1578 3675 praeparent
1615 3607 1948 3674 sempiterno

362 3692 585 3766 (Matth.
652 3693 800 3760 xm).
864 3694 1052 3750 Omnis
1112 3709 1330 3765 quoque
1391 3705 1536 3750 terra
1596 3696 1944 3766 disperditur,

362 3787 580 3857 quando
604 3796 820 3842 terrena
868 3801 1030 3857 opera
1054 3788 1469 3843 subvertuntur.
1493 3786 1633 3843 Sunt
1646 3799 1701 3843 et
1730 3788 1822 3843 alii
1846 3788 1950 3842 Do-

366 3881 498 3936 mini
551 3880 841 3937 bellatores
888 3881 1139 3935 instructi
1195 3890 1471 3935 armatura
1531 3881 1799 3950 Apostoli,
1854 3881 1949 3950 qui

364 3973 611 4044 quotidie
631 3974 681 4027 in
709 3972 974 4035 Ecclesia,
1005 3986 1125 4039 quae
1155 3970 1476 4040 οἰκουμένη,
1511 3971 1563 4026 id
1592 3982 1675 4026 est
1704 3970 1868 4036 orbis,
1896 3980 1953 4026 et

354 4068 608 4120 ‘nabitata
663 4065 1007 4135 intelligitur,
1040 4064 1360 4134 disperdant
1389 4078 1483 4119 eos
1510 4072 1566 4119 et
1599 4052 1950 4126 interﬁciant,

354 4156 455 4230 {qui
492 4160 793 4228 eriguntur
816 4171 1007 4213 contra
1044 4157 1329 4211 scientiam
1372 4156 1489 4209 Dei.

437 4251 621 4321 (Vers.
658 4250 713 4318 6,
747 4248 824 4321 7.)
863 4267 884 4301 ι
935 4249 1170 4311 Ululate,
1206 4249 1333 4319 quia
1373 4262 1539 4318 prope
1574 4259 1659 4303 est
1693 4249 1809 4305 dies
1846 4250 1951 4305 Do-

367 4344 521 4410 mini,
574 4343 729 4413 quasi
778 4342 1006 4397 vastitas
1058 4358 1087 4395 a
1135 4340 1365 4397 Domino
1404 4342 1605 4397 veniet.
1662 4341 1951 4412 Propterea

2047 3150 2262 3206 Domini
2286 3148 2718 3219 contemplantes,
2736 3147 3047 3218 inleamdem
3070 3146 3346 3214 imaginem
3372 3144 3641 3212 transfor-

2044 3258 2254 3297 mamur
2291 3240 2378 3312 (11
2405 3239 2533 3296 Car.
2583 3254 2666 3303 ιιι,
2698 3238 2809 3307 18).
2848 3235 3234 3307 Unusquisque
3282 3233 3520 3304 stupebit
3574 3233 3646 3286 ad

2045 3334 2350 3403 proximum
2375 3346 2555 3396 suum,
2580 3331 2771 3384 videns
2788 3342 2912 3384 eum
2938 3328 2991 3383 in
3022 3325 3237 3382 eisdem
3253 3338 3375 3379 esse
3405 3332 3645 3379 tormen-

2049 3428 2139 3494 tis,
2167 3426 2364 3497 quibus
2398 3426 2515 3495 ipse
2542 3423 2840 3479 cruciatur.

2121 3519 2301 3591 (Vers.
2344 3518 2423 3587 9.)
2464 3515 2599 3571 Ecce
2631 3516 2741 3570 dies
2775 3512 2995 3568 Domini
3021 3513 3156 3566 venit
3186 3508 3437 3568 crudelis.
3470 3516 3520 3561 et
3560 3508 3646 3559 ἰη-

2049 3613 2373 3685 dignationis
2413 3608 2618 3680 plenus,
2664 3617 2711 3661 et
2747 3608 2845 3662 ira:
2886 3604 3203 3677 furorisque,
3234 3604 3304 3657 ad
3346 3600 3645 3669 ponendam

2052 3712 2246 3757 terram
2274 3703 2326 3756 in
2356 3699 2721 3762 solitudinem,
2748 3705 3045 3766 peccatores
3077 3693 3191 3764 ejus
3218 3692 3557 3747 conterendos
3577 3691 3646 3744 de

2051 3812 2133 3851 ea.
2161 3795 2267 3850 Pro
2288 3803 2427 3848 terra
2458 3791 2810 3861 Septuaginta
2834 3790 2934 3859 τὴν
2959 3787 3308 3856 οἰκουμένην,
3340 3784 3392 3838 id
3415 3793 3522 3847 est,
3555 3798 3648 3835 or-

2054 3885 2165 3939 bem
2208 3882 2547 3952 interpretati
2596 3889 2770 3947 sunt;
2838 3893 2941 3948 pro
2980 3876 3208 3943 crudeli,
3268 3873 3646 3928 insanabilem.

2053 3976 2186 4031 Cum
2225 3977 2368 4028 enim
2420 3973 2537 4028 dies
2580 3972 2664 4026 vel
2706 3970 2919 4041 jndicii,
2972 3970 3055 4024 vel
3107 3967 3298 4023 mortis
3338 3965 3646 4029 advenerit,

2055 4066 2367 4138 implebitur
2396 4065 2526 4120 illud
2570 4063 2713 4134 quod
2742 4064 2793 4117 in
2832 4072 2988 4117 sexto
3025 4060 3234 4131 psalmo
3267 4059 3463 4130 legitur
3507 4074 3523 4115 :
3577 4057 3645 4110 In

2054 4162 2259 4232 inferno
2280 4169 2457 4215 autem
2477 4160 2594 4230 quis
2616 4157 2951 4225 confitebitur
2977 4156 3069 4209 tibi
3104 4154 3273 4226 (Psal.
3297 4168 3369 4213 vt.
3402 4152 3496 4222 6)?
3522 4152 3645 4205 Non

2056 4264 2138 4308 est
2172 4254 2314 4309 enim
2360 4254 2491 4306 illud
2536 4260 2751 4320 tempus
2793 4249 3150 4317 pceniteutiaz.
3192 4247 3284 4300 sed
3329 4259 3643 4314 pcenarum.

2057 4345 2124 4400 Et
2152 4349 2205 4400 in
2236 4345 2342 4400 alio
2368 4345 2487 4399 loco
2518 4345 2713 4398 dicitur
2738 4358 2754 4397 :
2791 4339 2961 4407 Quam
2988 4357 3179 4410 magna
3213 4337 3497 4392 multitudo
3523 4336 3649 4388 dul-

373 4449 557 4489 omnes
605 4448 798 4489 manus
846 4432 1232 4500 dissolventur,
1267 4442 1323 4487 et
1353 4446 1516 4488 omne
1560 4449 1658 4488 cor
1713 4434 1951 4489 hominis
1980 4422 2028 4479 Ῑ)
2055 4439 2254 4493 cedinis
2287 4450 2411 4504 tute,
2440 4435 2682 4501 Domine,
2702 4450 2860 4504 quam
2892 4433 3213 4487 abscondisti
3240 4432 3539 4484 timentibus
3559 4428 3650 4482 te!

372 4528 612 4583 tabescet
634 4538 689 4581 et
726 4536 1058 4581 conteretur.
1086 4545 1105 4578 ι
1134 4525 1400 4593 Quoniam
1426 4526 1718 4582 bellatores
1735 4526 1949 4580 Domini

370 4621 583 4675 venturi
614 4626 757 4681 sunt,
791 4628 849 4673 ut
881 4619 1194 4687 disperdant
1216 4633 1431 4673 omnem
1466 4628 1690 4680 terram,
1726 4618 1950 4685 ulnlate,

368 4722 420 4768 et
442 4713 582 4784 agite
606 4710 981 4781 paenitentiam
1004 4709 1202 4779 quibus
1225 4724 1382 4780 pinna
1406 4720 1633 4765 ventura
1656 4720 1759 4766 εει.
1782 4708 1954 4779 Prope

369 4817 454 4863 est
504 4806 650 4861 enim
691 4804 809 4860 dies
853 4803 1088 4869 Domini,
1133 4803 1216 4858 vel
1255 4804 1746 4859 consummationis
1789 4805 1954 4861 totius

373 4899 558 4956 mundi
618 4908 779 4969 atque
804 4896 1014 4966 iudicii,
1063 4896 1150 4953 vel
1200 4897 1378 4951 exitus
1419 4897 1842 4968 uniuscujusque
1889 4898 1954 4952 de

372 4996 505 5049 vita.
554 4992 709 5047 Venit
741 4991 885 5047 enim
927 5003 957 5044 a
998 4988 1231 5045 Domino
1263 4988 1612 5058 depraedatio,
1653 5005 1814 5059 quam
1858 5004 1957 5044 nos

372 5086 612 5143 diximus
655 5083 1005 5146 vastitatem,
1052 5089 1109 5135 ut
1160 5094 1505 5136 servaremus
1556 5081 1953 5150 metaphoram,

371 5181 496 5250 quia
548 5177 884 5248 praemiserat
945 5172 1258 5229 bellatores.
1295 5170 1431 5227 Cum
1481 5172 1594 5227 dies
1639 5173 1827 5242 judicii
1876 5171 1955 5227 vel

374 5268 720 5327 dormitionis
759 5264 1065 5330 advenerit,
1103 5279 1296 5319 omnes
1334 5278 1527 5317 manus
1569 5263 1954 5329 dissolventur,

373 5363 575 5433 quibus
609 5357 807 5413 dicitur
843 5357 895 5410 in
936 5355 1045 5410 alio
1088 5355 1207 5410 loco
1245 5373 1259 5408 :
1305 5352 1716 5422 Confortamini,
1769 5370 1958 5407 manus

373 5456 667 5513 dissolutas.
696 5448 1085 5518 Dissolventurl
1109 5461 1288 5502 autem
1337 5462 1567 5513 manus;
1592 5448 1717 5516 quia
1750 5446 1955 5501 nullum

373 5569 507 5619 opus
547 5552 765 5618 dignum
801 5543 894 5598 Dei
930 5542 1140 5613 justitia
1172 5542 1477 5610 reperietur
1513 5557 1526 5593 :
1569 5539 1629 5594 Et
1666 5556 1766 5593 non
1790 5539 1959 5609 justi-

378 5646 619 5701 Iirabitur
637 5645 690 5697 in
702 5647 976 5707 conspectu
994 5638 1107 5707 ejus
1126 5637 1296 5690 omnis
1318 5638 1484 5691 uiuens
1509 5634 1675 5706 (Psal.
1695 5651 1861 5697 CXLII,
1879 5635 1957 5702 2).

376 5741 527 5800 Unde
587 5738 856 5812 Propheta
907 5733 1037 5790 dicit
1092 5732 1146 5788 in
1202 5728 1435 5787 Psalmis
1484 5728 1590 5785 :Si
1655 5731 1958 5801 iniquitates

2058 4527 2200 4597 Ergo
2230 4526 2582 4581 absconditur
2613 4523 2779 4578 multa
2812 4522 2905 4576 Dei
2942 4519 3318 4575 misericordia
3340 4516 3408 4570 ab
3440 4516 3523 4569 bis
3551 4515 3645 4583 qui

2055 4618 2235 4671 adhuc
2266 4616 2319 4671 in
2359 4616 2552 4670 timore
2593 4623 2717 4669 sunt
2754 4612 2938 4683 positi,
2975 4619 3031 4665 et
3066 4608 3362 4676 perlectam
3400 4606 3495 4660 Dei
3536 4619 3644 4657 non

2057 4706 2261 4763 habent
2287 4704 2636 4772 charitatem,
2671 4711 2730 4757 ut
2765 4703 2891 4757 dum
2931 4699 3207 4756 crudelem
3239 4696 3467 4752 audiunt
3498 4695 3647 4749 diem

2056 4795 2299 4862 Domini,
2321 4801 2374 4850 et
2414 4791 2802 4857 insanabilem,
2828 4800 2885 4846 et
2919 4788 3307 4859 indignationis
3341 4787 3651 4855 furorisqne

2057 4882 2298 4951 plenum,
2322 4896 2549 4953 peccare
2571 4880 2856 4937 desistant.
2883 4878 3125 4935 Ponetur
3146 4893 3362 4950 quoque
3383 4876 3534 4931 orbis
3563 4874 3650 4929 vel

2058 4984 2202 5029 terra
2239 4974 2294 5028 in
2332 4973 2706 5040 solitudinem,
2747 4981 2802 5027 et
2835 4978 3159 5042 peccatores
3188 4977 3542 5026 conterentur
3576 4966 3649 5023 de

2057 5081 2143 5131 ea,
2179 5082 2298 5136 quae
2324 5067 2475 5135 prius
2499 5076 2846 5136 peccatorum
2880 5079 3047 5120 onere
3074 5063 3423 5149 gravabatus,
3456 5072 3513 5117 ut
3544 5062 3649 5118 de-

2059 5160 2184 5215 letis
2234 5162 2567 5230 perditisque
2619 5158 2935 5225 sceleribus,
2987 5157 3195 5212 habitet
3248 5166 3305 5212 et
3354 5165 3542 5227 regnet
3594 5156 3647 5211 in

2060 5262 2204 5308 terra
2233 5253 2343 5309 sola
2369 5255 2600 5326 iustitia,

2132 5346 2317 5417 (Vers.
2357 5349 2471 5417 10.)
2529 5366 2548 5399 ε
2600 5345 2866 5412 Quoniam
2911 5342 3084 5399 stellae
3117 5341 3240 5396 cteli
3295 5350 3352 5395 et
3388 5339 3651 5409 splendor

2061 5462 2247 5502 earum
2267 5459 2375 5499 non
2394 5458 2455 5498 ex
2466 5439 2704 5512 pandent
2729 5439 2912 5493 lumen
2932 5452 3091 5493 suum
3115 5450 3130 5491 :
3152 5434 3541 5489 obtenebratns
3565 5442 3652 5487 est

2062 5544 2142 5598 sol
2186 5540 2239 5595 in
2279 5549 2401 5595 ortu
2442 5550 2563 5603 suo,
2602 5544 2656 5590 et
2692 5534 2816 5588 luna
2853 5546 2960 5585 non
2995 5527 3297 5600 splendebit
3332 5528 3394 5581 in
3442 5528 3650 5582 lumine

2062 5652 2183 5692 suo.
2224 5651 2243 5687 ι
2270 5630 2446 5687 LXX:
2487 5647 2506 5681 ι
2544 5626 2723 5683 Stellae
2752 5624 2897 5680 enim
2930 5623 3052 5679 creti
3083 5630 3139 5676 et
3169 5620 3357 5683 Orion,
3385 5628 3441 5672 et
3469 5616 3654 5671 omnis

2064 5740 2289 5787 ornatus
2308 5727 2430 5786 cceli
2455 5727 2636 5783 lumen
2658 5738 2813 5781 suum
2831 5737 2935 5779 non
2957 5722 3158 5777 dabunt
3177 5716 3277 5788 [aL
3302 5710 3641 5771 habcbnntil:
