3972 6198
272 271 382 335 2ιῖ

844 268 1343 334 C(MMENTAR.
1377 271 1459 333 IN
1491 271 1764 333 ISAIAM
1806 269 1880 333 Pl

1990 267 2274 330 'HE'I‘AM
2312 268 2461 329 LIB.
2502 267 2604 336 Vl,
2632 263 2796 328 CAP.
2839 265 3018 328 XIII.

3444 262 3550 324 218

274 401 332 446 et
358 389 864 470 qhtenehrabuntur
877 389 992 446 sole
1013 389 1248 455 oriente,
1267 397 1321 445 et
1337 389 1465 444 luna
1482 399 1591 444 n'on
1610 383 1765 446 d‘abit
1785 389 1872 443 lu-
1893 389 1945 450 Α
1970 395 2195 450 vestras,
2227 399 2345 437 cum
2381 372 2794 436 adulterat-crint
2827 377 2982 450 (Osee
3010 391 3083 441 ιν,
3250 373 3308 470 -Ε
3332 356 3550 470 contra-

275 499 406 538 men
435 496 616 536 suum.
653 498 672 532 θ
726 478 835 534 Pro
863 495 933 536 eo
962 481 1106 547 quod
1145 495 1244 535 nos
1266 482 1608 550 interpretati
1637 495 1848 545 sumus,

272 575 528 643 splendor
543 587 750 638 eorum,
786 571 930 626 haud
955 571 1179 627 dubium
1201 572 1334 642 quin
1364 573 1642 627 stellarum
1662 571 1852 640 Aquila

1953 478 2035 531 rio
2057 476 2226 532 dehis
2249 475 2342 544 qui
2371 475 2425 528 in
2455 473 2674 527 Christo
2693 471 2953 524 credituri
2977 477 3130 532 sunt,
3159 467 3354 520 dicitttr
3378 463 3551 531 (Psal.

1955 581 2227 630 Lxsxvttt,
2253 569 2343 630 35,
2362 566 2485 634 34):
2530 564 2763 618 Visitabo
2782 563 2836 615 in
2859 565 3003 628 virga
3029 560 3330 629 iniquitates
3352 571 3554 624 eorum,
3627 568 3632 572 ·

272 675 330 720 et
365 663 880 728 Theodotio‘ipsum
932 663 1158 718 verbum
1198 671 1496 733 posuerunt
1527 662 1851 718 Hebraieum
1952 671 2004 716 et
2053 662 2106 713 in
2139 658 2366 729 ﬂagellis
2418 657 2576 728 241
2610 663 2825 722 peccata
2853 654 3055 708 eorum
3083 667 3102 706 :
3134 648 3553 704 misericordiam

273 771 556 812 ClliSILEEI
583 737 856 824 (ambibat)
889 755 905 785 ¹
930 769 946 821 ;
980 767 1077 824 pro
1101 770 1211 823 quo
1241 753 1386 808 LXX
1404 755 1648 809 Orionem
1677 763 1858 808 trans.

273 849 542 907 tulerunt.
578 848 841 903 addentes
899 846 966 901 de
1000 861 1122 910 suo,
1171 856 1222 901 et
1260 847 1427 900 omnis
1461 857 1682 900 ornatas
1718 846 1855 911 creti,

275 941 425 1009 quod
459 938 616 993 obelo
644 939 1052 1009 praenotandum
1083 947 1188 994 est.
1209 937 1373 1008 2m
1393 938 1648 993 Orionem
1676 947 1858 993 autem

277 1027 562 1098 gentilium
592 1026 790 1081 fabulae
820 1027 1008 1082 dicunt
1034 1027 1222 1097 viginti
1254 1029 1390 1083 duas
1420 1028 1621 1083 habere
1652 1027 1858 1095 stellas,

279 1134 313 1173 e
348 1119 547 1188 quibus
583 1128 824 1188 quatuor
855 1118 1028 1173 tertiae
1061 1119 1450 1188 magnitudinis
1481 1129 1629 1184 sunt,
1664 1135 1858 1176 novem

280 1219 515 1277 quartae,
547 1223 758 1262 rursum
801 1208 922 1262 alia:
963 1223 1155 1263 novem
1199 1210 1423 1278 quinte.
1472 1219 1528 1266 et
1562 1211 1631 1267 ab
1689 1213 1812 1266 aliis
1839 1211 1862 1242 ’

284 1299 629 1368 appellantur
647 1297 856 1354 Bootes.
882 1299 1136 1369 Legimus
1153 1315 1371 1371 quoque
1398 1303 1452 1357 in
1473 1301 1596 1371 Job,
1625 1301 1860 1374 Hyadas,

283 1401 339 1443 et
370 1387 696 1457 Vesperum,
727 1400 785 1444 et
813 1392 1124 1458 Arcturum,
1156 1401 1211 1446 et
1243 1394 1552 1458 thesauros,
1582 1395 1696 1450 sive
1728 1395 1866 1449 inte-

285 1480 432 1535 riora
464 1479 650 1536 Austri
682 1479 806 1548 (Job
863 1498 940 1547 ut,
979 1483 1057 1552 9),
1089 1484 1156 1540 de
1181 1485 1378 1554 quibus
1415 1485 1469 1540 in
1504 1499 1608 1541 suo
1635 1486 1756 1542 loco
1784 1485 1867 1540 di-

285 1571 518 1621 cendum
561 1577 662 1622 est.
709 1568 822 1625 Nec
865 1580 1060 1639 putare
1109 1573 1370 1629 debemus
1422 1575 1562 1644 apud
1610 1574 1864 1631 Hebraeos

1957 761 2136 807 autem
2171 767 2340 804 meam
2369 766 2473 804 non
2505 751 2750 816 auferam
2775 745 2844 800 ab
2871 746 2969 799 eis.

2036 862 2057 896 s
2093 845 2158 898 Et
2188 843 2531 911 requiescere
2559 839 2756 894 faciam
2802 837 3112 906 superbiam
3144 833 3467 897 infidelium,
3498 839 3554 884 et

1960 933 2334 1004 arrogantiam
2387 931 2610 986 fortium
2669 928 2983 983 humiliabo.
3046 945 3068 980 ν
3126 924 3268 980 LXX
3333 941 3349 979 :
3409 943 3428 976 ι
3487 920 3556 976 Ει

1960 1026 2186 1098 perdam
2223 1024 2482 1093 iniuriam
2517 1022 2851 1091 iniquorum,
2886 1028 2941 1075 et
2974 1019 3231 1088 iniuriant
3277 1013 3555 1083 superbo-

1963 1133 2083 1172 rum
2129 1115 2449 1170 humiliabo.
2491 1130 2510 1164 ι
2557 1110 2798 1167 Verbum
2840 1107 3166 1162 Hebraicum
3206 1119 3344 1161 osos
3377 1101 3552 1175 (nm),

1963 1206 2107 1276 quod
2156 1205 2446 1274 perspicue
2492 1200 2860 1271 arrogantiam
2915 1208 2964 1253 et
3015 1197 3313 1267 superbiam
3374 1204 3556 1258 sonat,

1964 1299 2274 1357 Theodotio
2304 1307 2360 1353 et
2402 1297 2754 1367 Septuaginta
2784 1307 2999 1363 semper
3029 1292 3288 1361 injuriam
3311 1299 3558 1344 transtu-

1968 1391 2170 1456 lerunt,
2201 1403 2422 1444 sensum
2455 1388 2627 1453 magis
2661 1399 2824 1456 quam
2859 1385 3088 1438 verbum
3121 1380 3488 1449 exprimentes
3539 1393 3558 1437 :

1967 1484 2096 1554 quia
2143 1483 2322 1538 omnis
2367 1483 2636 1552 superbus
2693 1486 2977 1549 promptus
3030 1484 3113 1532 est
3161 1477 3226 1530 ad
3279 1474 3559 1544 iniuriam.

1966 1575 2110 1646 Ergo
2131 1583 2414 1646 propterea
2443 1573 2704 1628 Dominus
2739 1571 2916 1625 visitat
2950 1584 3113 1638 super
3141 1567 3290 1621 orbis
3320 1565 3486 1627 mala,
3507 1572 3565 1617 et

287 1658 384 1712 has
430 1657 619 1712 stellas
666 1659 753 1713 his
794 1659 1049 1728 appellari
1089 1663 1424 1728 nominibus,
1475 1679 1596 1733 quae
1645 1665 1865 1720 Graecus
1889 1731 1934 1738 _
1970 1677 2159 1726 contra
2191 1668 2391 1738 impios
2419 1665 2738 1736 iniquitates
2763 1678 2975 1728 eorum,
3005 1671 3062 1715 nt
3115 1659 3441 1728 comprimat
3473 1672 3562 1709 ar-

286 1765 468 1804 sermo
493 1758 710 1804 resonat
734 1761 789 1806 et
811 1750 1036 1806 Latinus
1061 1771 1075 1806 :
1111 1755 1203 1808 sed
1232 1755 1450 1824 propria
1481 1731 1684 1812 habere
1703 1771 1866 1813 voca-
1889 1731 1940 1791 Β
1970 1731 2287 1830 ιιοειηιὶειηί
2308 1731 2688 1828 superborum,
2721 1765 2774 1810 et
2805 1753 3114 1823 superbiam
3137 1751 3354 1806 fortium
3386 1749 3565 1802 humi-

288 1838 437 1893 bula.
471 1836 630 1893 Sicut
661 1840 802 1893 enim
837 1839 976 1896 Deus
1004 1843 1215 1897 vocavit
1245 1844 1448 1906 lucem,
1475 1847 1656 1914 diem;
1689 1857 1744 1902 et
1772 1846 1866 1901 111·-
1968 1853 2099 1908 liet.
2149 1851 2290 1906 Dens
2346 1848 2490 1903 enim
2541 1848 2777 1915 superbis
2812 1843 3036 1906 resistit,
3070 1840 3353 1896 humilibus
3390 1847 3564 1890 autem

289 1937 650 1998 mamentum,
676 1931 876 1987 caelum
901 1949 919 1998 ;
948 1943 1002 1988 et
1031 1935 1262 2001 aridam,
1289 1945 1526 2005 terram;
1559 1950 1616 1994 et
1640 1953 1868 2009 congre-
1967 1945 2058 1999 dat
2092 1942 2318 2014 gratiam
2353 1937 2409 2010 (ι
2448 1938 2596 1992 Petr.
2631 1937 2710 2007 v).
2750 1935 2818 1990 Et
2854 1937 2907 1988 in
2944 1932 3252 1987 Proverbiis
3284 1929 3513 1998 legimus
3552 1942 3566 1980 :

286 2024 539 2093 Βδιίοηθδ
572 2038 858 2094 ιιιιιπυιηο
895 2027 1066 2084 maria
1101 2026 1257 2096 (σεηο
1297 2030 1339 2098 1)
1371 2043 1388 2084 3
1421 2030 1502 2086 Sic
1535 2040 1589 2086 οι
1625 2031 1868 2100 δίηεηιδε
1965 2039 2104 2096 Ante
2137 2036 2504 2091 eontritionem
2542 2032 2776 2087 eleuatur
2810 2046 2902 2084 eor
2943 2028 3064 2092 viri,
3106 2037 3152 2080 et
3188 2035 3310 2078 ante
3345 2023 3569 2093 gloriam

285 2117 478 2172 atellas
500 2117 618 2173 suis
641 2119 934 2186 appellavit
955 2121 1286 2189 nominibus,
1310 2136 1540 2190 quarum
1569 2126 1870 2193 proprieta-
1973 2129 2296 2186 humilialur
2319 2126 2504 2195 (Prov.
2528 2137 2641 2188 xvt,
2669 2121 2784 2192 18).
2809 2121 3038 2190 Semper
3067 2116 3379 2187 superbiam
3410 2116 3571 2168 ruina

287 2217 395 2262 tem
416 2217 600 2262 nostra
630 2208 810 2276 lingua
839 2223 946 2262 non
962 2209 1241 2280 exprimit.
1271 2209 1544 2282 Scriptum
1569 2216 1738 2269 estde
1760 2213 1870 2269 Deo
1969 2221 2238 2290 sequitur,
2260 2229 2315 2273 et
2336 2216 2697 2270 humilitatem
2729 2213 2898 2283 gloria
2929 2227 2944 2268 :
2971 2208 3076 2276 Qui
3103 2207 3236 2263 enim
3265 2224 3317 2260 se
3342 2207 3569 2271 exultat,

286 2299 340 2352 in
365 2297 475 2351 alio
493 2297 614 2353 loco
641 2315 658 2353 :
684 2298 790 2362 Qui
809 2310 1048 2353 numerat
1071 2301 1460 2375 multitudinem
1487 2302 1762 2356 stellarum
1785 2312 1872 2356 :et

286 2389 532 2443 omnibus
584 2390 660 2444 eis
702 2391 916 2444 nomina
959 2400 1112 2446 uocat
1155 2392 1196 2445 ⁸.
1255 2392 1484 2459 Quando
1535 2393 1700 2460 igitur
1756 2395 1873 2448 dies

288 2480 506 2534 Domini
537 2485 744 2537 venerit
773 2483 840 2537 ad
871 2487 1174 2554 ponendum
1197 2486 1382 2539 orbem
1407 2493 1677 2540 terrarum
1710 2485 1761 2539 in
1787 2499 1876 2540 so-

290 2569 606 2637 litudinem,
657 2583 713 2629 et
752 2583 1068 2644 peccatores
1109 2577 1176 2630 de
1204 2589 1267 2630 ea
1299 2577 1518 2646 penitus
1547 2574 1877 2649 auferendus

292 2663 446 2731 (Psal
500 2668 725 2736 xxxvi);
756 2677 887 2722 tunc
935 2668 1004 2722 ad
1055 2669 1512 2738 comparationem
1545 2668 1741 2724 divinae
1766 2685 1877 2724 ma-

289 2752 531 2822 iestntis,
553 2757 721 2810 stellae
750 2758 872 2812 curii
908 2769 968 2813 et
997 2759 1178 2814 omnis
1206 2761 1464 2828 splendor
1491 2775 1678 2816 earum
1708 2769 1879 2816 retra-

294 2843 426 2898 hent
449 2845 630 2900 lumen
663 2863 843 2904 suum.
873 2848 986 2905 Nec
1012 2855 1210 2905 mirum
1236 2860 1321 2906 est
1345 2850 1449 2907 hoc
1477 2855 1545 2907 de
1575 2853 1879 2908 minoribus

295 2935 472 2989 stellis
505 2935 711 3001 dicere,
749 2953 870 2993 cum
902 2939 1064 2995 etiam
1105 2941 1188 2996 sol
1221 2941 1636 2998 obtenehrescat
1669 2943 1724 2998 in
1757 2955 1879 2998 ortu

297 3042 420 3092 suo,
452 3040 507 3083 et
537 3028 669 3084 luna
705 3030 1050 3099 splendorem
1083 3033 1300 3087 solitum
1335 3049 1444 3088 non
1485 3035 1702 3091 habeat.
1745 3035 1876 3092 Illud

299 3127 480 3173 autem
533 3121 675 3188 quod
734 3119 875 3174 LXX
931 3123 1346 3192 transtulerunt,
1403 3127 1548 3196 quod
1605 3128 1776 3182 stella:
1827 3138 1883 3184 et

299 3210 490 3276 Orion,
543 3222 598 3265 et
639 3213 816 3267 omnis
851 3225 1075 3270 ornatus
1119 3215 1242 3272 cteli
1291 3218 1719 3274 obtenebrentur
1768 3221 1883 3275 sole

298 3302 535 3371 oriente,
581 3319 689 3359 non
732 3305 890 3361 habet
940 3307 1071 3375 quid
1114 3309 1279 3379 signi,
1320 3311 1436 3366 sive
1485 3312 1730 3366 miraculi
1779 3312 1881 3386 [al.

304 3395 443 3465 signi
481 3397 860 3471 miraculum];
895 3400 998 3455 hoc
1027 3402 1170 3455 enim
1219 3402 1365 3457 omni
1415 3404 1476 3457 iit
1520 3413 1783 3474 tempore,
1826 3415 1884 3460 nt

303 3496 424 3540 orto
454 3488 590 3550 sole,
631 3487 802 3544 stella:
839 3506 958 3558 quae
992 3493 1047 3547 in
1081 3492 1224 3547 caelo
1261 3505 1388 3549 sunt
1421 3511 1525 3550 non
1566 3507 1882 3566 appareant.

304 3575 413 3630 Nec
445 3576 642 3630 mirum
685 3577 788 3633 hoc
820 3578 1023 3634 dixisse
1059 3581 1128 3635 de
1165 3581 1298 3647 sole,
1335 3599 1460 3639 cum
1507 3584 1673 3640 etiam
1727 3586 1884 3656 plena

306 3667 454 3734 luna,
487 3677 546 3722 et
569 3676 681 3723 tota
716 3679 876 3725 nocte
903 3671 1164 3741 fulgente,
1197 3675 1454 3748 pleraque
1485 3687 1630 3732 astra
1662 3693 1765 3732 non
1800 3678 1886 3732 lu-

303 3770 484 3816 ceant.
525 3760 662 3817 Esse
692 3773 870 3816 autem
911 3764 1074 3819 etiam
1109 3781 1206 3834 per
1236 3769 1377 3823 diem
1411 3768 1598 3825 stellas
1633 3771 1686 3824 in
1722 3769 1885 3835 caelo,

304 3853 500 3920 probat
531 3852 664 3908 solis
699 3854 1018 3922 deliquium,
1057 3858 1200 3926 quod
1230 3860 1450 3929 quando
1479 3861 1670 3916 umbra
1706 3872 1885 3927 terrae,

307 3950 365 3993 ut
392 3939 696 4010 philosophi
728 3943 1026 4012 disputant,
1055 3956 1112 4001 et
1141 3947 1361 4017 obiecto
1391 3949 1523 4004 orbe
1553 3949 1694 4004 lunae
1723 3949 1888 4006 fuerit

306 4033 653 4099 obscuratae,
682 4035 912 4090 clariora
943 4041 997 4091 in
1027 4040 1168 4094 coelo
1195 4050 1340 4094 astra
1374 4041 1682 4097 videantur.

376 4122 695 4220 (νει-εἴη.)
734 4144 754 4177 s
782 4125 844 4178 Et
867 4128 1098 4184 visitabo
1121 4145 1285 4199 super
1315 4131 1467 4185 orbis
1500 4132 1660 4196 mala,
1679 4141 1735 4188 et
1755 4147 1888 4220 cqu-

1973 2310 2345 2366 humiliabitur
2379 2324 2398 2362 :
2430 2316 2480 2362 et
2514 2307 2604 2378 qui
2635 2321 2691 2361 se
2723 2304 2994 2367 humiliat,
3029 2301 3360 2357 exaltabitur
3413 2298 3568 2368 (an.

1974 2403 2112 2468 Itv).
2167 2400 2420 2468 Legimus
2469 2397 2522 2450 in
2566 2396 2672 2450 alio
2727 2395 2846 2448 loco
2895 2409 2910 2450 :
2963 2391 3192 2445 Perdant
3241 2388 3558 2456 sapientiam

1974 2491 2318 2561 sapientium,
2361 2495 2412 2541 et
2451 2485 2854 2554 intelligentiam
2893 2481 3229 2552 prudentium
3280 2474 3572 2545 reprobabo

1974 2584 2030 2657 (1
2061 2582 2182 2640 Cor.
2213 2598 2252 2646 ι,
2282 2581 2395 2652 l9).
2425 2578 2541 2635 Non
2574 2580 2716 2649 qttod
2739 2592 2868 2633 vera
2897 2576 3160 2646 sapientia
3195 2583 3246 2626 et
3293 2586 3417 2624 vera
3447 2578 3572 2639 pru‘

1977 2677 2160 2732 dentia
2221 2672 2520 2746 perdantur
2582 2687 2611 2726 a
2667 2669 2918 2734 Domino,
2975 2667 3068 2722 sed
3140 2663 3260 2718 falsi
3339 2659 3575 2716 nominis

1980 2768 2211 2823 scientia
2247 2768 2383 2836 :qui
2433 2764 2537 2821 sibi
2577 2761 2954 2818 thesaurizaut
2999 2758 3236 2826 linguam
3280 2751 3573 2814 mendacii,

1980 2869 2034 2914 et
2106 2858 2364 2913 deficiunt
2434 2863 2742 2910 scrutantes
2803 2848 3093 2912 scrutinio,
3165 2854 3218 2899 et
3289 2843 3587 2911 inveniunt

1982 2951 2144 3018 nihil,
2177 2951 2467 3020 loquentes
2515 2945 2860 3014 iniquitatem
2916 2941 2972 2995 in
3023 2938 3322 2998 excelsum,
3376 2945 3429 2989 et
3482 2947 3578 3000 po-

1986 3054 2177 3099 nentes
2229 3043 2282 3097 in
2335 3039 2531 3096 caelum
2565 3051 2626 3091 os
2655 3049 2836 3091 suum.
2884 3033 3045 3089 Unde
3087 3029 3306 3101 pr0prie
3358 3025 3576 3081 haereti-

1990 3148 2189 3190 corum
2217 3130 2468 3197 superbia
2503 3125 2750 3182 veritatis
2776 3121 2971 3193 iniuria
3003 3121 3338 3174 nominatur.

2058 3223 2240 3294 (Vers.
2277 3219 2394 3290 η.)
2439 3237 2458 3271 t
2507 3217 2803 3272 Pretiosior
2834 3214 2943 3269 arit
2977 3213 3062 3266 vir
3099 3225 3232 3266 auro
3267 3226 3282 3263 :
3316 3217 3372 3263 et
3408 3207 3576 3261 homo

1985 3313 2190 3372 mundo
2229 3313 2437 3368 obrizo.
2491 3327 2511 3362 ι
2558 3305 2701 3362 LXX
2747 3323 2762 3362 :
2818 3325 2838 3358 s
2882 3306 2948 3360 Et
2980 3312 3143 3358 erunt
3187 3301 3277 3372 qui
3331 3298 3576 3354 derelicti

1989 3405 2215 3473 fuerint,
2247 3401 2498 3458 honorati
2531 3399 2702 3468 magis
2736 3411 2898 3467 quam
2929 3411 3122 3451 aurum
3150 3402 3434 3448 excoctum
3472 3406 3487 3444 :
3519 3400 3576 3445 et

1987 3501 2152 3556 homo
2184 3493 2558 3551 honorabilior
2582 3491 2686 3546 erit
2707 3489 2888 3559 lapide
2918 3488 3133 3557 SOphir.
3171 3503 3190 3538 ι
3229 3488 3288 3538 tn
3316 3497 3577 3538 consum-

1987 3591 2228 3647 ntatione
2252 3586 2462 3653 mundi,
2493 3583 2711 3656 quando
2745 3581 2895 3637 orbis
2927 3583 3178 3636 redactus
3209 3575 3375 3632 fuerit
3403 3576 3454 3628 in
3487 3587 3576 3626 so.

1988 3681 2298 3746 litttdinem,
2333 3689 2389 3733 et
2418 3675 2806 3732 obtenebratus
2840 3673 2920 3728 sol
2955 3673 3008 3726 in
3043 3680 3167 3726 ortu
3204 3684 3323 3730 suo,
3364 3677 3418 3721 et
3449 3665 3579 3719 luna

1989 3774 2332 3845 splendorem
2371 3787 2530 3826 suum
2564 3784 2672 3824 non
2709 3767 2940 3829 dederit,
2985 3773 3132 3818 tanta
3168 3765 3295 3817 fient
3325 3761 3392 3816 ab
3424 3761 3581 3814 Atili-

1989 3867 2198 3924 christo
2223 3864 2374 3934 signa
2403 3869 2564 3930 atque
2591 3869 2865 3931 portenta,
2891 3867 2949 3912 ttt
2967 3856 3253 3926 iniquitate
3278 3863 3584 3917 crescente,

1991 3955 2318 4024 refrigescat
2341 3951 2588 4006 charitas
2612 3949 2932 4010 multorum,
2957 3949 3024 4001 ad
3049 3944 3396 4015 decipiendos
3414 3943 3578 3996 etiam

1991 4045 2038 4102 si
2075 4044 2189 4099 lieri
2226 4050 2409 4114 potest
2447 4042 2649 4096 electos
2680 4039 2773 4094 Dei
2811 4035 3034 4108 (Matth.
3069 4040 3236 4105 xxiv).
3269 4035 3422 4090 Tunc
3457 4051 3586 4103 pre-

1994 4136 2186 4192 tiosior
2207 4135 2311 4190 erit
2333 4135 2419 4188 vir
2439 4147 2597 4200 auro,
2622 4131 2767 4201 quod
2791 4130 3280 4201 Hebraiceﬁdicitur
3302 4145 3432 4184 enitr.
3452 4129 3582 4197 (TD).

308 4224 390 4270 tra
442 4215 642 4286 impios
683 4220 998 4289 iniquitates
1039 4237 1250 4277 eorum.
1289 4242 1308 4275 ι
1334 4223 1561 4291 Quando
1605 4215 1891 4282 visitat'et
1989 4239 2046 4286 et
2083 4229 2276 4299 Aquila
2317 4227 2706 4296 interpretatus
2739 4233 2822 4279 est
2861 4223 3076 4295 κιρῤδν,
3112 4221 3159 4288 ⁵,
3195 4221 3333 4291 quod
3385 4221 3584 4276 coloris

311 4309 546 4376 Pel'cum
577 4307 752 4375 Deus;
784 4311 850 4364 ad
876 4313 978 4367 hoc
1010 4313 1243 4382 Percmil
1268 4326 1324 4370 ul
1351 4317 1623 4372 emendet.
1649 4316 1890 4388 Denique
1992 4321 2182 4393 Optimi
2217 4328 2383 4390 atque
2417 4318 2700 4388 sanguinei
2735 4325 2861 4383 est;
2909 4327 2964 4370 et
3011 4316 3172 4370 homo
3223 4314 3586 4368 mundissimo

308 4403 529 4470 quando
579 4401 932 4458 vehementer
992 4404 1245 4460 irascitur
1291 4421 1454 4476 super
1500 4423 1597 4464 eos
1641 4410 1733 4478 qui
1785 4424 1891 4465 non
1929 4415 2206 4482 Dobrizo,
2259 4411 2405 4481 quod
2458 4409 2722 4464 llebraice
2775 4409 2977 4464 dicitur
3030 4423 3190 4462 ornttt
3243 4410 3476 4478 (manu),
3533 4415 3589 4458 et

309 4503 478 4568 agunt
530 4495 908 4564 pmnitenliam
946 4515 962 4551 :
1015 4495 1140 4552 Non
1195 4501 1438 4566 visitabo,
1494 4503 1690 4572 inquit,
1736 4520 1893 4571 super
1999 4504 2192 4574 Aquila
2228 4502 2506 4557 transtulit
2539 4499 2815 4571 σπήλωμα
2847 4501 3030 4569 ὀφεὶρ,
3065 4499 3206 4569 quod
3239 4499 3426 4553 nescio
3457 4496 3586 4564 quid

311 4588 458 4654 filias
487 4577 709 4654 uestras,
733 4605 851 4643 cum
877 4590 1075 4660 fuerint
1099 4591 1380 4659 fornicata:
1417 4610 1440 4650 :
1462 4603 1514 4649 et
1540 4611 1699 4664 super
1725 4611 1891 4651 nurus
1999 4597 2242 4652 volentes
2283 4593 2423 4649 LXX
2469 4592 2631 4666 242
2680 4592 3024 4661 interpretati
3069 4601 3218 4658 sunt,
3261 4591 3490 4660 lapidem
3523 4589 3587 4642 de

390 4748 407 4777 ι
432 4743 731 4802 Cltisileem.
784 4745 1020 4804 Verbum
1047 4749 1371 4806 Hebraicum
1399 4763 1760 4820 corrumpunt
1778 4753 1901 4808 edi-

314 4840 494 4913 tiones
531 4835 745 4913 Erasmi
780 4847 834 4894 et
865 4837 1118 4913 Mariani,
1150 4841 1391 4913 legentes
1419 4829 1546 4903 1503
1578 4842 1746 4897 Cesile
1778 4845 1897 4898 sine

315 4910 473 4962 atlixo
496 4909 839 4985 pronomine,
867 4909 1540 4985 et_a_ntiquaui__Iectionem
1577 4913 1894 4985 Hieronymi

318 4981 855 5040 cntstLt-zmt.omnino
895 4981 1169 5034 vitiantes.
1212 4980 1480 5037 Murrum.

388 5047 633 5109 Rectius,
664 5057 722 5101 ut
749 5047 983 5109 videtur.
1017 5053 1070 5104 in
1101 5049 1277 5108 Vatic.
1307 5066 1408 5106 ms.
1441 5050 1664 5107 Xileem.
1697 5051 1898 5107 Recole

301 5124 538 5200 quierde
574 5120 976 5200 hocnvocabulo
1007 5135 1170 5200 supra
1204 5125 1587 5200 annmavimus
1623 5121 1896 5200 ach-17?.

389 5191 410 5221 ⁹
442 5185 903 5262 Ειᾼοὺᾼαιίἱιλειε.
928 5189 984 5242 In
1016 5185 1174 5245 editis
1193 5199 1250 5244 et
1278 5196 1327 5245 in
1351 5193 1556 5262 aliquot
1581 5208 1711 5247 mss.
1744 5195 1898 5248 codi-

320 5260 479 5332 eibus
516 5259 748 5328 legimus
785 5259 836 5332 i_n
862 5261 1158 5332 singulari,
1191 5263 1280 5330 qui
1314 5263 1377 5314 ab
1430 5259 1551 5317 aliis
1599 5263 1901 5332 appellatur

323 5331 515 5384 Bootes
533 5343 764 5399 ,{nempe
779 5328 950 5383 Orion
969 5333 1034 5385 de
1054 5346 1161 5399 quo
1180 5328 1267 5386 hic
1290 5343 1374 5386 est
1403 5347 1602 5386 sermo.
1627 5328 1904 5387 Marianus

320 5417 484 5468 porro
531 5397 802 5453 Victorius
848 5397 1483 5470 tnutaticonsequentem
1530 5403 1820 5457 lcetionem
1887 5419 1902 5454 :

319 5470 780 5542 Legimusquoque
801 5472 854 5524 in
869 5471 992 5542 Job,
1021 5469 1262 5540 Hyadas,
1285 5483 1416 5532 etc.,
1438 5482 1600 5539 atque
1620 5474 1904 5541 legendum

318 5539 515 5596 statuit
548 5539 802 5593 Pleiadas
837 5557 904 5596 ex
938 5539 1098 5595 LXX.
1143 5542 1249 5596 Sed
1303 5539 1905 5603 I’rustra,cnm*omnes

247 5630 259 5639 δ
321 5627 452 5667 mss.
477 5612 699 5682 codiees
725 5612 991 5666 retineant
1012 5615 1250 5682 Hyadas,
1278 5614 1380 5682 hoc
1406 5625 1621 5680 quoque
1646 5614 1804 5665 modo
1830 5613 1906 5666 le-

325 5685 468 5753 gen‘t
495 5681 555 5737 S.
587 5679 946 5754 Hieronymus
973 5679 1079 5739 loli
1099 5696 1179 5748 1x,
1208 5683 1245 5739 9
1275 5698 1290 5738 :
1319 5679 1436 5748 Qui
1449 5683 1574 5753 [πάι
1596 5682 1902 5748 Arcturum,

1997 4762 2047 4807 et
2080 4751 2374 4820 0riona,et
2399 4748 2638 4820 Hyadas.
2662 4756 2770 4804 etc.
2792 4764 3048 4804 IABTIAN.

2075 4823 2097 4854 '
2124 4822 2270 4876 Idem
2306 4819 2501 4887 Vatic.,
2531 4830 2582 4874 et
2615 4836 2790 4874 omnes
2819 4837 2909 4874 eas
2944 4820 3242 4873 nominibus
3272 4827 3441 4872 vocat.

2073 4913 2097 4945 ⁵
2127 4913 2402 4984 Legimus,
2434 4914 2548 4968 sive
2577 4915 2928 4984 emendantns
2957 4913 3150 4984 κιρρὸν
3181 4913 3246 4964 ad
3280 4911 3435 4984 ﬁdem
3473 4911 3574 4966 Va-

2005 4984 2100 5040 tic.
2140 4981 2246 5040 ms.
2272 4983 2360 5037 cui
2390 4991 2444 5036 et
2471 4983 2653 5052 plures
2683 4983 2773 5037 alii
2801 4981 3112 5036 Martian‘aao
3140 4983 3367 5052 inspecti
3394 4984 3584 5052 conci-

2004 5065 2162 5117 nnnt,
2216 5053 2423 5108 Latinis
2473 5049 2678 5108 litteris
2727 5053 3078 5120 prazferentes
3133 5049 3348 5106 Cirron.
3400 5051 3490 5105 Sic
3529 5061 3584 5106 et

2007 5123 2236 5179 Drusius
2255 5123 2540 5193 legendum
2565 5133 2723 5193 antea
2743 5131 3037 5193 monuerat
3060 5135 3125 5176 ex
3159 5123 3381 5190 antiquo
3404 5137 3504 5177 suo
3521 5121 3588 5175 li-

2007 5195 2138 5262 bro;
2175 5191 2341 5264 reque
2374 5196 2487 5264 ipsa
2521 5195 2601 5248 sic
2629 5191 2754 5246 alibi
2792 5205 3033 5264 quoque
3071 5193 3462 5264 interpretatus
3510 5201 3594 5247 est

2008 5207 2138 5262 tiro;
2175 5209 2341 5264 reque
2374 5209 2487 5262 ipsa
2521 5208 2601 5248 Sic
2629 5207 2754 5246 antu
2808 5207 3028 5316 quoque
3071 5207 3462 5262 tnterpretatus
3510 5207 3594 5247 est

2008 5265 2229 5334 Aquila,
2265 5263 2587 5334 putaAProv.
2625 5278 2743 5329 VIII,
2786 5262 2806 5315 Ι
2855 5301 2887 5334 ._
2904 5261 3148 5332 Denique
3185 5263 3298 5333 ipse
3330 5263 3594 5332 Hierony-

2009 5330 2151 5398 mus,
2183 5330 2280 5388 lib.‘
2312 5335 2378 5387 de
2404 5332 2741 5398 Nominibus,
2769 5347 2832 5386 ex
2862 5330 3119 5396 Jeremia,
3153 5330 3358 5402 ophaz,
3399 5330 3592 5402 inquit,

2009 5404 2265 5457 obrizum.
2289 5403 2400 5473 Est
2430 5413 2604 5455 autem
2642 5418 2802 5472 genus
2841 5406 2984 5468 auri,
3012 5405 3156 5473 quod
3197 5405 3368 5459 Graeci
3405 5401 3595 5472 κιῤῥὺν

2008 5484 2226 5547 vocant.
2257 5472 2368 5526 Nec
2398 5473 2646 5547 dissentit
2674 5473 2823 5547 vocis
2859 5472 3177 5547 etymologia
3211 5475 3350 5544 quod
3403 5473 3592 5547 coloris

2009 5544 2218 5615 Optimi,
2249 5552 2406 5612 atque
2434 5543 2711 5615 sanguinei
2741 5547 2835 5607 sit,
2865 5543 3134 5615 siquidem
3171 5543 3362 5615 κιρῤὸν
3385 5544 3587 5615 gilvum

2009 5611 2064 5667 et
2095 5613 2296 5676 rul'uin,
2321 5621 2376 5666 et
2404 5614 2570 5665 rubro
2596 5614 2720 5666 vino
2751 5611 2989 5668 similem
3018 5611 3465 5670 coloren't'sonat.
3499 5611 3592 5666 Ni-

2010 5683 2308 5739 hilominus
2341 5681 2594 5737 Martian.
2632 5683 2851 5739 retinuit
2887 5684 3150 5740 mendase
3183 5687 3408 5755 πυρῤόν.
