3898 6184
448 304 556 369 219

1603 308 1665 369 S.
1705 306 2023 371 EUSEBII
2067 309 2506 371 HIEBONYMI

3579 316 3696 382 220

448 414 663 485 Saphir.
694 413 792 471 Est
818 425 997 472 autem
1037 418 1200 473 india:
1235 418 1407 483 locus,
1438 420 1492 475 in
1523 435 1631 491 quo
1656 435 1851 477 aurum
1879 422 2024 491 opti-
2057 433 2098 485 Α
2126 426 2347 491 quando
2394 425 2665 495 magistris
2741 427 3044 493 superatis,
3104 410 3235 497 gres
3290 430 3552 500 deceptus
3603 451 3692 491 re-

447 521 597 563 mum
645 510 921 576 nascitur;
960 511 1096 565 sicut
1135 511 1185 563 in
1228 509 1424 565 Genesi
1477 512 1706 581 legimus
1748 514 1816 568 de
1864 511 2026 568 fluvio

449 598 652 653 Phison
688 616 702 653 :
741 597 848 654 Iste
877 610 951 655 est
983 601 1073 671 qui
1102 602 1345 655 circumit
1377 619 1583 657 onmem
1619 613 1815 659 terram
1855 605 2025 668 Evila,

448 692 541 746 ιιὑὶ
580 701 657 746 est
702 708 934 757 aurum;
984 703 1036 746 et
1084 710 1274 747 aurum
1318 704 1471 748 terrm
1513 695 1657 749 illius
1706 697 1959 764 optimum
2006 712 2026 751 :

460 799 506 839 et
534 785 603 837 ibi
626 795 701 838 est
723 784 1069 839 carbunculus
1108 797 1157 839 et
1190 787 1323 855 lapis
1349 789 1596 856 prasinus
1650 787 1799 859 (Gen.
1826 804 1884 854 li,
1913 788 2023 857 il).

453 876 749 931 l‘retiosior
765 888 943 932 autem
975 877 1312 948 intelligitur,
1339 894 1436 947 pro
1458 896 1525 933 eo
1549 882 1693 948 quod
1715 890 1797 934 est
1828 882 2025 935 rarior.

452 968 627 1025 Omne
664 968 832 1033 enim,
871 969 1013 1037 quod
1048 985 1229 1024 rarum
1268 981 1375 1032 est,
1415 973 1712 1039 pretiosum
1746 982 1849 1033 est,
1887 972 2028 1026 sicut

451 1069 509 1112 et
538 1059 592 1113 in
620 1058 886 1114 Samuelis
912 1060 1183 1113 volumine
1210 1060 1439 1127 legimus
1473 1075 1490 1116 :
1518 1060 1585 1116 Et
1619 1078 1789 1116 sermo
1818 1061 2028 1117 Domini

446 1149 700 1218 pretiosus
727 1158 842 1202 erat
868 1149 923 1203 in
953 1147 1124 1204 Israel
1151 1149 1202 1219 (1
1228 1147 1355 1219 Reg.
1388 1152 1565 1219 xxxi).

2131 513 2361 568 vertitur
2390 515 2459 568 ad
2512 516 2766 585 populum
2814 525 2868 570 et
2932 517 3000 573 ad
3063 527 3263 573 terram
3318 533 3599 587 suam;et
3639 524 3693 578 in

2125 617 2191 658 eo
2245 604 2388 672 quod
2446 607 2739 673 invenitur,
2802 608 3097 675 occiditur,
3135 620 3192 663 ut
3227 610 3513 667 hareticus
3568 629 3697 669 esse

2130 695 2378 757 desistat,
2429 707 2486 750 et
2510 697 2824 767 quicunque
2851 700 3247 766 supervenerit,
3289 700 3447 754 cadet
3485 702 3541 754 in
3576 718 3696 770 gna-

2129 786 2217 839 dio
2271 786 2560 854 spirituali.
2607 786 2763 841 Tunc
2815 789 3048 845 infantes
3095 804 3284 845 eorum
3314 801 3370 845 et
3409 795 3693 859 parvulos,

2128 877 2219 944 qui
2246 877 2479 933 nondum
2509 879 2575 933 ad
2608 880 2901 947 perfectam
2932 892 3192 935 venerunt
3218 884 3424 937 erroris
3449 894 3689 946 etatem,

2132 968 2356 1023 aliident
2412 970 2466 1025 iu
2512 971 2688 1027 oculis
2733 973 3145 1040 magistrorum,
3198 974 3567 1043 diripientque
3599 992 3692 1029 eo-

2130 1074 2248 1114 rum
2295 1062 2487 1116 domos
2524 1062 2567 1125 ⁸,
2588 1070 2645 1115 et
2675 1076 2874 1118 uxores
2902 1078 3088 1118 eorum
3141 1064 3437 1131 violabunt,
3469 1079 3690 1132 pravam

2130 1150 2453 1219 sapientiam
2479 1161 2538 1208 et
2570 1152 2875 1209 doctrinam
2921 1170 3257 1224 perversam.
3289 1155 3445 1212 Unde
3471 1172 3572 1225 pro
3601 1158 3697 1208 hu.

519 1236 697 1308 (Vers.
726 1240 839 1307 15.)
871 1256 890 1290 ι
924 1238 1100 1307 Super
1129 1239 1230 1293 hoc.
1260 1240 1456 1295 caelum
1483 1242 1809 1305 concutiam.
1836 1252 1892 1296 et
1914 1259 2029 1298 mo-
2123 1241 2357 1306 jusmodi
2414 1243 2655 1311 patribus
2697 1260 2926 1314 quorum
2979 1246 3335 1301 interficiendi
3383 1257 3511 1302 sunt
3569 1262 3696 1314 par-

449 1331 663 1385 vehitur
701 1341 842 1387 terra
877 1331 946 1387 de
975 1332 1094 1386 loco
1129 1348 1250 1387 suo.
1298 1352 1316 1385 ι
1352 1332 1492 1388 LXX
1525 1350 1542 1391 :
1582 1353 1600 1385 ι
1634 1333 1841 1390 C(Bltlm
1881 1337 2025 1391 enim

452 1423 637 1488 furiet,
659 1434 714 1478 et
736 1434 875 1479 terra
900 1425 1207 1480 movebitur
1231 1440 1259 1478 a
1280 1424 1645 1481 fundamentis
1674 1428 1810 1483 suis.
1839 1447 1860 1481 s
1891 1429 2024 1484 Cum

450 1516 734 1583 pretiosior
759 1515 926 1570 fuerit
954 1515 1037 1571 vir
1065 1531 1220 1579 auro,
1248 1526 1302 1571 et
1333 1518 1491 1573 homo
1516 1520 1714 1572 mundo
1741 1519 1949 1581 obriso,
1975 1533 2029 1576 et

454 1608 732 1677 impletum
773 1608 915 1677 quod
945 1607 1216 1677 jscriptum
1264 1618 1347 1663 est
1394 1624 1410 1668 ;
1454 1609 1622 1664 Putas
1663 1626 1781 1665 cum
1832 1612 2028 1665 uenerit

449 1694 628 1751 Filius
678 1698 926 1764 hominis,
976 1699 1198 1754 inveniet
1228 1700 1386 1769 ﬁdem
1422 1716 1577 1765 super
1621 1710 1819 1756 terram
1874 1701 2023 1771 (Luc.

452 1804 607 1854 xvin,
629 1789 721 1850 8)?
752 1798 882 1846 tunc
905 1798 960 1845 et
989 1791 1114 1845 caeli
1146 1791 1505 1846 movebuntur
1528 1802 1584 1848 et
1614 1803 1781 1848 terra.
1813 1792 2022 1850 Ctelum

447 1880 595 1934 enim
630 1889 685 1935 et
722 1888 864 1936 terra
897 1883 1339 1946 pertransibunt,
1392 1898 1497 1936 non
1532 1899 1630 1940 sua
1661 1883 1941 1939 voluntate
1970 1893 2026 1939 et

448 1970 670 2038 proprio
696 1971 940 2035 arbitrio,
968 1981 1024 2025 ut
1056 1972 1301 2039 plerique
1322 1971 1614 2034 mstimant,
1642 1973 1939 2029 animantia
1961 1987 2025 2028 ea

449 2075 575 2115 esse
607 2062 927 2125 credentes;
967 2063 1059 2116 sed
1097 2071 1306 2131 propter
1343 2063 1757 2133 indignationem
1816 2065 2026 2121 Domini

450 2150 793 2215 exercituum,
814 2159 864 2204 et
892 2160 1106 2221 prapter
1134 2154 1269 2206 diem
1297 2152 1497 2223 [ureris
1523 2154 1662 2225 ejus,
1689 2158 1781 2223 qui
1808 2156 2028 2225 respicit

453 2251 674 2305 terram,
696 2250 747 2295 et
770 2239 1032 2296 faciteam
1052 2251 1307 2298 tremere.
1337 2241 1491 2299 Unde
1517 2244 1618 2299 hoc
1640 2246 1783 2315 quod
1801 2246 1855 2300 in
1885 2245 2026 2301 LXX

450 2331 649 2387 dicitur
670 2332 855 2386 celum
873 2334 1007 2386 enim
1032 2332 1212 2401 furiet,
1238 2334 1636 2404 μετωνυμικῶς
1653 2335 2025 2404 accipiendum

453 2438 551 2493 pro
578 2424 683 2489 bis,
701 2424 795 2495 qui
816 2432 1101 2478 versantur
1125 2425 1175 2477 in
1200 2425 1359 2489 caelo,
1380 2426 1654 2494 quomodo
1681 2426 1727 2481 si
1758 2426 2026 2490 dicamus,

457 2512 644 2566 Omnis
671 2512 863 2568 civitas
896 2513 1279 2577 conclamavit,
1327 2523 1384 2568 et
1426 2516 1639 2569 obviam
1686 2516 1854 2586 judici
1900 2518 2030 2571 urbs

456 2605 706 2662 universa
751 2608 1045 2677 processit.
1092 2605 1461 2662 Fundamenta
1502 2623 1634 2664 vero
1684 2615 1842 2662 terra:
1878 2618 1933 2662 et
1973 2608 2027 2663 in

452 2695 762 2753 Proverbiis
792 2699 1019 2767 legimus
1049 2716 1063 2754 :
1093 2697 1231 2754 Deus
1256 2699 1521 2765 sapientia
1552 2700 1797 2767 [undavit
1832 2706 2031 2753 terram

454 2789 638 2861 (Prov.
668 2806 747 2853 nt,
778 2789 886 2860 l9).
920 2789 983 2843 Et
1010 2790 1075 2846 ad
1094 2789 1195 2844 Job
1211 2790 1446 2860 loquitur
1468 2792 1725 2846 Dominus
1754 2806 1771 2847 :
1799 2788 1898 2844 Ubi
1913 2806 2032 2844 eras

453 2882 664 2951 quando
686 2882 973 2953 {undabant
993 2891 1186 2936 terram
1215 2882 1355 2951 (Job.
1384 2896 1609 2944 xxxvm,
1639 2883 1694 2951 4)
1713 2881 1865 2936 lNon
1887 2881 2033 2951 quod

458 2981 601 3025 terra
632 2972 827 3026 habeat
847 2971 1194 3027 fundamenta
1218 2972 1482 3043 profunda
1510 2975 1648 3029 mole
1671 2974 1876 3043 deiecta
1896 2991 1914 3041 ;
1938 2975 2033 3031 sed

2131 1334 2262 1395 vuli,
2291 1334 2551 1390 debemus
2600 1350 2761 1391 orare
2792 1348 2849 1391 et
2896 1338 3082 1392 dicere
3120 1355 3134 1391 :
3174 1337 3255 1390 Da
3299 1338 3401 1400 eis,
3448 1337 3695 1391 Domine.

2131 1425 2275 1490 Quid
2299 1425 2447 1480 dabis
2489 1426 2606 1481 eis?
2656 1427 2874 1482 Valeant
2925 1428 3154 1483 sterilem
3184 1436 3235 1481 et
3284 1428 3447 1482 ubera
3486 1431 3694 1482 arentia

2132 1516 2289 1585 (Osee
2319 1531 2394 1583 Ix,
2420 1517 2499 1586 ι).
2530 1516 2912 1574 Parturierunt
2938 1521 3082 1577 enim
3142 1520 3513 1589 iniquitatem,
3566 1535 3691 1573 cono

2129 1614 2395 1675 ceperunt
2420 1607 2686 1673 dolorem,
2715 1618 2765 1662 et
2792 1617 3100 1677 genuerunt
3132 1608 3477 1676 iniustitiam.

2199 1697 2380 1767 (Vers.
2433 1699 2520 1764 l7,
2577 1699 2712 1767 l8.)
2767 1718 2786 1752 ι
2837 1699 2977 1755 Ecce
3031 1714 3134 1768 ego
3199 1702 3476 1755 suscitabo
3537 1716 3696 1768 super

2127 1802 2220 1842 eos
2250 1786 2452 1854 Medos,
2483 1790 2576 1859 qui
2634 1800 2921 1857 argentum
2982 1804 3089 1844 non
3148 1801 3415 1861 quaerant,
3456 1805 3559 1845 nec
3604 1806 3695 1844 auo

2128 1892 2251 1932 rum
2310 1878 2481 1933 velint
2530 1896 2544 1935 :
2592 1880 2689 1934 sed
2752 1880 2966 1950 sagittis
3021 1881 3278 1950 parvulos
3337 1881 3690 1941 interficiant,

2126 1979 2182 2023 et
2239 1968 2564 2024 lactentibus
2623 1970 2761 2024 uteri
2814 1969 2835 2041 [
2881 1970 3034 2040 Vulg.
3086 1972 3255 2025 uteris
3306 1970 3464 2042 jnou
3532 1972 3690 2025 mise-

2127 2071 2374 2125 reantur,
2407 2068 2465 2114 et
2486 2075 2653 2127 super
2678 2061 2817 2117 lilios
2842 2077 2947 2114 non
2980 2071 3168 2130 parcet
3204 2063 3398 2117 oculus
3424 2078 3634 2116 eorum.
3671 2080 3691 2114 s

2125 2152 2437 2208 Invenimus
2500 2152 2555 2207 in
2601 2152 2796 2209 Genesi
2850 2153 2993 2221 (cap.
3042 2155 3094 2220 ι)
3130 2153 3273 2222 quod
3329 2152 3516 2207 Μαιάαὶ
3571 2167 3694 2207 anc-

2130 2252 2212 2299 lor
2246 2246 2421 2312 gentis
2451 2242 2728 2299 Medorum
2774 2242 2959 2308 fuerit,
2991 2246 3080 2313 qui
3133 2244 3529 2314 interpretatur
3556 2258 3697 2298 mett-

2127 2353 2277 2400 sura,
2310 2336 2428 2392 sive
2456 2354 2489 2390 a
2522 2346 2749 2404 potente,
2776 2337 2859 2391 vel
2903 2337 3045 2407 forti.
3077 2337 3246 2406 Igitur
3290 2346 3481 2391 contra
3530 2337 3700 2407 Baby-

2133 2427 2335 2494 lonios,
2369 2429 2460 2494 qui
2496 2438 2679 2483 mente
2705 2427 2916 2483 confusi
2971 2440 3120 2496 sant,
3171 2429 3511 2483 suscitantur
3553 2443 3583 2482 a
3616 2444 3699 2498 po-

2132 2528 2281 2574 tente
2308 2529 2360 2572 et
2386 2518 2509 2573 forti
2537 2518 2648 2575 Deo
2676 2519 2911 2575 ministri
2951 2520 3018 2574 ad
3046 2520 3377 2589 puniendum
3407 2519 3693 2574 fortitudi-

2133 2611 2218 2665 nis
2250 2628 2265 2665 :
2302 2618 2361 2664 ut
2396 2609 2626 2666 reddant
2677 2612 2968 2681 unicuique
3019 2612 3313 2667 secundum
3360 2625 3529 2680 Opera
3580 2626 3696 2665 sua.

2132 2697 2190 2752 lu
2216 2714 2322 2767 qua
2363 2699 2509 2754 enim
2536 2714 2791 2753 mensura
2818 2699 2994 2754 mensi
3035 2707 3181 2763 sunt,
3237 2702 3557 2755 remetietur
3598 2699 3697 2755 eis.

2133 2789 2442 2846 Mensuram
2470 2790 2729 2859 agitatam
2765 2800 2928 2860 atque
2955 2804 3279 2846 concussam
3309 2800 3365 2845 et
3392 2791 3610 2859 plenam
3648 2801 3699 2845 et

2133 2883 2657 2951 superelfundentem
2682 2884 2968 2938 restituent
2996 2883 3229 2945 inIsinus
3250 2896 3436 2936 eorum
3474 2881 3689 2951 (κακὴ.

2134 2990 2244 3040 xvt,
2276 2983 2330 3032 et
2355 2974 2485 3030 Luc.
2521 2974 2622 3043 vt).
2660 2975 2761 3039 Qui
2796 2989 2893 3028 nec
2935 2984 3216 3042 argentum
3260 2986 3357 3026 nec
3389 2988 3606 3038 aurum,
3646 2973 3696 3025 id

456 3063 705 3119 voluntas
728 3075 781 3119 et
798 3075 1034 3133 potestas
1061 3065 1174 3131 Dei,
1200 3066 1497 3137 quaomnia
1523 3067 2033 3136 continentur,fun-
2058 3078 2106 3140 ο
2136 3077 2243 3131 est,
2280 3081 2381 3123 nec
2424 3066 2624 3133 eloquii
2678 3065 3157 3134 pulchritudinem,
3191 3078 3288 3119 nec
3334 3078 3576 3118 acumen
3618 3065 3695 3117 in-

456 3154 523 3208 da
534 3162 707 3208 menta
731 3154 879 3211 illius
897 3155 1213 3225 appellanda
1233 3165 1383 3211 sunt.
1406 3156 1526 3224 Ipse
1554 3156 1699 3211 enim
1720 3171 1887 3225 super
1906 3172 2024 3212 ma-

461 3248 540 3299 ria
571 3245 814 3300 fundavit
833 3261 973 3312 eam,
997 3257 1052 3303 et
1077 3262 1239 3317 super
1253 3246 1474 3301 ﬂumina
1492 3247 1776 3304 collocavit
1796 3262 1937 3313 eam,
1972 3256 2027 3302 et

460 3337 577 3404 ipse
634 3336 887 3405 appendit
935 3353 1055 3393 eam
1105 3352 1270 3407 super
1328 3340 1558 3395 nihilum
1615 3339 1795 3411 (Psal.
1851 3355 2022 3406 mu;

460 3426 584 3481 Job.
607 3429 775 3501 xxvi).

532 3519 706 3591 (Vers.
747 3520 952 3588 Molli).
1020 3540 1038 3573 ι
1102 3520 1167 3576 Et
1221 3521 1327 3576 erit
1365 3523 1519 3591 quasi
1552 3522 1767 3578 damula
1793 3523 2025 3593 fugiens,

462 3622 513 3666 et
545 3614 700 3679 quasi
735 3628 864 3683 grex
901 3613 1113 3672 ovium.
1161 3624 1215 3669 et
1265 3629 1372 3670 non
1422 3614 1525 3668 erit
1554 3616 1647 3682 qui
1692 3625 2024 3685 congreget:

464 3702 836 3772 tnmsquisque
897 3704 964 3756 ad
1025 3703 1281 3774 populum
1329 3718 1486 3758 suum
1537 3715 1942 3770 convertentur,
1974 3714 2071 3758 et.

462 3791 656 3860 singuli
687 3793 753 3846 ad
786 3802 989 3847 terram
1025 3807 1177 3847 suam
1220 3792 1446 3859 fugient.
1477 3791 1666 3849 Omnis
1703 3794 1792 3863 qui
1836 3794 2027 3850 inven-

465 3892 550 3936 tus
573 3884 752 3947 fuerit,
780 3885 1079 3950 occidetur,
1104 3894 1157 3938 et
1182 3886 1359 3939 onmis
1392 3885 1482 3953 qui
1511 3885 1907 3954 supervenerit,
1936 3898 2030 3938 ca-

462 3976 551 4027 det
581 3974 633 4027 in
673 3975 871 4044 gladio.
906 3974 1149 4030 infantes
1178 3990 1368 4030 eorum
1399 3975 1690 4029 aiiidentur
1748 3974 1801 4028 in
1856 3972 2030 4027 oculis

464 4080 650 4119 eorum
690 4065 1060 4133 :diripientur
1110 4067 1305 4123 domus
1341 4081 1552 4132 eorum,
1576 4075 1631 4119 et
1681 4078 1877 4120 uxores
1930 4079 2029 4120 eo-

468 4172 583 4208 rum
621 4156 981 4215 violabnntur.
1013 4178 1033 4212 s
1078 4160 1227 4215 ρωιυ
1254 4169 1505 4226 terraque
1529 4156 1835 4221 commotis,
1866 4154 2033 4226 fugiet

466 4247 709 4304 diabolus
732 4250 951 4305 coluber
975 4260 1275 4312 tortuosus,
1306 4251 1387 4304 vel
1417 4263 1580 4303 omne
1605 4249 1795 4316 dogma
1820 4260 2035 4303 contra-

471 4343 609 4395 rium
644 4344 879 4410 veritati,
922 4343 1082 4416 25,3
1128 4343 1271 4414 quod
1302 4343 1355 4397 in
1386 4342 1674 4412 magistros
1706 4357 1767 4401 ac
1794 4342 2033 4411 discipu-

2126 3160 2294 3230 genii,
2334 3158 2388 3212 in
2424 3160 2626 3228 quibus
2654 3157 2757 3212 sibi
2811 3169 2938 3211 ante
2987 3156 3332 3225 plaudebant,
3384 3156 3693 3222 recipient:

2128 3250 2224 3304 sed
2258 3249 2435 3315 omnis
2489 3246 2720 3302 allicient
2754 3247 3012 3309 traditos;
3061 3257 3115 3300 et
3164 3244 3325 3316 ω
3372 3245 3611 3312 parvulis
3634 3256 3694 3298 ac

2131 3339 2463 3394 lactentibus
2495 3338 2633 3395 uteri
2678 3352 2784 3393 non
2811 3337 3229 3399 miserebuntur,
3260 3347 3321 3389 ut
3341 3337 3518 3405 magis
3542 3336 3695 3388 mise-

2130 3439 2371 3481 reantur.
2390 3427 2566 3495 Atque
2599 3427 2802 3481 utinam
2830 3436 2883 3481 et
2913 3442 3010 3481 nos
3038 3429 3361 3482 suscitentur
3386 3441 3417 3479 a
3448 3425 3691 3487 Domino,

2127 3527 2184 3574 et
2219 3519 2333 3573 haec
2364 3520 2519 3571 nobis
2548 3518 2708 3571 detur
2738 3526 2993 3584 potestas,
3042 3528 3103 3573 ut
3142 3533 3242 3572 nec
3283 3528 3567 3587 argentum
3598 3532 3691 3571 nec

2129 3624 2321 3664 aurum
2371 3608 2599 3663 velimus
2645 3608 2971 3676 eloquentiae
2999 3618 3052 3660 et
3072 3606 3349 3675 sapientiae
3378 3606 3690 3660 saecularis:

2128 3702 2223 3757 sed
2254 3697 2391 3753 filios
2410 3697 2809 3763 haereticorum,
2827 3706 2883 3753 et
2904 3697 3146 3751 omnium
3172 3695 3267 3764 qui
3299 3697 3513 3764 decepti
3545 3703 3690 3758 sunt,

2132 3788 2519 3849 interficiamus
2533 3791 2747 3860 sagittis
2763 3789 3159 3858 spirituaiibus,
3179 3790 3231 3841 id
3248 3786 3694 3851 est,‘testimouiis

2133 3886 2559 3955 scripturarum,
2577 3892 2631 3938 et
2648 3882 2735 3951 qui
2753 3882 2893 3937 lacte
2906 3881 3219 3939 nutriuntur
3240 3878 3464 3939 erroris,
3494 3876 3694 3946 absque

2136 3978 2240 4032 ulla
2276 3976 2596 4034 misecordia
2627 3974 2993 4037 trucidentur,
3048 3983 3108 4026 ut
3147 3970 3405 4025 clementi
3457 3969 3691 4024 crudeli-

2137 4078 2249 4122 tate
2277 4076 2524 4140 pereant,
2577 4066 2889 4134 nulliusque
2936 4066 3297 4119 misereamur
3348 4060 3617 4125 infantiae,
3642 4069 3694 4111 et

2137 4161 2226 4215 illa
2263 4160 2599 4216 beatitudine
2638 4158 2784 4228 digni
2836 4158 3009 4212 simus
3042 4172 3061 4209 :
3092 4155 3283 4209 Beatus
3310 4154 3402 4224 qui
3434 4152 3625 4207 tenebit
3646 4159 3694 4204 et

2136 4250 2326 4305 allidet
2355 4250 2601 4317 paruulos
2633 4264 2756 4303 suos
2783 4248 2853 4301 ad
2879 4246 3119 4316 petram!

2207 4340 2385 4408 (Vera.
2423 4341 2486 4395 l8
2526 4341 2705 4409 seqq.)
2746 4357 2765 4390 ί
2810 4338 2875 4393 Et
2920 4339 3020 4392 erit
3068 4335 3303 4405 Babylon
3335 4333 3423 4388 illa
3467 4335 3692 4404 gloriosa

474 4433 554 4484 los
578 4433 864 4500 scinditur,
894 4414 1124 4504 quorum
1157 4436 1366 4505 priores
1407 4444 1624 4505 prepter
1656 4432 2031 4505 ὀξυδὲρκειαν,
2064 4414 2110 4473 ί)
2138 4434 2189 4487 in
2223 4432 2425 4502 regnis,
2464 4431 2667 4502 inclyta
2698 4431 2750 4485 in
2803 4430 3055 4498 superbia
3106 4428 3509 4490 Chaldaeorum,
3562 4429 3697 4480 sicut

471 4523 661 4579 Graeco
719 4541 968 4581 sermone
1004 4528 1280 4594 dorcades,
1334 4528 1384 4581 id
1436 4536 1537 4592 est,
1574 4543 1779 4595 caprea:
1828 4540 2033 4579 nuncn-

472 4624 672 4686 pantur
711 4628 1000 4687 sequentes
1052 4621 1205 4689 quasi
1260 4619 1419 4673 bruta
1464 4618 1717 4672 animalia
1752 4619 1768 4648 ¹
1798 4632 1813 4679 ;
1845 4626 1898 4670 et
1928 4617 2032 4670 huc

472 4720 637 4779 atque
666 4710 792 4764 illuc
816 4711 1051 4764 errantia
1094 4726 1201 4764 non
1234 4711 1434 4765 habent
1468 4710 1559 4775 qui
1582 4724 1676 4765 eos
1706 4709 1941 4778 dirigant
1966 4708 2027 4759 ’τ

473 4801 827 4869 perdiderunt
852 4803 997 4856 enim
1025 4816 1175 4864 eum,
1232 4803 1298 4856 de
1321 4816 1427 4871 quo
1461 4801 1725 4867 scriptum
1779 4810 1866 4855 est
1919 4815 1934 4852 :
1989 4798 2032 4851 Δ

473 4893 697 4948 Domino
725 4910 933 4965 gressus
966 4894 1188 4948 hominis
1217 4894 1514 4963 diriguntur
1534 4892 1718 4962 (Prov.
1770 4907 1863 4956 xx,
1892 4889 1985 4959 24)
2016 4906 2033 4946 :

473 4985 565 5052 qui
602 4986 813 5040 liberati
869 5001 898 5040 a
933 4986 1209 5057 magistris
1243 4986 1493 5054 pessimis
1531 4991 1915 5040 convertentur
1966 4980 2036 5036 ad

476 5080 729 5143 populum
755 5093 935 5143 suum,
972 5087 1028 5133 et
1063 5078 1265 5148 singuli
1292 5079 1357 5130 ad
1389 5084 1590 5130 terram
1624 5090 1775 5129 suam
1805 5073 2034 5143 fugient,

476 5165 545 5219 de
571 5180 674 5233 qua
705 5170 808 5222 orti
840 5180 967 5224 sunt
998 5187 1014 5224 :
1046 5171 1137 5238 qui
1162 5182 1290 5224 vero
1316 5170 1569 5221 inventus
1596 5164 1783 5230 fuerit,
1824 5165 2038 5220 occide—

479 5265 592 5315 tur.
630 5258 747 5311 sive
768 5257 1119 5328 juguiabitur.
1155 5258 1268 5314 Hoc
1290 5268 1467 5313 autem
1495 5272 1601 5311 non
1628 5256 1800 5311 solum
1826 5256 1881 5308 in
1909 5269 2040 5308 con-

475 5348 841 5403 summatione
864 5351 1067 5415 mundi,
1096 5353 1186 5408 sed
1211 5366 1378 5421 usque
1395 5350 1555 5405 hodie
1579 5350 1635 5404 lit
1666 5350 1720 5403 in
1755 5347 1995 5403 Ecclesia
2020 5362 2035 5401 :

554 5506 571 5538 ¹
600 5506 859 5575 Origenes
895 5509 962 5561 ab
990 5507 1312 5579 llieronymo
1343 5506 1531 5562 Latine
1578 5506 1853 5579 redditus,
1894 5513 2041 5579 trac—

478 5585 594 5631 tatu
622 5580 859 5632 secundo
907 5579 958 5630 in
993 5576 1204 5633 Cantic.
1252 5580 1451 5633 cantio.
1502 5594 1516 5633 :
1568 5595 1585 5628 t
1621 5576 1700 5631 Ab
1731 5576 1815 5637 eo,
1844 5577 2037 5640 inquit,

481 5649 621 5714 quod
651 5648 865 5702 acutius
892 5648 1091 5710 videat,
1125 5647 1177 5701 id
1206 5659 1310 5708 est,
1345 5647 1816 5715 ὀξυδερκέστερα),
1846 5646 2039 5698 dorcas

481 5716 749 5787 appellata
775 5727 876 5773 est.
907 5736 925 5771 ι
966 5716 1097 5773 Vide
1118 5732 1237 5788 qua:
1267 5718 1319 5773 itt
1347 5732 1471 5774 eum
1506 5716 1681 5773 locum
1715 5716 2038 5772 adu0tamus

2133 4524 2404 4580 subvertit
2429 4522 2571 4578 Deus
2602 4521 2893 4579 Sodomam
2933 4528 2990 4573 et
3039 4516 3423 4577 Gomorrham.
3449 4515 3568 4570 Non
3596 4518 3691 4569 ba-

2135 4615 2399 4671 bitabitur
2430 4628 2603 4683 usque
2635 4614 2689 4669 in
2742 4613 2926 4677 linem,
2960 4621 3015 4667 et
3042 4626 3149 4665 non
3190 4609 3506 4666 laudabitur
3531 4621 3694 4676 usque

2136 4711 2202 4761 ad
2235 4708 2642 4778 generationem
2693 4716 2750 4761 et
2797 4704 3201 4776 generationem
3234 4718 3249 4756 :
3285 4717 3385 4756 nec
3428 4710 3594 4770 ponet
3623 4700 3691 4753 ibi

2134 4801 2372 4855 tentoria
2405 4801 2579 4855 Arabs
2613 4813 2752 4854 :nec
2792 4807 3035 4867 pastores
3071 4796 3410 4865 requiescent
3459 4794 3532 4848 ibi
3559 4810 3575 4847 :
3602 4795 3693 4847 sed

2131 4892 2481 4963 requiescent
2528 4892 2602 4947 ibi
2638 4892 2845 4956 bestiae,
2880 4900 2936 4944 et
2987 4889 3337 4959 repiehuntur
3375 4886 3569 4941 domus
3600 4900 3694 4940 eo-

2138 5001 2253 5039 rum
2290 4984 2618 5038 draconibus
2659 4999 2674 5042 :
2705 4993 2758 5037 et
2783 4982 3105 5036 habitabunt
3134 4978 3205 5034 ibi
3250 4978 3609 5043 struthiones,
3636 4986 3695 5031 et

2138 5074 2603 5145 piiosisaltabunt
2632 5074 2747 5129 ibi:
2779 5082 2835 5127 et
2882 5070 3287 5141 respondebunt
3325 5068 3399 5123 ibi
3448 5068 3607 5123 uiuis
3634 5068 3687 5120 in

2134 5168 2343 5221 aedibus
2376 5168 2517 5233 ejus,
2547 5174 2602 5220 et
2656 5165 2855 5219 sirena:
2914 5165 2967 5216 in
3024 5161 3265 5216 delubris
3308 5160 3624 5227 voluptatis.
3659 5176 3680 5209 ι

2218 5261 2368 5329 (Cap.
2400 5253 2617 5309 XlV.—
2637 5254 2787 5308 Vers.
2815 5254 2889 5319 l.)
2914 5271 2930 5304 ι
2951 5252 3123 5321 Prope
3153 5260 3236 5306 est
3268 5259 3325 5303 ut
3358 5253 3538 5302 veniat
3561 5258 3695 5301 tem-

2140 5365 2240 5421 pus
2270 5349 2411 5419 ejus.
2431 5356 2484 5402 et
2505 5350 2620 5402 dies
2639 5346 2759 5415 ejus
2790 5360 2896 5402 non
2925 5343 3372 5412 elongabuntur.»
3410 5339 3548 5395 LXX
3570 5357 3584 5385 τ
3605 5338 3701 5392 «Et

2143 5512 2276 5557 tom.
2307 5500 2396 5563 ill,
2418 5500 2519 5555 coi.
2559 5500 2683 5553 528.

2214 5576 2234 5605 ²
2256 5570 2454 5635 Vatic.,
2485 5571 2574 5635 qui
2597 5585 2683 5621 eas
2710 5576 3038 5637 congregem.

2213 5641 2233 5671 ³
2266 5640 2457 5704 ldem.,
2487 5636 2839 5708 diripientque
2886 5654 3065 5691 eorum
3104 5636 3375 5690 ecclesias.
3419 5645 3470 5686 et
3509 5647 3700 5686 uxores

2144 5711 2479 5766 siolabuntur
2497 5724 2662 5778 praua
2691 5708 2951 5778 sapientia
2979 5718 3027 5762 et
3056 5708 3298 5761 doctrina
3326 5719 3595 5771 peruersa.
