3972 6198
145 330 261 397 221

732 325 1231 391 COMMENTAR.
1276 327 1360 387 IN
1395 326 1670 389 ISAIAM
1706 330 2166 397 PROPHE’I‘AM
2203 336 2349 399 LIB.
2381 337 2481 409 Vl,
2523 337 2690 399 CAP.
2729 337 2888 401 XIV.

3322 340 3430 404 222

149 447 269 500 erit
332 443 596 515 Babylon,
631 457 751 512 quae
775 452 999 498 vocatur
1056 443 1255 512 inclyta
1317 444 1551 511 gloriosa
1611 443 1756 515 regis

1890 451 2057 518 lquila
2096 462 2149 506 et
2183 448 2551 522 Symmachus
2584 465 2637 508 et
2667 452 2989 518 Tlrcodotio,
3020 454 3221 508 sirenas
3264 456 3431 510 inter-

150 534 572 597 Chaldaaorum,
627 533 768 586 sicut
824 531 1090 586 subvertit
1144 530 1287 587 Deus
1338 530 1629 588 Sodomam
1693 543 1748 587 et

150 625 535 682 Gomorrbam
567 641 583 691 ;
622 640 731 679 non
758 624 1091 680 habitabitur
1118 627 1171 680 in
1203 635 1471 682 aeternum
1499 643 1515 679 :
1544 626 1745 681 secin.

154 717 456 789 gredietur
488 731 607 770 eam
639 730 735 783 per
769 714 967 771 multas
996 716 1418 783 generationes:
1445 730 1544 770 nec
1569 726 1750 771 trans-

158 806 332 862 ibunt
368 821 464 874 per
498 806 643 859 illam
686 804 895 859 Arabes
932 821 946 857 :
1001 820 1177 874 neque
1220 815 1464 873 pastores
1504 807 1753 875 requies-

162 907 304 952 ccnt
353 898 407 951 in
440 912 525 959 ea.
584 896 678 951 sed
709 896 1057 964 requiesceut
1096 896 1169 950 ibi
1216 896 1428 963 bestiae,
1471 906 1527 952 et
1581 897 1753 967 reple-

164 990 383 1045 buntnr
418 990 614 1044 domus
658 990 869 1053 sonitu,
896 998 948 1043 et
975 988 1410 1045 accnhabnutibi
1439 988 1666 1054 Sirenas,
1700 998 1757 1045 et

161 1084 446 1139 daemonia
473 1084 758 1138 saltabant
800 1082 895 1148 ibi,
948 1080 1385 1141 etOItoccntauri
1425 1082 1505 1138 ibi
1537 1083 1754 1137 habita-

167 1178 333 1239 bunt,
359 1186 415 1231 et
447 1175 698 1232 cubitula
725 1174 933 1234 facient
959 1174 1147 1229 herich
1174 1173 1228 1231 in
1258 1174 1515 1231 domibus
1540 1189 1753 1229 eorum.

166 1267 301 1323 Cito
357 1268 541 1321 veniet
595 1277 648 1321 et
686 1282 792 1320 non
852 1266 1113 1320 tardabit.
1158 1282 1178 1316 s
1243 1264 1396 1332 Quod
1450 1266 1753 1332 sequitur:

172 1364 249 1415 Et
282 1360 397 1413 dies
420 1358 533 1428 ejus
563 1373 666 1412 non
700 1358 1093 1423 protrahentur,
1146 1359 1186 1425 ,¹
1232 1354 1511 1410 asteriscis
1564 1363 1760 1409 notan-

172 1453 311 1506 dum
345 1462 451 1517 est,
508 1454 633 1519 quia
664 1451 729 1505 de
753 1447 1127 1507 Theodotione
1164 1448 1345 1505 addita
1383 1457 1532 1505 sunt.
1588 1445 1759 1504 Medis

173 1546 457 1599 adversus
528 1541 865 1598 confusionis
913 1542 1104 1597 urbem
1156 1540 1458 1603 suscitatis.
1515 1540 1607 1609 qui
1660 1554 1759 1595 nec

174 1651 380 1690 aurum
407 1636 461 1687 in
491 1633 653 1689 bonis
712 1639 987 1700 reputant.
1022 1645 1121 1687 nec
1151 1641 1436 1700 argentum
1468 1646 1484 1695 ;
1518 1629 1614 1700 qui
1665 1643 1758 1685 aa-

174 1727 337 1795 gittis
412 1727 748 1784 interficiunt
810 1727 1084 1795 parvulos.
1138 1735 1195 1783 et
1244 1726 1570 1783 lactentibus
1618 1710 1759 1781 uteri

1855 545 2049 613 pretati
2083 553 2251 613 sunt;
2291 545 2661 615 significantes
2687 545 2769 601 vel
2802 543 3006 600 bestias
3034 543 3249 613 aliquas
3278 560 3426 611 esse,

1850 635 1936 690 vel
1973 636 2278 700 daemonas,
2306 636 2460 705 juxta
2490 651 2731 691 errorem
2766 636 3048 706 gentilium
3103 636 3259 693 dulce
3301 651 3431 692 can-

1854 735 2056 793 tantes,
2108 737 2163 781 et
2225 726 2565 796 docipientes
2596 727 2862 789 homines.
2907 728 2996 795 qui
3033 726 3193 792 hujus
3246 727 3429 781 saeculi

1855 818 2193 889 naufragium
2239 818 2437 873 clausis
2494 819 2717 874 auribus
2752 818 2981 872 transire
3029 833 3135 873 non
3178 828 3429 888 possunt.

1855 907 2025 963 Porro
2061 909 2415 963 onocentauri
2467 926 2685 975 nomen,
2733 926 2798 963 ex
2836 909 3007 962 asinis
3046 912 3433 979 centaurisque

1854 1002 2234 1070 compositum,
2268 1002 2484 1057 videtur
2540 1002 2669 1056 mihi
2716 1001 3026 1069 significare
3061 1016 3174 1065 eos,
3222 1004 3314 1071 qui
3365 1018 3431 1056 ex

1858 1105 2010 1161 parte
2029 1092 2234 1163 aliquid
2264 1095 2557 1148 humanum
2580 1096 2830 1164 sapiunt;
2856 1104 3145 1148 etrursum
3175 1094 3428 1160 volupta-

1859 1185 2003 1239 tibus
2023 1195 2078 1238 et
2102 1200 2259 1239 cteno
2280 1184 2635 1253 turpitudinis
2658 1186 3000 1239 abducuntur
3018 1186 3083 1238 ad
3105 1185 3255 1239 vitia.
3285 1184 3432 1238 Dici-

1857 1287 1947 1331 tur
1975 1290 2103 1345 ergo
2126 1275 2293 1347 25,6
2321 1277 2618 1331 secundum
2657 1275 3039 1345 tropologiam,
3073 1277 3216 1343 quod
3249 1275 3301 1327 in
3332 1274 3435 1327 fine

1861 1367 2071 1431 mundi,
2116 1368 2200 1421 vel
2239 1367 2431 1421 mortis
2485 1366 2941 1437 uniuscujusque,
2981 1367 3160 1420 omnis
3181 1366 3351 1435 gloria
3382 1375 3435 1419 et

1860 1456 2109 1524 superbia
2140 1456 2538 1525 Chaldaeorum,
2575 1470 2627 1511 et
2654 1459 2899 1514 confusio
2919 1459 3125 1522 mundi,
3159 1460 3373 1512 recedat
3405 1470 3438 1509 a

1864 1549 2059 1610 nobis;
2114 1560 2169 1603 et
2202 1549 2273 1603 ita
2302 1550 2485 1604 omnia
2530 1552 2938 1616 subvertantur,
2988 1551 3131 1605 sicut
3169 1548 3440 1604 subvertit

1864 1640 2004 1696 Deus
2020 1640 2308 1697 Sodomam
2324 1651 2375 1697 et
2388 1642 2769 1706 Gomorrham;
2791 1658 2891 1695 nec
2910 1642 3054 1696 ultra
3075 1640 3260 1695 mundi
3285 1640 3441 1694 istius

1867 1731 2079 1787 futurus
2096 1733 2372 1794 sitstatus.
2394 1738 2487 1788 sed
2508 1742 2693 1803 pereat
2723 1734 2778 1787 in
2812 1741 3101 1786 :eternum.
3132 1729 3239 1784 Nec
3272 1736 3442 1796 ponat

174 1834 296 1875 non
339 1820 689 1884 miserentur.
743 1831 797 1875 et
827 1835 992 1890 super
1025 1819 1164 1875 filios
1194 1833 1300 1877 non
1348 1817 1523 1890 parcit
1575 1820 1767 1875 oculus
1794 1808 1839 1863 Β
1872 1824 1946 1879 ibi
1966 1823 2137 1878 Arabs
2165 1823 2391 1876 tentoria
2412 1839 2533 1888 sua,
2565 1825 2630 1878 de
2650 1824 2829 1893 quoin
2849 1821 3196 1892 sexagesimo
3213 1820 3443 1889 septimo

179 1927 384 1965 eorum
420 1928 436 1965 :
479 1911 609 1967 urbs
636 1912 907 1982 quondam
958 1911 1156 1982 inclyta
1194 1926 1316 1981 quae
1340 1918 1458 1965 erat
1494 1911 1545 1965 in
1581 1925 1773 1980 snper-

176 2002 276 2058 ω,
312 2002 711 2070 Chaldeorum,
757 2004 844 2073 qui
875 2002 1329 2073 interpretantur,
1366 2003 1522 2068 quasi
1563 2002 1767 2057 drama-

180 2097 305 2157 περ,
341 2096 419 2150 sic
448 2096 809 2162 subvertetur,
834 2094 1108 2162 quomodo
1130 2096 1389 2151 subversa
1419 2104 1502 2151 est
1534 2093 1766 2153 Sodoma

182 2197 248 2242 et
308 2186 651 2254 Gomorrha;
689 2198 745 2241 ut
796 2187 1004 2240 nullum
1063 2184 1123 2241 in
1177 2199 1241 2240 es
1283 2194 1503 2240 maneat
1533 2184 1773 2252 pristiam

186 2278 496 2333 mansionis
557 2276 845 2347 vestigium
881 2291 896 2329 :
928 2276 1024 2332 sed
1074 2284 1360 2344 postquam
1415 2272 1576 2345 ω
1613 2273 1775 2328 fuerit

188 2371 402 2424 cmlum
449 2385 668 2430 novum.
700 2380 757 2425 et
783 2380 924 2424 terra
952 2382 1115 2431 nova,
1143 2376 1201 2422 et
1244 2367 1565 2437 praeterierit
1600 2366 1772 2434 figura

190 2464 368 2532 hujus
406 2464 589 2519 mundi
629 2461 677 2534 (1
732 2461 859 2518 Cor.
893 2463 1034 2529 vn),
1090 2473 1200 2515 non
1257 2458 1592 2515 habitabitur
1647 2457 1775 2513 urbs

184 2555 545 2612 confusionis
596 2558 649 2610 in
697 2564 1064 2626 perpetuum;
1107 2555 1183 2609 iet
1237 2564 1576 2620 nequaquam
1622 2563 1776 2604 euin-

194 2646 335 2698 dem
376 2655 570 2703 statum
611 2646 855 2716 recipiet.
918 2643 1037 2699 Non
1093 2643 1239 2700 enim
1294 2652 1463 2712 ponet
1499 2640 1596 2705 ibi,
1630 2650 1779 2710 post-

192 2750 372 2807 quam
410 2736 466 2791 iu
514 2737 744 2807 pristina
778 2735 948 2808 gloria
984 2748 1105 2791 esse
1148 2732 1395 2799 desierit,
1448 2729 1624 2785 Arabs
1661 2740 1783 2785 ten-

198 2829 358 2881 toria
381 2842 503 2892 sua,
540 2828 630 2895 qui
687 2828 1079 2897 interpretatur
1107 2822 1450 2879 occidentalis
1479 2831 1536 2877 et
1573 2835 1783 2888 vesper-

195 2920 395 2979 tinus;
425 2926 482 2969 ut
511 2917 563 2970 in
598 2930 661 2971 ea
705 2916 891 2987 cupiat
918 2913 1184 2976 habitare,
1214 2924 1377 2980 quam
1420 2906 1614 2963 viderit
1661 2918 1785 2961 esse

200 3009 510 3063 desertam.
539 3006 713 3062 Arabs
745 3016 925 3061 autem
950 3004 1003 3058 in
1042 3002 1296 3072 praesenti
1330 2999 1452 3055 loco
1483 2998 1538 3054 in
1588 2999 1785 3052 bonam

1876 1919 2084 1989 psalmo
2120 1916 2322 1971 dicitur
2353 1933 2369 1973 :
2403 1915 2431 1971 1
2440 1928 2518 1971 ter
2535 1918 2695 1986 facite
2720 1917 2769 1972 ei
2792 1918 2883 1986 qui
2905 1916 3141 1970 ascendit
3177 1930 3334 1983 super
3354 1929 3443 1966 oc-

1876 2024 2079 2075 casum,
2113 2007 2370 2063 Dominus
2399 2024 2585 2063 nomen
2621 2008 2733 2077 ejus
2784 2007 2961 2076 (Psal.
2998 2020 3169 2067 uvtt,
3215 2004 3293 2072 5).
3340 2002 3448 2057 Nec

1879 2110 2123 2171 pastores
2150 2101 2223 2155 ibi
2255 2102 2621 2169 requiescant,
2675 2099 2850 2170 angeli
2902 2098 3164 2153 videlicet
3222 2098 3310 2166 qui
3346 2097 3449 2150 hn-

1879 2208 2044 2249 mano
2077 2202 2318 2261 praesunt
2365 2192 2573 2261 generi,
2606 2201 2659 2247 et
2708 2191 2957 2261 quotidie
3014 2190 3200 2243 vident
3256 2188 3449 2242 faciem

1880 2282 2056 2337 Patris
2112 2299 2128 2336 :
2182 2286 2279 2339 sed
2333 2282 2682 2351 requiescant
2730 2281 2802 2336 ibi
2841 2280 3027 2336 bestia:
3060 2290 3114 2335 et
3162 2278 3451 2341 dracones,

1880 2380 1935 2426 et
1970 2371 2327 2438 struthiones,
2362 2380 2417 2427 et
2449 2372 2630 2441 pilosi,
2682 2381 2737 2426 et
2766 2373 2954 2434 ululae.
2984 2380 3043 2426 et
3072 2371 3290 2433 sirenae,
3320 2384 3454 2439 quas

1884 2478 2075 2518 omnes
2102 2462 2310 2519 bestias
2364 2462 2418 2518 in
2480 2464 2644 2534 figura
2702 2462 3058 2531 intelligimus
3110 2462 3453 2532 angelorum,

1884 2553 1969 2609 vel
2000 2555 2330 2624 dmmonum,
2358 2564 2416 2610 et
2450 2570 2641 2610 eorum
2692 2553 2890 2625 quibus
2940 2554 3209 2608 tradimur
3254 2553 3321 2606 ad
3350 2566 3453 2621 pu-

1886 2644 2168 2700 niendum.
2204 2644 2271 2699 Et
2323 2645 2378 2699 in
2420 2646 2671 2700 domibus
2700 2644 2971 2715 quondam
3004 2644 3319 2713 voluptatis,
3363 2641 3456 2697 ubi

1886 2744 2007 2789 erat
2038 2735 2224 2791 laetitia
2256 2744 2311 2789 et
2341 2736 2621 2807 gaudium,
2653 2736 2720 2791 sit
2772 2736 3029 2806 planctus
3082 2735 3376 2803 ulularum,
3403 2742 3459 2789 et

1889 2826 2251 2883 lamentabilis
2310 2843 2415 2882 vox
2459 2829 2790 2894 sirenarum,
2840 2842 2961 2897 quae
3012 2827 3288 2883 auditores
3331 2840 3461 2881 suos

1892 2917 2043 2971 ducit
2069 2917 2133 2971 ad
2167 2925 2420 2973 mortem.
2451 2917 2690 2988 Tempus
2719 2926 2902 2972 autem
2945 2918 3227 2971 imminere
3245 2916 3462 2983 indicii,

1893 3016 1947 3063 et
1972 3009 2113 3063 diem
2165 3007 2657 3065 consummationis
2708 3006 3020 3080 Babyloniae
3054 3021 3162 3061 non
3198 3006 3461 3075 elonguri,

203 3114 431 3170 partem
466 3099 801 3169 accipitur:
856 3096 1001 3168 quod
1041 3108 1259 3189 semper
1285 3089 1572 3189 tcndal_8d
1605 3090 1789 3189 “item,
1815 3131 1860 3189 ε
1896 3114 2235 3170 nequaquam
2288 3100 2597 3165 mirabitur,
2657 3100 2747 3170 qui
2804 3098 3049 3169 quotidie
3096 3113 3194 3166 per
3241 3108 3465 3154 sanctos

199 3203 259 3249 et
331 3192 526 3246 oblitus
572 3189 993 3259 praeteritorum.
1042 3184 1300 3243 extendat
1352 3198 1416 3241 se
1483 3182 1539 3236 in
1578 3180 1781 3249 priora.

201 3281 331 3337 Nec
363 3292 605 3349 pastores
640 3279 985 3349 requleScent
1021 3277 1114 3341 ibi,
1152 3273 1245 3344 qui
1281 3271 1780 3329 mansuetissimam

208 3374 432 3431 Domini
464 3386 675 3444 gregem
710 3370 765 3424 iu
814 3368 1120 3425 Jerusalem
1150 3366 1332 3423 solent
1371 3377 1641 3433 pascere;
1693 3361 1787 3417 sed

206 3483 239 3523 e
273 3465 559 3521 contrario
589 3463 936 3532 requiescent
970 3461 1039 3515 ibi
1079 3458 1287 3521 bestiae,
1321 3469 1461 3525 quas
1489 3453 1791 3509 detestatur

207 3556 535 3618 Psalmista,
562 3554 752 3611 dicens
783 3571 797 3607 :
854 3551 934 3608 Ne
960 3551 1142 3606 tradas
1170 3548 1349 3603 bestiis
1396 3546 1629 3602 animans
1668 3558 1793 3597 con-

206 3657 452 3724 ﬁtentem
482 3644 769 3719 tibi(Psal.
800 3659 992 3710 Lxxm,
1022 3644 1134 3714 l9).
1159 3643 1263 3698 Pro
1281 3640 1479 3711 quibus
1497 3636 1714 3706 Aquila,
1733 3642 1786 3690 et

208 3742 603 3815 Symmachus,
632 3748 688 3793 et
712 3734 1038 3799 Theodotio,
1074 3734 1248 3802 ipsum
1285 3732 1511 3786 verbum
1562 3725 1789 3783 llebrai—

212 3850 351 3892 cum
383 3839 681 3903 posuerunt
706 3840 815 3885 sunt
852 3827 1050 3896 (sint).
1082 3823 1147 3879 Et
1175 3824 1543 3893 implebuntur
1600 3819 1791 3873 domus

212 3941 435 3989 eorum,
483 3924 588 3980 hoc
651 3931 734 3977 est
803 3916 1246 3988 Babyloniorum,
1299 3912 1452 3985 juxta
1522 3907 1662 3965 LXX
1739 3916 1795 3964 et

215 4015 647 4071 Theodotionem
679 4011 835 4081 ἦχον,
872 4010 924 4063 id
957 4016 1060 4073 est,
1117 4005 1297 4059 sonitu
1324 4011 1381 4058 et
1422 3999 1794 4063 clamoribus;

214 4109 381 4177 juxta
408 4105 680 4174 Aquilam,
712 4100 1045 4172 typhonibus,
1096 4111 1235 4168 quos
1286 4108 1387 4149 nos
1431 4094 1483 4147 in
1539 4091 1797 4144 dracones

220 4203 527 4263 vertimus;
576 4198 732 4269 juxta
784 4194 1167 4265 Symmachum
1204 4204 1373 4247 olant
1398 4185 1616 4261 (nn-nt),
1655 4184 1797 4254 quod

230 4292 461 4349 verbum
500 4292 555 4345 in
586 4288 853 4345 Hebraico
883 4285 1214 4342 continetur.
1248 4282 1317 4339 Et
1368 4278 1695 4335 habitabunt
1726 4274 1797 4330 ibi

228 4382 593 4443 struthiones,
628 4374 832 4432 animal
880 4386 1094 4443 semper
1140 4368 1467 4426 solitudines
1514 4374 1797 4435 appetens,

1895 3192 2041 3246 viros
2074 3192 2127 3246 in
2161 3192 2244 3246 his
2278 3191 2371 3260 qui
2401 3196 2634 3246 credunt
2666 3191 2718 3246 in
2749 3190 3000 3254 Domino,
3043 3189 3285 3245 subverti
3319 3190 3469 3245 vide-

1896 3283 1965 3338 rit
1989 3281 2317 3353 Babylonem
2348 3300 2362 3337 :
2400 3292 2455 3336 et
2483 3283 2774 3337 mternitati
2820 3291 3219 3352 comparatam,
3249 3294 3466 3333 onmem

1896 3373 2292 3445 longitudinem
2322 3388 2446 3428 esse
2492 3372 2751 3428 vicinam.
2808 3372 2883 3427 De
2931 3370 3221 3440 generibus
3270 3368 3470 3424 bestia-

1897 3484 2040 3533 rum,
2074 3468 2240 3523 immo
2274 3475 2667 3530 monstrorum,
2702 3464 2940 3519 breviter
2997 3463 3235 3517 diximus
3279 3475 3294 3515 :
3340 3460 3471 3530 quia

1898 3560 1953 3615 in
1991 3560 2160 3629 priori
2193 3558 2334 3615 libro
2372 3560 2406 3590 ’ί
2462 3557 2616 3628 juxta
2670 3556 2956 3613 historiam
3026 3570 3094 3611 ex
3143 3564 3293 3623 parte
3344 3569 3471 3621 per-

1898 3646 2084 3701 stricta
2140 3656 2291 3702 sunt.
2354 3645 2472 3703 Hoc
2529 3659 2748 3716 quoque
2799 3645 3275 3708 considerandum,
3326 3643 3471 3711 quod

1901 3746 2188 3809 postquam
2217 3735 2624 3792 ecclesiasticus
2653 3750 2833 3791 sermo
2865 3745 2921 3789 et
2948 3734 3191 3790 doctrina
3223 3731 3471 3787 Salvato-

1902 3830 1979 3884 ris
2012 3829 2199 3884 urbem
2230 3827 2564 3883 confusionis
2606 3828 2893 3890 everterit,
2924 3826 2997 3880 ita
3040 3837 3101 3879 nt
3147 3823 3393 3878 Sodomae
3422 3832 3477 3876 et

1904 3919 2226 3975 Gomorrhre
2276 3930 2669 3991 comparetur,
2722 3934 2827 3975 non
2883 3918 3159 3973 habitetur
3208 3930 3239 3970 a
3270 3916 3477 3969 sanctis

1905 4015 2062 4077 viris,
2094 4027 2194 4069 nec
2226 4026 2481 4081 pastores
2528 4012 2884 4083 requiescant
2917 4011 2971 4064 in
3026 4024 3111 4075 ea,
3133 4007 3223 4078 qui
3274 4005 3479 4063 Christi

1904 4119 2125 4176 gregem
2160 4119 2387 4175 pascere
2436 4108 2832 4159 consueverant
2862 4102 2991 4156 :sed
3023 4116 3053 4156 e
3085 4099 3366 4154 contrario
3394 4113 3482 4151 re-

1907 4198 2195 4268 quiescant
2225 4197 2298 4253 ibi
2342 4196 2550 4260 bestiae,
2584 4206 2637 4252 et
2679 4197 2970 4259 dracones,
3021 4203 3075 4249 et
3125 4192 3483 4255 struthiones,

1907 4302 1964 4349 et
1999 4289 2159 4361 pilosi
2214 4289 2415 4346 saltent
2471 4290 2525 4345 in
2580 4303 2666 4343 ea.
2727 4286 2999 4354 Quidquid
3052 4286 3193 4341 enim
3248 4282 3484 4338 haeretici

1914 4381 2329 4452 loquunturjn
2391 4380 2681 4451 synagogis
2734 4380 2995 4442 Satanae,
3064 4392 3172 4433 non
3243 4384 3336 4437 est,
3387 4375 3488 4427 do-

232 4475 301 4527 de
334 4486 445 4541 quo
478 4472 536 4523 in
564 4466 669 4522 10b
694 4466 908 4535 Nemus
946 4461 1202 4517 scribitur
1228 4476 1243 4513 ³
1272 4458 1365 4526 qui
1416 4470 1539 4512 cum
1598 4464 1800 4522 pemms
1832 4478 1879 4534 D
1908 4478 2085 4531 ctrina
2146 4472 2385 4535 Domini,
2446 4474 2541 4529 sed
2603 4472 2843 4528 ululatus
2902 4473 3207 4525 datmonum
3246 4478 3302 4522 et
3351 4465 3488 4535 pilo-

234 4566 437 4619 babere
464 4560 737 4617 videatur.
771 4567 952 4612 tamen
1007 4552 1074 4609 de
1125 4563 1266 4607 terra
1302 4550 1461 4605 altius
1490 4560 1594 4601 non
1627 4541 1805 4598 eleva-

231 4667 318 4710 tur
348 4674 366 4710 :
398 4669 501 4725 pro
528 4668 638 4721 quo
674 4647 815 4704 LXX
855 4646 1137 4718 σειρῆνας,
1169 4643 1222 4697 id
1260 4648 1364 4706 est,
1399 4640 1607 4694 sirenas
1631 4636 1806 4692 inter-

234 4748 437 4819 pretati
472 4754 623 4801 sunt.
658 4741 871 4797 Pilosos
901 4749 1080 4794 autem
1116 4738 1210 4806 qui
1258 4733 1511 4789 dicuntur
1540 4728 1808 4784 llebraice

232 4856 383 4899 sum
412 4838 707 4909 (al-itm),
740 4832 1043 4889 Theodotio
1076 4830 1259 4883 erectis
1308 4835 1358 4879 et
1400 4822 1661 4877 stantibus
1687 4820 1810 4889 pilis

238 4936 638 5001 interpretatus
673 4935 779 4980 est.
835 4920 1193 4992 Symmachus
1245 4925 1300 4972 et
1342 4910 1483 4969 LXX
1540 4911 1811 5001 daemonas

238 4997 671 5081 transtulerunt.
703 5017 809 5073 Pro
842 5008 1249 5070 Onocentauris
1278 5017 1516 5075 quoque,
1543 5016 1681 5073 quos
1709 4997 1812 5053 soli

238 5119 381 5175 LXX
423 5110 763 5185 interpretati
802 5117 948 5173 sunt,
979 5104 1256 5161 imitantes
1277 5097 1556 5170 gentilium
1581 5093 1813 5157 fabulas,

242 5215 333 5283 qui
365 5212 557 5266 dicunt
589 5205 759 5259 fuisse
782 5205 1254 5269 hippocentauros,
1280 5201 1391 5283 tres
1410 5188 1607 5283 reliqui
1632 5185 1817 5239 inter-

240 5277 430 5373 pretes
484 5298 662 5366 ipsum
742 5301 978 5362 posuere
1028 5283 1251 5340 verbum
1330 5277 1656 5373 Hebraicum
1734 5290 1819 5329 ms

245 5366 422 5460 imm)
449 5387 594 5461 quod
652 5400 750 5440 nos
808 5382 861 5435 in
917 5377 1094 5432 utulas
1146 5372 1430 5428 vertimus.
1490 5366 1594 5422 Ubi
1640 5378 1817 5422 autem

247 5459 709 5540 lerdixerunt,
762 5472 963 5528 cubilia
1008 5467 1204 5537 facient
1258 5462 1445 5517 Itericii
1497 5461 1552 5513 in
1579 5459 1823 5513 domibus

247 5591 450 5638 eorum,
483 5581 542 5628 et
584 5571 641 5625 in
674 5566 940 5622 Hebraico
973 5564 1206 5630 positum
1238 5564 1323 5610 est
1352 5567 1589 5609 summa
1622 5552 1823 5621 (rem),

314 5757 331 5788 ¹
369 5755 488 5811 Sub
516 5751 636 5819 ejus
669 5744 789 5801 libri
822 5749 1005 5800 linem.

1906 4582 2115 4629 serum,
2156 4580 2292 4635 quos
2349 4563 2667 4618 imitabatur
2720 4562 2880 4616 Esau.
2921 4559 2987 4615 Et
3032 4561 3227 4614 sirena:
3272 4558 3491 4623 requie-

1908 4666 2065 4716 scent
2099 4657 2155 4715 in
2194 4656 2437 4715 delubris
2469 4654 2784 4724 voluptatis,
2812 4668 2931 4722 qua:
2956 4651 3099 4707 dulci
3127 4658 3181 4704 et
3209 4647 3492 4704 mortifero

1913 4748 2159 4805 carmine
2212 4748 2429 4803 Animas
2490 4747 2823 4814 pertrahunt
2863 4744 2918 4798 in
2970 4741 3295 4813 prolnndum
3351 4754 3369 4793 :
3434 4746 3493 4789 ut

1911 4841 2174 4898 saeviente
2236 4838 2555 4909 naufragio,
2619 4852 2650 4893 a
2720 4837 2863 4907 lupis
2916 4832 3257 4891 et‘cauibus
3323 4830 3491 4882 devo-

1918 4946 2126 4991 rentur.
2181 4933 2359 5002 Prope
2393 4938 2478 4986 est
2530 4946 2660 5002 ergo
2689 4941 2746 4986 et
2799 4931 2965 4984 instat
2993 4924 3233 4995 quotidie
3280 4930 3493 4991 tempus

1918 5040 2096 5081 ruinae
2150 5024 2556 5092 haereticorum,
2598 5032 2653 5081 et
2702 5036 2809 5078 non
2844 5019 3088 5075 diﬂ‘ertur
3129 5029 3320 5071 eorum
3359 5014 3491 5066 sub-

1920 5120 2115 5173 versit).

1995 5232 2015 5267 ι
2053 5213 2397 5270 Miserebitur
2460 5214 2606 5269 enim
2661 5209 2921 5266 Dominus
2978 5203 3166 5271 Jacob,
3224 5212 3277 5257 et
3330 5201 3495 5270 eliget

1922 5306 2101 5361 adhuc
2155 5309 2221 5363 de
2264 5304 2455 5371 Israel,
2498 5311 2555 5359 et
2605 5302 2954 5373 requiescere
2982 5312 3078 5353 eos
3120 5294 3282 5348 faciet
3333 5306 3496 5361 super

1926 5403 2150 5455 humum
2191 5414 2345 5453 suam
2382 5414 2396 5450 :
2464 5396 2791 5466 adiungetur
2843 5393 3049 5446 advena
3087 5387 3249 5459 247
3277 5386 3342 5439 ad
3376 5398 3490 5449 eos,

1926 5502 1980 5545 et
2005 5489 2304 5546 adhaerebit
2333 5488 2516 5544 domui
2551 5484 2742 5541 Jacob.
2776 5485 2843 5540 Et
2875 5483 3133 5539 tenebunt
3163 5494 3257 5535 eos
3288 5476 3492 5545 populi.

1926 5594 1982 5640 ct
2016 5583 2287 5652 adducent
2312 5594 2407 5637 eos
2433 5578 2499 5637 ad
2526 5579 2705 5637 locum
2738 5592 2897 5631 suum
2935 5592 2951 5633 :
2994 5583 3049 5629 et
3079 5566 3375 5642 possidebit
3397 5577 3499 5618 eos
