  <div class='ocr_page' id='page_1' title='image "/cluster/home/n/w/nwhite01/storage/ocr_20150623/24/hvd.32044096580485/117.png"; bbox 0 0 3972 6198; ppageno 0'>
   <div class='ocr_carea' id='block_1_1' title="bbox 534 295 645 358">
    <p class='ocr_par' dir='ltr' id='par_1_1' title="bbox 534 295 645 358">
     <span class='ocr_line' id='line_1_1' title="bbox 534 295 645 358; baseline -0.036 1"><span class='ocrx_word' id='word_1_1' title='bbox 534 295 645 358; x_wconf 68' lang='lat'><strong>227}</strong></span> 
     </span>
    </p>
   </div>
   <div class='ocr_carea' id='block_1_2' title="bbox 1676 272 2593 379">
    <p class='ocr_par' dir='ltr' id='par_1_2' title="bbox 1676 272 2593 379">
     <span class='ocr_line' id='line_1_2' title="bbox 1676 272 2593 379; baseline 0.014 -13"><span class='ocrx_word' id='word_1_2' title='bbox 1676 337 1683 344; x_wconf 49' lang='grc'><em>“</em></span> <span class='ocrx_word' id='word_1_3' title='bbox 1713 309 1774 367; x_wconf 84' lang='grc'><strong>8.</strong></span> <span class='ocrx_word' id='word_1_4' title='bbox 1811 310 2117 370; x_wconf 81' lang='lat' dir='ltr'><strong>EUSEBll</strong></span> <span class='ocrx_word' id='word_1_5' title='bbox 2158 272 2593 379; x_wconf 57' lang='lat' dir='ltr'><strong>HIERONYhII</strong></span> 
     </span>
    </p>
   </div>
   <div class='ocr_carea' id='block_1_3' title="bbox 3689 323 3801 385">
    <p class='ocr_par' dir='ltr' id='par_1_3' title="bbox 3689 323 3801 385">
     <span class='ocr_line' id='line_1_3' title="bbox 3689 323 3801 385; baseline 0 0"><span class='ocrx_word' id='word_1_6' title='bbox 3689 323 3801 385; x_wconf 61' lang='grc' dir='ltr'>ρρι</span> 
     </span>
    </p>
   </div>
   <div class='ocr_carea' id='block_1_4' title="bbox 535 407 3798 505">
    <p class='ocr_par' dir='ltr' id='par_1_4' title="bbox 535 407 3798 505">
     <span class='ocr_line' id='line_1_4' title="bbox 535 407 3798 505; baseline 0.008 -41"><span class='ocrx_word' id='word_1_7' title='bbox 535 412 731 505; x_wconf 80' lang='lat' dir='ltr'><strong>domus</strong></span> <span class='ocrx_word' id='word_1_8' title='bbox 758 407 922 463; x_wconf 75' lang='lat' dir='ltr'><strong>Israel</strong></span> <span class='ocrx_word' id='word_1_9' title='bbox 958 426 1122 481; x_wconf 81' lang='lat' dir='ltr'><strong>super</strong></span> <span class='ocrx_word' id='word_1_10' title='bbox 1153 422 1354 470; x_wconf 89' lang='lat' dir='ltr'><strong>terram</strong></span> <span class='ocrx_word' id='word_1_11' title='bbox 1390 416 1604 471; x_wconf 93' lang='lat' dir='ltr'><strong>Dominl</strong></span> <span class='ocrx_word' id='word_1_12' title='bbox 1645 417 1700 473; x_wconf 93' lang='lat' dir='ltr'><strong>in</strong></span> <span class='ocrx_word' id='word_1_13' title='bbox 1734 434 1921 474; x_wconf 84' lang='lat' dir='ltr'><strong>servus</strong></span> <span class='ocrx_word' id='word_1_14' title='bbox 1972 430 2029 474; x_wconf 92' lang='lat' dir='ltr'><strong>et</strong></span> <span class='ocrx_word' id='word_1_15' title='bbox 2058 421 2111 474; x_wconf 91' lang='lat' dir='ltr'><strong>in</strong></span> <span class='ocrx_word' id='word_1_16' title='bbox 2142 424 2191 483; x_wconf 76' lang='grc' dir='ltr'><strong>Α</strong></span> <span class='ocrx_word' id='word_1_17' title='bbox 2217 429 2314 493; x_wconf 91' lang='lat' dir='ltr'><strong>qnl</strong></span> <span class='ocrx_word' id='word_1_18' title='bbox 2376 442 2474 485; x_wconf 89' lang='lat' dir='ltr'><strong>eos</strong></span> <span class='ocrx_word' id='word_1_19' title='bbox 2523 431 2703 499; x_wconf 72' lang='lat' dir='ltr'><strong>prius‘</strong></span> <span class='ocrx_word' id='word_1_20' title='bbox 2738 443 3039 504; x_wconf 78' lang='lat' dir='ltr'><strong>ceperant:</strong></span> <span class='ocrx_word' id='word_1_21' title='bbox 3095 450 3197 491; x_wconf 90' lang='lat' dir='ltr'><strong>nec</strong></span> <span class='ocrx_word' id='word_1_22' title='bbox 3240 434 3400 490; x_wconf 86' lang='lat' dir='ltr'><strong>victis</strong></span> <span class='ocrx_word' id='word_1_23' title='bbox 3460 433 3798 505; x_wconf 71' lang='lat' dir='ltr'><strong>Babyloniis.</strong></span> 
     </span>
    </p>
   </div>
   <div class='ocr_carea' id='block_1_5' title="bbox 532 500 2119 581">
    <p class='ocr_par' dir='ltr' id='par_1_5' title="bbox 532 500 2119 581">
     <span class='ocr_line' id='line_1_5' title="bbox 532 500 2119 581; baseline 0.008 -28"><span class='ocrx_word' id='word_1_24' title='bbox 532 500 787 568; x_wconf 76' lang='lat' dir='ltr'><strong>ancillas;</strong></span> <span class='ocrx_word' id='word_1_25' title='bbox 826 511 881 555; x_wconf 91' lang='lat' dir='ltr'><strong>et</strong></span> <span class='ocrx_word' id='word_1_26' title='bbox 911 513 1072 558; x_wconf 88' lang='lat' dir='ltr'><strong>erunt</strong></span> <span class='ocrx_word' id='word_1_27' title='bbox 1119 507 1395 575; x_wconf 72' lang='lat' dir='ltr'><strong>capientes</strong></span> <span class='ocrx_word' id='word_1_28' title='bbox 1425 523 1519 563; x_wconf 90' lang='lat' dir='ltr'><strong>eos</strong></span> <span class='ocrx_word' id='word_1_29' title='bbox 1574 512 1664 580; x_wconf 90' lang='lat' dir='ltr'><strong>qui</strong></span> <span class='ocrx_word' id='word_1_30' title='bbox 1715 527 1773 565; x_wconf 86' lang='lat' dir='ltr'><strong>se</strong></span> <span class='ocrx_word' id='word_1_31' title='bbox 1835 522 2119 581; x_wconf 84' lang='lat' dir='ltr'><strong>ceperant,</strong></span> 
     </span>
    </p>
   </div>
   <div class='ocr_carea' id='block_1_6' title="bbox 534 592 2120 661">
    <p class='ocr_par' dir='ltr' id='par_1_6' title="bbox 534 592 2120 661">
     <span class='ocr_line' id='line_1_6' title="bbox 534 592 2120 661; baseline 0.004 -13"><span class='ocrx_word' id='word_1_32' title='bbox 534 602 593 648; x_wconf 77' lang='lat' dir='ltr'><strong>et</strong></span> <span class='ocrx_word' id='word_1_33' title='bbox 643 592 934 661; x_wconf 77' lang='lat' dir='ltr'><strong>subiit-ient</strong></span> <span class='ocrx_word' id='word_1_34' title='bbox 972 606 1252 650; x_wconf 85' lang='lat' dir='ltr'><strong>exactores</strong></span> <span class='ocrx_word' id='word_1_35' title='bbox 1305 612 1454 654; x_wconf 85' lang='lat' dir='ltr'><strong>suos.</strong></span> <span class='ocrx_word' id='word_1_36' title='bbox 1518 599 1586 654; x_wconf 86' lang='lat' dir='ltr'><strong>Et</strong></span> <span class='ocrx_word' id='word_1_37' title='bbox 1641 601 1747 655; x_wconf 86' lang='lat' dir='ltr'><strong>erit</strong></span> <span class='ocrx_word' id='word_1_38' title='bbox 1802 602 1857 656; x_wconf 90' lang='lat' dir='ltr'><strong>in</strong></span> <span class='ocrx_word' id='word_1_39' title='bbox 1913 604 1999 656; x_wconf 91' lang='lat' dir='ltr'><strong>die</strong></span> <span class='ocrx_word' id='word_1_40' title='bbox 2031 602 2120 658; x_wconf 89' lang='lat' dir='ltr'><strong>illa</strong></span> 
     </span>
    </p>
   </div>
   <div class='ocr_carea' id='block_1_7' title="bbox 538 683 2125 754">
    <p class='ocr_par' dir='ltr' id='par_1_7' title="bbox 538 683 2125 754">
     <span class='ocr_line' id='line_1_7' title="bbox 538 683 2125 754; baseline 0.007 -19"><span class='ocrx_word' id='word_1_41' title='bbox 538 698 661 736; x_wconf 91' lang='lat' dir='ltr'><strong>eum</strong></span> <span class='ocrx_word' id='word_1_42' title='bbox 696 683 938 752; x_wconf 88' lang='lat' dir='ltr'><strong>requiem</strong></span> <span class='ocrx_word' id='word_1_43' title='bbox 987 685 1201 740; x_wconf 79' lang='lat' dir='ltr'><strong>dederit</strong></span> <span class='ocrx_word' id='word_1_44' title='bbox 1250 688 1347 741; x_wconf 91' lang='lat' dir='ltr'><strong>tibi</strong></span> <span class='ocrx_word' id='word_1_45' title='bbox 1388 689 1605 745; x_wconf 85' lang='lat' dir='ltr'><strong>Densa</strong></span> <span class='ocrx_word' id='word_1_46' title='bbox 1655 692 1841 747; x_wconf 87' lang='lat' dir='ltr'><strong>labore</strong></span> <span class='ocrx_word' id='word_1_47' title='bbox 1905 702 2015 754; x_wconf 87' lang='lat' dir='ltr'><strong>tuo,</strong></span> <span class='ocrx_word' id='word_1_48' title='bbox 2069 701 2125 748; x_wconf 90' lang='lat' dir='ltr'><strong>et</strong></span> 
     </span>
    </p>
   </div>
   <div class='ocr_carea' id='block_1_8' title="bbox 538 776 2122 853">
    <p class='ocr_par' dir='ltr' id='par_1_8' title="bbox 538 776 2122 853">
     <span class='ocr_line' id='line_1_8' title="bbox 538 776 2122 853; baseline 0.007 -27"><span class='ocrx_word' id='word_1_49' title='bbox 538 790 569 826; x_wconf 90' lang='lat' dir='ltr'><strong>a</strong></span> <span class='ocrx_word' id='word_1_50' title='bbox 625 776 986 831; x_wconf 79' lang='lat' dir='ltr'><strong>concussione</strong></span> <span class='ocrx_word' id='word_1_51' title='bbox 1044 786 1168 840; x_wconf 89' lang='lat' dir='ltr'><strong>tua,</strong></span> <span class='ocrx_word' id='word_1_52' title='bbox 1230 787 1289 830; x_wconf 91' lang='lat' dir='ltr'><strong>et</strong></span> <span class='ocrx_word' id='word_1_53' title='bbox 1353 796 1380 832; x_wconf 91' lang='lat' dir='ltr'><strong>a</strong></span> <span class='ocrx_word' id='word_1_54' title='bbox 1452 782 1720 836; x_wconf 90' lang='lat' dir='ltr'><strong>servitute</strong></span> <span class='ocrx_word' id='word_1_55' title='bbox 1775 785 1947 846; x_wconf 78' lang='lat' dir='ltr'><strong>dura,</strong></span> <span class='ocrx_word' id='word_1_56' title='bbox 2018 798 2122 853; x_wconf 92' lang='lat' dir='ltr'><strong>qua</strong></span> 
     </span>
    </p>
   </div>
   <div class='ocr_carea' id='block_1_9' title="bbox 541 864 2127 937">
    <p class='ocr_par' dir='ltr' id='par_1_9' title="bbox 541 864 2127 937">
     <span class='ocr_line' id='line_1_9' title="bbox 541 864 2127 937; baseline 0.008 -23"><span class='ocrx_word' id='word_1_57' title='bbox 541 873 669 916; x_wconf 82' lang='lat' dir='ltr'><strong>ante</strong></span> <span class='ocrx_word' id='word_1_58' title='bbox 699 864 916 917; x_wconf 82' lang='lat' dir='ltr'><strong>servisti</strong></span> <span class='ocrx_word' id='word_1_59' title='bbox 947 904 962 929; x_wconf 93' lang='lat'><strong>,</strong></span> <span class='ocrx_word' id='word_1_60' title='bbox 1021 881 1203 921; x_wconf 88' lang='lat' dir='ltr'><strong>sumes</strong></span> <span class='ocrx_word' id='word_1_61' title='bbox 1238 868 1551 937; x_wconf 85' lang='lat' dir='ltr'><strong>parabolam</strong></span> <span class='ocrx_word' id='word_1_62' title='bbox 1618 870 1775 923; x_wconf 89' lang='lat' dir='ltr'><strong>istam</strong></span> <span class='ocrx_word' id='word_1_63' title='bbox 1808 881 1998 924; x_wconf 88' lang='lat' dir='ltr'><strong>contra</strong></span> <span class='ocrx_word' id='word_1_64' title='bbox 2042 886 2127 926; x_wconf 61' lang='lat' dir='ltr'><strong>rec</strong></span> 
     </span>
    </p>
   </div>
   <div class='ocr_carea' id='block_1_10' title="bbox 543 954 2118 1027">
    <p class='ocr_par' dir='ltr' id='par_1_10' title="bbox 543 954 2118 1027">
     <span class='ocr_line' id='line_1_10' title="bbox 543 954 2118 1027; baseline 0.006 -22"><span class='ocrx_word' id='word_1_65' title='bbox 543 969 663 1021; x_wconf 90' lang='lat' dir='ltr'><strong>gem</strong></span> <span class='ocrx_word' id='word_1_66' title='bbox 720 954 1031 1025; x_wconf 83' lang='lat' dir='ltr'><strong>Babylonis,</strong></span> <span class='ocrx_word' id='word_1_67' title='bbox 1080 968 1136 1012; x_wconf 93' lang='lat' dir='ltr'><strong>et</strong></span> <span class='ocrx_word' id='word_1_68' title='bbox 1180 960 1348 1014; x_wconf 85' lang='lat' dir='ltr'><strong>dices.</strong></span> <span class='ocrx_word' id='word_1_69' title='bbox 1412 978 1430 1011; x_wconf 77' lang='grc' dir='ltr'><strong><em>ι</em></strong></span> <span class='ocrx_word' id='word_1_70' title='bbox 1491 961 1594 1014; x_wconf 87' lang='lat' dir='ltr'><strong>Pro</strong></span> <span class='ocrx_word' id='word_1_71' title='bbox 1635 962 1864 1027; x_wconf 84' lang='lat' dir='ltr'><strong>advena,</strong></span> <span class='ocrx_word' id='word_1_72' title='bbox 1921 960 1975 1016; x_wconf 87' lang='lat' dir='ltr'><strong>id</strong></span> <span class='ocrx_word' id='word_1_73' title='bbox 2014 970 2118 1025; x_wconf 84' lang='lat' dir='ltr'><strong>est,</strong></span> 
     </span>
    </p>
   </div>
   <div class='ocr_carea' id='block_1_11' title="bbox 543 1045 2122 1121">
    <p class='ocr_par' dir='ltr' id='par_1_11' title="bbox 543 1045 2122 1121">
     <span class='ocr_line' id='line_1_11' title="bbox 543 1045 2122 1121; baseline 0.006 -25"><span class='ocrx_word' id='word_1_74' title='bbox 543 1045 836 1117; x_wconf 79' lang='lat' dir='ltr'><strong>proselyto,</strong></span> <span class='ocrx_word' id='word_1_75' title='bbox 876 1048 1017 1102; x_wconf 74' lang='lat' dir='ltr'><strong>LXX</strong></span> <span class='ocrx_word' id='word_1_76' title='bbox 1066 1053 1293 1121; x_wconf 81' lang='grc' dir='ltr'>γηώραν</span> <span class='ocrx_word' id='word_1_77' title='bbox 1350 1051 1687 1121; x_wconf 83' lang='lat' dir='ltr'><strong>interpretati</strong></span> <span class='ocrx_word' id='word_1_78' title='bbox 1762 1061 1890 1107; x_wconf 92' lang='lat' dir='ltr'><strong>sunt</strong></span> <span class='ocrx_word' id='word_1_79' title='bbox 1944 1069 1958 1106; x_wconf 87' lang='lat'><strong>:</strong></span> <span class='ocrx_word' id='word_1_80' title='bbox 2019 1055 2122 1121; x_wconf 87' lang='lat' dir='ltr'><strong>qui</strong></span> 
     </span>
    </p>
   </div>
   <div class='ocr_carea' id='block_1_12' title="bbox 548 1136 2125 1212">
    <p class='ocr_par' dir='ltr' id='par_1_12' title="bbox 548 1136 2125 1212">
     <span class='ocr_line' id='line_1_12' title="bbox 548 1136 2125 1212; baseline 0.004 -24"><span class='ocrx_word' id='word_1_81' title='bbox 548 1136 808 1191; x_wconf 84' lang='lat' dir='ltr'><strong>liehraice</strong></span> <span class='ocrx_word' id='word_1_82' title='bbox 849 1153 951 1192; x_wconf 75' lang='lat' dir='ltr'><strong>csa</strong></span> <span class='ocrx_word' id='word_1_83' title='bbox 1000 1140 1110 1208; x_wconf 74' lang='lat' dir='ltr'><strong>(&#39;u)</strong></span> <span class='ocrx_word' id='word_1_84' title='bbox 1162 1140 1382 1193; x_wconf 91' lang='lat' dir='ltr'><strong>dicitur.</strong></span> <span class='ocrx_word' id='word_1_85' title='bbox 1425 1140 1574 1195; x_wconf 91' lang='lat' dir='ltr'><strong>Unde</strong></span> <span class='ocrx_word' id='word_1_86' title='bbox 1630 1152 1760 1210; x_wconf 79' lang='lat' dir='ltr'><strong>puto</strong></span> <span class='ocrx_word' id='word_1_87' title='bbox 1823 1151 1878 1195; x_wconf 92' lang='lat' dir='ltr'><strong>et</strong></span> <span class='ocrx_word' id='word_1_88' title='bbox 1948 1140 2125 1212; x_wconf 81' lang='lat' dir='ltr'><strong>Moysi</strong></span> 
     </span>
    </p>
   </div>
   <div class='ocr_carea' id='block_1_13' title="bbox 549 1226 2126 1296">
    <p class='ocr_par' dir='ltr' id='par_1_13' title="bbox 549 1226 2126 1296">
     <span class='ocr_line' id='line_1_13' title="bbox 549 1226 2126 1296; baseline 0.003 -17"><span class='ocrx_word' id='word_1_89' title='bbox 549 1226 741 1288; x_wconf 83' lang='lat' dir='ltr'><strong>lilium.</strong></span> <span class='ocrx_word' id='word_1_90' title='bbox 812 1229 901 1295; x_wconf 87' lang='lat' dir='ltr'><strong>qui</strong></span> <span class='ocrx_word' id='word_1_91' title='bbox 953 1230 1158 1283; x_wconf 78' lang='lat' dir='ltr'><strong>advena</strong></span> <span class='ocrx_word' id='word_1_92' title='bbox 1226 1240 1344 1284; x_wconf 84' lang='lat' dir='ltr'><strong>erat</strong></span> <span class='ocrx_word' id='word_1_93' title='bbox 1391 1233 1441 1283; x_wconf 91' lang='lat' dir='ltr'><strong>in</strong></span> <span class='ocrx_word' id='word_1_94' title='bbox 1494 1241 1660 1296; x_wconf 87' lang='lat' dir='ltr'><strong>terra,</strong></span> <span class='ocrx_word' id='word_1_95' title='bbox 1714 1232 2047 1285; x_wconf 86' lang='lat' dir='ltr'><strong>nominatum</strong></span> <span class='ocrx_word' id='word_1_96' title='bbox 2098 1246 2126 1283; x_wconf 89' lang='lat' dir='ltr'><strong>a</strong></span> 
     </span>
    </p>
   </div>
   <div class='ocr_carea' id='block_1_14' title="bbox 548 1317 2130 1391">
    <p class='ocr_par' dir='ltr' id='par_1_14' title="bbox 548 1317 2130 1391">
     <span class='ocr_line' id='line_1_14' title="bbox 548 1317 2130 1391; baseline 0.003 -23"><span class='ocrx_word' id='word_1_97' title='bbox 548 1326 737 1385; x_wconf 84' lang='lat' dir='ltr'><strong>patre,</strong></span> <span class='ocrx_word' id='word_1_98' title='bbox 804 1317 1021 1371; x_wconf 84' lang='lat' dir='ltr'><strong>Gersam</strong></span> <span class='ocrx_word' id='word_1_99' title='bbox 1072 1319 1269 1390; x_wconf 74' lang='lat' dir='ltr'><strong>(Exod.</strong></span> <span class='ocrx_word' id='word_1_100' title='bbox 1326 1321 1388 1391; x_wconf 87' lang='grc' dir='ltr'><strong>ι).</strong></span> <span class='ocrx_word' id='word_1_101' title='bbox 1456 1322 1595 1391; x_wconf 81' lang='lat' dir='ltr'><strong>Ergo</strong></span> <span class='ocrx_word' id='word_1_102' title='bbox 1657 1337 1841 1390; x_wconf 86' lang='lat' dir='ltr'><strong>georas</strong></span> <span class='ocrx_word' id='word_1_103' title='bbox 1886 1330 1970 1375; x_wconf 90' lang='lat' dir='ltr'><strong>est</strong></span> <span class='ocrx_word' id='word_1_104' title='bbox 2017 1336 2130 1374; x_wconf 86' lang='lat' dir='ltr'><strong>ver-</strong></span> 
     </span>
    </p>
   </div>
   <div class='ocr_carea' id='block_1_15' title="bbox 555 1408 2131 1475">
    <p class='ocr_par' dir='ltr' id='par_1_15' title="bbox 555 1408 2131 1475">
     <span class='ocr_line' id='line_1_15' title="bbox 555 1408 2131 1475; baseline 0.004 -16"><span class='ocrx_word' id='word_1_105' title='bbox 555 1410 677 1462; x_wconf 85' lang='lat' dir='ltr'><strong>bum</strong></span> <span class='ocrx_word' id='word_1_106' title='bbox 730 1408 1054 1465; x_wconf 85' lang='lat' dir='ltr'><strong>liebraicum</strong></span> <span class='ocrx_word' id='word_1_107' title='bbox 1113 1410 1153 1475; x_wconf 77' lang='grc'><strong>⁸,</strong></span> <span class='ocrx_word' id='word_1_108' title='bbox 1212 1412 1397 1467; x_wconf 85' lang='lat' dir='ltr'><strong>Graeca</strong></span> <span class='ocrx_word' id='word_1_109' title='bbox 1455 1414 1858 1468; x_wconf 79' lang='lat' dir='ltr'><strong>consuetudine</strong></span> <span class='ocrx_word' id='word_1_110' title='bbox 1887 1412 2131 1468; x_wconf 86' lang='lat' dir='ltr'><strong>declina-</strong></span> 
     </span>
    </p>
   </div>
   <div class='ocr_carea' id='block_1_16' title="bbox 556 1500 2130 1571">
    <p class='ocr_par' dir='ltr' id='par_1_16' title="bbox 556 1500 2130 1571">
     <span class='ocr_line' id='line_1_16' title="bbox 556 1500 2130 1571; baseline 0.004 -20"><span class='ocrx_word' id='word_1_111' title='bbox 556 1508 692 1562; x_wconf 90' lang='lat' dir='ltr'><strong>tum,</strong></span> <span class='ocrx_word' id='word_1_112' title='bbox 732 1500 857 1553; x_wconf 91' lang='lat' dir='ltr'><strong>licet</strong></span> <span class='ocrx_word' id='word_1_113' title='bbox 895 1502 1112 1568; x_wconf 89' lang='lat' dir='ltr'><strong>quidam</strong></span> <span class='ocrx_word' id='word_1_114' title='bbox 1146 1501 1354 1557; x_wconf 65' lang='lat' dir='ltr'><strong>Hebrwi</strong></span> <span class='ocrx_word' id='word_1_115' title='bbox 1397 1505 1668 1557; x_wconf 85' lang='lat' dir='ltr'><strong>sermonis</strong></span> <span class='ocrx_word' id='word_1_116' title='bbox 1698 1504 1940 1571; x_wconf 81' lang='lat' dir='ltr'><strong>ignarus,</strong></span> <span class='ocrx_word' id='word_1_117' title='bbox 1981 1502 2130 1558; x_wconf 77' lang='lat' dir='ltr'><strong>Grae-</strong></span> 
     </span>
    </p>
   </div>
   <div class='ocr_carea' id='block_1_17' title="bbox 552 1591 2127 1663">
    <p class='ocr_par' dir='ltr' id='par_1_17' title="bbox 552 1591 2127 1663">
     <span class='ocr_line' id='line_1_17' title="bbox 552 1591 2127 1663; baseline 0.004 -21"><span class='ocrx_word' id='word_1_118' title='bbox 552 1603 669 1642; x_wconf 90' lang='lat' dir='ltr'><strong>cam</strong></span> <span class='ocrx_word' id='word_1_119' title='bbox 706 1591 755 1642; x_wconf 92' lang='lat' dir='ltr'><strong>in</strong></span> <span class='ocrx_word' id='word_1_120' title='bbox 787 1606 851 1644; x_wconf 88' lang='lat' dir='ltr'><strong>eo</strong></span> <span class='ocrx_word' id='word_1_121' title='bbox 882 1594 1269 1661; x_wconf 77' lang='lat' dir='ltr'><strong>etymologiam</strong></span> <span class='ocrx_word' id='word_1_122' title='bbox 1309 1595 1618 1663; x_wconf 80' lang='lat' dir='ltr'><strong>exprimere</strong></span> <span class='ocrx_word' id='word_1_123' title='bbox 1667 1606 1916 1660; x_wconf 89' lang='lat' dir='ltr'><strong>conetur,</strong></span> <span class='ocrx_word' id='word_1_124' title='bbox 1947 1595 2013 1648; x_wconf 89' lang='lat' dir='ltr'><strong>ab</strong></span> <span class='ocrx_word' id='word_1_125' title='bbox 2060 1609 2127 1649; x_wconf 93' lang='lat' dir='ltr'><strong>eo</strong></span> 
     </span>
    </p>
   </div>
   <div class='ocr_carea' id='block_1_18' title="bbox 554 1680 2129 1755">
    <p class='ocr_par' dir='ltr' id='par_1_18' title="bbox 554 1680 2129 1755">
     <span class='ocr_line' id='line_1_18' title="bbox 554 1680 2129 1755; baseline 0.006 -27"><span class='ocrx_word' id='word_1_126' title='bbox 554 1680 696 1745; x_wconf 89' lang='lat' dir='ltr'><strong>quod</strong></span> <span class='ocrx_word' id='word_1_127' title='bbox 744 1689 973 1733; x_wconf 63' lang='lat' dir='ltr'><strong>terrente</strong></span> <span class='ocrx_word' id='word_1_128' title='bbox 1006 1682 1082 1735; x_wconf 91' lang='lat' dir='ltr'><strong>rei</strong></span> <span class='ocrx_word' id='word_1_129' title='bbox 1134 1698 1320 1736; x_wconf 88' lang='lat' dir='ltr'><strong>curam</strong></span> <span class='ocrx_word' id='word_1_130' title='bbox 1369 1683 1569 1739; x_wconf 87' lang='lat' dir='ltr'><strong>habeat</strong></span> <span class='ocrx_word' id='word_1_131' title='bbox 1623 1684 1741 1755; x_wconf 75' lang='grc' dir='ltr'><strong>εγῆ</strong></span> <span class='ocrx_word' id='word_1_132' title='bbox 1776 1685 1923 1739; x_wconf 91' lang='lat' dir='ltr'><strong>enim</strong></span> <span class='ocrx_word' id='word_1_133' title='bbox 1966 1685 2009 1747; x_wconf 78' lang='grc'><strong>⁸,</strong></span> <span class='ocrx_word' id='word_1_134' title='bbox 2047 1685 2129 1737; x_wconf 87' lang='lat' dir='ltr'><strong>in-</strong></span> 
     </span>
    </p>
   </div>
   <div class='ocr_carea' id='block_1_19' title="bbox 554 1770 2213 1844">
    <p class='ocr_par' dir='ltr' id='par_1_19' title="bbox 554 1770 2213 1844">
     <span class='ocr_line' id='line_1_19' title="bbox 554 1770 2213 1844; baseline 0.006 -23"><span class='ocrx_word' id='word_1_135' title='bbox 554 1770 691 1837; x_wconf 89' lang='lat' dir='ltr'><strong>quit,</strong></span> <span class='ocrx_word' id='word_1_136' title='bbox 744 1780 883 1824; x_wconf 88' lang='lat' dir='ltr'><strong>terra</strong></span> <span class='ocrx_word' id='word_1_137' title='bbox 944 1772 1274 1840; x_wconf 81' lang='lat' dir='ltr'><strong>appellatur,</strong></span> <span class='ocrx_word' id='word_1_138' title='bbox 1332 1783 1387 1827; x_wconf 91' lang='lat' dir='ltr'><strong>et</strong></span> <span class='ocrx_word' id='word_1_139' title='bbox 1435 1772 1573 1844; x_wconf 79' lang='grc' dir='ltr'><strong>ὥρα,</strong></span> <span class='ocrx_word' id='word_1_140' title='bbox 1633 1775 1883 1843; x_wconf 72' lang='grc' dir='ltr'><strong>φροντὶς,</strong></span> <span class='ocrx_word' id='word_1_141' title='bbox 1943 1774 1996 1828; x_wconf 88' lang='lat' dir='ltr'><strong>id</strong></span> <span class='ocrx_word' id='word_1_142' title='bbox 2028 1784 2129 1835; x_wconf 88' lang='lat' dir='ltr'><strong>est,</strong></span> <span class='ocrx_word' id='word_1_143' title='bbox 2167 1775 2213 1831; x_wconf 87' lang='grc' dir='ltr'>Β</span> 
     </span>
    </p>
   </div>
   <div class='ocr_carea' id='block_1_20' title="bbox 554 1848 2129 1935">
    <p class='ocr_par' dir='ltr' id='par_1_20' title="bbox 554 1848 2129 1935">
     <span class='ocr_line' id='line_1_20' title="bbox 554 1848 2129 1935; baseline 0.004 -23"><span class='ocrx_word' id='word_1_144' title='bbox 554 1861 876 1916; x_wconf 84' lang='lat' dir='ltr'><strong>sollicitudo.</strong></span> <span class='ocrx_word' id='word_1_145' title='bbox 914 1863 1148 1918; x_wconf 83' lang='lat' dir='ltr'><strong>Rursum</strong></span> <span class='ocrx_word' id='word_1_146' title='bbox 1187 1880 1284 1933; x_wconf 88' lang='lat' dir='ltr'><strong>pro</strong></span> <span class='ocrx_word' id='word_1_147' title='bbox 1312 1880 1481 1919; x_wconf 67' lang='grc' dir='ltr'><strong>κΑςΑῑ.</strong></span> <span class='ocrx_word' id='word_1_148' title='bbox 1507 1848 1684 1934; x_wconf 58' lang='lat' dir='ltr'><strong>(5WD)</strong></span> <span class='ocrx_word' id='word_1_149' title='bbox 1718 1882 1881 1935; x_wconf 86' lang='lat' dir='ltr'><strong>quam</strong></span> <span class='ocrx_word' id='word_1_150' title='bbox 1936 1865 2129 1934; x_wconf 83' lang='lat' dir='ltr'><strong>Aquila</strong></span> 
     </span>
    </p>
   </div>
   <div class='ocr_carea' id='block_1_21' title="bbox 556 1952 2137 2024">
    <p class='ocr_par' dir='ltr' id='par_1_21' title="bbox 556 1952 2137 2024">
     <span class='ocr_line' id='line_1_21' title="bbox 556 1952 2137 2024; baseline 0.006 -21"><span class='ocrx_word' id='word_1_151' title='bbox 556 1961 609 2003; x_wconf 88' lang='lat' dir='ltr'><strong>et</strong></span> <span class='ocrx_word' id='word_1_152' title='bbox 634 1952 992 2021; x_wconf 80' lang='lat' dir='ltr'><strong>Symmachus</strong></span> <span class='ocrx_word' id='word_1_153' title='bbox 1026 1963 1081 2009; x_wconf 92' lang='lat' dir='ltr'><strong>et</strong></span> <span class='ocrx_word' id='word_1_154' title='bbox 1136 1953 1439 2010; x_wconf 88' lang='lat' dir='ltr'><strong>Theodotio</strong></span> <span class='ocrx_word' id='word_1_155' title='bbox 1473 1956 1790 2024; x_wconf 81' lang='lat' dir='ltr'><strong>parabolnm</strong></span> <span class='ocrx_word' id='word_1_156' title='bbox 1848 1957 2137 2011; x_wconf 90' lang='lat' dir='ltr'><strong>transtule-</strong></span> 
     </span>
    </p>
   </div>
   <div class='ocr_carea' id='block_1_22' title="bbox 561 2045 2141 2117">
    <p class='ocr_par' dir='ltr' id='par_1_22' title="bbox 561 2045 2141 2117">
     <span class='ocr_line' id='line_1_22' title="bbox 561 2045 2141 2117; baseline 0.003 -22"><span class='ocrx_word' id='word_1_157' title='bbox 561 2051 705 2109; x_wconf 90' lang='lat' dir='ltr'><strong>runt,</strong></span> <span class='ocrx_word' id='word_1_158' title='bbox 733 2060 869 2113; x_wconf 88' lang='lat' dir='ltr'><strong>quos</strong></span> <span class='ocrx_word' id='word_1_159' title='bbox 895 2057 947 2099; x_wconf 90' lang='lat' dir='ltr'><strong>et</strong></span> <span class='ocrx_word' id='word_1_160' title='bbox 983 2061 1080 2101; x_wconf 89' lang='lat' dir='ltr'><strong>nos</strong></span> <span class='ocrx_word' id='word_1_161' title='bbox 1119 2049 1288 2101; x_wconf 85' lang='lat' dir='ltr'><strong>secuti</strong></span> <span class='ocrx_word' id='word_1_162' title='bbox 1320 2063 1530 2109; x_wconf 84' lang='lat' dir='ltr'><strong>sumus,</strong></span> <span class='ocrx_word' id='word_1_163' title='bbox 1567 2045 1706 2101; x_wconf 79' lang='lat' dir='ltr'><strong>LXX</strong></span> <span class='ocrx_word' id='word_1_164' title='bbox 1760 2049 2035 2117; x_wconf 83' lang='lat' dir='ltr'><strong>planctum</strong></span> <span class='ocrx_word' id='word_1_165' title='bbox 2062 2049 2141 2100; x_wconf 86' lang='lat' dir='ltr'><strong>in-</strong></span> 
     </span>
    </p>
   </div>
   <div class='ocr_carea' id='block_1_23' title="bbox 561 2137 2138 2211">
    <p class='ocr_par' dir='ltr' id='par_1_23' title="bbox 561 2137 2138 2211">
     <span class='ocr_line' id='line_1_23' title="bbox 561 2137 2138 2211; baseline 0.004 -25"><span class='ocrx_word' id='word_1_166' title='bbox 561 2137 840 2204; x_wconf 88' lang='lat' dir='ltr'><strong>terpretati</strong></span> <span class='ocrx_word' id='word_1_167' title='bbox 870 2148 1018 2193; x_wconf 89' lang='lat' dir='ltr'><strong>sunt.</strong></span> <span class='ocrx_word' id='word_1_168' title='bbox 1060 2137 1159 2192; x_wconf 86' lang='lat' dir='ltr'><strong>Est</strong></span> <span class='ocrx_word' id='word_1_169' title='bbox 1191 2148 1369 2193; x_wconf 89' lang='lat' dir='ltr'><strong>autem</strong></span> <span class='ocrx_word' id='word_1_170' title='bbox 1394 2142 1529 2194; x_wconf 88' lang='lat' dir='ltr'><strong>ordo</strong></span> <span class='ocrx_word' id='word_1_171' title='bbox 1566 2152 1580 2194; x_wconf 88' lang='lat'><strong>:</strong></span> <span class='ocrx_word' id='word_1_172' title='bbox 1626 2150 1908 2211; x_wconf 84' lang='lat' dir='ltr'><strong>postquam</strong></span> <span class='ocrx_word' id='word_1_173' title='bbox 1964 2142 2138 2211; x_wconf 84' lang='lat' dir='ltr'><strong>Baby-</strong></span> 
     </span>
    </p>
   </div>
   <div class='ocr_carea' id='block_1_24' title="bbox 560 2226 2141 2298">
    <p class='ocr_par' dir='ltr' id='par_1_24' title="bbox 560 2226 2141 2298">
     <span class='ocr_line' id='line_1_24' title="bbox 560 2226 2141 2298; baseline 0.004 -18"><span class='ocrx_word' id='word_1_174' title='bbox 560 2226 647 2281; x_wconf 91' lang='lat' dir='ltr'><strong>lon</strong></span> <span class='ocrx_word' id='word_1_175' title='bbox 685 2229 901 2284; x_wconf 89' lang='lat' dir='ltr'><strong>deserta</strong></span> <span class='ocrx_word' id='word_1_176' title='bbox 951 2229 1117 2285; x_wconf 77' lang='lat' dir='ltr'><strong>fuerit</strong></span> <span class='ocrx_word' id='word_1_177' title='bbox 1175 2231 1224 2284; x_wconf 93' lang='lat' dir='ltr'><strong>in</strong></span> <span class='ocrx_word' id='word_1_178' title='bbox 1280 2242 1567 2298; x_wconf 56' lang='lat' dir='ltr'><strong>aeternum,</strong></span> <span class='ocrx_word' id='word_1_179' title='bbox 1632 2233 1704 2286; x_wconf 91' lang='lat' dir='ltr'><strong>ita</strong></span> <span class='ocrx_word' id='word_1_180' title='bbox 1755 2243 1811 2287; x_wconf 92' lang='lat' dir='ltr'><strong>ut</strong></span> <span class='ocrx_word' id='word_1_181' title='bbox 1876 2233 2141 2287; x_wconf 85' lang='lat' dir='ltr'><strong>habitatio</strong></span> 
     </span>
    </p>
   </div>
   <div class='ocr_carea' id='block_1_25' title="bbox 563 2317 2141 2390">
    <p class='ocr_par' dir='ltr' id='par_1_25' title="bbox 563 2317 2141 2390">
     <span class='ocr_line' id='line_1_25' title="bbox 563 2317 2141 2390; baseline 0.005 -21"><span class='ocrx_word' id='word_1_182' title='bbox 563 2317 858 2373; x_wconf 88' lang='lat' dir='ltr'><strong>bestiarum</strong></span> <span class='ocrx_word' id='word_1_183' title='bbox 914 2322 1006 2383; x_wconf 89' lang='lat' dir='ltr'><strong>sit,</strong></span> <span class='ocrx_word' id='word_1_184' title='bbox 1060 2322 1409 2376; x_wconf 88' lang='lat' dir='ltr'><strong>miserebitur</strong></span> <span class='ocrx_word' id='word_1_185' title='bbox 1464 2322 1724 2378; x_wconf 88' lang='lat' dir='ltr'><strong>Dominus</strong></span> <span class='ocrx_word' id='word_1_186' title='bbox 1773 2320 1964 2385; x_wconf 82' lang='lat' dir='ltr'><strong>Jacob,</strong></span> <span class='ocrx_word' id='word_1_187' title='bbox 2020 2324 2141 2390; x_wconf 86' lang='lat' dir='ltr'><strong>ejus</strong></span> 
     </span>
    </p>
   </div>
   <div class='ocr_carea' id='block_1_26' title="bbox 562 2410 2134 2483">
    <p class='ocr_par' dir='ltr' id='par_1_26' title="bbox 562 2410 2134 2483">
     <span class='ocr_line' id='line_1_26' title="bbox 562 2410 2134 2483; baseline 0.003 -22"><span class='ocrx_word' id='word_1_188' title='bbox 562 2410 818 2467; x_wconf 79' lang='lat' dir='ltr'><strong>videlicet</strong></span> <span class='ocrx_word' id='word_1_189' title='bbox 855 2412 945 2480; x_wconf 90' lang='lat' dir='ltr'><strong>qui</strong></span> <span class='ocrx_word' id='word_1_190' title='bbox 1005 2414 1134 2467; x_wconf 89' lang='lat' dir='ltr'><strong>vitia</strong></span> <span class='ocrx_word' id='word_1_191' title='bbox 1183 2414 1665 2483; x_wconf 85' lang='lat' dir='ltr'><strong>supplantavit;et</strong></span> <span class='ocrx_word' id='word_1_192' title='bbox 1725 2415 1892 2483; x_wconf 83' lang='lat' dir='ltr'><strong>eliget</strong></span> <span class='ocrx_word' id='word_1_193' title='bbox 1947 2411 2134 2480; x_wconf 89' lang='lat' dir='ltr'><strong>Israel,</strong></span> 
     </span>
    </p>
   </div>
   <div class='ocr_carea' id='block_1_27' title="bbox 558 2505 2135 2573">
    <p class='ocr_par' dir='ltr' id='par_1_27' title="bbox 558 2505 2135 2573">
     <span class='ocr_line' id='line_1_27' title="bbox 558 2505 2135 2573; baseline 0.004 -19"><span class='ocrx_word' id='word_1_194' title='bbox 558 2518 682 2557; x_wconf 86' lang='lat' dir='ltr'><strong>eum</strong></span> <span class='ocrx_word' id='word_1_195' title='bbox 718 2505 806 2572; x_wconf 92' lang='lat' dir='ltr'><strong>qui</strong></span> <span class='ocrx_word' id='word_1_196' title='bbox 866 2515 1048 2559; x_wconf 86' lang='lat' dir='ltr'><strong>mente</strong></span> <span class='ocrx_word' id='word_1_197' title='bbox 1105 2507 1370 2573; x_wconf 85' lang='lat' dir='ltr'><strong>conspicit</strong></span> <span class='ocrx_word' id='word_1_198' title='bbox 1425 2507 1614 2561; x_wconf 89' lang='lat' dir='ltr'><strong>Deum.</strong></span> <span class='ocrx_word' id='word_1_199' title='bbox 1663 2506 1731 2561; x_wconf 89' lang='lat' dir='ltr'><strong>Et</strong></span> <span class='ocrx_word' id='word_1_200' title='bbox 1767 2517 1892 2561; x_wconf 93' lang='lat' dir='ltr'><strong>nota</strong></span> <span class='ocrx_word' id='word_1_201' title='bbox 1941 2507 2135 2561; x_wconf 81' lang='lat' dir='ltr'><strong>verbo-</strong></span> 
     </span>
    </p>
   </div>
   <div class='ocr_carea' id='block_1_28' title="bbox 561 2596 2144 2666">
    <p class='ocr_par' dir='ltr' id='par_1_28' title="bbox 561 2596 2144 2666">
     <span class='ocr_line' id='line_1_28' title="bbox 561 2596 2144 2666; baseline 0.002 -18"><span class='ocrx_word' id='word_1_202' title='bbox 561 2609 681 2648; x_wconf 90' lang='lat' dir='ltr'><strong>rum</strong></span> <span class='ocrx_word' id='word_1_203' title='bbox 714 2596 1103 2665; x_wconf 82' lang='lat' dir='ltr'><strong>proprietatem</strong></span> <span class='ocrx_word' id='word_1_204' title='bbox 1143 2614 1156 2649; x_wconf 90' lang='lat'><strong>:</strong></span> <span class='ocrx_word' id='word_1_205' title='bbox 1188 2596 1380 2661; x_wconf 80' lang='lat' dir='ltr'><strong>Jacob,</strong></span> <span class='ocrx_word' id='word_1_206' title='bbox 1420 2598 1509 2666; x_wconf 86' lang='lat' dir='ltr'><strong>qni</strong></span> <span class='ocrx_word' id='word_1_207' title='bbox 1545 2597 1722 2652; x_wconf 88' lang='lat' dir='ltr'><strong>adhuc</strong></span> <span class='ocrx_word' id='word_1_208' title='bbox 1750 2597 1801 2651; x_wconf 92' lang='lat' dir='ltr'><strong>in</strong></span> <span class='ocrx_word' id='word_1_209' title='bbox 1866 2598 2009 2651; x_wconf 87' lang='lat' dir='ltr'><strong>lucta</strong></span> <span class='ocrx_word' id='word_1_210' title='bbox 2042 2611 2144 2666; x_wconf 77' lang='lat' dir='ltr'><strong>po-</strong></span> 
     </span>
    </p>
   </div>
   <div class='ocr_carea' id='block_1_29' title="bbox 561 2680 2145 2758">
    <p class='ocr_par' dir='ltr' id='par_1_29' title="bbox 561 2680 2145 2758">
     <span class='ocr_line' id='line_1_29' title="bbox 561 2680 2145 2758; baseline 0.004 -22"><span class='ocrx_word' id='word_1_211' title='bbox 561 2688 700 2739; x_wconf 90' lang='lat' dir='ltr'><strong>situs</strong></span> <span class='ocrx_word' id='word_1_212' title='bbox 732 2698 837 2753; x_wconf 75' lang='lat' dir='ltr'><strong>est,</strong></span> <span class='ocrx_word' id='word_1_213' title='bbox 871 2687 1211 2741; x_wconf 83' lang='lat' dir='ltr'><strong>miserebitur</strong></span> <span class='ocrx_word' id='word_1_214' title='bbox 1244 2701 1260 2741; x_wconf 91' lang='lat'><strong>:</strong></span> <span class='ocrx_word' id='word_1_215' title='bbox 1296 2688 1477 2742; x_wconf 86' lang='lat' dir='ltr'><strong>lsraeii</strong></span> <span class='ocrx_word' id='word_1_216' title='bbox 1535 2703 1684 2754; x_wconf 86' lang='lat' dir='ltr'><strong>vero,</strong></span> <span class='ocrx_word' id='word_1_217' title='bbox 1721 2680 1833 2757; x_wconf 80' lang='lat' dir='ltr'><strong>qui</strong></span> <span class='ocrx_word' id='word_1_218' title='bbox 1857 2698 1980 2758; x_wconf 89' lang='lat' dir='ltr'><strong>post</strong></span> <span class='ocrx_word' id='word_1_219' title='bbox 2032 2689 2145 2742; x_wconf 84' lang='lat' dir='ltr'><strong>vic-</strong></span> 
     </span>
    </p>
   </div>
   <div class='ocr_carea' id='block_1_30' title="bbox 561 2775 2143 2845">
    <p class='ocr_par' dir='ltr' id='par_1_30' title="bbox 561 2775 2143 2845">
     <span class='ocr_line' id='line_1_30' title="bbox 561 2775 2143 2845; baseline 0.003 -17"><span class='ocrx_word' id='word_1_220' title='bbox 561 2776 758 2828; x_wconf 80' lang='lat' dir='ltr'><strong>teriam</strong></span> <span class='ocrx_word' id='word_1_221' title='bbox 826 2790 1024 2827; x_wconf 91' lang='lat' dir='ltr'><strong>nomen</strong></span> <span class='ocrx_word' id='word_1_222' title='bbox 1102 2775 1353 2845; x_wconf 84' lang='lat' dir='ltr'><strong>accepit,</strong></span> <span class='ocrx_word' id='word_1_223' title='bbox 1411 2792 1517 2830; x_wconf 91' lang='lat' dir='ltr'><strong>non</strong></span> <span class='ocrx_word' id='word_1_224' title='bbox 1598 2776 1997 2841; x_wconf 86' lang='lat' dir='ltr'><strong>misericordia,</strong></span> <span class='ocrx_word' id='word_1_225' title='bbox 2049 2776 2143 2832; x_wconf 80' lang='lat' dir='ltr'><strong>sed</strong></span> 
     </span>
    </p>
   </div>
   <div class='ocr_carea' id='block_1_31' title="bbox 562 2865 2146 2937">
    <p class='ocr_par' dir='ltr' id='par_1_31' title="bbox 562 2865 2146 2937">
     <span class='ocr_line' id='line_1_31' title="bbox 562 2865 2146 2937; baseline 0.004 -20"><span class='ocrx_word' id='word_1_226' title='bbox 562 2865 769 2919; x_wconf 86' lang='lat' dir='ltr'><strong>electio</strong></span> <span class='ocrx_word' id='word_1_227' title='bbox 823 2875 1129 2933; x_wconf 85' lang='lat' dir='ltr'><strong>eoaplatur.</strong></span> <span class='ocrx_word' id='word_1_228' title='bbox 1182 2866 1554 2934; x_wconf 84' lang='lat' dir='ltr'><strong>Requiescere</strong></span> <span class='ocrx_word' id='word_1_229' title='bbox 1596 2883 1813 2937; x_wconf 88' lang='lat' dir='ltr'><strong>quoque</strong></span> <span class='ocrx_word' id='word_1_230' title='bbox 1857 2884 1950 2923; x_wconf 89' lang='lat' dir='ltr'><strong>eos</strong></span> <span class='ocrx_word' id='word_1_231' title='bbox 1982 2867 2146 2923; x_wconf 83' lang='lat' dir='ltr'><strong>faciet</strong></span> 
     </span>
    </p>
   </div>
   <div class='ocr_carea' id='block_1_32' title="bbox 566 2957 2144 3029">
    <p class='ocr_par' dir='ltr' id='par_1_32' title="bbox 566 2957 2144 3029">
     <span class='ocr_line' id='line_1_32' title="bbox 566 2957 2144 3029; baseline 0.004 -21"><span class='ocrx_word' id='word_1_232' title='bbox 566 2970 731 3023; x_wconf 90' lang='lat' dir='ltr'><strong>super</strong></span> <span class='ocrx_word' id='word_1_233' title='bbox 787 2964 989 3008; x_wconf 90' lang='lat' dir='ltr'><strong>terram</strong></span> <span class='ocrx_word' id='word_1_234' title='bbox 1045 2970 1223 3021; x_wconf 91' lang='lat' dir='ltr'><strong>suam,</strong></span> <span class='ocrx_word' id='word_1_235' title='bbox 1275 2957 1343 3011; x_wconf 88' lang='lat' dir='ltr'><strong>de</strong></span> <span class='ocrx_word' id='word_1_236' title='bbox 1397 2974 1501 3026; x_wconf 91' lang='lat' dir='ltr'><strong>qua</strong></span> <span class='ocrx_word' id='word_1_237' title='bbox 1547 2960 1801 3013; x_wconf 81' lang='lat' dir='ltr'><strong>Salvator</strong></span> <span class='ocrx_word' id='word_1_238' title='bbox 1851 2958 2144 3029; x_wconf 86' lang='lat' dir='ltr'><strong>loquitur:</strong></span> 
     </span>
    </p>
   </div>
   <div class='ocr_carea' id='block_1_33' title="bbox 568 3043 2143 3115">
    <p class='ocr_par' dir='ltr' id='par_1_33' title="bbox 568 3043 2143 3115">
     <span class='ocr_line' id='line_1_33' title="bbox 568 3043 2143 3115; baseline 0.002 -17"><span class='ocrx_word' id='word_1_239' title='bbox 568 3043 725 3098; x_wconf 87' lang='lat' dir='ltr'><strong>Beati</strong></span> <span class='ocrx_word' id='word_1_240' title='bbox 780 3044 950 3107; x_wconf 85' lang='lat' dir='ltr'><strong>mites,</strong></span> <span class='ocrx_word' id='word_1_241' title='bbox 1004 3046 1253 3114; x_wconf 85' lang='lat' dir='ltr'><strong>quoniam</strong></span> <span class='ocrx_word' id='word_1_242' title='bbox 1313 3046 1417 3113; x_wconf 83' lang='lat' dir='ltr'><strong>ipsi</strong></span> <span class='ocrx_word' id='word_1_243' title='bbox 1502 3048 1843 3115; x_wconf 87' lang='lat' dir='ltr'><strong>possidebunt</strong></span> <span class='ocrx_word' id='word_1_244' title='bbox 1944 3058 2143 3101; x_wconf 89' lang='lat' dir='ltr'><strong>terram</strong></span> 
     </span>
    </p>
   </div>
   <div class='ocr_carea' id='block_1_34' title="bbox 567 3133 2143 3206">
    <p class='ocr_par' dir='ltr' id='par_1_34' title="bbox 567 3133 2143 3206">
     <span class='ocr_line' id='line_1_34' title="bbox 567 3133 2143 3206; baseline 0.004 -19"><span class='ocrx_word' id='word_1_245' title='bbox 567 3133 786 3206; x_wconf 76' lang='lat' dir='ltr'><strong>(Matth.</strong></span> <span class='ocrx_word' id='word_1_246' title='bbox 820 3151 875 3200; x_wconf 89' lang='lat' dir='ltr'><strong>v,</strong></span> <span class='ocrx_word' id='word_1_247' title='bbox 901 3137 978 3201; x_wconf 71' lang='grc'><strong>4),</strong></span> <span class='ocrx_word' id='word_1_248' title='bbox 1005 3146 1085 3202; x_wconf 93' lang='lat' dir='ltr'><strong>et,</strong></span> <span class='ocrx_word' id='word_1_249' title='bbox 1106 3134 1274 3190; x_wconf 85' lang='lat' dir='ltr'><strong>Credo</strong></span> <span class='ocrx_word' id='word_1_250' title='bbox 1298 3139 1477 3191; x_wconf 80' lang='lat' dir='ltr'><strong>videre</strong></span> <span class='ocrx_word' id='word_1_251' title='bbox 1509 3139 1645 3192; x_wconf 84' lang='lat' dir='ltr'><strong>bona</strong></span> <span class='ocrx_word' id='word_1_252' title='bbox 1683 3138 1896 3193; x_wconf 78' lang='lat' dir='ltr'><strong>Domini</strong></span> <span class='ocrx_word' id='word_1_253' title='bbox 1921 3142 1977 3193; x_wconf 85' lang='lat' dir='ltr'><strong>in</strong></span> <span class='ocrx_word' id='word_1_254' title='bbox 2001 3148 2143 3193; x_wconf 87' lang='lat' dir='ltr'><strong>terra</strong></span> 
     </span>
    </p>
   </div>
   <div class='ocr_carea' id='block_1_35' title="bbox 569 3224 2150 3300">
    <p class='ocr_par' dir='ltr' id='par_1_35' title="bbox 569 3224 2150 3300">
     <span class='ocr_line' id='line_1_35' title="bbox 569 3224 2150 3300; baseline 0.003 -21"><span class='ocrx_word' id='word_1_255' title='bbox 569 3226 854 3279; x_wconf 74' lang='lat' dir='ltr'><strong>viventium</strong></span> <span class='ocrx_word' id='word_1_256' title='bbox 884 3224 1058 3284; x_wconf 82' lang='lat' dir='ltr'><strong>(Psai.</strong></span> <span class='ocrx_word' id='word_1_257' title='bbox 1090 3242 1241 3300; x_wconf 80' lang='lat' dir='ltr'><strong>xxvi,</strong></span> <span class='ocrx_word' id='word_1_258' title='bbox 1274 3227 1385 3297; x_wconf 76' lang='grc'><strong>15).</strong></span> <span class='ocrx_word' id='word_1_259' title='bbox 1410 3228 1784 3299; x_wconf 81' lang='lat' dir='ltr'><strong>Adjungentnr</strong></span> <span class='ocrx_word' id='word_1_260' title='bbox 1811 3244 2027 3300; x_wconf 92' lang='lat' dir='ltr'><strong>quoque</strong></span> <span class='ocrx_word' id='word_1_261' title='bbox 2052 3230 2150 3283; x_wconf 87' lang='lat' dir='ltr'><strong>do-</strong></span> 
     </span>
    </p>
   </div>
   <div class='ocr_carea' id='block_1_36' title="bbox 569 3298 2146 3391">
    <p class='ocr_par' dir='ltr' id='par_1_36' title="bbox 569 3298 2146 3391">
     <span class='ocr_line' id='line_1_36' title="bbox 569 3298 2146 3391; baseline 0.001 -20"><span class='ocrx_word' id='word_1_262' title='bbox 569 3318 677 3371; x_wconf 86' lang='lat' dir='ltr'><strong>tnui</strong></span> <span class='ocrx_word' id='word_1_263' title='bbox 707 3316 894 3381; x_wconf 79' lang='lat' dir='ltr'><strong>.Iaeob,</strong></span> <span class='ocrx_word' id='word_1_264' title='bbox 921 3317 1011 3387; x_wconf 89' lang='lat' dir='ltr'><strong>qui</strong></span> <span class='ocrx_word' id='word_1_265' title='bbox 1043 3318 1197 3373; x_wconf 84' lang='lat' dir='ltr'><strong>electi</strong></span> <span class='ocrx_word' id='word_1_266' title='bbox 1234 3298 1374 3372; x_wconf 42' lang='lat' dir='ltr'><strong>&#39;suut</strong></span> <span class='ocrx_word' id='word_1_267' title='bbox 1430 3298 1527 3390; x_wconf 85' lang='lat' dir='ltr'><strong>per</strong></span> <span class='ocrx_word' id='word_1_268' title='bbox 1580 3298 1879 3389; x_wconf 82' lang='lat' dir='ltr'><strong>apostolos,</strong></span> <span class='ocrx_word' id='word_1_269' title='bbox 1908 3298 2146 3391; x_wconf 82' lang='lat' dir='ltr'><strong>gentium</strong></span> 
     </span>
    </p>
   </div>
   <div class='ocr_carea' id='block_1_37' title="bbox 580 3404 2149 3477">
    <p class='ocr_par' dir='ltr' id='par_1_37' title="bbox 580 3404 2149 3477">
     <span class='ocr_line' id='line_1_37' title="bbox 580 3404 2149 3477; baseline 0.004 -21"><span class='ocrx_word' id='word_1_270' title='bbox 580 3404 902 3469; x_wconf 85' lang='lat' dir='ltr'><strong>multitudo;</strong></span> <span class='ocrx_word' id='word_1_271' title='bbox 940 3416 993 3459; x_wconf 90' lang='lat' dir='ltr'><strong>et</strong></span> <span class='ocrx_word' id='word_1_272' title='bbox 1023 3407 1286 3463; x_wconf 83' lang='lat' dir='ltr'><strong>tenebunt</strong></span> <span class='ocrx_word' id='word_1_273' title='bbox 1312 3407 1576 3477; x_wconf 88' lang='lat' dir='ltr'><strong>reliquias</strong></span> <span class='ocrx_word' id='word_1_274' title='bbox 1632 3410 1821 3463; x_wconf 89' lang='lat' dir='ltr'><strong>domus</strong></span> <span class='ocrx_word' id='word_1_275' title='bbox 1850 3410 2038 3476; x_wconf 89' lang='lat' dir='ltr'><strong>Israel,</strong></span> <span class='ocrx_word' id='word_1_276' title='bbox 2093 3420 2149 3463; x_wconf 93' lang='lat' dir='ltr'><strong>et</strong></span> 
     </span>
    </p>
   </div>
   <div class='ocr_carea' id='block_1_38' title="bbox 577 3494 2151 3563">
    <p class='ocr_par' dir='ltr' id='par_1_38' title="bbox 577 3494 2151 3563">
     <span class='ocr_line' id='line_1_38' title="bbox 577 3494 2151 3563; baseline 0.004 -16"><span class='ocrx_word' id='word_1_277' title='bbox 577 3494 848 3551; x_wconf 90' lang='lat' dir='ltr'><strong>adducent</strong></span> <span class='ocrx_word' id='word_1_278' title='bbox 883 3510 978 3550; x_wconf 93' lang='lat' dir='ltr'><strong>eos</strong></span> <span class='ocrx_word' id='word_1_279' title='bbox 1009 3496 1064 3550; x_wconf 93' lang='lat' dir='ltr'><strong>in</strong></span> <span class='ocrx_word' id='word_1_280' title='bbox 1118 3496 1295 3551; x_wconf 92' lang='lat' dir='ltr'><strong>locum</strong></span> <span class='ocrx_word' id='word_1_281' title='bbox 1345 3514 1528 3563; x_wconf 91' lang='lat' dir='ltr'><strong>suum,</strong></span> <span class='ocrx_word' id='word_1_282' title='bbox 1565 3508 1626 3553; x_wconf 92' lang='lat' dir='ltr'><strong>ut</strong></span> <span class='ocrx_word' id='word_1_283' title='bbox 1665 3500 1915 3554; x_wconf 91' lang='lat' dir='ltr'><strong>habitent</strong></span> <span class='ocrx_word' id='word_1_284' title='bbox 1972 3500 2025 3554; x_wconf 92' lang='lat' dir='ltr'><strong>in</strong></span> <span class='ocrx_word' id='word_1_285' title='bbox 2069 3509 2151 3554; x_wconf 90' lang='lat' dir='ltr'><strong>ta-</strong></span> 
     </span>
    </p>
   </div>
   <div class='ocr_carea' id='block_1_39' title="bbox 576 3587 2148 3659">
    <p class='ocr_par' dir='ltr' id='par_1_39' title="bbox 576 3587 2148 3659">
     <span class='ocr_line' id='line_1_39' title="bbox 576 3587 2148 3659; baseline 0.003 -20"><span class='ocrx_word' id='word_1_286' title='bbox 576 3587 884 3641; x_wconf 87' lang='lat' dir='ltr'><strong>bernaculis</strong></span> <span class='ocrx_word' id='word_1_287' title='bbox 918 3602 1108 3642; x_wconf 90' lang='lat' dir='ltr'><strong>eorum</strong></span> <span class='ocrx_word' id='word_1_288' title='bbox 1139 3607 1158 3655; x_wconf 79' lang='lat'><strong>,-</strong></span> <span class='ocrx_word' id='word_1_289' title='bbox 1189 3600 1246 3644; x_wconf 92' lang='lat' dir='ltr'><strong>et</strong></span> <span class='ocrx_word' id='word_1_290' title='bbox 1271 3591 1573 3659; x_wconf 87' lang='lat' dir='ltr'><strong>possidebit</strong></span> <span class='ocrx_word' id='word_1_291' title='bbox 1604 3605 1699 3646; x_wconf 90' lang='lat' dir='ltr'><strong>eos</strong></span> <span class='ocrx_word' id='word_1_292' title='bbox 1739 3592 1933 3646; x_wconf 91' lang='lat' dir='ltr'><strong>domus</strong></span> <span class='ocrx_word' id='word_1_293' title='bbox 1981 3591 2148 3646; x_wconf 87' lang='lat' dir='ltr'><strong>Israel</strong></span> 
     </span>
    </p>
   </div>
   <div class='ocr_carea' id='block_1_40' title="bbox 572 3678 2149 3745">
    <p class='ocr_par' dir='ltr' id='par_1_40' title="bbox 572 3678 2149 3745">
     <span class='ocr_line' id='line_1_40' title="bbox 572 3678 2149 3745; baseline 0.002 -13"><span class='ocrx_word' id='word_1_294' title='bbox 572 3693 739 3745; x_wconf 88' lang='lat' dir='ltr'><strong>super</strong></span> <span class='ocrx_word' id='word_1_295' title='bbox 769 3688 969 3732; x_wconf 91' lang='lat' dir='ltr'><strong>terram</strong></span> <span class='ocrx_word' id='word_1_296' title='bbox 1016 3678 1229 3734; x_wconf 86' lang='lat' dir='ltr'><strong>Domini</strong></span> <span class='ocrx_word' id='word_1_297' title='bbox 1266 3680 1319 3734; x_wconf 93' lang='lat' dir='ltr'><strong>in</strong></span> <span class='ocrx_word' id='word_1_298' title='bbox 1371 3696 1562 3737; x_wconf 90' lang='lat' dir='ltr'><strong>servos</strong></span> <span class='ocrx_word' id='word_1_299' title='bbox 1606 3691 1664 3737; x_wconf 89' lang='lat' dir='ltr'><strong>et</strong></span> <span class='ocrx_word' id='word_1_300' title='bbox 1720 3682 1969 3737; x_wconf 87' lang='lat' dir='ltr'><strong>ancillas.</strong></span> <span class='ocrx_word' id='word_1_301' title='bbox 2012 3680 2149 3736; x_wconf 87' lang='lat' dir='ltr'><strong>Pro-</strong></span> 
     </span>
    </p>
   </div>
   <div class='ocr_carea' id='block_1_41' title="bbox 574 3770 2154 3839">
    <p class='ocr_par' dir='ltr' id='par_1_41' title="bbox 574 3770 2154 3839">
     <span class='ocr_line' id='line_1_41' title="bbox 574 3770 2154 3839; baseline 0 -16"><span class='ocrx_word' id='word_1_302' title='bbox 574 3771 691 3824; x_wconf 90' lang='lat' dir='ltr'><strong>dest</strong></span> <span class='ocrx_word' id='word_1_303' title='bbox 741 3771 940 3839; x_wconf 91' lang='lat' dir='ltr'><strong>quippe</strong></span> <span class='ocrx_word' id='word_1_304' title='bbox 989 3771 1167 3837; x_wconf 90' lang='lat' dir='ltr'><strong>malis,</strong></span> <span class='ocrx_word' id='word_1_305' title='bbox 1229 3782 1290 3825; x_wconf 92' lang='lat' dir='ltr'><strong>ut</strong></span> <span class='ocrx_word' id='word_1_306' title='bbox 1332 3772 1491 3827; x_wconf 88' lang='lat' dir='ltr'><strong>bonis</strong></span> <span class='ocrx_word' id='word_1_307' title='bbox 1536 3772 1797 3827; x_wconf 83' lang='lat' dir='ltr'><strong>serviant.</strong></span> <span class='ocrx_word' id='word_1_308' title='bbox 1870 3770 2026 3827; x_wconf 91' lang='lat' dir='ltr'><strong>Unde</strong></span> <span class='ocrx_word' id='word_1_309' title='bbox 2095 3781 2154 3825; x_wconf 89' lang='lat' dir='ltr'><strong>et</strong></span> 
     </span>
    </p>
   </div>
   <div class='ocr_carea' id='block_1_42' title="bbox 576 3856 2153 3929">
    <p class='ocr_par' dir='ltr' id='par_1_42' title="bbox 576 3856 2153 3929">
     <span class='ocr_line' id='line_1_42' title="bbox 576 3856 2153 3929; baseline 0.003 -18"><span class='ocrx_word' id='word_1_310' title='bbox 576 3856 715 3911; x_wconf 82' lang='lat' dir='ltr'><strong>Esau</strong></span> <span class='ocrx_word' id='word_1_311' title='bbox 748 3858 987 3913; x_wconf 86' lang='lat' dir='ltr'><strong>dicitur:</strong></span> <span class='ocrx_word' id='word_1_312' title='bbox 1020 3858 1222 3914; x_wconf 83' lang='lat' dir='ltr'><strong>Servies</strong></span> <span class='ocrx_word' id='word_1_313' title='bbox 1255 3861 1415 3929; x_wconf 80' lang='lat' dir='ltr'><strong>fratri</strong></span> <span class='ocrx_word' id='word_1_314' title='bbox 1462 3869 1567 3915; x_wconf 87' lang='lat' dir='ltr'><strong>tuo.</strong></span> <span class='ocrx_word' id='word_1_315' title='bbox 1607 3862 1673 3916; x_wconf 87' lang='lat' dir='ltr'><strong>Et</strong></span> <span class='ocrx_word' id='word_1_316' title='bbox 1703 3865 1769 3916; x_wconf 88' lang='lat' dir='ltr'><strong>ad</strong></span> <span class='ocrx_word' id='word_1_317' title='bbox 1798 3862 1993 3927; x_wconf 81' lang='lat' dir='ltr'><strong>Jacob,</strong></span> <span class='ocrx_word' id='word_1_318' title='bbox 2025 3861 2153 3917; x_wconf 87' lang='lat' dir='ltr'><strong>Ser-</strong></span> 
     </span>
    </p>
   </div>
   <div class='ocr_carea' id='block_1_43' title="bbox 575 3949 2151 4023">
    <p class='ocr_par' dir='ltr' id='par_1_43' title="bbox 575 3949 2151 4023">
     <span class='ocr_line' id='line_1_43' title="bbox 575 3949 2151 4023; baseline 0.005 -22"><span class='ocrx_word' id='word_1_319' title='bbox 575 3949 679 4002; x_wconf 75' lang='lat' dir='ltr'><strong>viet</strong></span> <span class='ocrx_word' id='word_1_320' title='bbox 712 3949 807 4002; x_wconf 84' lang='lat' dir='ltr'><strong>tibi</strong></span> <span class='ocrx_word' id='word_1_321' title='bbox 854 3951 1020 4019; x_wconf 73' lang='lat' dir='ltr'><strong>frater</strong></span> <span class='ocrx_word' id='word_1_322' title='bbox 1053 3961 1178 4005; x_wconf 87' lang='lat' dir='ltr'><strong>tuus</strong></span> <span class='ocrx_word' id='word_1_323' title='bbox 1237 3952 1393 4023; x_wconf 85' lang='lat' dir='ltr'><strong>(Gen.</strong></span> <span class='ocrx_word' id='word_1_324' title='bbox 1438 3953 1634 4023; x_wconf 88' lang='lat' dir='ltr'><strong>xxvn).</strong></span> <span class='ocrx_word' id='word_1_325' title='bbox 1661 3953 1728 4007; x_wconf 85' lang='lat' dir='ltr'><strong>Et</strong></span> <span class='ocrx_word' id='word_1_326' title='bbox 1757 3955 2028 4021; x_wconf 90' lang='lat' dir='ltr'><strong>accipient</strong></span> <span class='ocrx_word' id='word_1_327' title='bbox 2056 3969 2151 4009; x_wconf 90' lang='lat' dir='ltr'><strong>eos</strong></span> 
     </span>
    </p>
   </div>
   <div class='ocr_carea' id='block_1_44' title="bbox 574 4040 2152 4114">
    <p class='ocr_par' dir='ltr' id='par_1_44' title="bbox 574 4040 2152 4114">
     <span class='ocr_line' id='line_1_44' title="bbox 574 4040 2152 4114; baseline 0.004 -21"><span class='ocrx_word' id='word_1_328' title='bbox 574 4040 668 4110; x_wconf 84' lang='lat' dir='ltr'><strong>qui</strong></span> <span class='ocrx_word' id='word_1_329' title='bbox 699 4053 759 4094; x_wconf 90' lang='lat' dir='ltr'><strong>se</strong></span> <span class='ocrx_word' id='word_1_330' title='bbox 778 4041 1204 4110; x_wconf 72' lang='lat' dir='ltr'><strong>mphismatihus</strong></span> <span class='ocrx_word' id='word_1_331' title='bbox 1246 4054 1374 4100; x_wconf 90' lang='lat' dir='ltr'><strong>ante</strong></span> <span class='ocrx_word' id='word_1_332' title='bbox 1397 4046 1757 4114; x_wconf 87' lang='lat' dir='ltr'><strong>deceperant;</strong></span> <span class='ocrx_word' id='word_1_333' title='bbox 1794 4055 1848 4098; x_wconf 95' lang='lat' dir='ltr'><strong>et</strong></span> <span class='ocrx_word' id='word_1_334' title='bbox 1870 4053 2152 4099; x_wconf 80' lang='lat' dir='ltr'><strong>exactores</strong></span> 
     </span>
    </p>
   </div>
   <div class='ocr_carea' id='block_1_45' title="bbox 576 4130 2149 4201">
    <p class='ocr_par' dir='ltr' id='par_1_45' title="bbox 576 4130 2149 4201">
     <span class='ocr_line' id='line_1_45' title="bbox 576 4130 2149 4201; baseline 0.002 -17"><span class='ocrx_word' id='word_1_335' title='bbox 576 4143 729 4192; x_wconf 87' lang='lat' dir='ltr'><strong>suos,</strong></span> <span class='ocrx_word' id='word_1_336' title='bbox 762 4130 853 4198; x_wconf 92' lang='lat' dir='ltr'><strong>qui</strong></span> <span class='ocrx_word' id='word_1_337' title='bbox 882 4132 1065 4184; x_wconf 88' lang='lat' dir='ltr'><strong>omnia</strong></span> <span class='ocrx_word' id='word_1_338' title='bbox 1123 4134 1261 4187; x_wconf 89' lang='lat' dir='ltr'><strong>lucri</strong></span> <span class='ocrx_word' id='word_1_339' title='bbox 1299 4148 1463 4187; x_wconf 91' lang='lat' dir='ltr'><strong>causa</strong></span> <span class='ocrx_word' id='word_1_340' title='bbox 1512 4132 1742 4198; x_wconf 87' lang='lat' dir='ltr'><strong>faciunt,</strong></span> <span class='ocrx_word' id='word_1_341' title='bbox 1794 4133 2041 4201; x_wconf 88' lang='lat' dir='ltr'><strong>redigent</strong></span> <span class='ocrx_word' id='word_1_342' title='bbox 2097 4134 2149 4187; x_wconf 92' lang='lat' dir='ltr'><strong>in</strong></span> 
     </span>
    </p>
   </div>
   <div class='ocr_carea' id='block_1_46' title="bbox 578 4221 2152 4297">
    <p class='ocr_par' dir='ltr' id='par_1_46' title="bbox 578 4221 2152 4297">
     <span class='ocr_line' id='line_1_46' title="bbox 578 4221 2152 4297; baseline 0.003 -23"><span class='ocrx_word' id='word_1_343' title='bbox 578 4221 923 4276; x_wconf 75' lang='lat' dir='ltr'><strong>servitutem.</strong></span> <span class='ocrx_word' id='word_1_344' title='bbox 960 4221 1261 4293; x_wconf 77' lang='lat' dir='ltr'><strong>Postquam</strong></span> <span class='ocrx_word' id='word_1_345' title='bbox 1294 4235 1477 4278; x_wconf 79' lang='lat' dir='ltr'><strong>autern</strong></span> <span class='ocrx_word' id='word_1_346' title='bbox 1502 4225 1833 4294; x_wconf 86' lang='lat' dir='ltr'><strong>requieverit</strong></span> <span class='ocrx_word' id='word_1_347' title='bbox 1862 4223 2028 4297; x_wconf 65' lang='grc'><strong>248</strong></span> <span class='ocrx_word' id='word_1_348' title='bbox 2056 4224 2152 4279; x_wconf 86' lang='lat' dir='ltr'><strong>Ja-</strong></span> 
     </span>
    </p>
   </div>
   <div class='ocr_carea' id='block_1_47' title="bbox 580 4307 2155 4381">
    <p class='ocr_par' dir='ltr' id='par_1_47' title="bbox 580 4307 2155 4381">
     <span class='ocr_line' id='line_1_47' title="bbox 580 4307 2155 4381; baseline 0.003 -19"><span class='ocrx_word' id='word_1_349' title='bbox 580 4307 684 4363; x_wconf 87' lang='lat' dir='ltr'><strong>cob</strong></span> <span class='ocrx_word' id='word_1_350' title='bbox 712 4319 766 4364; x_wconf 90' lang='lat' dir='ltr'><strong>et</strong></span> <span class='ocrx_word' id='word_1_351' title='bbox 797 4310 962 4365; x_wconf 90' lang='lat' dir='ltr'><strong>Israel</strong></span> <span class='ocrx_word' id='word_1_352' title='bbox 992 4326 1020 4364; x_wconf 91' lang='lat' dir='ltr'><strong>a</strong></span> <span class='ocrx_word' id='word_1_353' title='bbox 1050 4313 1237 4367; x_wconf 87' lang='lat' dir='ltr'><strong>labore</strong></span> <span class='ocrx_word' id='word_1_354' title='bbox 1264 4328 1383 4377; x_wconf 91' lang='lat' dir='ltr'><strong>suo,</strong></span> <span class='ocrx_word' id='word_1_355' title='bbox 1419 4326 1523 4381; x_wconf 91' lang='lat' dir='ltr'><strong>quo</strong></span> <span class='ocrx_word' id='word_1_356' title='bbox 1562 4313 1790 4367; x_wconf 90' lang='lat' dir='ltr'><strong>multum</strong></span> <span class='ocrx_word' id='word_1_357' title='bbox 1822 4323 2011 4369; x_wconf 90' lang='lat' dir='ltr'><strong>contra</strong></span> <span class='ocrx_word' id='word_1_358' title='bbox 2054 4329 2155 4369; x_wconf 59' lang='lat' dir='ltr'><strong>saa-</strong></span> 
     </span>
    </p>
   </div>
   <div class='ocr_carea' id='block_1_48' title="bbox 2224 525 3802 596">
    <p class='ocr_par' dir='ltr' id='par_1_48' title="bbox 2224 525 3802 596">
     <span class='ocr_line' id='line_1_48' title="bbox 2224 525 3802 596; baseline 0.003 -22"><span class='ocrx_word' id='word_1_359' title='bbox 2224 525 2421 577; x_wconf 89' lang='lat' dir='ltr'><strong>domus</strong></span> <span class='ocrx_word' id='word_1_360' title='bbox 2462 538 2653 578; x_wconf 89' lang='lat' dir='ltr'><strong>eorum</strong></span> <span class='ocrx_word' id='word_1_361' title='bbox 2687 526 3055 596; x_wconf 88' lang='lat' dir='ltr'><strong>possederunt</strong></span> <span class='ocrx_word' id='word_1_362' title='bbox 3085 546 3098 592; x_wconf 90' lang='lat'><strong>;</strong></span> <span class='ocrx_word' id='word_1_363' title='bbox 3159 542 3335 596; x_wconf 86' lang='lat' dir='ltr'><strong>neque</strong></span> <span class='ocrx_word' id='word_1_364' title='bbox 3366 527 3675 580; x_wconf 86' lang='lat' dir='ltr'><strong>habuerunt</strong></span> <span class='ocrx_word' id='word_1_365' title='bbox 3706 541 3802 579; x_wconf 88' lang='lat' dir='ltr'><strong>eos</strong></span> 
     </span>
    </p>
   </div>
   <div class='ocr_carea' id='block_1_49' title="bbox 2227 613 3803 689">
    <p class='ocr_par' dir='ltr' id='par_1_49' title="bbox 2227 613 3803 689">
     <span class='ocr_line' id='line_1_49' title="bbox 2227 613 3803 689; baseline 0.003 -22"><span class='ocrx_word' id='word_1_366' title='bbox 2227 613 2282 667; x_wconf 92' lang='lat' dir='ltr'><strong>in</strong></span> <span class='ocrx_word' id='word_1_367' title='bbox 2310 627 2503 668; x_wconf 86' lang='lat' dir='ltr'><strong>servos</strong></span> <span class='ocrx_word' id='word_1_368' title='bbox 2527 626 2581 669; x_wconf 90' lang='lat' dir='ltr'><strong>et</strong></span> <span class='ocrx_word' id='word_1_369' title='bbox 2605 618 2855 672; x_wconf 88' lang='lat' dir='ltr'><strong>ancillas.</strong></span> <span class='ocrx_word' id='word_1_370' title='bbox 2912 617 3101 673; x_wconf 84' lang='lat' dir='ltr'><strong>Restat</strong></span> <span class='ocrx_word' id='word_1_371' title='bbox 3134 620 3302 689; x_wconf 82' lang='lat' dir='ltr'><strong>igitur</strong></span> <span class='ocrx_word' id='word_1_372' title='bbox 3331 628 3389 672; x_wconf 92' lang='lat' dir='ltr'><strong>ut</strong></span> <span class='ocrx_word' id='word_1_373' title='bbox 3411 618 3560 687; x_wconf 80' lang='lat' dir='ltr'><strong>juxta</strong></span> <span class='ocrx_word' id='word_1_374' title='bbox 3587 616 3803 672; x_wconf 82' lang='lat' dir='ltr'><strong>fabulas</strong></span> 
     </span>
    </p>
   </div>
   <div class='ocr_carea' id='block_1_50' title="bbox 2225 708 3800 780">
    <p class='ocr_par' dir='ltr' id='par_1_50' title="bbox 2225 708 3800 780">
     <span class='ocr_line' id='line_1_50' title="bbox 2225 708 3800 780; baseline 0.003 -20"><span class='ocrx_word' id='word_1_375' title='bbox 2225 720 2358 760; x_wconf 85' lang='lat' dir='ltr'><strong>suas</strong></span> <span class='ocrx_word' id='word_1_376' title='bbox 2390 708 2455 761; x_wconf 87' lang='lat' dir='ltr'><strong>de</strong></span> <span class='ocrx_word' id='word_1_377' title='bbox 2476 708 2703 777; x_wconf 88' lang='lat' dir='ltr'><strong>imperio</strong></span> <span class='ocrx_word' id='word_1_378' title='bbox 2738 710 2839 767; x_wconf 91' lang='lat' dir='ltr'><strong>hoc</strong></span> <span class='ocrx_word' id='word_1_379' title='bbox 2869 721 3059 780; x_wconf 89' lang='lat' dir='ltr'><strong>putent</strong></span> <span class='ocrx_word' id='word_1_380' title='bbox 3094 712 3337 767; x_wconf 83' lang='lat' dir='ltr'><strong>futurum</strong></span> <span class='ocrx_word' id='word_1_381' title='bbox 3371 726 3493 767; x_wconf 85' lang='lat' dir='ltr'><strong>esse</strong></span> <span class='ocrx_word' id='word_1_382' title='bbox 3520 711 3800 773; x_wconf 77' lang='lat' dir='ltr'><strong>Romano;</strong></span> 
     </span>
    </p>
   </div>
   <div class='ocr_carea' id='block_1_51' title="bbox 2227 796 3806 870">
    <p class='ocr_par' dir='ltr' id='par_1_51' title="bbox 2227 796 3806 870">
     <span class='ocr_line' id='line_1_51' title="bbox 2227 796 3806 870; baseline 0.003 -21"><span class='ocrx_word' id='word_1_383' title='bbox 2227 796 2422 863; x_wconf 81' lang='lat' dir='ltr'><strong>quibus</strong></span> <span class='ocrx_word' id='word_1_384' title='bbox 2484 799 2759 866; x_wconf 88' lang='lat' dir='ltr'><strong>superatis</strong></span> <span class='ocrx_word' id='word_1_385' title='bbox 2816 799 2872 854; x_wconf 87' lang='lat' dir='ltr'><strong>in</strong></span> <span class='ocrx_word' id='word_1_386' title='bbox 2931 802 3126 857; x_wconf 92' lang='lat' dir='ltr'><strong>ultimo</strong></span> <span class='ocrx_word' id='word_1_387' title='bbox 3187 812 3455 870; x_wconf 91' lang='lat' dir='ltr'><strong>tempore,</strong></span> <span class='ocrx_word' id='word_1_388' title='bbox 3518 798 3806 856; x_wconf 76' lang='lat' dir='ltr'><strong>servitura:</strong></span> 
     </span>
    </p>
   </div>
   <div class='ocr_carea' id='block_1_52' title="bbox 2228 889 3807 960">
    <p class='ocr_par' dir='ltr' id='par_1_52' title="bbox 2228 889 3807 960">
     <span class='ocr_line' id='line_1_52' title="bbox 2228 889 3807 960; baseline 0.003 -16"><span class='ocrx_word' id='word_1_389' title='bbox 2228 889 2337 944; x_wconf 86' lang='lat' dir='ltr'><strong>sint</strong></span> <span class='ocrx_word' id='word_1_390' title='bbox 2362 890 2444 945; x_wconf 90' lang='lat' dir='ltr'><strong>eis</strong></span> <span class='ocrx_word' id='word_1_391' title='bbox 2495 899 2705 959; x_wconf 88' lang='lat' dir='ltr'><strong>gentes,</strong></span> <span class='ocrx_word' id='word_1_392' title='bbox 2769 893 2965 960; x_wconf 84' lang='lat' dir='ltr'><strong>quibus</strong></span> <span class='ocrx_word' id='word_1_393' title='bbox 3020 903 3145 948; x_wconf 89' lang='lat' dir='ltr'><strong>ante</strong></span> <span class='ocrx_word' id='word_1_394' title='bbox 3175 894 3488 949; x_wconf 88' lang='lat' dir='ltr'><strong>servierint.</strong></span> <span class='ocrx_word' id='word_1_395' title='bbox 3541 892 3695 959; x_wconf 86' lang='lat' dir='ltr'><strong>Quod</strong></span> <span class='ocrx_word' id='word_1_396' title='bbox 3760 893 3807 948; x_wconf 88' lang='lat' dir='ltr'><strong>si</strong></span> 
     </span>
    </p>
   </div>
   <div class='ocr_carea' id='block_1_53' title="bbox 2228 982 3802 1054">
    <p class='ocr_par' dir='ltr' id='par_1_53' title="bbox 2228 982 3802 1054">
     <span class='ocr_line' id='line_1_53' title="bbox 2228 982 3802 1054; baseline 0.003 -20"><span class='ocrx_word' id='word_1_397' title='bbox 2228 990 2522 1052; x_wconf 89' lang='lat' dir='ltr'><strong>sequentes</strong></span> <span class='ocrx_word' id='word_1_398' title='bbox 2578 982 2839 1049; x_wconf 83' lang='lat' dir='ltr'><strong>litteram,</strong></span> <span class='ocrx_word' id='word_1_399' title='bbox 2896 1000 2991 1054; x_wconf 89' lang='lat' dir='ltr'><strong>spe</strong></span> <span class='ocrx_word' id='word_1_400' title='bbox 3038 1001 3096 1040; x_wconf 87' lang='lat' dir='ltr'><strong>se</strong></span> <span class='ocrx_word' id='word_1_401' title='bbox 3157 986 3289 1038; x_wconf 89' lang='lat' dir='ltr'><strong>falsa</strong></span> <span class='ocrx_word' id='word_1_402' title='bbox 3330 987 3631 1049; x_wconf 88' lang='lat' dir='ltr'><strong>decipiunt,</strong></span> <span class='ocrx_word' id='word_1_403' title='bbox 3674 985 3802 1054; x_wconf 83' lang='lat' dir='ltr'><strong>quis</strong></span> 
     </span>
    </p>
   </div>
   <div class='ocr_carea' id='block_1_54' title="bbox 2210 1073 3808 1149">
    <p class='ocr_par' dir='ltr' id='par_1_54' title="bbox 2210 1073 3808 1149">
     <span class='ocr_line' id='line_1_54' title="bbox 2210 1073 3808 1149; baseline 0.001 -20"><span class='ocrx_word' id='word_1_404' title='bbox 2210 1075 2309 1129; x_wconf 85' lang='lat' dir='ltr'><strong>eis</strong></span> <span class='ocrx_word' id='word_1_405' title='bbox 2336 1074 2618 1140; x_wconf 89' lang='lat' dir='ltr'><strong>concedet,</strong></span> <span class='ocrx_word' id='word_1_406' title='bbox 2676 1084 2733 1128; x_wconf 92' lang='lat' dir='ltr'><strong>ut</strong></span> <span class='ocrx_word' id='word_1_407' title='bbox 2765 1073 2938 1130; x_wconf 78' lang='lat' dir='ltr'><strong>Roma</strong></span> <span class='ocrx_word' id='word_1_408' title='bbox 2970 1085 3199 1133; x_wconf 89' lang='lat' dir='ltr'><strong>vocetur</strong></span> <span class='ocrx_word' id='word_1_409' title='bbox 3246 1077 3513 1149; x_wconf 85' lang='lat' dir='ltr'><strong>Babylon,</strong></span> <span class='ocrx_word' id='word_1_410' title='bbox 3544 1088 3598 1132; x_wconf 91' lang='lat' dir='ltr'><strong>et</strong></span> <span class='ocrx_word' id='word_1_411' title='bbox 3627 1077 3808 1133; x_wconf 82' lang='lat' dir='ltr'><strong>Nabu-</strong></span> 
     </span>
    </p>
   </div>
   <div class='ocr_carea' id='block_1_55' title="bbox 2229 1165 3238 1239">
    <p class='ocr_par' dir='ltr' id='par_1_55' title="bbox 2229 1165 3238 1239">
     <span class='ocr_line' id='line_1_55' title="bbox 2229 1165 3238 1239; baseline 0.003 -18"><span class='ocrx_word' id='word_1_412' title='bbox 2229 1166 2573 1221; x_wconf 81' lang='lat' dir='ltr'><strong>chodonosor</strong></span> <span class='ocrx_word' id='word_1_413' title='bbox 2597 1181 2693 1221; x_wconf 83' lang='lat' dir='ltr'><strong>rex</strong></span> <span class='ocrx_word' id='word_1_414' title='bbox 2721 1165 2951 1222; x_wconf 79' lang='lat' dir='ltr'><strong>Romani</strong></span> <span class='ocrx_word' id='word_1_415' title='bbox 2981 1168 3238 1239; x_wconf 77' lang='lat' dir='ltr'><strong>imperii?</strong></span> 
     </span>
    </p>
   </div>
   <div class='ocr_carea' id='block_1_56' title="bbox 2304 1255 3814 1330">
    <p class='ocr_par' dir='ltr' id='par_1_56' title="bbox 2304 1255 3814 1330">
     <span class='ocr_line' id='line_1_56' title="bbox 2304 1255 3814 1330; baseline 0.001 -19"><span class='ocrx_word' id='word_1_416' title='bbox 2304 1255 2485 1329; x_wconf 69' lang='lat' dir='ltr'><strong>(Vere.</strong></span> <span class='ocrx_word' id='word_1_417' title='bbox 2525 1256 2580 1322; x_wconf 86' lang='lat'><strong>5,</strong></span> <span class='ocrx_word' id='word_1_418' title='bbox 2607 1258 2687 1324; x_wconf 88' lang='lat'><strong>6.)</strong></span> <span class='ocrx_word' id='word_1_419' title='bbox 2728 1277 2746 1304; x_wconf 78' lang='grc' dir='ltr'><strong><em>σ</em></strong></span> <span class='ocrx_word' id='word_1_420' title='bbox 2777 1259 3060 1325; x_wconf 84' lang='lat' dir='ltr'><strong>Quomodo</strong></span> <span class='ocrx_word' id='word_1_421' title='bbox 3094 1262 3332 1315; x_wconf 87' lang='lat' dir='ltr'><strong>cessavit</strong></span> <span class='ocrx_word' id='word_1_422' title='bbox 3374 1270 3623 1323; x_wconf 75' lang='lat' dir='ltr'><strong>exactor,</strong></span> <span class='ocrx_word' id='word_1_423' title='bbox 3664 1260 3814 1330; x_wconf 88' lang='lat' dir='ltr'><strong>quie-</strong></span> 
     </span>
    </p>
   </div>
   <div class='ocr_carea' id='block_1_57' title="bbox 2214 1349 3815 1420">
    <p class='ocr_par' dir='ltr' id='par_1_57' title="bbox 2214 1349 3815 1420">
     <span class='ocr_line' id='line_1_57' title="bbox 2214 1349 3815 1420; baseline 0.003 -20"><span class='ocrx_word' id='word_1_424' title='bbox 2214 1349 2309 1404; x_wconf 80' lang='lat' dir='ltr'><strong>vit</strong></span> <span class='ocrx_word' id='word_1_425' title='bbox 2358 1349 2664 1403; x_wconf 79' lang='lat' dir='ltr'><strong>tributum?</strong></span> <span class='ocrx_word' id='word_1_426' title='bbox 2707 1349 2978 1404; x_wconf 90' lang='lat' dir='ltr'><strong>Contrivit</strong></span> <span class='ocrx_word' id='word_1_427' title='bbox 3017 1349 3279 1407; x_wconf 90' lang='lat' dir='ltr'><strong>Dominus</strong></span> <span class='ocrx_word' id='word_1_428' title='bbox 3335 1352 3587 1407; x_wconf 86' lang='lat' dir='ltr'><strong>baculum</strong></span> <span class='ocrx_word' id='word_1_429' title='bbox 3620 1351 3815 1420; x_wconf 89' lang='lat' dir='ltr'><strong>impio-</strong></span> 
     </span>
    </p>
   </div>
   <div class='ocr_carea' id='block_1_58' title="bbox 2228 1426 3815 1513">
    <p class='ocr_par' dir='ltr' id='par_1_58' title="bbox 2228 1426 3815 1513">
     <span class='ocr_line' id='line_1_58' title="bbox 2228 1426 3815 1513; baseline 0.002 -19"><span class='ocrx_word' id='word_1_430' title='bbox 2228 1455 2350 1495; x_wconf 85' lang='lat' dir='ltr'><strong>rum</strong></span> <span class='ocrx_word' id='word_1_431' title='bbox 2385 1440 2634 1508; x_wconf 86' lang='lat' dir='ltr'><strong>:virgam</strong></span> <span class='ocrx_word' id='word_1_432' title='bbox 2678 1440 3100 1505; x_wconf 89' lang='lat' dir='ltr'><strong>dominantium,</strong></span> <span class='ocrx_word' id='word_1_433' title='bbox 3136 1443 3430 1498; x_wconf 61' lang='lat' dir='ltr'><strong>caedentem</strong></span> <span class='ocrx_word' id='word_1_434' title='bbox 3477 1445 3709 1513; x_wconf 85' lang='lat' dir='ltr'><strong>populos</strong></span> <span class='ocrx_word' id='word_1_435' title='bbox 3756 1426 3815 1497; x_wconf 81' lang='lat' dir='ltr'><strong>in</strong></span> 
     </span>
    </p>
   </div>
   <div class='ocr_carea' id='block_1_59' title="bbox 2237 1531 3816 1604">
    <p class='ocr_par' dir='ltr' id='par_1_59' title="bbox 2237 1531 3816 1604">
     <span class='ocr_line' id='line_1_59' title="bbox 2237 1531 3816 1604; baseline 0.002 -19"><span class='ocrx_word' id='word_1_436' title='bbox 2237 1531 2643 1602; x_wconf 77' lang='lat' dir='ltr'><strong>indignatione,</strong></span> <span class='ocrx_word' id='word_1_437' title='bbox 2687 1533 2846 1601; x_wconf 76' lang='lat' dir='ltr'><strong>plaga</strong></span> <span class='ocrx_word' id='word_1_438' title='bbox 2883 1532 3192 1598; x_wconf 87' lang='lat' dir='ltr'><strong>insanabili.</strong></span> <span class='ocrx_word' id='word_1_439' title='bbox 3221 1535 3600 1604; x_wconf 87' lang='lat' dir='ltr'><strong>subjicieutem</strong></span> <span class='ocrx_word' id='word_1_440' title='bbox 3644 1534 3699 1589; x_wconf 92' lang='lat' dir='ltr'><strong>in</strong></span> <span class='ocrx_word' id='word_1_441' title='bbox 3733 1533 3816 1588; x_wconf 86' lang='lat' dir='ltr'><strong>fu-</strong></span> 
     </span>
    </p>
   </div>
   <div class='ocr_carea' id='block_1_60' title="bbox 2234 1626 3816 1693">
    <p class='ocr_par' dir='ltr' id='par_1_60' title="bbox 2234 1626 3816 1693">
     <span class='ocr_line' id='line_1_60' title="bbox 2234 1626 3816 1693; baseline 0.002 -17"><span class='ocrx_word' id='word_1_442' title='bbox 2234 1637 2358 1677; x_wconf 89' lang='lat' dir='ltr'><strong>rore</strong></span> <span class='ocrx_word' id='word_1_443' title='bbox 2403 1633 2611 1692; x_wconf 85' lang='lat' dir='ltr'><strong>gentes,</strong></span> <span class='ocrx_word' id='word_1_444' title='bbox 2669 1634 3078 1693; x_wconf 86' lang='lat' dir='ltr'><strong>persequentem</strong></span> <span class='ocrx_word' id='word_1_445' title='bbox 3135 1626 3450 1682; x_wconf 89' lang='lat' dir='ltr'><strong>crudeliter.</strong></span> <span class='ocrx_word' id='word_1_446' title='bbox 3488 1646 3506 1678; x_wconf 73' lang='grc' dir='ltr'><strong>ο</strong></span> <span class='ocrx_word' id='word_1_447' title='bbox 3558 1626 3615 1679; x_wconf 93' lang='lat' dir='ltr'><strong>In</strong></span> <span class='ocrx_word' id='word_1_448' title='bbox 3671 1626 3816 1679; x_wconf 86' lang='lat' dir='ltr'><strong>Petri</strong></span> 
     </span>
    </p>
   </div>
   <div class='ocr_carea' id='block_1_61' title="bbox 2238 1715 3815 1788">
    <p class='ocr_par' dir='ltr' id='par_1_61' title="bbox 2238 1715 3815 1788">
     <span class='ocr_line' id='line_1_61' title="bbox 2238 1715 3815 1788; baseline 0 -19"><span class='ocrx_word' id='word_1_449' title='bbox 2238 1715 2478 1787; x_wconf 85' lang='lat' dir='ltr'><strong>Epistola</strong></span> <span class='ocrx_word' id='word_1_450' title='bbox 2503 1716 2728 1786; x_wconf 90' lang='lat' dir='ltr'><strong>legimus</strong></span> <span class='ocrx_word' id='word_1_451' title='bbox 2760 1734 2774 1770; x_wconf 87' lang='lat'><strong>:</strong></span> <span class='ocrx_word' id='word_1_452' title='bbox 2806 1717 3029 1788; x_wconf 75' lang='lat' dir='ltr'><strong>Tempus</strong></span> <span class='ocrx_word' id='word_1_453' title='bbox 3059 1728 3157 1781; x_wconf 83' lang='lat' dir='ltr'><strong>est.</strong></span> <span class='ocrx_word' id='word_1_454' title='bbox 3202 1728 3260 1772; x_wconf 87' lang='lat' dir='ltr'><strong>ut</strong></span> <span class='ocrx_word' id='word_1_455' title='bbox 3300 1720 3519 1787; x_wconf 83' lang='lat' dir='ltr'><strong>incipiat</strong></span> <span class='ocrx_word' id='word_1_456' title='bbox 3543 1718 3815 1788; x_wconf 78' lang='lat' dir='ltr'><strong>judicium</strong></span> 
     </span>
    </p>
   </div>
   <div class='ocr_carea' id='block_1_62' title="bbox 2238 1809 3816 1880">
    <p class='ocr_par' dir='ltr' id='par_1_62' title="bbox 2238 1809 3816 1880">
     <span class='ocr_line' id='line_1_62' title="bbox 2238 1809 3816 1880; baseline -0.001 -16"><span class='ocrx_word' id='word_1_457' title='bbox 2238 1826 2270 1864; x_wconf 79' lang='grc' dir='ltr'><em>α</em></span> <span class='ocrx_word' id='word_1_458' title='bbox 2296 1811 2452 1864; x_wconf 86' lang='lat' dir='ltr'><strong>domo</strong></span> <span class='ocrx_word' id='word_1_459' title='bbox 2493 1809 2589 1864; x_wconf 88' lang='lat' dir='ltr'><strong>Dei</strong></span> <span class='ocrx_word' id='word_1_460' title='bbox 2617 1810 2669 1879; x_wconf 87' lang='grc' dir='ltr'><strong>(Ι</strong></span> <span class='ocrx_word' id='word_1_461' title='bbox 2705 1809 2850 1864; x_wconf 83' lang='lat' dir='ltr'><strong>Petr.</strong></span> <span class='ocrx_word' id='word_1_462' title='bbox 2902 1826 2978 1871; x_wconf 85' lang='lat' dir='ltr'><strong>tv,</strong></span> <span class='ocrx_word' id='word_1_463' title='bbox 3009 1810 3122 1880; x_wconf 77' lang='lat' dir='ltr'><strong>l7).</strong></span> <span class='ocrx_word' id='word_1_464' title='bbox 3150 1809 3218 1863; x_wconf 88' lang='lat' dir='ltr'><strong>Et</strong></span> <span class='ocrx_word' id='word_1_465' title='bbox 3260 1812 3312 1864; x_wconf 91' lang='lat' dir='ltr'><strong>in</strong></span> <span class='ocrx_word' id='word_1_466' title='bbox 3348 1810 3600 1865; x_wconf 83' lang='lat' dir='ltr'><strong>Ezechiel</strong></span> <span class='ocrx_word' id='word_1_467' title='bbox 3646 1816 3816 1863; x_wconf 83' lang='lat' dir='ltr'><strong>torto-</strong></span> 
     </span>
    </p>
   </div>
   <div class='ocr_carea' id='block_1_63' title="bbox 2240 1898 3811 1972">
    <p class='ocr_par' dir='ltr' id='par_1_63' title="bbox 2240 1898 3811 1972">
     <span class='ocr_line' id='line_1_63' title="bbox 2240 1898 3811 1972; baseline -0.002 -16"><span class='ocrx_word' id='word_1_468' title='bbox 2240 1903 2395 1957; x_wconf 86' lang='lat' dir='ltr'><strong>ribus</strong></span> <span class='ocrx_word' id='word_1_469' title='bbox 2426 1903 2621 1956; x_wconf 86' lang='lat' dir='ltr'><strong>dicitur</strong></span> <span class='ocrx_word' id='word_1_470' title='bbox 2649 1920 2663 1956; x_wconf 93' lang='lat'><strong>:</strong></span> <span class='ocrx_word' id='word_1_471' title='bbox 2699 1902 2744 1956; x_wconf 83' lang='grc' dir='ltr'><em>Α</em></span> <span class='ocrx_word' id='word_1_472' title='bbox 2768 1905 2967 1956; x_wconf 81' lang='lat' dir='ltr'><strong>sanctis</strong></span> <span class='ocrx_word' id='word_1_473' title='bbox 2998 1903 3128 1957; x_wconf 86' lang='lat' dir='ltr'><strong>meis</strong></span> <span class='ocrx_word' id='word_1_474' title='bbox 3152 1903 3368 1971; x_wconf 85' lang='lat' dir='ltr'><strong>incipite</strong></span> <span class='ocrx_word' id='word_1_475' title='bbox 3401 1902 3621 1972; x_wconf 77' lang='lat' dir='ltr'><strong>(Ezech.</strong></span> <span class='ocrx_word' id='word_1_476' title='bbox 3651 1898 3811 1971; x_wconf 67' lang='lat'><strong>11,6).</strong></span> 
     </span>
    </p>
   </div>
   <div class='ocr_carea' id='block_1_64' title="bbox 2239 1993 3815 2064">
    <p class='ocr_par' dir='ltr' id='par_1_64' title="bbox 2239 1993 3815 2064">
     <span class='ocr_line' id='line_1_64' title="bbox 2239 1993 3815 2064; baseline -0.001 -16"><span class='ocrx_word' id='word_1_477' title='bbox 2239 1993 2345 2048; x_wconf 89' lang='lat' dir='ltr'><strong>Pro</strong></span> <span class='ocrx_word' id='word_1_478' title='bbox 2374 1993 2690 2049; x_wconf 82' lang='lat' dir='ltr'><strong>diversitate</strong></span> <span class='ocrx_word' id='word_1_479' title='bbox 2735 1994 2933 2064; x_wconf 89' lang='lat' dir='ltr'><strong>quippe</strong></span> <span class='ocrx_word' id='word_1_480' title='bbox 2975 1995 3207 2064; x_wconf 88' lang='lat' dir='ltr'><strong>peccati,</strong></span> <span class='ocrx_word' id='word_1_481' title='bbox 3235 1995 3425 2059; x_wconf 86' lang='lat' dir='ltr'><strong>jndieii</strong></span> <span class='ocrx_word' id='word_1_482' title='bbox 3472 1994 3605 2049; x_wconf 89' lang='lat' dir='ltr'><strong>ordo</strong></span> <span class='ocrx_word' id='word_1_483' title='bbox 3637 1993 3815 2060; x_wconf 88' lang='lat' dir='ltr'><strong>dispo-</strong></span> 
     </span>
    </p>
   </div>
   <div class='ocr_carea' id='block_1_65' title="bbox 2240 2086 3811 2156">
    <p class='ocr_par' dir='ltr' id='par_1_65' title="bbox 2240 2086 3811 2156">
     <span class='ocr_line' id='line_1_65' title="bbox 2240 2086 3811 2156; baseline -0.001 -18"><span class='ocrx_word' id='word_1_484' title='bbox 2240 2086 2387 2140; x_wconf 89' lang='lat' dir='ltr'><strong>nitur</strong></span> <span class='ocrx_word' id='word_1_485' title='bbox 2415 2102 2431 2140; x_wconf 89' lang='lat'><strong>:</strong></span> <span class='ocrx_word' id='word_1_486' title='bbox 2463 2096 2521 2138; x_wconf 92' lang='lat' dir='ltr'><strong>ut</strong></span> <span class='ocrx_word' id='word_1_487' title='bbox 2570 2086 2663 2155; x_wconf 90' lang='lat' dir='ltr'><strong>qui</strong></span> <span class='ocrx_word' id='word_1_488' title='bbox 2713 2087 2895 2140; x_wconf 90' lang='lat' dir='ltr'><strong>minus</strong></span> <span class='ocrx_word' id='word_1_489' title='bbox 2938 2087 3292 2156; x_wconf 84' lang='lat' dir='ltr'><strong>deliquerint,</strong></span> <span class='ocrx_word' id='word_1_490' title='bbox 3328 2096 3454 2141; x_wconf 86' lang='lat' dir='ltr'><strong>ante</strong></span> <span class='ocrx_word' id='word_1_491' title='bbox 3490 2096 3811 2156; x_wconf 87' lang='lat' dir='ltr'><strong>purgentur,</strong></span> 
     </span>
    </p>
   </div>
   <div class='ocr_carea' id='block_1_66' title="bbox 2240 2175 3809 2245">
    <p class='ocr_par' dir='ltr' id='par_1_66' title="bbox 2240 2175 3809 2245">
     <span class='ocr_line' id='line_1_66' title="bbox 2240 2175 3809 2245; baseline -0.003 -13"><span class='ocrx_word' id='word_1_492' title='bbox 2240 2177 2569 2232; x_wconf 88' lang='lat' dir='ltr'><strong>novissimus</strong></span> <span class='ocrx_word' id='word_1_493' title='bbox 2600 2185 2780 2232; x_wconf 88' lang='lat' dir='ltr'><strong>autem</strong></span> <span class='ocrx_word' id='word_1_494' title='bbox 2826 2178 3081 2241; x_wconf 86' lang='lat' dir='ltr'><strong>inimicus</strong></span> <span class='ocrx_word' id='word_1_495' title='bbox 3112 2180 3427 2233; x_wconf 86' lang='lat' dir='ltr'><strong>destruatur</strong></span> <span class='ocrx_word' id='word_1_496' title='bbox 3464 2194 3635 2233; x_wconf 91' lang='lat' dir='ltr'><strong>mors.</strong></span> <span class='ocrx_word' id='word_1_497' title='bbox 3670 2175 3809 2245; x_wconf 84' lang='lat' dir='ltr'><strong>Ergo</strong></span> 
     </span>
    </p>
   </div>
   <div class='ocr_carea' id='block_1_67' title="bbox 2241 2266 3815 2332">
    <p class='ocr_par' dir='ltr' id='par_1_67' title="bbox 2241 2266 3815 2332">
     <span class='ocr_line' id='line_1_67' title="bbox 2241 2266 3815 2332; baseline -0.001 -10"><span class='ocrx_word' id='word_1_498' title='bbox 2241 2283 2364 2322; x_wconf 90' lang='lat' dir='ltr'><strong>cum</strong></span> <span class='ocrx_word' id='word_1_499' title='bbox 2415 2266 2583 2322; x_wconf 83' lang='lat' dir='ltr'><strong>Israel</strong></span> <span class='ocrx_word' id='word_1_500' title='bbox 2620 2270 2686 2323; x_wconf 90' lang='lat' dir='ltr'><strong>de</strong></span> <span class='ocrx_word' id='word_1_501' title='bbox 2731 2269 2995 2323; x_wconf 76' lang='lat' dir='ltr'><strong>servitute</strong></span> <span class='ocrx_word' id='word_1_502' title='bbox 3034 2275 3166 2323; x_wconf 89' lang='lat' dir='ltr'><strong>dura</strong></span> <span class='ocrx_word' id='word_1_503' title='bbox 3212 2270 3374 2324; x_wconf 86' lang='lat' dir='ltr'><strong>fuerit</strong></span> <span class='ocrx_word' id='word_1_504' title='bbox 3417 2270 3696 2332; x_wconf 88' lang='lat' dir='ltr'><strong>liberatus,</strong></span> <span class='ocrx_word' id='word_1_505' title='bbox 3728 2284 3815 2321; x_wconf 81' lang='lat' dir='ltr'><strong>su-</strong></span> 
     </span>
    </p>
   </div>
   <div class='ocr_carea' id='block_1_68' title="bbox 2245 2360 3818 2433">
    <p class='ocr_par' dir='ltr' id='par_1_68' title="bbox 2245 2360 3818 2433">
     <span class='ocr_line' id='line_1_68' title="bbox 2245 2360 3818 2433; baseline 0.001 -20"><span class='ocrx_word' id='word_1_506' title='bbox 2245 2369 2355 2414; x_wconf 93' lang='lat' dir='ltr'><strong>met</strong></span> <span class='ocrx_word' id='word_1_507' title='bbox 2388 2360 2699 2430; x_wconf 75' lang='lat' dir='ltr'><strong>parabolam</strong></span> <span class='ocrx_word' id='word_1_508' title='bbox 2743 2365 2930 2415; x_wconf 80' lang='lat' dir='ltr'><strong>contra</strong></span> <span class='ocrx_word' id='word_1_509' title='bbox 2966 2364 3146 2431; x_wconf 85' lang='lat' dir='ltr'><strong>regem</strong></span> <span class='ocrx_word' id='word_1_510' title='bbox 3182 2362 3489 2433; x_wconf 84' lang='lat' dir='ltr'><strong>Babylonis,</strong></span> <span class='ocrx_word' id='word_1_511' title='bbox 3521 2377 3683 2430; x_wconf 85' lang='lat' dir='ltr'><strong>quam</strong></span> <span class='ocrx_word' id='word_1_512' title='bbox 3719 2362 3818 2414; x_wconf 86' lang='lat' dir='ltr'><strong>de-</strong></span> 
     </span>
    </p>
   </div>
   <div class='ocr_carea' id='block_1_69' title="bbox 2242 2451 3812 2524">
    <p class='ocr_par' dir='ltr' id='par_1_69' title="bbox 2242 2451 3812 2524">
     <span class='ocr_line' id='line_1_69' title="bbox 2242 2451 3812 2524; baseline -0.003 -17"><span class='ocrx_word' id='word_1_513' title='bbox 2242 2453 2436 2508; x_wconf 79' lang='lat' dir='ltr'><strong>bemus</strong></span> <span class='ocrx_word' id='word_1_514' title='bbox 2486 2452 2786 2523; x_wconf 81' lang='lat' dir='ltr'><strong>intelligere</strong></span> <span class='ocrx_word' id='word_1_515' title='bbox 2841 2464 2896 2506; x_wconf 92' lang='lat' dir='ltr'><strong>ut</strong></span> <span class='ocrx_word' id='word_1_516' title='bbox 2942 2452 3280 2524; x_wconf 85' lang='lat' dir='ltr'><strong>parabolam.</strong></span> <span class='ocrx_word' id='word_1_517' title='bbox 3313 2451 3370 2507; x_wconf 89' lang='lat' dir='ltr'><strong>Si</strong></span> <span class='ocrx_word' id='word_1_518' title='bbox 3428 2453 3571 2507; x_wconf 89' lang='lat' dir='ltr'><strong>enim</strong></span> <span class='ocrx_word' id='word_1_519' title='bbox 3620 2459 3812 2505; x_wconf 80' lang='lat' dir='ltr'><strong>contra</strong></span> 
     </span>
    </p>
   </div>
   <div class='ocr_carea' id='block_1_70' title="bbox 2243 2542 3815 2610">
    <p class='ocr_par' dir='ltr' id='par_1_70' title="bbox 2243 2542 3815 2610">
     <span class='ocr_line' id='line_1_70' title="bbox 2243 2542 3815 2610; baseline -0.001 -12"><span class='ocrx_word' id='word_1_520' title='bbox 2243 2543 2747 2599; x_wconf 81' lang='lat' dir='ltr'><strong>Nabuchodonosor</strong></span> <span class='ocrx_word' id='word_1_521' title='bbox 2806 2560 2988 2599; x_wconf 90' lang='lat' dir='ltr'><strong>sermo</strong></span> <span class='ocrx_word' id='word_1_522' title='bbox 3042 2555 3148 2605; x_wconf 89' lang='lat' dir='ltr'><strong>est.</strong></span> <span class='ocrx_word' id='word_1_523' title='bbox 3187 2554 3243 2598; x_wconf 93' lang='lat' dir='ltr'><strong>et</strong></span> <span class='ocrx_word' id='word_1_524' title='bbox 3292 2543 3517 2610; x_wconf 72' lang='lat' dir='ltr'><strong>simplex</strong></span> <span class='ocrx_word' id='word_1_525' title='bbox 3578 2542 3815 2596; x_wconf 74' lang='lat' dir='ltr'><strong>historia:</strong></span> 
     </span>
    </p>
   </div>
   <div class='ocr_carea' id='block_1_71' title="bbox 2242 2631 3814 2706">
    <p class='ocr_par' dir='ltr' id='par_1_71' title="bbox 2242 2631 3814 2706">
     <span class='ocr_line' id='line_1_71' title="bbox 2242 2631 3814 2706; baseline -0.006 -15"><span class='ocrx_word' id='word_1_526' title='bbox 2242 2637 2532 2706; x_wconf 80' lang='lat' dir='ltr'><strong>expositio,</strong></span> <span class='ocrx_word' id='word_1_527' title='bbox 2554 2638 2827 2704; x_wconf 88' lang='lat' dir='ltr'><strong>quomodo</strong></span> <span class='ocrx_word' id='word_1_528' title='bbox 2851 2636 3106 2705; x_wconf 79' lang='lat' dir='ltr'><strong>parabola</strong></span> <span class='ocrx_word' id='word_1_529' title='bbox 3132 2635 3354 2700; x_wconf 78' lang='lat' dir='ltr'><strong>dicitur,</strong></span> <span class='ocrx_word' id='word_1_530' title='bbox 3392 2649 3510 2703; x_wconf 66' lang='lat' dir='ltr'><strong>qua</strong></span> <span class='ocrx_word' id='word_1_531' title='bbox 3565 2632 3696 2686; x_wconf 83' lang='lat' dir='ltr'><strong>nulli</strong></span> <span class='ocrx_word' id='word_1_532' title='bbox 3737 2631 3814 2683; x_wconf 81' lang='lat' dir='ltr'><strong>al-</strong></span> 
     </span>
    </p>
   </div>
   <div class='ocr_carea' id='block_1_72' title="bbox 2244 2724 3816 2798">
    <p class='ocr_par' dir='ltr' id='par_1_72' title="bbox 2244 2724 3816 2798">
     <span class='ocr_line' id='line_1_72' title="bbox 2244 2724 3816 2798; baseline -0.004 -14"><span class='ocrx_word' id='word_1_533' title='bbox 2244 2731 2345 2785; x_wconf 86' lang='lat' dir='ltr'><strong>teri</strong></span> <span class='ocrx_word' id='word_1_534' title='bbox 2405 2728 2844 2798; x_wconf 76' lang='grc' dir='ltr'><strong>παραὸάλλεται,</strong></span> <span class='ocrx_word' id='word_1_535' title='bbox 2901 2729 2953 2783; x_wconf 92' lang='lat' dir='ltr'><strong>id</strong></span> <span class='ocrx_word' id='word_1_536' title='bbox 3018 2739 3123 2791; x_wconf 90' lang='lat' dir='ltr'><strong>est,</strong></span> <span class='ocrx_word' id='word_1_537' title='bbox 3175 2737 3536 2795; x_wconf 80' lang='lat' dir='ltr'><strong>comparatur.</strong></span> <span class='ocrx_word' id='word_1_538' title='bbox 3592 2724 3816 2778; x_wconf 80' lang='lat' dir='ltr'><strong>Miratur</strong></span> 
     </span>
    </p>
   </div>
   <div class='ocr_carea' id='block_1_73' title="bbox 2245 2816 3815 2893">
    <p class='ocr_par' dir='ltr' id='par_1_73' title="bbox 2245 2816 3815 2893">
     <span class='ocr_line' id='line_1_73' title="bbox 2245 2816 3815 2893; baseline -0.005 -15"><span class='ocrx_word' id='word_1_539' title='bbox 2245 2838 2373 2893; x_wconf 90' lang='lat' dir='ltr'><strong>ergo</strong></span> <span class='ocrx_word' id='word_1_540' title='bbox 2403 2822 2569 2878; x_wconf 89' lang='lat' dir='ltr'><strong>Israel</strong></span> <span class='ocrx_word' id='word_1_541' title='bbox 2619 2824 2891 2891; x_wconf 84' lang='lat' dir='ltr'><strong>quomodo</strong></span> <span class='ocrx_word' id='word_1_542' title='bbox 2931 2827 3225 2878; x_wconf 85' lang='lat' dir='ltr'><strong>cessaverit</strong></span> <span class='ocrx_word' id='word_1_543' title='bbox 3276 2829 3520 2885; x_wconf 86' lang='lat' dir='ltr'><strong>exactor,</strong></span> <span class='ocrx_word' id='word_1_544' title='bbox 3557 2819 3649 2886; x_wconf 90' lang='lat' dir='ltr'><strong>qui</strong></span> <span class='ocrx_word' id='word_1_545' title='bbox 3696 2816 3815 2871; x_wconf 89' lang='lat' dir='ltr'><strong>exi-</strong></span> 
     </span>
    </p>
   </div>
   <div class='ocr_carea' id='block_1_74' title="bbox 2245 2907 3817 2984">
    <p class='ocr_par' dir='ltr' id='par_1_74' title="bbox 2245 2907 3817 2984">
     <span class='ocr_line' id='line_1_74' title="bbox 2245 2907 3817 2984; baseline -0.004 -17"><span class='ocrx_word' id='word_1_546' title='bbox 2245 2930 2373 2984; x_wconf 88' lang='lat' dir='ltr'><strong>gere</strong></span> <span class='ocrx_word' id='word_1_547' title='bbox 2420 2922 2781 2969; x_wconf 88' lang='lat' dir='ltr'><strong>consueverat</strong></span> <span class='ocrx_word' id='word_1_548' title='bbox 2829 2928 3000 2981; x_wconf 89' lang='lat' dir='ltr'><strong>usque</strong></span> <span class='ocrx_word' id='word_1_549' title='bbox 3045 2913 3110 2967; x_wconf 89' lang='lat' dir='ltr'><strong>ad</strong></span> <span class='ocrx_word' id='word_1_550' title='bbox 3152 2910 3504 2969; x_wconf 86' lang='lat' dir='ltr'><strong>novissimum</strong></span> <span class='ocrx_word' id='word_1_551' title='bbox 3537 2907 3817 2977; x_wconf 78' lang='lat' dir='ltr'><strong>quadran-</strong></span> 
     </span>
    </p>
   </div>
   <div class='ocr_carea' id='block_1_75' title="bbox 2250 2995 3818 3073">
    <p class='ocr_par' dir='ltr' id='par_1_75' title="bbox 2250 2995 3818 3073">
     <span class='ocr_line' id='line_1_75' title="bbox 2250 2995 3818 3073; baseline -0.005 -16"><span class='ocrx_word' id='word_1_552' title='bbox 2250 3015 2380 3060; x_wconf 91' lang='lat' dir='ltr'><strong>tem.</strong></span> <span class='ocrx_word' id='word_1_553' title='bbox 2419 3004 2646 3073; x_wconf 82' lang='lat' dir='ltr'><strong>Exigere</strong></span> <span class='ocrx_word' id='word_1_554' title='bbox 2680 3014 2857 3059; x_wconf 89' lang='lat' dir='ltr'><strong>autem</strong></span> <span class='ocrx_word' id='word_1_555' title='bbox 2895 3012 3187 3057; x_wconf 82' lang='lat' dir='ltr'><strong>consuetus</strong></span> <span class='ocrx_word' id='word_1_556' title='bbox 3217 3015 3323 3055; x_wconf 92' lang='lat' dir='ltr'><strong>non</strong></span> <span class='ocrx_word' id='word_1_557' title='bbox 3358 3000 3499 3053; x_wconf 89' lang='lat' dir='ltr'><strong>alios</strong></span> <span class='ocrx_word' id='word_1_558' title='bbox 3538 2997 3637 3051; x_wconf 92' lang='lat' dir='ltr'><strong>nisi</strong></span> <span class='ocrx_word' id='word_1_559' title='bbox 3667 2995 3818 3051; x_wconf 84' lang='lat' dir='ltr'><strong>debi-</strong></span> 
     </span>
    </p>
   </div>
   <div class='ocr_carea' id='block_1_76' title="bbox 2170 3086 3819 3165">
    <p class='ocr_par' dir='ltr' id='par_1_76' title="bbox 2170 3086 3819 3165">
     <span class='ocr_line' id='line_1_76' title="bbox 2170 3086 3819 3165; baseline -0.005 -16"><span class='ocrx_word' id='word_1_560' title='bbox 2170 3091 2214 3149; x_wconf 80' lang='grc' dir='ltr'>α</span> <span class='ocrx_word' id='word_1_561' title='bbox 2248 3108 2418 3161; x_wconf 88' lang='lat' dir='ltr'><strong>tores,</strong></span> <span class='ocrx_word' id='word_1_562' title='bbox 2472 3097 2563 3165; x_wconf 90' lang='lat' dir='ltr'><strong>qui</strong></span> <span class='ocrx_word' id='word_1_563' title='bbox 2611 3096 2807 3151; x_wconf 91' lang='lat' dir='ltr'><strong>dicunt</strong></span> <span class='ocrx_word' id='word_1_564' title='bbox 2854 3097 2910 3148; x_wconf 92' lang='lat' dir='ltr'><strong>in</strong></span> <span class='ocrx_word' id='word_1_565' title='bbox 2947 3093 3202 3150; x_wconf 89' lang='lat' dir='ltr'><strong>Oratione</strong></span> <span class='ocrx_word' id='word_1_566' title='bbox 3244 3091 3519 3145; x_wconf 82' lang='lat' dir='ltr'><strong>Dominica</strong></span> <span class='ocrx_word' id='word_1_567' title='bbox 3551 3106 3567 3147; x_wconf 85' lang='lat'><strong>:</strong></span> <span class='ocrx_word' id='word_1_568' title='bbox 3600 3086 3819 3142; x_wconf 78' lang='lat' dir='ltr'><strong>Dimitte</strong></span> 
     </span>
    </p>
   </div>
   <div class='ocr_carea' id='block_1_77' title="bbox 2248 3180 3816 3245">
    <p class='ocr_par' dir='ltr' id='par_1_77' title="bbox 2248 3180 3816 3245">
     <span class='ocr_line' id='line_1_77' title="bbox 2248 3180 3816 3245; baseline -0.008 0"><span class='ocrx_word' id='word_1_569' title='bbox 2248 3188 2395 3245; x_wconf 81' lang='lat' dir='ltr'><strong>nobis</strong></span> <span class='ocrx_word' id='word_1_570' title='bbox 2425 3185 2603 3241; x_wconf 81' lang='lat' dir='ltr'><strong>debita</strong></span> <span class='ocrx_word' id='word_1_571' title='bbox 2626 3196 2809 3240; x_wconf 84' lang='lat' dir='ltr'><strong>nostra</strong></span> <span class='ocrx_word' id='word_1_572' title='bbox 2836 3186 2974 3240; x_wconf 84' lang='lat' dir='ltr'><strong>sicut</strong></span> <span class='ocrx_word' id='word_1_573' title='bbox 3002 3194 3049 3238; x_wconf 86' lang='lat' dir='ltr'><strong>et</strong></span> <span class='ocrx_word' id='word_1_574' title='bbox 3090 3200 3185 3238; x_wconf 86' lang='lat' dir='ltr'><strong>nos</strong></span> <span class='ocrx_word' id='word_1_575' title='bbox 3208 3183 3526 3236; x_wconf 80' lang='lat' dir='ltr'><strong>dimittimus</strong></span> <span class='ocrx_word' id='word_1_576' title='bbox 3559 3180 3816 3233; x_wconf 84' lang='lat' dir='ltr'><strong>debitori-</strong></span> 
     </span>
    </p>
   </div>
   <div class='ocr_carea' id='block_1_78' title="bbox 2250 3273 3820 3350">
    <p class='ocr_par' dir='ltr' id='par_1_78' title="bbox 2250 3273 3820 3350">
     <span class='ocr_line' id='line_1_78' title="bbox 2250 3273 3820 3350; baseline -0.005 -15"><span class='ocrx_word' id='word_1_577' title='bbox 2250 3285 2345 3336; x_wconf 85' lang='lat' dir='ltr'><strong>bus</strong></span> <span class='ocrx_word' id='word_1_578' title='bbox 2375 3281 2569 3335; x_wconf 85' lang='lat' dir='ltr'><strong>nostris</strong></span> <span class='ocrx_word' id='word_1_579' title='bbox 2595 3277 2818 3350; x_wconf 76' lang='lat' dir='ltr'><strong>(Matth.</strong></span> <span class='ocrx_word' id='word_1_580' title='bbox 2846 3278 3058 3347; x_wconf 61' lang='lat'><strong>“.12).</strong></span> <span class='ocrx_word' id='word_1_581' title='bbox 3085 3275 3224 3330; x_wconf 84' lang='lat' dir='ltr'><strong>Huic</strong></span> <span class='ocrx_word' id='word_1_582' title='bbox 3271 3275 3509 3330; x_wconf 85' lang='lat' dir='ltr'><strong>exaetori</strong></span> <span class='ocrx_word' id='word_1_583' title='bbox 3545 3273 3820 3327; x_wconf 86' lang='lat' dir='ltr'><strong>debitores</strong></span> 
     </span>
    </p>
   </div>
   <div class='ocr_carea' id='block_1_79' title="bbox 2252 3367 3820 3440">
    <p class='ocr_par' dir='ltr' id='par_1_79' title="bbox 2252 3367 3820 3440">
     <span class='ocr_line' id='line_1_79' title="bbox 2252 3367 3820 3440; baseline -0.008 -12"><span class='ocrx_word' id='word_1_584' title='bbox 2252 3375 2545 3428; x_wconf 88' lang='lat' dir='ltr'><strong>traduntur</strong></span> <span class='ocrx_word' id='word_1_585' title='bbox 2601 3386 2631 3425; x_wconf 90' lang='lat' dir='ltr'><strong>a</strong></span> <span class='ocrx_word' id='word_1_586' title='bbox 2675 3370 2878 3440; x_wconf 82' lang='lat' dir='ltr'><strong>judice,</strong></span> <span class='ocrx_word' id='word_1_587' title='bbox 2909 3369 2999 3439; x_wconf 89' lang='lat' dir='ltr'><strong>qui</strong></span> <span class='ocrx_word' id='word_1_588' title='bbox 3023 3382 3117 3422; x_wconf 90' lang='lat' dir='ltr'><strong>eos</strong></span> <span class='ocrx_word' id='word_1_589' title='bbox 3154 3367 3322 3421; x_wconf 91' lang='lat' dir='ltr'><strong>mittit</strong></span> <span class='ocrx_word' id='word_1_590' title='bbox 3377 3368 3430 3419; x_wconf 93' lang='lat' dir='ltr'><strong>in</strong></span> <span class='ocrx_word' id='word_1_591' title='bbox 3457 3378 3734 3419; x_wconf 88' lang='lat' dir='ltr'><strong>carcerem</strong></span> <span class='ocrx_word' id='word_1_592' title='bbox 3765 3374 3820 3417; x_wconf 90' lang='lat' dir='ltr'><strong>et</strong></span> 
     </span>
    </p>
   </div>
   <div class='ocr_carea' id='block_1_80' title="bbox 2249 3456 3820 3532">
    <p class='ocr_par' dir='ltr' id='par_1_80' title="bbox 2249 3456 3820 3532">
     <span class='ocr_line' id='line_1_80' title="bbox 2249 3456 3820 3532; baseline -0.008 -12"><span class='ocrx_word' id='word_1_593' title='bbox 2249 3466 2420 3532; x_wconf 88' lang='lat' dir='ltr'><strong>exigit</strong></span> <span class='ocrx_word' id='word_1_594' title='bbox 2466 3477 2634 3532; x_wconf 90' lang='lat' dir='ltr'><strong>usque</strong></span> <span class='ocrx_word' id='word_1_595' title='bbox 2665 3464 2731 3517; x_wconf 89' lang='lat' dir='ltr'><strong>ad</strong></span> <span class='ocrx_word' id='word_1_596' title='bbox 2794 3469 3075 3531; x_wconf 88' lang='lat' dir='ltr'><strong>peceatum</strong></span> <span class='ocrx_word' id='word_1_597' title='bbox 3145 3458 3446 3512; x_wconf 91' lang='lat' dir='ltr'><strong>minimum.</strong></span> <span class='ocrx_word' id='word_1_598' title='bbox 3484 3456 3730 3523; x_wconf 89' lang='lat' dir='ltr'><strong>Denique</strong></span> <span class='ocrx_word' id='word_1_599' title='bbox 3766 3464 3820 3510; x_wconf 88' lang='lat' dir='ltr'><strong>et</strong></span> 
     </span>
    </p>
   </div>
   <div class='ocr_carea' id='block_1_81' title="bbox 2253 3547 3815 3627">
    <p class='ocr_par' dir='ltr' id='par_1_81' title="bbox 2253 3547 3815 3627">
     <span class='ocr_line' id='line_1_81' title="bbox 2253 3547 3815 3627; baseline -0.008 -17"><span class='ocrx_word' id='word_1_600' title='bbox 2253 3554 2419 3627; x_wconf 64' lang='grc'><strong>249</strong></span> <span class='ocrx_word' id='word_1_601' title='bbox 2452 3553 2654 3608; x_wconf 88' lang='lat' dir='ltr'><strong>Paulus</strong></span> <span class='ocrx_word' id='word_1_602' title='bbox 2695 3551 2978 3623; x_wconf 90' lang='lat' dir='ltr'><strong>apostolus</strong></span> <span class='ocrx_word' id='word_1_603' title='bbox 3009 3548 3351 3605; x_wconf 80' lang='lat' dir='ltr'><strong>Corinthium</strong></span> <span class='ocrx_word' id='word_1_604' title='bbox 3391 3548 3413 3579; x_wconf 85' lang='grc'>³</span> <span class='ocrx_word' id='word_1_605' title='bbox 3440 3547 3815 3607; x_wconf 85' lang='lat' dir='ltr'><strong>fornicantem,</strong></span> 
     </span>
    </p>
   </div>
   <div class='ocr_carea' id='block_1_82' title="bbox 2253 3637 3819 3715">
    <p class='ocr_par' dir='ltr' id='par_1_82' title="bbox 2253 3637 3819 3715">
     <span class='ocr_line' id='line_1_82' title="bbox 2253 3637 3819 3715; baseline -0.006 -15"><span class='ocrx_word' id='word_1_606' title='bbox 2253 3650 2341 3715; x_wconf 91' lang='lat' dir='ltr'><strong>qui</strong></span> <span class='ocrx_word' id='word_1_607' title='bbox 2378 3660 2604 3701; x_wconf 83' lang='lat' dir='ltr'><strong>uxorem</strong></span> <span class='ocrx_word' id='word_1_608' title='bbox 2640 3644 2809 3709; x_wconf 86' lang='lat' dir='ltr'><strong>patris</strong></span> <span class='ocrx_word' id='word_1_609' title='bbox 2834 3653 3140 3710; x_wconf 90' lang='lat' dir='ltr'><strong>acceperat,</strong></span> <span class='ocrx_word' id='word_1_610' title='bbox 3176 3653 3385 3693; x_wconf 80' lang='lat' dir='ltr'><strong>necnon</strong></span> <span class='ocrx_word' id='word_1_611' title='bbox 3422 3637 3737 3708; x_wconf 85' lang='lat' dir='ltr'><strong>Phygellnm</strong></span> <span class='ocrx_word' id='word_1_612' title='bbox 3767 3645 3819 3690; x_wconf 89' lang='lat' dir='ltr'><strong>et</strong></span> 
     </span>
    </p>
   </div>
   <div class='ocr_carea' id='block_1_83' title="bbox 2254 3725 3820 3807">
    <p class='ocr_par' dir='ltr' id='par_1_83' title="bbox 2254 3725 3820 3807">
     <span class='ocr_line' id='line_1_83' title="bbox 2254 3725 3820 3807; baseline -0.009 -15"><span class='ocrx_word' id='word_1_613' title='bbox 2254 3738 2647 3807; x_wconf 85' lang='lat' dir='ltr'><strong>Hermogenem</strong></span> <span class='ocrx_word' id='word_1_614' title='bbox 2690 3734 2915 3787; x_wconf 89' lang='lat' dir='ltr'><strong>tradidit</strong></span> <span class='ocrx_word' id='word_1_615' title='bbox 2958 3731 3199 3787; x_wconf 79' lang='lat' dir='ltr'><strong>esactori</strong></span> <span class='ocrx_word' id='word_1_616' title='bbox 3238 3727 3292 3798; x_wconf 86' lang='grc'><strong>(1</strong></span> <span class='ocrx_word' id='word_1_617' title='bbox 3328 3726 3450 3784; x_wconf 87' lang='lat' dir='ltr'><strong>Cor.</strong></span> <span class='ocrx_word' id='word_1_618' title='bbox 3492 3743 3556 3793; x_wconf 89' lang='lat' dir='ltr'><strong>v;</strong></span> <span class='ocrx_word' id='word_1_619' title='bbox 3589 3726 3645 3780; x_wconf 89' lang='grc'><strong><em>11</em></strong></span> <span class='ocrx_word' id='word_1_620' title='bbox 3682 3725 3820 3779; x_wconf 86' lang='lat' dir='ltr'><strong>Tim.</strong></span> 
     </span>
    </p>
   </div>
   <div class='ocr_carea' id='block_1_84' title="bbox 2252 3816 3822 3898">
    <p class='ocr_par' dir='ltr' id='par_1_84' title="bbox 2252 3816 3822 3898">
     <span class='ocr_line' id='line_1_84' title="bbox 2252 3816 3822 3898; baseline -0.01 -15"><span class='ocrx_word' id='word_1_621' title='bbox 2252 3832 2313 3898; x_wconf 86' lang='lat' dir='ltr'><strong>I).</strong></span> <span class='ocrx_word' id='word_1_622' title='bbox 2352 3829 2414 3881; x_wconf 88' lang='lat' dir='ltr'><strong>Et</strong></span> <span class='ocrx_word' id='word_1_623' title='bbox 2439 3828 2507 3882; x_wconf 89' lang='lat' dir='ltr'><strong>de</strong></span> <span class='ocrx_word' id='word_1_624' title='bbox 2536 3827 2620 3881; x_wconf 80' lang='lat' dir='ltr'><strong>his</strong></span> <span class='ocrx_word' id='word_1_625' title='bbox 2649 3824 2997 3879; x_wconf 88' lang='lat' dir='ltr'><strong>exactoribus</strong></span> <span class='ocrx_word' id='word_1_626' title='bbox 3042 3823 3205 3877; x_wconf 89' lang='lat' dir='ltr'><strong>etiam</strong></span> <span class='ocrx_word' id='word_1_627' title='bbox 3240 3835 3399 3889; x_wconf 89' lang='lat' dir='ltr'><strong>supra</strong></span> <span class='ocrx_word' id='word_1_628' title='bbox 3431 3818 3634 3872; x_wconf 86' lang='lat' dir='ltr'><strong>dicitur</strong></span> <span class='ocrx_word' id='word_1_629' title='bbox 3667 3833 3682 3876; x_wconf 88' lang='lat'><strong>:</strong></span> <span class='ocrx_word' id='word_1_630' title='bbox 3718 3816 3822 3869; x_wconf 87' lang='lat' dir='ltr'><strong>Po-</strong></span> 
     </span>
    </p>
   </div>
   <div class='ocr_carea' id='block_1_85' title="bbox 2253 3907 3823 3986">
    <p class='ocr_par' dir='ltr' id='par_1_85' title="bbox 2253 3907 3823 3986">
     <span class='ocr_line' id='line_1_85' title="bbox 2253 3907 3823 3986; baseline -0.01 -15"><span class='ocrx_word' id='word_1_631' title='bbox 2253 3918 2414 3986; x_wconf 80' lang='lat' dir='ltr'><strong>pulus</strong></span> <span class='ocrx_word' id='word_1_632' title='bbox 2443 3933 2610 3981; x_wconf 84' lang='lat' dir='ltr'><strong>meus,</strong></span> <span class='ocrx_word' id='word_1_633' title='bbox 2639 3923 2911 3969; x_wconf 69' lang='lat' dir='ltr'><strong>exactores</strong></span> <span class='ocrx_word' id='word_1_634' title='bbox 2936 3912 3093 3966; x_wconf 81' lang='lat' dir='ltr'><strong>vestri</strong></span> <span class='ocrx_word' id='word_1_635' title='bbox 3116 3910 3496 3979; x_wconf 71' lang='lat' dir='ltr'><strong>depra&#39;dantur</strong></span> <span class='ocrx_word' id='word_1_636' title='bbox 3517 3923 3633 3971; x_wconf 82' lang='lat' dir='ltr'><strong>vos;</strong></span> <span class='ocrx_word' id='word_1_637' title='bbox 3654 3916 3703 3959; x_wconf 87' lang='lat' dir='ltr'><strong>et</strong></span> <span class='ocrx_word' id='word_1_638' title='bbox 3734 3907 3823 3967; x_wconf 81' lang='lat' dir='ltr'><strong>qui</strong></span> 
     </span>
    </p>
   </div>
   <div class='ocr_carea' id='block_1_86' title="bbox 2255 3999 3825 4079">
    <p class='ocr_par' dir='ltr' id='par_1_86' title="bbox 2255 3999 3825 4079">
     <span class='ocr_line' id='line_1_86' title="bbox 2255 3999 3825 4079; baseline -0.009 -16"><span class='ocrx_word' id='word_1_639' title='bbox 2255 4018 2516 4079; x_wconf 87' lang='lat' dir='ltr'><strong>repetunt,</strong></span> <span class='ocrx_word' id='word_1_640' title='bbox 2554 4008 2859 4061; x_wconf 86' lang='lat' dir='ltr'><strong>dominator</strong></span> <span class='ocrx_word' id='word_1_641' title='bbox 2895 4004 3072 4059; x_wconf 82' lang='lat' dir='ltr'><strong>vestri.</strong></span> <span class='ocrx_word' id='word_1_642' title='bbox 3103 4002 3205 4056; x_wconf 86' lang='lat' dir='ltr'><strong>Pro</strong></span> <span class='ocrx_word' id='word_1_643' title='bbox 3246 4001 3463 4066; x_wconf 81' lang='lat' dir='ltr'><strong>tributo,</strong></span> <span class='ocrx_word' id='word_1_644' title='bbox 3498 3999 3693 4069; x_wconf 81' lang='lat' dir='ltr'><strong>Aquila</strong></span> <span class='ocrx_word' id='word_1_645' title='bbox 3735 3999 3825 4065; x_wconf 82' lang='lat' dir='ltr'><strong>[a-</strong></span> 
     </span>
    </p>
   </div>
   <div class='ocr_carea' id='block_1_87' title="bbox 2255 4091 3826 4169">
    <p class='ocr_par' dir='ltr' id='par_1_87' title="bbox 2255 4091 3826 4169">
     <span class='ocr_line' id='line_1_87' title="bbox 2255 4091 3826 4169; baseline -0.01 -13"><span class='ocrx_word' id='word_1_646' title='bbox 2255 4117 2388 4157; x_wconf 83' lang='lat' dir='ltr'><strong>mem</strong></span> <span class='ocrx_word' id='word_1_647' title='bbox 2423 4100 2810 4169; x_wconf 88' lang='lat' dir='ltr'><strong>interpretatus</strong></span> <span class='ocrx_word' id='word_1_648' title='bbox 2839 4106 2944 4152; x_wconf 90' lang='lat' dir='ltr'><strong>est.</strong></span> <span class='ocrx_word' id='word_1_649' title='bbox 2973 4095 3198 4151; x_wconf 90' lang='lat' dir='ltr'><strong>Sublato</strong></span> <span class='ocrx_word' id='word_1_650' title='bbox 3223 4093 3366 4147; x_wconf 88' lang='lat' dir='ltr'><strong>enim</strong></span> <span class='ocrx_word' id='word_1_651' title='bbox 3401 4107 3428 4144; x_wconf 89' lang='lat' dir='ltr'><strong>a</strong></span> <span class='ocrx_word' id='word_1_652' title='bbox 3467 4091 3621 4145; x_wconf 90' lang='lat' dir='ltr'><strong>nobis</strong></span> <span class='ocrx_word' id='word_1_653' title='bbox 3646 4104 3826 4158; x_wconf 90' lang='lat' dir='ltr'><strong>spon-</strong></span> 
     </span>
    </p>
   </div>
   <div class='ocr_carea' id='block_1_88' title="bbox 2255 4184 3828 4260">
    <p class='ocr_par' dir='ltr' id='par_1_88' title="bbox 2255 4184 3828 4260">
     <span class='ocr_line' id='line_1_88' title="bbox 2255 4184 3828 4260; baseline -0.008 -11"><span class='ocrx_word' id='word_1_654' title='bbox 2255 4210 2339 4258; x_wconf 81' lang='lat' dir='ltr'><strong>so,</strong></span> <span class='ocrx_word' id='word_1_655' title='bbox 2373 4192 2568 4248; x_wconf 80' lang='lat' dir='ltr'><strong>famem</strong></span> <span class='ocrx_word' id='word_1_656' title='bbox 2599 4191 2839 4260; x_wconf 89' lang='lat' dir='ltr'><strong>patimur</strong></span> <span class='ocrx_word' id='word_1_657' title='bbox 2870 4187 3018 4242; x_wconf 87' lang='lat' dir='ltr'><strong>verbi</strong></span> <span class='ocrx_word' id='word_1_658' title='bbox 3046 4187 3166 4249; x_wconf 88' lang='lat' dir='ltr'><strong>Dei,</strong></span> <span class='ocrx_word' id='word_1_659' title='bbox 3199 4197 3253 4240; x_wconf 93' lang='lat' dir='ltr'><strong>et</strong></span> <span class='ocrx_word' id='word_1_660' title='bbox 3297 4184 3498 4255; x_wconf 78' lang='lat' dir='ltr'><strong>iugiter</strong></span> <span class='ocrx_word' id='word_1_661' title='bbox 3527 4198 3557 4236; x_wconf 91' lang='lat' dir='ltr'><strong>a</strong></span> <span class='ocrx_word' id='word_1_662' title='bbox 3595 4197 3828 4251; x_wconf 84' lang='lat' dir='ltr'><strong>corpore</strong></span> 
     </span>
    </p>
   </div>
   <div class='ocr_carea' id='block_1_89' title="bbox 2258 4274 3830 4355">
    <p class='ocr_par' dir='ltr' id='par_1_89' title="bbox 2258 4274 3830 4355">
     <span class='ocr_line' id='line_1_89' title="bbox 2258 4274 3830 4355; baseline -0.008 -15"><span class='ocrx_word' id='word_1_663' title='bbox 2258 4286 2470 4341; x_wconf 87' lang='lat' dir='ltr'><strong>Domini</strong></span> <span class='ocrx_word' id='word_1_664' title='bbox 2495 4284 2823 4355; x_wconf 85' lang='lat' dir='ltr'><strong>jejuuamus.</strong></span> <span class='ocrx_word' id='word_1_665' title='bbox 2847 4280 3169 4349; x_wconf 86' lang='lat' dir='ltr'><strong>Idcircoque</strong></span> <span class='ocrx_word' id='word_1_666' title='bbox 3196 4276 3347 4346; x_wconf 85' lang='lat' dir='ltr'><strong>virga</strong></span> <span class='ocrx_word' id='word_1_667' title='bbox 3387 4286 3443 4329; x_wconf 90' lang='lat' dir='ltr'><strong>et</strong></span> <span class='ocrx_word' id='word_1_668' title='bbox 3476 4274 3703 4329; x_wconf 84' lang='lat' dir='ltr'><strong>baculus</strong></span> <span class='ocrx_word' id='word_1_669' title='bbox 3726 4275 3830 4327; x_wconf 75' lang='lat' dir='ltr'><strong>itu-</strong></span> 
     </span>
    </p>
   </div>
   <div class='ocr_carea' id='block_1_90' title="bbox 581 4364 3827 4481">
    <p class='ocr_par' dir='ltr' id='par_1_90' title="bbox 581 4364 3827 4481">
     <span class='ocr_line' id='line_1_90' title="bbox 581 4364 3827 4481; baseline 0.002 -30"><span class='ocrx_word' id='word_1_670' title='bbox 581 4396 762 4451; x_wconf 90' lang='lat' dir='ltr'><strong>culum</strong></span> <span class='ocrx_word' id='word_1_671' title='bbox 816 4410 871 4452; x_wconf 91' lang='lat' dir='ltr'><strong>et</strong></span> <span class='ocrx_word' id='word_1_672' title='bbox 911 4399 1197 4455; x_wconf 67' lang='lat' dir='ltr'><strong>haereticos</strong></span> <span class='ocrx_word' id='word_1_673' title='bbox 1250 4364 1537 4471; x_wconf 76' lang='lat' dir='ltr'><strong>pugnath</strong></span> <span class='ocrx_word' id='word_1_674' title='bbox 1588 4400 1969 4468; x_wconf 89' lang='lat' dir='ltr'><strong>laboraverat;</strong></span> <span class='ocrx_word' id='word_1_675' title='bbox 2013 4414 2066 4456; x_wconf 94' lang='lat' dir='ltr'><strong>et</strong></span> <span class='ocrx_word' id='word_1_676' title='bbox 2118 4419 2145 4455; x_wconf 92' lang='lat' dir='ltr'><strong>a</strong></span> <span class='ocrx_word' id='word_1_677' title='bbox 2184 4426 2228 4481; x_wconf 74' lang='grc' dir='ltr'><strong>ι)</strong></span> <span class='ocrx_word' id='word_1_678' title='bbox 2260 4380 2494 4448; x_wconf 70' lang='grc' dir='ltr'><strong>Ρί⁰τ¹¹¹¹¹ν</strong></span> <span class='ocrx_word' id='word_1_679' title='bbox 2524 4387 2785 4481; x_wconf 36' lang='grc' dir='ltr'><strong>,ντίξηῳω</strong></span> <span class='ocrx_word' id='word_1_680' title='bbox 2835 4370 3199 4481; x_wconf 50' lang='grc' dir='ltr'><strong>δείξωθείηίί</strong></span> <span class='ocrx_word' id='word_1_681' title='bbox 3238 4366 3827 4481; x_wconf 32' lang='grc' dir='ltr'><strong>Ῐξέξηξξιεωξῗτε</strong></span> 
     </span>
    </p>
   </div>
   <div class='ocr_carea' id='block_1_91' title="bbox 578 4489 2152 4563">
    <p class='ocr_par' dir='ltr' id='par_1_91' title="bbox 578 4489 2152 4563">
     <span class='ocr_line' id='line_1_91' title="bbox 578 4489 2152 4563; baseline 0.001 -20"><span class='ocrx_word' id='word_1_682' title='bbox 578 4489 939 4545; x_wconf 89' lang='lat' dir='ltr'><strong>concussione</strong></span> <span class='ocrx_word' id='word_1_683' title='bbox 971 4500 1026 4544; x_wconf 89' lang='lat' dir='ltr'><strong>et</strong></span> <span class='ocrx_word' id='word_1_684' title='bbox 1068 4493 1334 4546; x_wconf 80' lang='lat' dir='ltr'><strong>servitute</strong></span> <span class='ocrx_word' id='word_1_685' title='bbox 1372 4508 1488 4557; x_wconf 89' lang='lat' dir='ltr'><strong>sua,</strong></span> <span class='ocrx_word' id='word_1_686' title='bbox 1523 4507 1628 4561; x_wconf 91' lang='lat' dir='ltr'><strong>qua</strong></span> <span class='ocrx_word' id='word_1_687' title='bbox 1684 4492 1934 4563; x_wconf 66' lang='lat' dir='ltr'><strong>malignae</strong></span> <span class='ocrx_word' id='word_1_688' title='bbox 1978 4492 2152 4547; x_wconf 90' lang='lat' dir='ltr'><strong>inter-</strong></span> 
     </span>
    </p>
   </div>
   <div class='ocr_carea' id='block_1_92' title="bbox 580 4583 2157 4654">
    <p class='ocr_par' dir='ltr' id='par_1_92' title="bbox 580 4583 2157 4654">
     <span class='ocr_line' id='line_1_92' title="bbox 580 4583 2157 4654; baseline 0.003 -19"><span class='ocrx_word' id='word_1_689' title='bbox 580 4583 873 4651; x_wconf 85' lang='lat' dir='ltr'><strong>pretationi</strong></span> <span class='ocrx_word' id='word_1_690' title='bbox 908 4592 962 4637; x_wconf 91' lang='lat' dir='ltr'><strong>et</strong></span> <span class='ocrx_word' id='word_1_691' title='bbox 990 4583 1142 4639; x_wconf 81' lang='lat' dir='ltr'><strong>falsis</strong></span> <span class='ocrx_word' id='word_1_692' title='bbox 1169 4586 1508 4654; x_wconf 89' lang='lat' dir='ltr'><strong>dogmatibus</strong></span> <span class='ocrx_word' id='word_1_693' title='bbox 1535 4595 1659 4638; x_wconf 85' lang='lat' dir='ltr'><strong>ante</strong></span> <span class='ocrx_word' id='word_1_694' title='bbox 1687 4585 1990 4650; x_wconf 75' lang='lat' dir='ltr'><strong>servierat;</strong></span> <span class='ocrx_word' id='word_1_695' title='bbox 2025 4593 2157 4639; x_wconf 91' lang='lat' dir='ltr'><strong>tunc</strong></span> 
     </span>
    </p>
   </div>
   <div class='ocr_carea' id='block_1_93' title="bbox 580 4674 2152 4746">
    <p class='ocr_par' dir='ltr' id='par_1_93' title="bbox 580 4674 2152 4746">
     <span class='ocr_line' id='line_1_93' title="bbox 580 4674 2152 4746; baseline 0.001 -19"><span class='ocrx_word' id='word_1_696' title='bbox 580 4684 760 4728; x_wconf 91' lang='lat' dir='ltr'><strong>sumet</strong></span> <span class='ocrx_word' id='word_1_697' title='bbox 799 4674 1074 4743; x_wconf 89' lang='lat' dir='ltr'><strong>planctum</strong></span> <span class='ocrx_word' id='word_1_698' title='bbox 1131 4685 1295 4745; x_wconf 88' lang='lat' dir='ltr'><strong>atque</strong></span> <span class='ocrx_word' id='word_1_699' title='bbox 1348 4676 1661 4746; x_wconf 87' lang='lat' dir='ltr'><strong>parabolam</strong></span> <span class='ocrx_word' id='word_1_700' title='bbox 1724 4684 1914 4731; x_wconf 88' lang='lat' dir='ltr'><strong>contra</strong></span> <span class='ocrx_word' id='word_1_701' title='bbox 1970 4690 2152 4745; x_wconf 81' lang='lat' dir='ltr'><strong>regem</strong></span> 
     </span>
    </p>
   </div>
   <div class='ocr_carea' id='block_1_94' title="bbox 584 4766 2158 4837">
    <p class='ocr_par' dir='ltr' id='par_1_94' title="bbox 584 4766 2158 4837">
     <span class='ocr_line' id='line_1_94' title="bbox 584 4766 2158 4837; baseline -0.001 -16"><span class='ocrx_word' id='word_1_702' title='bbox 584 4766 893 4837; x_wconf 83' lang='lat' dir='ltr'><strong>Babylonis,</strong></span> <span class='ocrx_word' id='word_1_703' title='bbox 930 4780 1240 4822; x_wconf 84' lang='lat' dir='ltr'><strong>sermonem</strong></span> <span class='ocrx_word' id='word_1_704' title='bbox 1301 4768 1552 4822; x_wconf 87' lang='lat' dir='ltr'><strong>videlicet</strong></span> <span class='ocrx_word' id='word_1_705' title='bbox 1592 4767 1831 4822; x_wconf 63' lang='grc' dir='ltr'><strong>ἣξει-θιῐεὶ</strong></span> <span class='ocrx_word' id='word_1_706' title='bbox 1872 4767 2077 4822; x_wconf 90' lang='lat' dir='ltr'><strong>erroris</strong></span> <span class='ocrx_word' id='word_1_707' title='bbox 2102 4775 2158 4820; x_wconf 90' lang='lat' dir='ltr'><strong>et</strong></span> 
     </span>
    </p>
   </div>
   <div class='ocr_carea' id='block_1_95' title="bbox 580 4857 2153 4929">
    <p class='ocr_par' dir='ltr' id='par_1_95' title="bbox 580 4857 2153 4929">
     <span class='ocr_line' id='line_1_95' title="bbox 580 4857 2153 4929; baseline -0.001 -16"><span class='ocrx_word' id='word_1_708' title='bbox 580 4859 920 4915; x_wconf 74' lang='lat' dir='ltr'><strong>confusionis</strong></span> <span class='ocrx_word' id='word_1_709' title='bbox 953 4868 1049 4925; x_wconf 91' lang='lat' dir='ltr'><strong>;et</strong></span> <span class='ocrx_word' id='word_1_710' title='bbox 1074 4860 1219 4914; x_wconf 91' lang='lat' dir='ltr'><strong>dicet</strong></span> <span class='ocrx_word' id='word_1_711' title='bbox 1253 4875 1375 4929; x_wconf 60' lang='lat' dir='ltr'><strong>qua:</strong></span> <span class='ocrx_word' id='word_1_712' title='bbox 1401 4869 1725 4929; x_wconf 85' lang='lat' dir='ltr'><strong>sequuntur.</strong></span> <span class='ocrx_word' id='word_1_713' title='bbox 1752 4857 1958 4914; x_wconf 91' lang='lat' dir='ltr'><strong>Locum</strong></span> <span class='ocrx_word' id='word_1_714' title='bbox 1988 4858 2153 4913; x_wconf 90' lang='lat' dir='ltr'><strong>istum</strong></span> 
     </span>
    </p>
   </div>
   <div class='ocr_carea' id='block_1_96' title="bbox 578 4948 2155 5021">
    <p class='ocr_par' dir='ltr' id='par_1_96' title="bbox 578 4948 2155 5021">
     <span class='ocr_line' id='line_1_96' title="bbox 578 4948 2155 5021; baseline -0.004 -15"><span class='ocrx_word' id='word_1_715' title='bbox 578 4953 751 5008; x_wconf 80' lang='lat' dir='ltr'><strong>Judaei</strong></span> <span class='ocrx_word' id='word_1_716' title='bbox 810 4953 1241 5021; x_wconf 85' lang='lat' dir='ltr'><strong>interpretantur</strong></span> <span class='ocrx_word' id='word_1_717' title='bbox 1300 4951 1617 5013; x_wconf 88' lang='lat' dir='ltr'><strong>carnaliter,</strong></span> <span class='ocrx_word' id='word_1_718' title='bbox 1669 4948 1813 5019; x_wconf 91' lang='lat' dir='ltr'><strong>quod</strong></span> <span class='ocrx_word' id='word_1_719' title='bbox 1871 4957 2155 5019; x_wconf 87' lang='lat' dir='ltr'><strong>postquam</strong></span> 
     </span>
    </p>
   </div>
   <div class='ocr_carea' id='block_1_97' title="bbox 583 5041 2155 5111">
    <p class='ocr_par' dir='ltr' id='par_1_97' title="bbox 583 5041 2155 5111">
     <span class='ocr_line' id='line_1_97' title="bbox 583 5041 2155 5111; baseline -0.003 -16"><span class='ocrx_word' id='word_1_720' title='bbox 583 5042 785 5097; x_wconf 87' lang='lat' dir='ltr'><strong>reversi</strong></span> <span class='ocrx_word' id='word_1_721' title='bbox 818 5052 946 5098; x_wconf 88' lang='lat' dir='ltr'><strong>sunt</strong></span> <span class='ocrx_word' id='word_1_722' title='bbox 992 5042 1061 5096; x_wconf 92' lang='lat' dir='ltr'><strong>de</strong></span> <span class='ocrx_word' id='word_1_723' title='bbox 1091 5041 1386 5111; x_wconf 83' lang='lat' dir='ltr'><strong>Babylone,</strong></span> <span class='ocrx_word' id='word_1_724' title='bbox 1422 5041 1627 5096; x_wconf 81' lang='lat' dir='ltr'><strong>factum</strong></span> <span class='ocrx_word' id='word_1_725' title='bbox 1664 5055 1787 5094; x_wconf 87' lang='lat' dir='ltr'><strong>esse</strong></span> <span class='ocrx_word' id='word_1_726' title='bbox 1814 5041 2009 5093; x_wconf 88' lang='lat' dir='ltr'><strong>docere</strong></span> <span class='ocrx_word' id='word_1_727' title='bbox 2049 5053 2155 5091; x_wconf 90' lang='lat' dir='ltr'><strong>non</strong></span> 
     </span>
    </p>
   </div>
   <div class='ocr_carea' id='block_1_98' title="bbox 584 5130 2155 5204">
    <p class='ocr_par' dir='ltr' id='par_1_98' title="bbox 584 5130 2155 5204">
     <span class='ocr_line' id='line_1_98' title="bbox 584 5130 2155 5204; baseline -0.002 -19"><span class='ocrx_word' id='word_1_728' title='bbox 584 5142 856 5199; x_wconf 87' lang='lat' dir='ltr'><strong>poterunt.</strong></span> <span class='ocrx_word' id='word_1_729' title='bbox 886 5133 1089 5202; x_wconf 73' lang='lat' dir='ltr'><strong>,Neqne</strong></span> <span class='ocrx_word' id='word_1_730' title='bbox 1142 5133 1287 5186; x_wconf 90' lang='lat' dir='ltr'><strong>enim</strong></span> <span class='ocrx_word' id='word_1_731' title='bbox 1342 5131 1625 5204; x_wconf 85' lang='lat' dir='ltr'><strong>Babylonii</strong></span> <span class='ocrx_word' id='word_1_732' title='bbox 1682 5131 1993 5185; x_wconf 89' lang='lat' dir='ltr'><strong>servierunt</strong></span> <span class='ocrx_word' id='word_1_733' title='bbox 2052 5130 2155 5193; x_wconf 88' lang='lat' dir='ltr'><strong>eis,</strong></span> 
     </span>
    </p>
   </div>
   <div class='ocr_carea' id='block_1_99' title="bbox 655 5327 2150 5398">
    <p class='ocr_par' dir='ltr' id='par_1_99' title="bbox 655 5327 2150 5398">
     <span class='ocr_line' id='line_1_99' title="bbox 655 5327 2150 5398; baseline 0 -15"><span class='ocrx_word' id='word_1_734' title='bbox 655 5332 673 5363; x_wconf 80' lang='grc'>⁸</span> <span class='ocrx_word' id='word_1_735' title='bbox 715 5330 831 5383; x_wconf 87' lang='lat' dir='ltr'><strong>Non</strong></span> <span class='ocrx_word' id='word_1_736' title='bbox 872 5331 1091 5385; x_wconf 88' lang='lat' dir='ltr'><strong>videtur</strong></span> <span class='ocrx_word' id='word_1_737' title='bbox 1117 5348 1145 5386; x_wconf 89' lang='lat' dir='ltr'><strong>a</strong></span> <span class='ocrx_word' id='word_1_738' title='bbox 1171 5331 1277 5387; x_wconf 85' lang='lat' dir='ltr'><strong>Ger</strong></span> <span class='ocrx_word' id='word_1_739' title='bbox 1316 5344 1445 5384; x_wconf 87' lang='lat' dir='ltr'><strong>voce</strong></span> <span class='ocrx_word' id='word_1_740' title='bbox 1493 5327 1784 5393; x_wconf 83' lang='lat' dir='ltr'><strong>Hebraica,</strong></span> <span class='ocrx_word' id='word_1_741' title='bbox 1828 5332 1920 5383; x_wconf 89' lang='lat' dir='ltr'><strong>sed</strong></span> <span class='ocrx_word' id='word_1_742' title='bbox 1949 5344 1975 5381; x_wconf 91' lang='lat' dir='ltr'><strong>a</strong></span> <span class='ocrx_word' id='word_1_743' title='bbox 2007 5327 2150 5398; x_wconf 88' lang='lat' dir='ltr'><strong>Syro</strong></span> 
     </span>
    </p>
   </div>
   <div class='ocr_carea' id='block_1_100' title="bbox 586 5399 2151 5464">
    <p class='ocr_par' dir='ltr' id='par_1_100' title="bbox 586 5399 2151 5464">
     <span class='ocr_line' id='line_1_100' title="bbox 586 5399 2151 5464; baseline -0.001 -12"><span class='ocrx_word' id='word_1_744' title='bbox 586 5400 850 5457; x_wconf 71' lang='lat' dir='ltr'><strong>vocabulo</strong></span> <span class='ocrx_word' id='word_1_745' title='bbox 883 5399 1044 5455; x_wconf 81' lang='lat' dir='ltr'><strong>Giore</strong></span> <span class='ocrx_word' id='word_1_746' title='bbox 1100 5403 1300 5456; x_wconf 88' lang='lat' dir='ltr'><strong>factum</strong></span> <span class='ocrx_word' id='word_1_747' title='bbox 1353 5399 1576 5464; x_wconf 87' lang='lat' dir='ltr'><strong>Georas,</strong></span> <span class='ocrx_word' id='word_1_748' title='bbox 1633 5400 1815 5453; x_wconf 88' lang='lat' dir='ltr'><strong>addito</strong></span> <span class='ocrx_word' id='word_1_749' title='bbox 1851 5418 1898 5461; x_wconf 83' lang='grc' dir='ltr'><strong>ς,</strong></span> <span class='ocrx_word' id='word_1_750' title='bbox 1949 5399 2090 5452; x_wconf 91' lang='lat' dir='ltr'><strong>sicut</strong></span> <span class='ocrx_word' id='word_1_751' title='bbox 2120 5413 2151 5451; x_wconf 90' lang='lat' dir='ltr'><strong>a</strong></span> 
     </span>
    </p>
   </div>
   <div class='ocr_carea' id='block_1_101' title="bbox 584 5468 2159 5537">
    <p class='ocr_par' dir='ltr' id='par_1_101' title="bbox 584 5468 2159 5537">
     <span class='ocr_line' id='line_1_101' title="bbox 584 5468 2159 5537; baseline -0.001 -13"><span class='ocrx_word' id='word_1_752' title='bbox 584 5471 731 5525; x_wconf 81' lang='lat' dir='ltr'><strong>Juda</strong></span> <span class='ocrx_word' id='word_1_753' title='bbox 759 5471 955 5537; x_wconf 75' lang='lat' dir='ltr'><strong>ludas,</strong></span> <span class='ocrx_word' id='word_1_754' title='bbox 989 5481 1044 5526; x_wconf 90' lang='lat' dir='ltr'><strong>et</strong></span> <span class='ocrx_word' id='word_1_755' title='bbox 1074 5473 1156 5526; x_wconf 90' lang='lat' dir='ltr'><strong>his</strong></span> <span class='ocrx_word' id='word_1_756' title='bbox 1191 5471 1408 5527; x_wconf 87' lang='lat' dir='ltr'><strong>similia.</strong></span> <span class='ocrx_word' id='word_1_757' title='bbox 1442 5469 1505 5524; x_wconf 81' lang='lat' dir='ltr'><strong>Et</strong></span> <span class='ocrx_word' id='word_1_758' title='bbox 1535 5486 1563 5523; x_wconf 90' lang='lat' dir='ltr'><strong>a</strong></span> <span class='ocrx_word' id='word_1_759' title='bbox 1592 5468 1696 5523; x_wconf 86' lang='lat' dir='ltr'><strong>Ger</strong></span> <span class='ocrx_word' id='word_1_760' title='bbox 1726 5470 1941 5535; x_wconf 85' lang='lat' dir='ltr'><strong>quidem</strong></span> <span class='ocrx_word' id='word_1_761' title='bbox 1969 5469 2159 5522; x_wconf 71' lang='lat' dir='ltr'><strong>Graeca</strong></span> 
     </span>
    </p>
   </div>
   <div class='ocr_carea' id='block_1_102' title="bbox 585 5536 2159 5604">
    <p class='ocr_par' dir='ltr' id='par_1_102' title="bbox 585 5536 2159 5604">
     <span class='ocr_line' id='line_1_102' title="bbox 585 5536 2159 5604; baseline -0.003 -9"><span class='ocrx_word' id='word_1_762' title='bbox 585 5536 978 5595; x_wconf 80' lang='lat' dir='ltr'><strong>consuetudine</strong></span> <span class='ocrx_word' id='word_1_763' title='bbox 1007 5541 1389 5604; x_wconf 75' lang='lat' dir='ltr'><strong>declinandum</strong></span> <span class='ocrx_word' id='word_1_764' title='bbox 1433 5553 1602 5604; x_wconf 67' lang='lat' dir='ltr'><strong>esst-t,</strong></span> <span class='ocrx_word' id='word_1_765' title='bbox 1634 5538 1774 5593; x_wconf 86' lang='lat' dir='ltr'><strong>Gera</strong></span> <span class='ocrx_word' id='word_1_766' title='bbox 1824 5551 1913 5592; x_wconf 81' lang='lat' dir='ltr'><strong>aut</strong></span> <span class='ocrx_word' id='word_1_767' title='bbox 1969 5536 2159 5591; x_wconf 89' lang='lat' dir='ltr'><strong>Geras.</strong></span> 
     </span>
    </p>
   </div>
   <div class='ocr_carea' id='block_1_103' title="bbox 591 5610 2160 5679">
    <p class='ocr_par' dir='ltr' id='par_1_103' title="bbox 591 5610 2160 5679">
     <span class='ocr_line' id='line_1_103' title="bbox 591 5610 2160 5679; baseline -0.002 -15"><span class='ocrx_word' id='word_1_768' title='bbox 591 5612 797 5665; x_wconf 84' lang='lat' dir='ltr'><strong>Latiori</strong></span> <span class='ocrx_word' id='word_1_769' title='bbox 845 5613 1027 5679; x_wconf 89' lang='lat' dir='ltr'><strong>itaque</strong></span> <span class='ocrx_word' id='word_1_770' title='bbox 1063 5627 1225 5666; x_wconf 88' lang='lat' dir='ltr'><strong>sensu</strong></span> <span class='ocrx_word' id='word_1_771' title='bbox 1278 5610 1598 5664; x_wconf 82' lang='lat' dir='ltr'><strong>Hebraicum</strong></span> <span class='ocrx_word' id='word_1_772' title='bbox 1644 5610 1733 5664; x_wconf 91' lang='lat' dir='ltr'><strong>hic</strong></span> <span class='ocrx_word' id='word_1_773' title='bbox 1776 5610 1877 5663; x_wconf 93' lang='lat' dir='ltr'><strong>loci</strong></span> <span class='ocrx_word' id='word_1_774' title='bbox 1929 5610 2160 5662; x_wconf 79' lang='lat' dir='ltr'><strong>Hieron.</strong></span> 
     </span>
    </p>
   </div>
   <div class='ocr_carea' id='block_1_104' title="bbox 590 5681 1099 5751">
    <p class='ocr_par' dir='ltr' id='par_1_104' title="bbox 590 5681 1099 5751">
     <span class='ocr_line' id='line_1_104' title="bbox 590 5681 1099 5751; baseline 0.006 -19"><span class='ocrx_word' id='word_1_775' title='bbox 590 5698 686 5751; x_wconf 86' lang='lat' dir='ltr'><strong>pro</strong></span> <span class='ocrx_word' id='word_1_776' title='bbox 720 5681 855 5751; x_wconf 87' lang='lat' dir='ltr'><strong>Syro</strong></span> <span class='ocrx_word' id='word_1_777' title='bbox 882 5681 1099 5751; x_wconf 76' lang='lat' dir='ltr'><strong>accipit.</strong></span> 
     </span>
    </p>
   </div>
   <div class='ocr_carea' id='block_1_105' title="bbox 662 5747 2164 5822">
    <p class='ocr_par' dir='ltr' id='par_1_105' title="bbox 662 5747 2164 5822">
     <span class='ocr_line' id='line_1_105' title="bbox 662 5747 2164 5822; baseline -0.001 -19"><span class='ocrx_word' id='word_1_778' title='bbox 662 5752 683 5783; x_wconf 76' lang='grc'><strong><em>³</em></strong></span> <span class='ocrx_word' id='word_1_779' title='bbox 724 5747 803 5820; x_wconf 73' lang='grc' dir='ltr'><strong>Γῆ</strong></span> <span class='ocrx_word' id='word_1_780' title='bbox 833 5747 1016 5805; x_wconf 41' lang='lat' dir='ltr'><strong>enim!</strong></span> <span class='ocrx_word' id='word_1_781' title='bbox 1043 5749 1397 5822; x_wconf 83' lang='lat' dir='ltr'><strong>Manuscripti</strong></span> <span class='ocrx_word' id='word_1_782' title='bbox 1438 5751 1654 5808; x_wconf 84' lang='lat' dir='ltr'><strong>codices</strong></span> <span class='ocrx_word' id='word_1_783' title='bbox 1697 5749 1877 5819; x_wconf 72' lang='lat' dir='ltr'><strong>legunt</strong></span> <span class='ocrx_word' id='word_1_784' title='bbox 1909 5764 2030 5803; x_wconf 87' lang='lat' dir='ltr'><strong>eum</strong></span> <span class='ocrx_word' id='word_1_785' title='bbox 2058 5747 2164 5802; x_wconf 82' lang='lat' dir='ltr'><strong>La-</strong></span> 
     </span>
    </p>
   </div>
   <div class='ocr_carea' id='block_1_106' title="bbox 2258 4456 3831 4537">
    <p class='ocr_par' dir='ltr' id='par_1_106' title="bbox 2258 4456 3831 4537">
     <span class='ocr_line' id='line_1_106' title="bbox 2258 4456 3831 4537; baseline -0.01 -15"><span class='ocrx_word' id='word_1_786' title='bbox 2258 4476 2407 4533; x_wconf 89' lang='lat' dir='ltr'><strong>sunt,</strong></span> <span class='ocrx_word' id='word_1_787' title='bbox 2449 4460 2686 4537; x_wconf 82' lang='lat' dir='ltr'><strong>percutit</strong></span> <span class='ocrx_word' id='word_1_788' title='bbox 2737 4478 2856 4526; x_wconf 87' lang='lat' dir='ltr'><strong>nos,</strong></span> <span class='ocrx_word' id='word_1_789' title='bbox 2903 4463 3017 4517; x_wconf 88' lang='lat' dir='ltr'><strong>sive</strong></span> <span class='ocrx_word' id='word_1_790' title='bbox 3046 4459 3344 4530; x_wconf 86' lang='lat' dir='ltr'><strong>opprimit;</strong></span> <span class='ocrx_word' id='word_1_791' title='bbox 3380 4457 3504 4526; x_wconf 85' lang='lat' dir='ltr'><strong>quia</strong></span> <span class='ocrx_word' id='word_1_792' title='bbox 3553 4456 3831 4509; x_wconf 88' lang='lat' dir='ltr'><strong>noluimus</strong></span> 
     </span>
    </p>
   </div>
   <div class='ocr_carea' id='block_1_107' title="bbox 2257 4541 3833 4627">
    <p class='ocr_par' dir='ltr' id='par_1_107' title="bbox 2257 4541 3833 4627">
     <span class='ocr_line' id='line_1_107' title="bbox 2257 4541 3833 4627; baseline -0.011 -13"><span class='ocrx_word' id='word_1_793' title='bbox 2257 4561 2533 4614; x_wconf 88' lang='lat' dir='ltr'><strong>sustinere</strong></span> <span class='ocrx_word' id='word_1_794' title='bbox 2563 4557 2748 4627; x_wconf 74' lang='lat' dir='ltr'><strong>iugum</strong></span> <span class='ocrx_word' id='word_1_795' title='bbox 2784 4554 3140 4616; x_wconf 84' lang='lat' dir='ltr'><strong>levissimum,</strong></span> <span class='ocrx_word' id='word_1_796' title='bbox 3162 4552 3350 4619; x_wconf 84' lang='lat' dir='ltr'><strong>jugum</strong></span> <span class='ocrx_word' id='word_1_797' title='bbox 3383 4541 3833 4600; x_wconf 88' lang='lat' dir='ltr'><strong>Salvatoris.Hoc</strong></span> 
     </span>
    </p>
   </div>
   <div class='ocr_carea' id='block_1_108' title="bbox 2258 4636 3832 4713">
    <p class='ocr_par' dir='ltr' id='par_1_108' title="bbox 2258 4636 3832 4713">
     <span class='ocr_line' id='line_1_108' title="bbox 2258 4636 3832 4713; baseline -0.01 -7"><span class='ocrx_word' id='word_1_798' title='bbox 2258 4663 2441 4706; x_wconf 88' lang='lat' dir='ltr'><strong>autem</strong></span> <span class='ocrx_word' id='word_1_799' title='bbox 2501 4650 2693 4704; x_wconf 89' lang='lat' dir='ltr'><strong>baculo</strong></span> <span class='ocrx_word' id='word_1_800' title='bbox 2729 4655 2785 4701; x_wconf 92' lang='lat' dir='ltr'><strong>et</strong></span> <span class='ocrx_word' id='word_1_801' title='bbox 2822 4645 2925 4700; x_wconf 86' lang='lat' dir='ltr'><strong>hac</strong></span> <span class='ocrx_word' id='word_1_802' title='bbox 2960 4646 3136 4713; x_wconf 86' lang='lat' dir='ltr'><strong>virga,</strong></span> <span class='ocrx_word' id='word_1_803' title='bbox 3186 4639 3472 4695; x_wconf 86' lang='lat' dir='ltr'><strong>insanabili</strong></span> <span class='ocrx_word' id='word_1_804' title='bbox 3507 4647 3695 4708; x_wconf 86' lang='lat' dir='ltr'><strong>gentes</strong></span> <span class='ocrx_word' id='word_1_805' title='bbox 3749 4636 3832 4692; x_wconf 84' lang='lat' dir='ltr'><strong>fu-</strong></span> 
     </span>
    </p>
   </div>
   <div class='ocr_carea' id='block_1_109' title="bbox 2259 4730 3832 4808">
    <p class='ocr_par' dir='ltr' id='par_1_109' title="bbox 2259 4730 3832 4808">
     <span class='ocr_line' id='line_1_109' title="bbox 2259 4730 3832 4808; baseline -0.011 -9"><span class='ocrx_word' id='word_1_806' title='bbox 2259 4760 2383 4800; x_wconf 90' lang='lat' dir='ltr'><strong>rore</strong></span> <span class='ocrx_word' id='word_1_807' title='bbox 2445 4743 2706 4808; x_wconf 69' lang='lat' dir='ltr'><strong>caedebat,</strong></span> <span class='ocrx_word' id='word_1_808' title='bbox 2741 4748 2798 4793; x_wconf 91' lang='lat' dir='ltr'><strong>et</strong></span> <span class='ocrx_word' id='word_1_809' title='bbox 2845 4736 3112 4806; x_wconf 89' lang='lat' dir='ltr'><strong>fugientes</strong></span> <span class='ocrx_word' id='word_1_810' title='bbox 3157 4732 3581 4803; x_wconf 86' lang='lat' dir='ltr'><strong>persequebatur</strong></span> <span class='ocrx_word' id='word_1_811' title='bbox 3631 4730 3832 4783; x_wconf 84' lang='lat' dir='ltr'><strong>crude-</strong></span> 
     </span>
    </p>
   </div>
   <div class='ocr_carea' id='block_1_110' title="bbox 2258 4817 3836 4892">
    <p class='ocr_par' dir='ltr' id='par_1_110' title="bbox 2258 4817 3836 4892">
     <span class='ocr_line' id='line_1_110' title="bbox 2258 4817 3836 4892; baseline -0.013 -1"><span class='ocrx_word' id='word_1_812' title='bbox 2258 4836 2431 4892; x_wconf 85' lang='lat' dir='ltr'><strong>liter:</strong></span> <span class='ocrx_word' id='word_1_813' title='bbox 2487 4849 2592 4888; x_wconf 91' lang='lat' dir='ltr'><strong>non</strong></span> <span class='ocrx_word' id='word_1_814' title='bbox 2643 4829 2932 4887; x_wconf 90' lang='lat' dir='ltr'><strong>emendare</strong></span> <span class='ocrx_word' id='word_1_815' title='bbox 2992 4826 3179 4880; x_wconf 88' lang='lat' dir='ltr'><strong>volens</strong></span> <span class='ocrx_word' id='word_1_816' title='bbox 3239 4822 3482 4887; x_wconf 88' lang='lat' dir='ltr'><strong>traditos,</strong></span> <span class='ocrx_word' id='word_1_817' title='bbox 3539 4817 3632 4874; x_wconf 87' lang='lat' dir='ltr'><strong>sed</strong></span> <span class='ocrx_word' id='word_1_818' title='bbox 3684 4818 3836 4871; x_wconf 85' lang='lat' dir='ltr'><strong>occi—</strong></span> 
     </span>
    </p>
   </div>
   <div class='ocr_carea' id='block_1_111' title="bbox 2258 4937 2408 4983">
    <p class='ocr_par' dir='ltr' id='par_1_111' title="bbox 2258 4937 2408 4983">
     <span class='ocr_line' id='line_1_111' title="bbox 2258 4937 2408 4983; baseline -0.02 0"><span class='ocrx_word' id='word_1_819' title='bbox 2258 4937 2408 4983; x_wconf 80' lang='lat' dir='ltr'><strong>dere.</strong></span> 
     </span>
    </p>
   </div>
   <div class='ocr_carea' id='block_1_112' title="bbox 2332 5004 3835 5089">
    <p class='ocr_par' dir='ltr' id='par_1_112' title="bbox 2332 5004 3835 5089">
     <span class='ocr_line' id='line_1_112' title="bbox 2332 5004 3835 5089; baseline -0.013 -14"><span class='ocrx_word' id='word_1_820' title='bbox 2332 5019 2511 5089; x_wconf 75' lang='lat' dir='ltr'><strong>(Vers.</strong></span> <span class='ocrx_word' id='word_1_821' title='bbox 2539 5015 2573 5069; x_wconf 84' lang='lat'><strong>7</strong></span> <span class='ocrx_word' id='word_1_822' title='bbox 2596 5014 2773 5086; x_wconf 90' lang='lat' dir='ltr'><strong>seqq.)</strong></span> <span class='ocrx_word' id='word_1_823' title='bbox 2793 5030 2813 5064; x_wconf 79' lang='lat' dir='ltr'><strong>t</strong></span> <span class='ocrx_word' id='word_1_824' title='bbox 2842 5010 3162 5081; x_wconf 90' lang='lat' dir='ltr'><strong>Conquievit</strong></span> <span class='ocrx_word' id='word_1_825' title='bbox 3189 5018 3244 5064; x_wconf 90' lang='lat' dir='ltr'><strong>et</strong></span> <span class='ocrx_word' id='word_1_826' title='bbox 3266 5007 3416 5063; x_wconf 86' lang='lat' dir='ltr'><strong>siluit</strong></span> <span class='ocrx_word' id='word_1_827' title='bbox 3443 5004 3621 5061; x_wconf 89' lang='lat' dir='ltr'><strong>omnis</strong></span> <span class='ocrx_word' id='word_1_828' title='bbox 3653 5013 3835 5058; x_wconf 82' lang='lat' dir='ltr'><strong>terra:</strong></span> 
     </span>
    </p>
   </div>
   <div class='ocr_carea' id='block_1_113' title="bbox 2260 5096 3836 5183">
    <p class='ocr_par' dir='ltr' id='par_1_113' title="bbox 2260 5096 3836 5183">
     <span class='ocr_line' id='line_1_113' title="bbox 2260 5096 3836 5183; baseline -0.011 -18"><span class='ocrx_word' id='word_1_829' title='bbox 2260 5113 2440 5183; x_wconf 76' lang='lat' dir='ltr'><strong>gavisa</strong></span> <span class='ocrx_word' id='word_1_830' title='bbox 2488 5119 2595 5175; x_wconf 90' lang='lat' dir='ltr'><strong>est,</strong></span> <span class='ocrx_word' id='word_1_831' title='bbox 2622 5118 2676 5164; x_wconf 89' lang='lat' dir='ltr'><strong>et</strong></span> <span class='ocrx_word' id='word_1_832' title='bbox 2705 5105 3047 5162; x_wconf 80' lang='lat' dir='ltr'><strong>exsultavit:</strong></span> <span class='ocrx_word' id='word_1_833' title='bbox 3100 5105 3309 5159; x_wconf 87' lang='lat' dir='ltr'><strong>abietes</strong></span> <span class='ocrx_word' id='word_1_834' title='bbox 3368 5113 3583 5171; x_wconf 88' lang='lat' dir='ltr'><strong>quoque</strong></span> <span class='ocrx_word' id='word_1_835' title='bbox 3638 5096 3836 5151; x_wconf 67' lang='lat' dir='ltr'><strong>Iaztaue</strong></span> 
     </span>
    </p>
   </div>
   <div class='ocr_carea' id='block_1_114' title="bbox 2261 5304 3835 5387">
    <p class='ocr_par' dir='ltr' id='par_1_114' title="bbox 2261 5304 3835 5387">
     <span class='ocr_line' id='line_1_114' title="bbox 2261 5304 3835 5387; baseline -0.014 -13"><span class='ocrx_word' id='word_1_836' title='bbox 2261 5319 2393 5374; x_wconf 89' lang='lat' dir='ltr'><strong>tinis</strong></span> <span class='ocrx_word' id='word_1_837' title='bbox 2415 5316 2698 5371; x_wconf 89' lang='lat' dir='ltr'><strong>elementis</strong></span> <span class='ocrx_word' id='word_1_838' title='bbox 2735 5332 2817 5386; x_wconf 76' lang='lat' dir='ltr'><strong>ge,</strong></span> <span class='ocrx_word' id='word_1_839' title='bbox 2847 5321 2902 5369; x_wconf 89' lang='lat' dir='ltr'><strong>et</strong></span> <span class='ocrx_word' id='word_1_840' title='bbox 2928 5328 3026 5387; x_wconf 78' lang='lat' dir='ltr'><strong>ora</strong></span> <span class='ocrx_word' id='word_1_841' title='bbox 3065 5319 3121 5366; x_wconf 90' lang='lat' dir='ltr'><strong>et</strong></span> <span class='ocrx_word' id='word_1_842' title='bbox 3154 5308 3412 5378; x_wconf 76' lang='lat' dir='ltr'><strong>phrontis.</strong></span> <span class='ocrx_word' id='word_1_843' title='bbox 3481 5304 3654 5387; x_wconf 63' lang='lat' dir='ltr'><strong>$npra</strong></span> <span class='ocrx_word' id='word_1_844' title='bbox 3695 5318 3835 5384; x_wconf 72' lang='lat' dir='ltr'><strong>quo-</strong></span> 
     </span>
    </p>
   </div>
   <div class='ocr_carea' id='block_1_115' title="bbox 2261 5382 3834 5460">
    <p class='ocr_par' dir='ltr' id='par_1_115' title="bbox 2261 5382 3834 5460">
     <span class='ocr_line' id='line_1_115' title="bbox 2261 5382 3834 5460; baseline -0.013 -17"><span class='ocrx_word' id='word_1_845' title='bbox 2261 5406 2369 5460; x_wconf 90' lang='lat' dir='ltr'><strong>que</strong></span> <span class='ocrx_word' id='word_1_846' title='bbox 2420 5382 2791 5460; x_wconf 68' lang='lat' dir='ltr'><strong>indifferenter</strong></span> <span class='ocrx_word' id='word_1_847' title='bbox 2811 5382 3291 5460; x_wconf 62' lang='lat' dir='ltr'><strong>__r_eti_ttentgeoras</strong></span> <span class='ocrx_word' id='word_1_848' title='bbox 3348 5388 3402 5431; x_wconf 91' lang='lat' dir='ltr'><strong>et</strong></span> <span class='ocrx_word' id='word_1_849' title='bbox 3448 5382 3625 5460; x_wconf 10' lang='lat' dir='ltr'><strong>giogras</strong></span> <span class='ocrx_word' id='word_1_850' title='bbox 3644 5388 3686 5458; x_wconf 53' lang='lat'><strong>;&#39;</strong></span> <span class='ocrx_word' id='word_1_851' title='bbox 3705 5382 3834 5460; x_wconf 84' lang='lat' dir='ltr'><strong>quia</strong></span> 
     </span>
    </p>
   </div>
   <div class='ocr_carea' id='block_1_116' title="bbox 2266 5446 3835 5525">
    <p class='ocr_par' dir='ltr' id='par_1_116' title="bbox 2266 5446 3835 5525">
     <span class='ocr_line' id='line_1_116' title="bbox 2266 5446 3835 5525; baseline -0.008 -11"><span class='ocrx_word' id='word_1_852' title='bbox 2266 5446 2370 5515; x_wconf 76' lang='lat' dir='ltr'><strong>hoc</strong></span> <span class='ocrx_word' id='word_1_853' title='bbox 2389 5473 2586 5513; x_wconf 90' lang='lat' dir='ltr'><strong>nomen</strong></span> <span class='ocrx_word' id='word_1_854' title='bbox 2609 5459 2745 5525; x_wconf 86' lang='lat' dir='ltr'><strong>apud</strong></span> <span class='ocrx_word' id='word_1_855' title='bbox 2768 5452 2908 5507; x_wconf 79' lang='lat' dir='ltr'><strong>LXX</strong></span> <span class='ocrx_word' id='word_1_856' title='bbox 2934 5446 3125 5525; x_wconf 75' lang='lat' dir='ltr'><strong>legitur</strong></span> <span class='ocrx_word' id='word_1_857' title='bbox 3155 5446 3413 5518; x_wconf 76' lang='grc' dir='ltr'><strong>γειώρας,</strong></span> <span class='ocrx_word' id='word_1_858' title='bbox 3445 5458 3551 5497; x_wconf 91' lang='lat' dir='ltr'><strong>non</strong></span> <span class='ocrx_word' id='word_1_859' title='bbox 3577 5446 3835 5525; x_wconf 67' lang='grc' dir='ltr'><strong>γηώρᾳς.</strong></span> 
     </span>
    </p>
   </div>
   <div class='ocr_carea' id='block_1_117' title="bbox 2262 5522 3840 5589">
    <p class='ocr_par' dir='ltr' id='par_1_117' title="bbox 2262 5522 3840 5589">
     <span class='ocr_line' id='line_1_117' title="bbox 2262 5522 3840 5589; baseline -0.012 -6"><span class='ocrx_word' id='word_1_860' title='bbox 2262 5548 2311 5583; x_wconf 84' lang='grc' dir='ltr'><strong>ει</strong></span> <span class='ocrx_word' id='word_1_861' title='bbox 2344 5540 2523 5583; x_wconf 89' lang='lat' dir='ltr'><strong>autem</strong></span> <span class='ocrx_word' id='word_1_862' title='bbox 2556 5522 2804 5581; x_wconf 59' lang='lat' dir='ltr'><strong>Graecum</strong></span> <span class='ocrx_word' id='word_1_863' title='bbox 2832 5522 2971 5589; x_wconf 87' lang='lat' dir='ltr'><strong>peri</strong></span> <span class='ocrx_word' id='word_1_864' title='bbox 3014 5526 3092 5575; x_wconf 90' lang='lat' dir='ltr'><strong>vel</strong></span> <span class='ocrx_word' id='word_1_865' title='bbox 3132 5536 3160 5573; x_wconf 85' lang='lat' dir='ltr'><strong>e</strong></span> <span class='ocrx_word' id='word_1_866' title='bbox 3207 5530 3524 5586; x_wconf 84' lang='lat' dir='ltr'><strong>expressum</strong></span> <span class='ocrx_word' id='word_1_867' title='bbox 3564 5522 3840 5583; x_wconf 79' lang='lat' dir='ltr'><strong>reperitur</strong></span> 
     </span>
    </p>
   </div>
   <div class='ocr_carea' id='block_1_118' title="bbox 2263 5594 3237 5672">
    <p class='ocr_par' dir='ltr' id='par_1_118' title="bbox 2263 5594 3237 5672">
     <span class='ocr_line' id='line_1_118' title="bbox 2263 5594 3237 5672; baseline -0.009 -19"><span class='ocrx_word' id='word_1_868' title='bbox 2263 5598 2695 5672; x_wconf 76' lang='lat' dir='ltr'><strong>apud_Latinos.</strong></span> <span class='ocrx_word' id='word_1_869' title='bbox 2713 5594 3000 5672; x_wconf 50' lang='lat' dir='ltr'><strong>litterata:</strong></span> <span class='ocrx_word' id='word_1_870' title='bbox 3025 5662 3035 5672; x_wconf 43' lang='lat'>.</span> <span class='ocrx_word' id='word_1_871' title='bbox 3103 5657 3124 5672; x_wconf 37' lang='grc' dir='ltr'><em>ρ</em></span> <span class='ocrx_word' id='word_1_872' title='bbox 3224 5658 3237 5670; x_wconf 48' lang='grc'><strong>.</strong></span> 
     </span>
    </p>
   </div>
   <div class='ocr_carea' id='block_1_119' title="bbox 2337 5657 3611 5731">
    <p class='ocr_par' dir='ltr' id='par_1_119' title="bbox 2337 5657 3611 5731">
     <span class='ocr_line' id='line_1_119' title="bbox 2337 5657 3611 5731; baseline -0.012 -8"><span class='ocrx_word' id='word_1_873' title='bbox 2337 5672 2356 5703; x_wconf 89' lang='grc'><em>³</em></span> <span class='ocrx_word' id='word_1_874' title='bbox 2396 5667 2670 5731; x_wconf 81' lang='lat' dir='ltr'><strong>Martiau.,</strong></span> <span class='ocrx_word' id='word_1_875' title='bbox 2707 5665 2759 5718; x_wconf 83' lang='lat' dir='ltr'><strong>in</strong></span> <span class='ocrx_word' id='word_1_876' title='bbox 2794 5662 3068 5719; x_wconf 80' lang='lat' dir='ltr'><strong>Corinthio</strong></span> <span class='ocrx_word' id='word_1_877' title='bbox 3096 5657 3467 5729; x_wconf 78' lang='lat' dir='ltr'><strong>fornicantem,</strong></span> <span class='ocrx_word' id='word_1_878' title='bbox 3499 5664 3611 5709; x_wconf 87' lang='lat' dir='ltr'><strong>etc.</strong></span> 
     </span>
    </p>
   </div>
  </div>
