3972 6198
169 327 297 405 225

768 337 1265 403 COMMENTAR.
1309 342 1390 403 ΙΝ
1428 341 1693 405 ISAIAM
1732 343 2199 407 PROPBETAM
2233 343 2384 409 LIB.
2425 347 2526 423 Vl,
2580 347 2740 414 CAP.
2775 351 2933 416 XIV.

3369 355 3482 419 22-3

185 459 330 508 sunt
368 465 540 521 super
586 458 664 519 te,
700 458 756 506 et
799 435 947 504 cedri
981 448 1196 505 Libani.
1233 448 1313 505 Ex
1360 466 1468 520 quo
1509 453 1782 521 dormisti,
1811 464 1860 521 Α
1887 463 1942 509 tu
1977 455 2296 512 vulneratus
2321 467 2376 513 et
2405 466 2605 530 captus
2635 477 2719 527 es,
2757 463 3039 533 nostrique
3080 464 3276 546 similis
3307 467 3477 524 εσθαι

182 559 302 598 non
353 542 617 598 ascendet
671 541 765 612 qui
811 542 1058 597 succidat
1097 556 1239 597 nos:
1291 543 1539 601 infernus
1601 545 1793 601 subter

180 638 568 692 conturbatus
603 643 688 691 est
721 651 738 691 :
778 634 832 688 in
863 648 1155 688 occursum
1203 634 1467 692 adventus
1498 638 1574 692 tui
1609 638 1786 692 susci-

182 731 331 782 tavit
357 729 456 783 tibi
489 730 759 798 gigantes.
785 725 993 782 Omnes
1029 726 1306 795 principes
1338 737 1499 783 terra:
1527 743 1784 784 surrexe-

179 832 323 876 runt
374 823 442 875 de
475 821 637 874 soliis
695 818 1077 884 suis;omnes
1137 817 1414 888 principes
1475 820 1784 886 nationum,

183 913 442 967 universi
498 909 929 979 respondebunt,
965 917 1022 963 et
1049 907 1235 963 dicent
1281 907 1378 964 tibi
1410 927 1427 964 :
1457 909 1528 964 Et
1572 918 1628 965 tu
1673 910 1790 964 vul-

187 1017 423 1057 neratus
455 1019 517 1058 es
551 1007 693 1057 sicut
714 1016 838 1067 nos,
867 1001 1044 1054 nostri
1067 998 1262 1054 similis
1291 998 1520 1056 eﬂectus
1547 1003 1652 1057 es?
1681 1000 1789 1056 Deo

190 1106 376 1149 tracta
400 1108 486 1150 est
520 1096 586 1149 ad
620 1093 828 1149 inferos
853 1091 1106 1162 superbia
1132 1099 1250 1156 tua,
1274 1093 1515 1147 concidit
1541 1095 1784 1151 cadaver

191 1203 347 1242 tuum
379 1206 394 1252 ;
424 1187 614 1241 subter
654 1195 706 1241 te
747 1193 1029 1240 sternetur
1052 1185 1225 1252 tinea,
1255 1186 1488 1253 putredo
1527 1184 1546 1216 ³
1572 1195 1624 1241 et
1659 1200 1792 1256 ope-

193 1283 499 1334 rimentum
529 1290 681 1332 tuum
713 1285 877 1332 erunt
907 1290 1145 1336 vermes.
1173 1293 1193 1329 υ
1218 1276 1301 1332 Ad
1327 1276 1608 1333 interitum
1648 1278 1791 1349 regis

186 1375 374 1442 impii,
415 1373 508 1440 qui
543 1369 884 1440 percutiebat
923 1369 1080 1440 plaga
1116 1370 1400 1424 insanabili
1433 1371 1705 1439 nationes,
1735 1380 1792 1426 et

189 1467 632 1533 persequebatur
661 1476 757 1516 eas
785 1461 1104 1527 crudeliter,
1133 1461 1313 1517 omnis
1348 1469 1493 1518 terra
1530 1465 1790 1532 conquie-

191 1561 273 1609 vit
340 1567 394 1609 et
442 1552 615 1618 siluit,
677 1568 800 1622 qua
851 1553 1001 1634 prius
1051 1553 1334 1609 turbarum
1396 1563 1453 1609 et
1503 1555 1791 1613 seditionis

187 1651 353 1719 plena
387 1659 528 1712 erat,
563 1647 616 1700 in
645 1653 864 1699 tantum
917 1653 978 1699 ut
1024 1645 1231 1700 abietes
1283 1654 1340 1700 et
1386 1646 1534 1701 cedri
1590 1646 1787 1702 Libani

188 1745 534 1802 celarentur,
579 1738 646 1793 de
697 1737 893 1806 quibus
966 1736 1021 1791 in
1065 1735 1296 1792 Psalmis
1345 1737 1606 1808 scriptum
1649 1749 1733 1795 est
1769 1753 1788 1798 :

1895 557 1982 605 tus
2005 565 2021 616 ;
2050 559 2110 604 ut
2129 558 2283 620 quos
2312 551 2364 606 in
2387 561 2531 606 terra
2573 552 2810 623 dignitas
2863 558 3161 628 separavit,
3203 561 3350 630 apud
3395 563 3479 615 in-

1892 640 2041 698 feros
2068 653 2228 710 pana
2298 645 2599 700 consociet.
2637 644 2896 701 Detracta
2940 659 3018 702 est
3048 648 3120 703 ad
3157 651 3358 718 inferos
3383 669 3477 708 stt-

1890 729 2094 798 perbt'a,
2131 729 2214 786 vel
2276 730 2450 801 gloria
2502 740 2618 797 tua,
2657 744 2705 787 et
2763 736 2990 790 concidit
3034 737 3263 793 cadaver
3305 749 3475 810 tuum,

1892 821 2030 884 sive,
2063 828 2122 874 ut
2159 819 2302 875 LXX
2335 823 2755 891 transtulerunt,
2789 828 2959 880 multa
2991 827 3184 884 ltetitia
3217 842 3328 896 tua,
3368 849 3474 902 qua

1889 911 2044 980 prius
2097 913 2362 982 subjectis
2400 913 2496 967 tibi
2543 916 2798 984 gentibus
2841 918 3133 975 laetabaris.
3180 919 3374 977 Subter
3427 933 3476 979 te

1888 1009 2154 1054 sternetur
2185 1003 2349 1064 tinea,
2381 1004 2602 1071 putredo
2629 1015 2676 1057 et
2733 1008 3109 1070 operimentum
3137 1019 3284 1063 tuum
3318 1024 3471 1068 erunt

1887 1105 2103 1145 vermes.
2138 1090 2265 1147 Haec
2307 1095 2524 1162 requies
2560 1096 2782 1162 diaboli,
2825 1097 2926 1152 iste
2943 1100 3125 1168 lectus
3163 1107 3469 1170 tentatoris,

1894 1185 1987 1254 qui
2023 1185 2080 1240 in
2127 1195 2333 1240 tantam
2366 1197 2580 1242 erectus
2602 1200 2685 1244 est
2715 1192 3056 1261 superbiam,
3085 1198 3333 1250 utetiam
3369 1197 3473 1252 Do-

1894 1277 2101 1330 tninum
2163 1277 2390 1332 auderet
2444 1288 2654 1336 tentare
2684 1281 2926 1341 dicens:
2961 1282 3092 1339 Hac
3142 1289 3322 1342 omnia
3381 1290 3477 1344 tibi

1889 1367 2048 1433 dabo,
2084 1369 2132 1422 si
2189 1369 2466 1438 procidens
2520 1374 2823 1427 adorareris
2887 1391 2970 1429 me
3010 1375 3230 1445 (Matth.
3284 1395 3360 1445 tv,
3392 1381 3469 1449 9).

1889 1457 2150 1526 Putredo,
2206 1469 2260 1514 et
2289 1463 2478 1527 tinea,
2504 1473 2558 1516 et
2596 1465 2997 1533 operimentum
3053 1470 3342 1533 vermium,
3396 1472 3477 1526 vel

1891 1562 2066 1618 pana:
2114 1552 2493 1622 intelliguntur
2551 1563 2787 1620 internae,
2819 1571 2958 1626 quas
3021 1561 3240 1629 propria
3299 1563 3474 1632 gignit

1890 1642 2247 1705 conscientia,
2274 1645 2355 1696 vel
2391 1645 2784 1713 suppliciorum
2812 1650 3061 1716 materia,
3085 1666 3210 1719 quae
3241 1665 3304 1706 ex
3343 1669 3470 1722 pro-

1893 1736 2024 1804 priis
2059 1737 2300 1805 peccatis
2329 1739 2592 1792 nascitur.
2625 1738 2778 1793 Sicut
2824 1740 2972 1794 enim
3009 1743 3268 1809 quamdiu
3301 1749 3468 1799 cada-

201 1833 429 1884 Vineam
477 1831 542 1884 de
591 1828 829 1900 AE'gypto
874 1830 1219 1897 transtulisti,
1264 1831 1466 1899 ejecisti
1507 1840 1707 1902 gentes,
1736 1841 1786 1886 et
1819 1817 1860 1873 Β
1893 1826 2036 1880 veris
2079 1829 2304 1880 materia
2337 1839 2442 1893 est,
2468 1838 2523 1883 et
2565 1830 2762 1898 aliquis
2821 1833 3021 1886 humor
3078 1834 3133 1887 in
3179 1837 3469 1902 cadavere,

188 1922 457 1992 plantusti
503 1938 642 1976 eam.
696 1920 918 1990 Operuit
965 1930 1165 1975 montes
1206 1923 1391 1975 umbra
1442 1923 1580 1992 ejus.
1611 1932 1662 1978 et
1694 1939 1786 1978 ar-

188 2018 350 2069 busta
380 2015 493 2084 ejus
520 2013 705 2067 cedrus
743 2012 836 2066 Dei
863 2012 1036 2084 (Psal.
1080 2029 1264 2079 um,
1296 2013 1380 2083 9).
1416 2013 1526 2069 Has
1581 2015 1784 2072 cedros

195 2106 318 2169 Dei,
353 2107 481 2174 quia
522 2104 818 2174 aliquando
843 2114 1231 2173 peccaverunt,
1263 2103 1490 2159 tradidit
1521 2104 1786 2162 Dominus

194 2199 483 2268 suppliciis
504 2201 887 2251 conterendas.
910 2194 1067 2251 Unde
1099 2196 1152 2251 in
1182 2196 1286 2252 alio
1313 2199 1521 2268 psalmo
1541 2197 1741 2253 dicitur
1765 2213 1784 2257 :

195 2292 446 2346 Conterel
495 2290 750 2345 Dominus
797 2286 978 2342 cedros
1020 2287 1213 2343 Libani
1239 2287 1415 2360 (Psal.
1451 2303 1648 2352 xxvm,
1687 2287 1766 2355 5).

196 2383 426 2438 Abietes
459 2392 637 2436 autem
695 2380 897 2435 excelsi
926 2380 1152 2451 quique,
1186 2390 1241 2435 et
1281 2380 1333 2434 in
1366 2379 1579 2434 Domini
1615 2379 1787 2435 servi-

198 2486 318 2527 tute
367 2472 622 2528 sublimes
682 2472 882 2528 debent
937 2472 1131 2542 accipi,
1171 2488 1294 2544 quae
1345 2486 1588 2528 consona
1649 2485 1784 2526 voce

193 2561 460 2615 dixerunt
493 2577 510 2616 :
542 2558 626 2616 Ea:
659 2577 762 2632 quo
791 2571 849 2616 tu
878 2563 1148 2617 dormisti.
1184 2561 1323 2616 Nota
1375 2564 1515 2631 quod
1546 2571 1602 2617 et
1636 2576 1788 2616 mor-

196 2656 271 2708 tis
323 2670 488 2722 mors,
520 2656 829 2726 appellatur
880 2653 1166 2710 dormitio.
1203 2653 1329 2709 Non
1385 2655 1631 2708 ascendet
1694 2654 1785 2724 qui

191 2747 439 2801 succida!
489 2764 603 2803 nos.
652 2748 806 2804 Victo
856 2749 1002 2803 enim
1067 2747 1220 2811 forti,
1255 2758 1309 2802 et
1351 2748 1579 2816 direptis
1636 2748 1783 2803 vasis

192 2839 344 2908 ejus,
380 2840 540 2894 etiam
579 2841 762 2896 caeteri
813 2840 1077 2895 satellites
1127 2849 1481 2895 corruerunt.
1527 2837 1682 2894 Unde
1724 2843 1782 2893 et

194 2932 464 2987 Dominus
494 2931 730 3001 loquitur
760 2931 814 2984 in
865 2931 1160 3000 Evangelia
1192 2929 1420 3001 (Matth.
1463 2944 1592 2995 xxv,
1633 2929 1772 2998 il):

193 3024 283 3079 Ite
336 3023 386 3076 in
436 3025 602 3095 ignem
653 3033 927 3090 aeternum,
957 3021 1120 3092 250
1173 3024 1264 3092 qui
1306 3031 1642 3092 prteparatus
1700 3027 1778 3074 est

190 3115 414 3170 diabolo
451 3126 498 3170 et
525 3114 720 3182 angelis
759 3113 900 3184 ejus.
964 3115 1208 3180 Quantos
1244 3111 1331 3167 isti
1373 3113 1642 3182 lignorum
1684 3125 1772 3164 ar-

191 3210 511 3278 borumque
560 3221 795 3262 caesores
833 3205 951 3261 suis
987 3204 1272 3261 securibus
1316 3203 1686 3267 succiderunt,
1725 3209 1780 3255 et

191 3305 381 3359 fecere
440 3302 752 3357 corruere?
799 3298 1054 3355 infernus
1122 3293 1348 3369 quoque~
1394 3299 1779 3361 conturbatus,

193 3399 319 3453 sive
348 3409 534 3450 versus
562 3392 615 3446 in
643 3391 1083 3456 amaritudinem,
1117 3390 1174 3443 in
1221 3403 1516 3444 occursum
1569 3388 1774 3441 adven-

195 3499 288 3543 tus
321 3486 430 3541 veri
481 3482 1010 3547 Nabuchodonosor,
1065 3479 1218 3535 locus
1253 3478 1650 3549 suppliciorum
1685 3484 1780 3531 at-

192 3597 306 3654 que
335 3579 667 3633 cruciatuum
691 3586 794 3644 est,
830 3576 885 3630 in
925 3589 1033 3646 quo
1059 3573 1277 3630 videtur
1315 3571 1465 3627 dives
1493 3583 1767 3640 purpura-

195 3681 288 3725 tus
318 3669 426 3736 :jad
477 3682 638 3738 quem
673 3667 956 3722 descendit
987 3666 1010 3696 ’
1040 3673 1094 3719 et
1148 3663 1436 3727 Dominus,
1471 3671 1530 3716 ut
1571 3663 1781 3717 vinctos

193 3767 260 3818 de
280 3775 503 3817 carcere
527 3760 844 3813 dimitteret.
868 3757 1171 3812 Possumus
1196 3755 1471 3810 infernum
1491 3769 1782 3809 occurren-

198 3863 309 3906 tem
347 3853 538 3908 dicere
558 3861 610 3906 et
640 3866 765 3905 eum
809 3848 1060 3919 angelum
1085 3849 1178 3917 qui
1212 3846 1407 3902 inferis
1436 3847 1612 3916 poenis
1643 3861 1780 3914 pra:-

194 3944 404 4011 positus
427 3952 534 4006 est,
574 3941 666 4010 qui
695 3939 978 3994 suscitavit
1006 3951 1195 3991 omnes
1221 3936 1468 4007 gigantes
1495 3953 1509 3990 :
1532 3951 1636 4007 pro
1667 3951 1778 4006 quo

195 4035 285 4088 alii
322 4032 614 4102 Raphaim,
660 4032 751 4085 alii
793 4028 1016 4084 Titanas
1065 4027 1482 4082 transtulerunt.
1520 4026 1778 4098 Gigantes

194 4135 375 4179 autem
421 4132 687 4179 vocantur
715 4123 865 4194 juxta
897 4121 1256 4176 Ethnicorum
1286 4123 1766 4185 consuetudinem,

194 4221 282 4288 qui
320 4233 419 4272 eos
442 4217 744 4286 terrigenas
783 4213 1120 4275 existimant,
1147 4227 1282 4281 quos
1321 4219 1462 4265 terra
1499 4213 1767 4281 genuerit.

194 4309 298 4363 Nos
330 4320 516 4364 autem
553 4309 825 4376 gigantes,
859 4305 1016 4376 juxta
1041 4303 1219 4360 Graeci
1263 4304 1533 4359 sermonis
1559 4314 1773 4374 etymo-

196 4403 416 4471 logiam,
439 4416 534 4454 eos
557 4399 834 4468 appellare
867 4411 1183 4466 possumus,
1207 4396 1300 4467 qui
1337 4396 1574 4450 terrenis
1599 4395 1774 4464 operi-

1889 1927 2104 1970 vermes
2141 1929 2444 1973 nascuntur
2470 1935 2535 1974 ex
2573 1921 2899 1990 putredine;
2931 1923 3010 1977 sic
3043 1938 3111 1978 ex
3147 1925 3265 1993 ipsa
3289 1938 3465 1981 mate-

1890 2009 1969 2062 tia
2033 2020 2384 2078 peccatorum
2468 2013 2729 2080 supplicia
2818 2014 3138 2085 gignuntur.
3200 2015 3357 2071 Unde
3415 2028 3472 2074 et

1887 2104 2162 2170 apostolus
2225 2102 2423 2158 Paulus
2456 2105 2739 2160 interfecta
2771 2118 2966 2173 morte,
3005 2107 3164 2178 251
3202 2111 3269 2164 ad
3305 2127 3466 2179 quam

1888 2206 1984 2262 per
2015 2191 2158 2248 Osee
2197 2206 2378 2247 sermo
2416 2196 2761 2262 propheticus
2793 2195 3118 2266 loquebatur
3147 2213 3162 2253 :
3191 2198 3298 2252 Ero
3333 2215 3472 2253 mors

1887 2292 2003 2350 tua,
2041 2301 2071 2337 0
2101 2299 2243 2336 mors
2282 2299 2301 2338 :
2341 2300 2431 2338 ero
2481 2301 2698 2338 morsus
2731 2295 2875 2350 tuus,
2922 2289 3127 2355 inferne
3157 2288 3314 2358 (Osee
3347 2307 3469 2352 am,

1887 2374 2000 2442 η),
2025 2375 2264 2442 loquitur
2280 2375 2349 2428 ad
2374 2388 2495 2428 eam
2536 2392 2550 2427 :
2583 2374 2678 2429 Ubi
2707 2388 2809 2440 est,
2839 2391 3003 2442 mors,
3044 2381 3308 2431 contentio
3335 2387 3423 2432 tua
3447 2381 3473 2434 2

1885 2467 1975 2519 ubi
2007 2477 2106 2532 est,
2168 2482 2329 2529 mors,
2365 2467 2613 2522 stimulus
2667 2479 2790 2522 tuus
2819 2468 2871 2540 (1
2928 2468 3050 2524 Cor.
3092 2485 3187 2537 xv,
3213 2471 3303 2539 55)
3325 2472 3350 2524 ?
3379 2471 3470 2526 Illa

1885 2557 2028 2610 enim
2054 2566 2288 2619 mortua,
2317 2572 2424 2611 non
2458 2568 2542 2612 est
2563 2559 2653 2628 qui
2675 2559 3040 2615 succidatnos
3075 2573 3460 2632 :uequaquam

1890 2648 2038 2700 enim
2105 2646 2210 2700 erit
2263 2655 2543 2715 peccatum
2573 2650 2718 2719 quod
2751 2651 3141 2707 succideudum
3201 2653 3294 2716 sit,
3327 2655 3456 2722 quia

1885 2737 2137 2794 stimulus
2169 2739 2368 2792 mortis
2393 2750 2671 2806 peccatum
2697 2742 2788 2795 sit.

1967 2827 2153 2900 (Vera.
2190 2830 2303 2896 l2.)
2347 2847 2368 2879 ι
2392 2829 2678 2895 Quomodo
2716 2830 2964 2886 cecidisti
2995 2832 3061 2887 de
3107 2832 3267 2900 «elo,
3301 2834 3466 2889 Luci-

1885 2919 1988 2985 fer,
2034 2922 2123 2990 qui
2169 2935 2328 2975 mane
2370 2923 2957 2979 oriebarisicorruisti
3010 2924 3064 2978 in
3111 2933 3337 2991 terram,
3375 2927 3468 2997 qui

1883 3011 2213 3065 vulnerabas
2242 3010 2466 3080 gentes?
2495 3030 2516 3064 ι
2559 3011 2743 3067 LXX:
2783 3031 2802 3064 ι
2827 3013 3112 3079 Quomodo
3161 3015 3364 3069 cecidit
3399 3018 3468 3071 de

1886 3102 2026 3156 caelo
2049 3101 2291 3169 Lucifer,
2327 3105 2420 3173 qui
2454 3119 2614 3159 mane
2641 3105 2969 3161 oriebatur?
3001 3110 3272 3165 contritus
3297 3121 3381 3164 est
3412 3111 3468 3166 in

1882 3204 2084 3249 terram
2117 3198 2207 3264 qui
2240 3196 2493 3251 mittebat
2541 3198 2608 3251 ad
2643 3213 2836 3253 omnes
2866 3211 3074 3267 gentes.
3107 3221 3126 3253 ι
3158 3200 3266 3256 Pro
3309 3202 3473 3257 Luci-

1880 3287 1994 3344 fero
2021 3289 2112 3358 qui
2145 3287 2410 3342 Hebraice
2435 3289 2635 3343 dicitur
2665 3303 2785 3344 seu.
2818 3274 3013 3360 (δίνη),
3051 3294 3246 3362 Aquila
3296 3303 3470 3350 trans-

1881 3379 2006 3435 tulit
2066 3378 2361 3433 ululantem
2410 3395 2621 3435 aurorte
2654 3381 2852 3450 ﬁlium.
2886 3382 3030 3440 Vere
3065 3388 3211 3441 enim
3257 3389 3470 3444 ululare

1880 3470 2071 3525 debuit
2099 3479 2154 3524 et
2198 3468 2424 3540 ejulare,
2465 3472 2554 3540 qui
2590 3483 2811 3540 pr0pter
2860 3477 3170 3545 superbiam
3212 3494 3368 3533 suam
3403 3485 3469 3535 de

1880 3562 2022 3618 ratio
2052 3561 2106 3615 in
2157 3571 2355 3616 terram
2389 3561 2762 3632 praecipitatus
2821 3576 2931 3633 est,
2957 3577 3122 3636 atque
3171 3572 3464 3626 contritus.

1879 3652 2036 3710 Unde
2060 3663 2115 3708 et
2145 3653 2400 3710 Salvator
2431 3655 2501 3710 ad
2535 3656 2837 3727 discipulos
2871 3659 3116 3729 loquitur
3147 3677 3162 3714 :
3206 3661 3460 3716 Videbam

1877 3743 2138 3800 Satanam
2163 3751 2320 3817 quasi
2348 3747 2532 3817 fulgur
2554 3748 2618 3802 de
2644 3750 2770 3803 ctelo
2805 3753 3076 3806 cadentem
3099 3751 3250 3822 (Luc.
3272 3754 3459 3825 x,18).

1877 3838 1994 3892 Non
2029 3840 2188 3893 modo
2219 3839 2398 3902 video,
2430 3840 2524 3895 sed
2580 3842 2732 3908 prius
2779 3844 3032 3896 videbam
3080 3845 3301 3913 quando
3341 3860 3462 3900 cor—

1877 3930 2104 3988 ruit.-.Et
2133 3933 2181 3987 si
2230 3931 2319 3987 ille
2345 3943 2566 4001 pr0pter
2597 3935 2911 4002 superbiam
2945 3936 3011 3991 de
3062 3944 3212 3992 tanta
3249 3938 3458 4008 tuagni-

1878 4027 2064 4080 tudine
2117 4027 2338 4093 cecidit,
2374 4043 2472 4082 vos
2506 4042 2726 4099 quoque
2785 4045 2896 4084 non
2958 4031 3158 4087 debitis
3210 4033 3455 4103 gloriari,

1874 4121 2000 4187 quia
2031 4117 2186 4173 vobis
2215 4118 2478 4173 daemonia
2527 4121 2773 4190 subjecta
2820 4128 2972 4187 sunt,
3037 4125 3133 4179 sed
3183 4125 3310 4195 quia
3349 4141 3454 4179 no-

1876 4209 2022 4265 mina
2055 4221 2238 4266 vestra
2271 4212 2474 4281 scripta
2513 4220 2639 4266 sunt
2673 4213 2728 4266 in
2770 4213 2944 4282 coelo;
2979 4225 3037 4269 ut
3067 4219 3210 4271 unde
3241 4217 3331 4272 ille
3368 4233 3458 4272 ce-

1875 4302 2008 4357 cidit
2045 4316 2141 4372 per
2169 4303 2505 4373 superbiam,
2535 4318 2632 4359 vos
2673 4304 2983 4360 ascendatis
3025 4322 3122 4376 per
3165 4307 3445 4362 humilita-

1884 4404 2016 4449 tem.
2044 4394 2152 4450 lste
2180 4404 2262 4450 est
2316 4396 2572 4466 princeps
2602 4397 2806 4464 saeculi,
2845 4399 2935 4468 qui
2975 4397 3114 4453 inter
3144 4399 3329 4456 stellas
3355 4417 3460 4455 cai-

194 4491 291 4545 bus
321 4490 653 4545 servierunt.
689 4489 932 4557 Denique
963 4489 1254 4557 sequitur:
1285 4486 1479 4544 Omnes
1509 4484 1769 4558 principis
1803 4502 1847 4557 ι)
1877 4497 2022 4544 teras
2069 4503 2229 4543 mane
2279 4489 2577 4555 oriebatur,
2633 4501 2687 4546 et
2749 4506 2851 4546 suo
2902 4491 3036 4546 vitio
3097 4493 3162 4546 de
3202 4491 3458 4549 Lucifero

193 4595 344 4637 terra:
387 4591 732 4636 surrexerunt
763 4581 826 4634 de
862 4580 1010 4635 soliis
1054 4581 1185 4646 suis,
1220 4580 1275 4635 in
1323 4583 1556 4635 adve‘utu
1595 4597 1767 4648 quon-

193 4675 311 4725 dam
350 4671 616 4741 principis
652 4671 734 4725 sui
771 4685 787 4726 :
823 4681 880 4725 ut
909 4685 1069 4738 quem
1098 4671 1252 4740 prius
1287 4671 1628 4725 honorabant
1674 4685 1770 4739 pro

193 4765 453 4831 potentia,
485 4772 668 4832 postea
697 4763 1033 4816 mirarentur
1064 4763 1116 4814 in
1154 4762 1348 4830 ptenis,
1390 4771 1444 4816 et
1477 4764 1716 4816 dicerent
1751 4776 1768 4817 :

195 4853 257 4906 Et
294 4866 354 4906 tu
387 4852 696 4908 vulneratus
730 4869 781 4906 es
807 4855 945 4906 sicut
980 4864 1028 4906 et
1061 4867 1154 4907 nos
1194 4869 1217 4910 :
1251 4854 1420 4907 nostri
1466 4852 1654 4907 similis
1687 4854 1770 4923 ef-

190 4941 355 5009 fectus
379 4958 456 4994 es.
484 4943 616 5006 Quae
644 4944 820 5012 verba‘
839 4943 984 4996 hunc
1003 4957 1220 4997 sensum
1250 4943 1454 4997 habent
1481 4959 1496 5000 :
1530 4943 1768 4998 Putaba-

191 5045 312 5084 mus
349 5047 451 5086 nos
487 5046 587 5100 pro
615 5031 989 5085 imbecillitate
1024 5040 1207 5085 nostra
1245 5047 1350 5085 non
1384 5034 1628 5100 potuisse
1676 5048 1765 5087 re-

188 5123 380 5177 sistere
415 5122 669 5192 poteutia:
701 5123 819 5184 Dei.
852 5134 908 5178 et
939 5133 992 5178 te
1045 5139 1167 5178 esse
1205 5125 1402 5191 solum,
1440 5129 1532 5197 qui
1578 5129 1630 5182 in
1674 5137 1764 5183 tua

189 5213 472 5267 altitudine
494 5229 847 5284 permaneres
874 5232 891 5282 ;
929 5217 1023 5271 sed
1076 5225 1134 5270 ut
1163 5219 1324 5273 rebus
1357 5222 1686 5285 ostenditur,
1711 5232 1762 5276 et

253 5417 270 5449 ¹
295 5417 510 5490 Nomen
555 5417 794 5484 putredo,
818 5417 962 5490 quod
1022 5417 1268 5488 quidem,
1331 5423 1622 5490 prtt'posilo
1658 5425 1765 5479 sive

187 5489 466 5561 adverbio,
499 5491 795 5561 quasialia
836 5487 1099 5544 Hebraici
1141 5493 1287 5544 verbi
1313 5487 1443 5550 tum
1491 5493 1760 5561 interpre-

187 5564 316 5610 tatio
339 5559 507 5612 scribi
550 5561 646 5633 ab_s
676 5559 1007 5631 Hieronymo
1042 5563 1238 5628 potuit,
1269 5564 1356 5616 hic
1393 5563 1582 5625 ἁπλῶς
1617 5559 1764 5633 pusi-

189 5636 319 5705 _tu,
351 5645 574 5705 sensum
607 5628 962 5705 fere__turba_t,
1003 5647 1180 5698 neque
1232 5633 1284 5686 in
1340 5628 1761 5705 llierouytniana

189 5698 297 5765 ipsa
343 5699 593 5753 versione
619 5716 681 5752 ex
721 5702 984 5754 "ubl‘alCat
1020 5705 1251 5756 veritate
1282 5705 1535 5758 habetur.

257 5769 280 5800 ⁸
306 5769 389 5821 Ad
417 5784 570 5833 quem
599 5771 885 5838 descendit,
911 5783 1018 5826 etc.
1057 5771 1294 5842 Respicit
1325 5775 1507 5829 ‘lot'utu
1554 5773 1767 5831 Zacltao

1877 4577 2081 4646 Vesper
2116 4578 2336 4634 eli'ectus
2368 4590 2471 4643 est,
2498 4595 2554 4634 et
2609 4596 2718 4635 non
2769 4583 2973 4648 oriens,
3005 4582 3100 4636 sed
3153 4586 3412 4639 occidens
3441 4605 3452 4638 ε

1871 4672 1962 4741 qui
1994 4671 2322 4726 vulnerabat
2358 4682 2566 4741 gentes,
2598 4674 2712 4728 sive
2753 4674 2846 4744 qui
2892 4675 3143 4730 mittebat
3170 4677 3234 4729 ad
3269 4685 3456 4744 gentes

1871 4763 2138 4818 satellites
2179 4779 2328 4829 suos,
2365 4775 2424 4817 ut
2445 4777 2633 4818 omnes
2657 4779 2754 4820 sua
2785 4764 2977 4824 fraude
3009 4767 3303 4836 deciperet.
3352 4765 3446 4819 lsti

1869 4861 1999 4910 sunt
2022 4855 2141 4909 falsi
2181 4855 2434 4925 apostoli,
2478 4858 2716 4926 onerarii
2750 4858 3063 4921 mendaces,
3099 4859 3192 4925 qui
3231 4858 3448 4911 transii-

1871 4957 2142 5018 gurantur
2164 4948 2215 5001 in
2251 4948 2530 5016 apostolos
2560 4948 2793 5014 Christi,
2821 4951 2914 5016 qui
2963 4951 3108 5002 bono
3152 4948 3344 5002 semini
3380 4949 3456 5002 lo-

1871 5039 2002 5093 lium
2068 5042 2554 5107 superseminant,
2605 5040 3003 5095 dormientibus
3074 5038 3446 5096 Ecclesiarum

1871 5129 2169 5197 magistris,
2222 5140 2274 5184 et
2327 5130 2638 5185 nolentibus
2668 5138 2762 5184 aut
2814 5129 3214 5198 nequeuntibus
3258 5145 3448 5185 eorum

1871 5221 2092 5278 malitia:
2143 5224 2423 5278 resistere.
2453 5222 2622 5277 Jacob
2657 5237 2842 5277 autem
2879 5232 2932 5275 et
2957 5221 3124 5276 Israel
3162 5223 3316 5293 cujus
3352 5223 3450 5277 mi-

1870 5421 1963 5498 ᾔειν)
2003 5428 2297 5498 protihela‘.
2326 5443 2444 5496 cap.
2482 5445 2556 5489 Ix,
2587 5428 2644 5480 ll
2682 5444 2698 5484 :
2730 5425 2807 5480 Tu
2831 5445 3031 5498 quoque
3083 5429 3138 5480 in
3184 5431 3442 5496 sanguine

1867 5495 2185 5550 Testamentt'
2224 5497 2301 5548 lui
2357 5495 2576 5550 emisisti
2620 5495 2986 5552 ινὶιιειοδίιιοδ
3017 5500 3078 5550 de
3107 5501 3228 5551 lacu
3266 5515 3317 5548 tn
3345 5513 3446 5565 quo

1867 5582 1970 5637 non
2008 5577 2086 5619 est
2119 5583 2280 5635 aqua.
2312 5565 2605 5635 lieSpict-re
2651 5573 2822 5636 po‘.uit
2855 5578 2908 5622 et
2933 5571 3110 5622 locum
3146 5585 3160 5621 ι
3197 5567 3450 5637 Epistolas

1866 5635 1929 5692 Β.
1959 5637 2129 5702 Petri,
2156 5652 2278 5708 cap.
2312 5653 2396 5698 ιιι,
2431 5638 2490 5691 l9
2533 5653 2546 5693 ;
2577 5635 2659 5692 In
2691 5657 2793 5707 quo
2830 5648 2879 5692 et
2918 5640 2998 5691 Itis
3027 5641 3114 5708 qui
3153 5639 3210 5692 in
3240 5635 3452 5692 carcere

1864 5717 2046 5775 erant,
2079 5707 2349 5778 spiritibus
2384 5711 2589 5763 veniens
2615 5711 2946 5780 prunticuvit,
2979 5707 3086 5764 etc.
3128 5710 3396 5763 MARTIAN.
