3972 6198
524 328 625 391 22³1

1688 324 1745 385 S.
1788 324 2107 385 EUSEBII
2154 323 2612 385 IIIERONYMI

3668 327 3774 391 ηε
3796 355 3801 358 .

525 453 704 497 serius
729 452 831 507 est,
860 449 918 497 et
944 456 1102 512 quem
1128 440 1289 511 elegit
1331 438 1609 503 Dominus,
1639 439 1757 496 hac
1800 438 1981 495 adhuc
2010 439 2087 492 ιο·
2108 443 2171 496 Α·
2189 439 2291 493 hoc
2321 453 2488 495 ausus
2516 448 2602 494 est
2682 437 2865 495 dicere
2893 454 2908 496 :
2945 437 3049 494 Ero
3109 439 3304 505 similis
3356 441 3654 509 Altissimo,
3708 456 3766 500 ut

526 535 713 604 quitur
734 538 799 587 ad
832 536 1128 599 diabolum,
1161 534 1276 589 sive
1298 541 1354 587 ut
1375 530 1519 587 LXX
1544 530 1752 598 volunt,
1778 532 1846 587 de
1865 532 2103 597 diabolo,

530 629 582 681 id
600 634 702 690 est,
734 641 839 680 nun
865 627 930 679 ad
953 627 1238 683 secundam
1264 640 1573 695 personam,
1602 624 1699 679 sed
1716 625 1782 678 ad
1809 623 2045 679 tertiam.

530 780 533 783 _
600 718 779 788 (Vers.
812 719 901 780 15,
932 718 1047 789 14.)
1086 736 1104 770 ι
1130 718 1232 784 Qui
1285 716 1507 772 dicebas
1553 717 1605 771 in
1666 716 1831 771 corde
1867 723 1957 770 tuo
1991 732 2007 770 :
2042 715 2102 769 In

530 810 722 863 coelum
779 811 1092 870 ascendam,
1153 823 1317 877 super
1365 808 1549 864 sidera
1597 808 1692 864 Dei
1739 808 1989 863 exaltabo
2019 821 2108 862 so-

528 900 657 954 lium
694 915 870 954 meum
904 916 920 953 :
953 901 1154 955 sedebo
1184 900 1237 953 in
1264 910 1451 954 monte
1480 898 1813 955 Testamenti
1844 900 1902 958 in
1922 899 2107 954 lateri-

532 994 631 1042 bus
682 988 965 1056 Aquilonis
1004 1004 1020 1046 :
1056 989 1348 1043 ascendam
1407 1003 1570 1057 super
1619 990 1965 1043 altitudinem
2006 1003 2106 1047 Iuv

531 1079 701 1144 bium,
761 1094 857 1133 ero
908 1078 1102 1135 similis
1149 1079 1455 1133 Altissimo.
1485 1098 1503 1130 ι
1539 1076 1637 1132 Vel
1691 1088 1978 1147 antequam
2037 1080 2107 1132 de

529 1173 671 1228 ccelo
705 1182 1009 1237 corrueret,
1044 1174 1142 1228 ista
1189 1172 1402 1229 dicebat
1429 1213 1444 1237 ,
1507 1174 1590 1226 vel
1625 1181 1981 1242 posteaquam
2033 1172 2103 1229 de

529 1266 668 1320 ccelu
695 1268 921 1321 corruit.
969 1267 1031 1321 Si
1068 1267 1247 1320 adhuc
1300 1267 1354 1320 in
1388 1267 1527 1321 rmlo
1567 1266 1798 1332 positus,
1831 1265 2103 1331 quomodo

530 1356 683 1420 dicit,
720 1357 1015 1411 Ascendam
1072 1357 1129 1409 in
1180 1357 1366 1410 calum
1421 1355 1597 1424 (Prol.
1647 1371 1798 1425 cxul,
1832 1356 1964 1425 16)?
1997 1355 2103 1411 Sed

530 1448 659 1515 quia
687 1448 916 1518 legimus
949 1465 966 1505 :
999 1448 1200 1503 Canum
1233 1448 1347 1502 caeli
1404 1450 1647 1510 Domino,
1698 1464 1819 1504 cum
1868 1458 2015 1504 esset
2050 1450 2102 1506 in

530 1542 694 1601 cmlo,
725 1541 775 1594 id
810 1553 915 1605 est,
946 1543 998 1595 in
1064 1542 1429 1604 firmamento,
1463 1541 1516 1593 in
1548 1541 1746 1595 ctelum
1781 1542 1870 1596 ubi
1910 1541 2103 1597 solium

534 1633 749 1686 Domini
810 1642 916 1699 est,
974 1633 1226 1701 cupiebat
1266 1633 1585 1699 ascendere,
1614 1649 1718 1687 non
1776 1633 2102 1701 humilitate,

530 1724 626 1776 sed
670 1725 946 1793 superbia.
976 1723 1135 1793 252
1167 1722 1263 1777 Sin
1297 1733 1482 1778 autem
1534 1736 1820 1794 postquam
1860 1727 1927 1780 de
1964 1726 2103 1783 ctelo

531 1816 762 1879 corruit,
796 1815 1031 1883 loquitur
1065 1817 1166 1869 ista
1201 1816 1391 1875 verba,
1429 1815 1796 1885 arrogantiam
1844 1814 2102 1871 debemus

543 1904 871 1975 intelligere,
933 1908 1077 1974 quod
1133 1919 1232 1959 nec
1273 1906 1639 1975 praecipitatus
1687 1905 1958 1974 quiescat,
2006 1907 2101 1961 sed

532 2000 711 2053 adhuc
740 1999 844 2053 sibi
873 2000 1100 2064 grandia
1133 1998 1499 2065 repromittat,
1539 2013 1643 2050 non
1672 2006 1729 2053 ut
1752 1998 1894 2053 inter
1922 2007 2101 2063 astra,

531 2092 813 2158 sed‘super
845 2100 993 2144 astra
1036 2090 1127 2143 Dei
1157 2091 1248 2144 sit.
1273 2088 1516 2156 Cumque
1553 2086 1814 2143 Dominus
1850 2088 2104 2158 loquatur

530 2182 598 2235 ad
628 2181 901 2249 apostolos
939 2197 956 2239 :
986 2179 1196 2251 Sufficit
1227 2180 1508 2248 discipulo,
1535 2192 1589 2232 ut
1620 2182 1692 2234 sit
1722 2183 1876 2250 quasi
1928 2185 2101 2254 magi-

532 2287 659 2335 s:er,
688 2282 738 2327 et
773 2288 923 2327 seruo
950 2274 1082 2327 sicut
1116 2273 1360 2328 dominus
1392 2290 1518 2328 suus
1549 2273 1771 2341 (Matth.
1809 2292 1865 2339 ι,
1894 2275 2006 2343 25),
2048 2287 2104 2334 et

535 2366 678 2417 dicat
711 2367 776 2417 ad
811 2363 1029 2418 Patrem
1068 2380 1083 2420 ;
1125 2364 1289 2419 Pater
1322 2378 1523 2429 sancte,
1550 2365 1645 2430 da,
1679 2375 1734 2418 ut
1767 2367 1901 2421 sicut
1921 2383 2016 2435 ego
2054 2378 2101 2423 et

535 2462 591 2505 tu
618 2469 776 2507 unum
801 2470 1005 2516 sumus,
1035 2453 1112 2506 ita
1147 2463 1196 2506 et
1216 2455 1306 2509 isti
1327 2455 1381 2507 in
1409 2454 1561 2508 nobis
1586 2471 1747 2508 unum
1780 2457 1885 2509 sint
1913 2455 2100 2527 (Joan.

532 2560 667 2609 xvii,
698 2545 832 2614 ll):
870 2547 971 2601 iste
1032 2547 1084 2599 iu
1135 2554 1344 2599 tantum
1395 2546 1499 2599 sibi
1555 2558 1799 2615 arrogat,
1826 2556 1888 2602 ut
1939 2563 2103 2616 super

531 2636 715 2689 stellas
751 2636 894 2701 omini,
926 2650 1045 2704 qua:
1077 2651 1182 2689 non
1213 2648 1554 2701 corruerunt,
1595 2638 1791 2693 solium
1825 2654 1981 2693 suum
2009 2656 2103 2709 po-

530 2725 764 2777 siturum
794 2738 915 2777 esse
970 2738 1028 2777 se
1053 2724 1243 2789 jnctel.
1284 2722 1547 2792 Quodque
1580 2724 1742 2778 infert
1774 2740 1793 2782 ε
1820 2722 2019 2779 Sedabo
2046 2728 2099 2781 in

530 2826 703 2869 monte
736 2815 1041 2868 testamenti
1089 2813 1143 2866 in
1195 2813 1447 2867 lateribus
1512 2814 1827 2884 Aquilonis;
1858 2834 1955 2888 pro
1992 2835 2100 2889 quo

530 2904 678 2959 LXX
708 2906 1127 2969 transtulerunt,
1162 2905 1213 2959 in
1254 2916 1425 2961 monte
1454 2906 1693 2975 sublimi,
1720 2926 1878 2977 super
1901 2920 2099 2966 montes

526 2999 787 3063 excelsos,
814 2998 902 3066 qui
939 3008 1061 3050 sunt
1117 2996 1186 3049 ad
1241 2997 1567 3066 Aquilonem,
1591 2999 1658 3053 ad
1706 2999 1837 3053 illud
1890 3001 2100 3056 refera-

532 3107 673 3155 mus,
706 3092 849 3159 quod
901 3092 953 3145 in
986 3089 1219 3144 Jeretnia
1264 3092 1465 3146 dicitur
1498 3106 1514 3147 :
1541 3091 1619 3147 Ab
1661 3092 1909 3163 aquilone
1944 3110 2099 3150 ezar-
2128 3109 2174 3171 ο

528 3182 734 3235 descent
765 3180 910 3235 mala
942 3197 1099 3248 super
1128 3196 1303 3236 omnes
1330 3181 1655 3238 habitatores
1686 3192 1840 3240 terra
1871 3184 2092 3257 (larens.

530 3285 568 3331 ι,
600 3270 709 3339 Η).
754 3267 820 3321 Et
850 3270 992 3338 quod
1019 3268 1126 3324 olla
1157 3283 1424 3325 succensa
1453 3285 1483 3324 a
1514 3270 1654 3326 facie
1690 3272 1975 3340 Aquilonis
2007 3290 2099 3330 διε-

530 3362 803 3417 cenditur.
832 3359 941 3414 Iste
973 3370 1057 3415 est
1081 3361 1279 3427 Aquilo
1315 3372 1510 3428 ventus
1547 3363 1896 3430 durissimus,
1928 3382 1957 3419 a
1987 3382 2098 3435 quo

533 3469 664 3507 suos
692 3455 800 3506 vult
834 3451 1095 3507 Dominus
1120 3452 1351 3507 liberare
1378 3454 1649 3524 captivos,
1668 3465 1723 3508 et
1753 3457 2009 3511 reducere
2043 3460 2097 3512 in

540 3545 814 3598 civitatem
835 3552 1102 3609 sanctam,
1137 3544 1323 3599 dicens
1341 3559 1358 3601 :
1376 3543 1559 3598 Dicam
1584 3545 1856 3614 Aquiloni,
1881 3547 2098 3602 Adduc:

537 3642 592 3685 et
613 3632 821 3701 Africo,
857 3630 985 3686 Noli
1005 3634 1300 3699 prohibere,
1340 3634 1514 3687 adduc
1534 3634 1676 3704 ﬁlios
1695 3652 1836 3691 meos
1862 3638 1928 3693 de
1956 3648 2099 3694 terra

528 3724 814 3795 longinqua
857 3725 979 3793 (inf.
1017 3740 1171 3791 sum,
1211 3724 1289 3795 6).
1339 3725 1473 3779 Illud
1531 3738 1710 3784 autem
1773 3733 1916 3801 quod
1971 3731 2100 3789 huic

537 3826 722 3884 potest
752 3832 876 3872 esse
898 3818 1262 3883 contrarium,
1291 3829 1487 3872 montes
1509 3816 1659 3882 Sion,
1688 3820 1856 3875 latera
1884 3821 2099 3892 Aquilo-

531 3910 635 3975 nis,
659 3909 843 3963 civitas
867 3912 1003 3978 regis
1034 3912 1239 3980 magni,
1264 3909 1424 3966 facile
1447 3913 1700 3968 solvitur.
1733 3912 1795 3968 Hi
1828 3914 1967 3968 enim
2002 3915 2097 3985 qui

532 4002 804 4068 quondam
840 4011 997 4055 erant
1032 4001 1087 4054 in
1142 4002 1410 4057 lateribus
1469 4003 1758 4073 Aquilonis
1792 4006 2097 4073 durissimi,

524 4101 719 4159 postea
751 4108 846 4160 per
878 4092 1251 4161 puniitentiam
1278 4093 1332 4147 in
1363 4094 1587 4148 civitate
1623 4092 1719 4149 Dei
1756 4109 1881 4150 esse
1912 4111 2097 4166 cmpe-

537 4189 684 4235 runt.
719 4180 951 4250 Semper
977 4181 1278 4236 istiusmodi
1328 4180 1546 4238 Lucifer
1576 4185 1773 4254 quierit
1801 4190 2098 4244 ascendere

527 4282 694 4337 super
749 4283 844 4322 eos
898 4269 991 4338 qui
1046 4269 1243 4323 habent
1287 4269 1575 4339 imaginem
1625 4273 1887 4340 cmlestis,
1922 4284 1980 4330 et
2003 4276 2095 4345 qui

526 4358 731 4426 fulgent
760 4359 810 4411 in
845 4358 1082 4414 Ecclesia
1110 4361 1255 4415 sicut
1314 4371 1467 4416 astra
1527 4362 1618 4419 Dei
1663 4378 1681 4420 :
1715 4376 1772 4420 et
1819 4368 2009 4423 sedere
2042 4369 2092 4423 in

2206 534 2479 601 quomodo
2516 531 2775 588 Christus
2835 532 3005 588 habet
3054 534 3345 602 prophetas
3394 544 3454 588 et
3494 537 3776 603 apostolos

2203 636 2358 690 suos,
2412 624 2493 679 sic
2548 633 2604 680 et
2654 638 2754 694 ego
2799 623 3030 679 habeam
3061 622 3222 693 253
3260 622 3775 695 pseudoapostolos.

2205 712 2329 769 [hec
2364 726 2545 769 autem
2583 714 2767 769 omnia
2799 716 3085 771 referenda
3101 724 3227 770 sunt
3257 717 3323 771 ad
3351 716 3773 784 hzereticos,qui

2202 822 2327 860 cum
2351 806 2607 860 deorsum
2654 806 2787 872 sint,
2813 820 2938 861 cum
3000 806 3247 878 principe
3275 820 3377 863 suo
3430 806 3687 863 excelsos
3716 822 3778 864 se

2204 906 2328 949 esse
2357 894 2592 963 iactant.

2280 985 2457 1055 (Vers.
2491 986 2604 1057 15.)
2640 1005 2662 1038 σ
2701 985 3087 1045 Verumtamen
3121 987 3188 1042 ad
3215 986 3485 1045 infernum
3516 990 3779 1048 detrahe

2203 1078 2279 1134 sis
2315 1079 2366 1134 in
2398 1079 2724 1149 profundum
2770 1079 2899 1136 laci.
2940 1099 2959 1133 ι
2997 1078 3142 1135 LXX
3179 1096 3195 1137 ;
3230 1099 3249 1132 ι
3301 1082 3461 1138 Nunc
3495 1092 3680 1139 autem
3716 1084 3774 1139 in

2203 1169 2479 1227 infernum
2525 1169 2854 1238 descendes,
2899 1183 2957 1228 et
2999 1171 3069 1229 ad
3113 1172 3470 1231 fundamenta
3526 1185 3708 1231 terrae.
3747 1196 3769 1229 s

2202 1260 2322 1317 Non
2371 1262 2439 1317 ad
2476 1262 2755 1319 infensum
2800 1273 2993 1333 sponte
3043 1264 3347 1321 descendes
3396 1265 3496 1339 [αι.
3540 1267 3779 1325 descen-

2202 1350 2387 1423 dens],
2418 1353 2523 1408 hoc
2549 1355 2699 1409 enim
2734 1354 2949 1410 Domini
2985 1353 3290 1419 Salvatoris
3320 1369 3428 1424 est,
3466 1371 3525 1417 ut
3556 1361 3779 1421 vinctos

2202 1444 2273 1501 de
2302 1444 2495 1500 inferis
2518 1445 2735 1510 liberet,
2765 1445 2860 1500 sed
2888 1445 2955 1500 ad
2987 1438 3266 1502 infernum
3295 1448 3604 1506 dett-aberis
3631 1451 3778 1509 invi-

2206 1545 2316 1602 tus,
2351 1545 2413 1591 ut
2456 1537 2553 1606 qui
2596 1552 2697 1605 per
2737 1537 2970 1592 virtutes
3022 1547 3240 1606 poteras
3274 1540 3343 1593 ad
3388 1542 3609 1599 excelsa
3640 1559 3784 1600 eon-

2205 1628 2495 1693 scendere,
2532 1642 2632 1699 per
2679 1630 2809 1685 vitia
2860 1624 3172 1685 detrabaris
3215 1629 3283 1685 ad
3332 1646 3545 1703 pinnas.
3582 1632 3776 1692 Sancti

2205 1734 2415 1795 pennas
2443 1721 2650 1777 habent
2673 1722 2893 1792 aquilae,
2924 1732 2985 1778 et
3012 1739 3220 1794 pennas
3248 1724 3537 1790 columine,
3562 1735 3619 1780 et
3650 1742 3776 1795 pos-

2204 1819 2332 1866 sunt
2380 1810 2564 1867 dicere
2609 1830 2627 1866 :
2669 1812 2890 1882 Volabo,
2938 1827 2989 1869 et
3031 1818 3355 1886 requiescam
3404 1815 3581 1887 (Psal.
3632 1820 3772 1889 uv).

2204 1899 2361 1973 lmpii
2398 1915 2581 1958 autem
2612 1913 2669 1959 et
2700 1902 3077 1975 Egyptiorum
3107 1908 3315 1963 similes
3368 1908 3605 1965 demersi
3638 1922 3773 1966 sunt

2202 1995 2357 2064 quasi
2408 1994 2694 2065 plumbum
2743 1995 2796 2049 in
2832 1997 2992 2066 aquis
3029 1998 3547 2067 vehementissimis,
3579 2009 3636 2056 et
3675 2000 3775 2058 deo

2203 2081 2371 2136 mersi
2403 2091 2534 2136 sunt
2577 2082 2631 2136 in
2670 2083 3003 2153 profundum
3037 2085 3181 2139 sicut
3229 2085 3369 2156 lapis
3416 2086 3616 2154 (Exod.
3652 2092 3769 2160 xv).

2203 2173 2358 2249 Unde
2398 2185 2455 2230 et
2487 2175 2765 2246 iniquitas,
2808 2176 2926 2232 sive
2971 2186 3033 2232 ut
3076 2178 3272 2235 melius
3308 2178 3541 2235 habetur
3569 2182 3622 2236 in
3660 2182 3771 2238 He-

2202 2262 2373 2330 braeo,
2400 2266 2643 2336 impietas
2669 2281 2837 2339 super
2869 2266 3136 2323 talentum
3165 2269 3370 2337 plumbi
3406 2270 3600 2326 sedere
3634 2285 3774 2327 cou-

2201 2350 2433 2426 s'picitnr
2462 2355 2643 2428 (Zach.
2668 2360 2746 2427 v).
2780 2358 2923 2429 Ergo
2954 2358 3088 2414 illud
3120 2362 3268 2430 quod
3298 2363 3428 2416 alibi
3465 2363 3703 2433 legimus
3742 2383 3758 2423 :

2201 2448 2383 2504 Omnis
2408 2450 2500 2519 qui
2533 2466 2587 2504 se
2619 2436 2849 2518 exultat,
2881 2452 3249 2511 humiliabitur
3280 2452 3431 2525 (Luc.
3471 2471 3623 2523 xvlu,
3651 2458 3767 2528 I4),

2201 2538 2367 2594 etiam
2400 2554 2494 2593 res
2526 2540 2870 2596 confusionis
2896 2556 3096 2612 passus
3131 2554 3241 2610 est,
3288 2554 3349 2598 ut
3386 2544 3774 2603 detraheretur

2200 2629 2257 2685 in
2287 2629 2632 2697 fundamenta
2677 2642 2851 2696 terra,
2903 2634 3019 2689 sive
3074 2643 3132 2690 ut
3171 2636 3355 2692 verius
3398 2638 3453 2692 in
3491 2637 3775 2696 Hebraico

2201 2719 2454 2788 habetur,
2488 2722 2540 2775 in
2572 2723 2893 2793 profundum
2918 2723 3047 2779 laci.
3099 2726 3175 2781 De
3207 2725 3580 2785 fundamentis
3606 2740 3773 2788 terra

2201 2808 2257 2862 in
2288 2809 2709 2866 Deuteronomio
2756 2813 3019 2868 scribitur
3047 2832 3060 2870 :
3094 2815 3238 2885 Ignis
3271 2804 3550 2872 succensus
3594 2829 3673 2874 est
3708 2820 3772 2873 in

2199 2900 2383 2969 furore
2414 2917 2548 2967 meo,
2576 2902 2780 2957 ardebit
2822 2920 2985 2974 usque
3016 2907 3083 2960 ad
3112 2908 3375 2978 infernum
3407 2910 3772 2966 novissimum.

2201 2985 2485 3043 Devorabit
2513 2999 2712 3044 terram
2743 3002 2794 3046 et
2836 2993 3181 3062 fundamenta
3217 2997 3333 3067 ejus
3387 2998 3569 3067 (Deut.
3596 3015 3777 3067 sunt,

2203 3077 2319 3150 εξ),
2342 3095 2436 3133 eus
2460 3080 2714 3137 videlicet
2742 3084 2835 3153 qui
2860 3082 3064 3140 terreni
3091 3097 3239 3143 sunt.
3266 3087 3343 3144 De
3378 3089 3496 3147 lacu
3525 3109 3775 3163 quoque,

2208 3171 2353 3239 quod
2390 3186 2489 3241 per
2522 3187 2647 3226 eum
2683 3174 2953 3244 profunda
2994 3177 3373 3248 significentur
3410 3183 3638 3249 inferni,
3677 3187 3774 3240 illa

2201 3270 2330 3315 sunt
2364 3264 2673 3319 testimonia
2707 3282 2722 3319 :
2750 3264 3090 3322 Assimilatus
3118 3285 3231 3322 sum
3268 3286 3388 3324 cum
3411 3272 3777 3329 descendenti-

2201 3342 2292 3407 bus
2327 3354 2381 3408 in
2414 3354 2611 3413 lacum.
2643 3356 2711 3412 Et
2746 3373 2760 3409 :
2789 3355 3093 3415 Posuerunt
3127 3377 3210 3415 me
3240 3363 3294 3416 in
3337 3365 3513 3418 lacum
3542 3368 3777 3427 novissi-

2202 3461 2345 3501 mum
2389 3447 2506 3516 (Ps.
2541 3450 2780 3515 Laxavit,
2812 3450 2865 3515 5,
2902 3451 2978 3522 7).
3013 3452 3167 3509 Sicut
3208 3455 3356 3510 enim
3408 3456 3561 3513 lacus
3592 3473 3771 3529 aquas

2202 3539 2269 3595 ad
2298 3555 2360 3597 se
2388 3539 2810 3611 descendentes,
2850 3542 2923 3599 ita
2962 3544 3210 3600 infernus
3240 3548 3454 3603 animas
3484 3550 3716 3620 suscipit
3751 3570 3769 3605 :

2200 3629 2269 3684 ad
2298 3645 2460 3699 quem
2485 3632 2664 3685 lacum
2697 3631 2982 3688 descendit
3002 3633 3233 3691 Banaias
3260 3646 3506 3706 tempore
3538 3640 3684 3695 nivis
3715 3651 3777 3695 et

2199 3720 2443 3789 frigoris,
2478 3729 2535 3775 et
2567 3722 2841 3777 interfecit
2868 3724 2924 3776 in
2958 3738 3024 3778 eo
3071 3725 3284 3779 leonem
3331 3726 3398 3797 (ll
3432 3726 3563 3798 Reg.
3599 3745 3766 3799 nui,

2200 3821 2257 3868 et
2289 3812 2309 3866 I
2337 3811 2465 3865 Par.
2502 3812 2604 3881 si).
2651 3811 2802 3867 Unde
2841 3822 2897 3867 et
2924 3813 3170 3868 hwretici
3202 3816 3519 3887 relinquunt
3554 3818 3767 3875 fontem

2200 3918 2355 3974 aqua:
2378 3904 2613 3959 viventis
2644 3902 2960 3971 Dominum,
2992 3914 3047 3960 et
3076 3902 3290 3963 fodiunt
3317 3908 3421 3962 sibi
3452 3908 3608 3966 lacus
3634 3929 3774 3968 con-

2201 3998 2359 4053 tritos
2403 3997 2497 4067 qui
2555 4012 2752 4067 aquam
2804 4014 2915 4053 non
2949 3999 3169 4053 valeant
3214 4001 3522 4057 continere.
3571 4004 3646 4059 De
3682 4008 3774 4063 bis

2199 4085 2354 4156 lacis,
2390 4089 2484 4157 qui
2527 4087 2796 4143 fervorem
2831 4103 2943 4142 non
2997 4089 3203 4144 habent
3252 4090 3494 4162 Spiritus
3545 4099 3770 4163 sancti,

2202 4166 2302 4234 nec
2332 4177 2580 4236 leremiae
2610 4180 2888 4251 propheta:
2915 4179 3122 4236 similes
3153 4192 3305 4246 sunt,
3337 4184 3430 4252 qui
3465 4184 3619 4255 juxta
3668 4186 3773 4243 Se-

2198 4272 2486 4342 ptuaginta
2533 4272 2864 4341 interpretes
2907 4273 3280 4341 loquebatur:
3332 4274 3523 4331 Inveni
3568 4295 3768 4350 aquam

2200 4365 2432 4418 calidam
2482 4368 2534 4419 in
2583 4366 2787 4419 deserto
2827 4364 3045 4431 (Jerem.
3096 4367 3194 4433 u);
3232 4368 3328 4422 sed
3374 4370 3773 4441 refrigescente

526 4460 706 4504 monte
734 4450 878 4518 pacti
921 4450 1037 4504 sive
1089 4453 1423 4519 testamenti,
1475 4454 1526 4507 id
1576 4464 1684 4520 est,
1714 4457 1766 4510 in
1824 4458 2094 4525 Ecclesia,
2128 4435 2172 4492 θ
2200 4457 2491 4521 charitate,
2550 4457 2788 4511 calorem
2840 4458 3015 4512 sancti
3056 4460 3300 4529 Spiritus
3344 4435 3706 4532 perdiderunt
3751 4485 3767 4520 :

526 4556 647 4609 quae
715 4544 768 4595 in
803 4542 1130 4596 sublimibus
1186 4542 1445 4598 collocata
1491 4556 1594 4614 est,
1644 4550 1787 4604 etde
1832 4550 2095 4611 lateribus

2196 4546 2287 4601 ille
2325 4558 2408 4603 est
2454 4548 2633 4615 Iasus,
2685 4548 2753 4602 de
2802 4564 2911 4619 quo
2965 4549 3108 4605 idem
3157 4550 3425 4609 Jer‘emias
3473 4557 3770 4627 loquitur:

524 4636 800 4704 quondam
860 4635 1147 4705 Aquilonis
1191 4636 1521 4692 habitatores
1571 4642 1831 4708 possidet.
1879 4642 1983 4711 Qui
2036 4644 2091 4697 in
2191 4636 2341 4693 Sicut
2386 4641 2667 4711 refrigerat
2700 4640 2845 4694 lacus
2883 4658 3103 4711 aquam,
3132 4644 3206 4697 sic
3242 4646 3523 4716 refrigerat
3553 4649 3769 4706 malitia

522 4738 730 4784 tantum
788 4731 988 4783 oblitus
1036 4729 1119 4783 sui
1180 4740 1307 4796 est,
1358 4740 1417 4786 ut
1472 4732 1605 4786 velit
1667 4747 1833 4803 super
1922 4740 2092 4789 nubes

521 4824 839 4887 ascendere,
879 4824 1076 4891 quibus
1133 4823 1411 4879 mandavit
1466 4825 1748 4891 Dominus,
1778 4841 1848 4882 ne
1902 4829 2090 4898 pluant

521 4929 689 4983 super
723 4912 892 4969 Israel
930 4914 1184 4980 imbrem,
1235 4926 1288 4969 et
1316 4916 1380 4969 ad
1409 4932 1547 4984 quas
1591 4920 1836 4987 pervenit
1892 4921 2093 4976 veritas

522 5007 755 5067 Doinini,
782 5009 867 5061 cui
904 5007 1143 5078 loquitur
1170 5018 1224 5062 et
1254 5010 1456 5065 Abdias
1496 5025 1512 5066 :
1550 5008 1609 5065 Si
1636 5013 1902 5068 exaltatus
1930 5012 2095 5081 fueris

520 5111 573 5152 ut
615 5098 815 5169 aquila,
853 5109 901 5152 et
932 5101 1068 5154 inter
1090 5101 1261 5154 sidera
1299 5102 1414 5154 caeli
1438 5102 1672 5170 posueris
1704 5104 1888 5177 nidum
1921 5114 2092 5171 tuum,

522 5192 641 5245 inde
674 5202 721 5246 te
749 5191 1045 5260 detraham,
1070 5194 1196 5247 dicit
1240 5192 1497 5247 Dominus
1527 5196 1772 5265 (Abdias.
1820 5198 1915 5266 Iv).
1951 5198 2091 5253 Infe-

523 5281 591 5335 lix
624 5280 791 5336 ludas
828 5284 919 5353 qui
948 5286 1100 5352 quasi
1154 5285 1328 5339 nubes
1352 5300 1474 5338 cum
1522 5286 1645 5341 aliis
1676 5288 1937 5356 apostolis
1970 5288 2092 5342 mit-

522 5373 761 5435 tcbatur,
790 5388 849 5426 ut
882 5375 1089 5444 plueret
1142 5390 1308 5446 super
1365 5373 1529 5429 Israel
1562 5375 1815 5440 imbrem,
1839 5386 1891 5430 et
1933 5377 2090 5447 quasi

519 5466 677 5523 Stella
737 5467 878 5521 inter
909 5481 1139 5522 caeteras
1192 5469 1381 5523 stellas
1406 5477 1548 5531 erat,
1584 5468 1784 5538 quibus
1833 5468 2095 5526 Dominus

518 5559 844 5629 loquebatur
877 5576 894 5616 :
920 5559 1115 5614 Luceal
1144 5559 1317 5615 lumen
1338 5573 1566 5615 vestrum
1593 5578 1772 5617 coram
1795 5561 2095 5617 hominibus

520 5653 735 5721 (Matth.
774 5669 823 5709 ν.
858 5653 972 5723 l6),
1008 5655 1140 5708 vitio
1173 5669 1274 5707 sun
1303 5654 1545 5721 suscepit
1598 5667 1945 5709 ascensorem
1981 5654 2097 5709 dia-

525 5745 731 5814 bblum,
786 5748 877 5816 qui
940 5758 997 5801 ut
1050 5745 1320 5818 superbia:
1357 5745 1518 5801 verba
1572 5746 1893 5817 coinplcret,
1930 5750 2093 5805 etiam

2197 4733 2447 4787 habentes
2477 4749 2533 4786 se
2566 4733 2783 4805 (Jerem.
2813 4749 2885 4798 γι,
2926 4733 2999 4804 7).
3038 4733 3141 4801 Qui
3174 4737 3404 4802 utinam,
3432 4740 3586 4809 juxta
3616 4744 3769 4811 Apo-

2197 4824 2457 4895 calypsin:
2508 4824 2759 4890 Joannis,
2814 4834 2909 4880 aut
2956 4826 3119 4881 calidi
3172 4839 3380 4894 essent,
3432 4840 3527 4885 aut
3580 4832 3772 4906 frigidi

2197 4915 2382 4988 (Apoc.
2418 4917 2523 4990 ιιι),
2562 4917 2614 4973 id
2647 4927 2759 4984 est,
2794 4930 2889 4974 aut
2920 4920 3233 4987 crederent,
3274 4934 3370 4978 aut
3397 4926 3623 4978 omnino
3655 4943 3771 4983 non

2194 5010 2506 5076 crederent,
2554 5026 2624 5067 ne
2658 5028 2754 5083 per
2788 5021 3031 5083 teporem
3067 5026 3124 5070 et
3186 5016 3595 5073 simulationem
3637 5018 3771 5075 fidei

2195 5118 2227 5157 a
2261 5104 2489 5159 Domino
2520 5105 2886 5177 rejicerentnr
2911 5108 2924 5163 l

2274 5196 2455 5267 (Vers.
2496 5196 2583 5263 I6,
2612 5197 2722 5269 Π.)
2765 5216 2782 5249 ι
2822 5199 2924 5265 Qui
2964 5209 3015 5256 te
3052 5200 3315 5267 viderint,
3355 5203 3421 5256 ad
3456 5210 3508 5257 te
3538 5198 3774 5258 inclina—

2195 5292 2426 5354 buntur,
2456 5290 2620 5362 254
2656 5302 2817 5361 teque
2845 5292 3205 5362 prospicient.
3234 5294 3512 5364 Numquid
3544 5296 3648 5350 iste
3679 5306 3769 5351 est

2198 5384 2281 5437 vir
2310 5383 2403 5453 qui
2440 5384 2793 5438 conturbavit
2823 5386 3072 5439 terram?
3108 5387 3200 5457 qui
3232 5387 3513 5440 concussit
3550 5401 3717 5454 regna
3746 5386 3773 5440 ἳ

2196 5473 2288 5542 qui
2314 5474 2497 5543 posuit
2523 5473 2714 5527 orbem
2737 5473 3041 5538 desertum,
3058 5485 3115 5529 et
3136 5475 3297 5530 urbes
3321 5477 3441 5546 ejus
3464 5474 3764 5540 destruxit,

2195 5574 2252 5619 et
2293 5564 2492 5619 vinctis
2534 5564 2656 5635 ejus
2704 5580 2813 5618 non
2862 5568 3081 5634 aperuit
3131 5568 3448 5622 carcerem?
3486 5586 3506 5619 ι
3545 5567 3673 5622 Sive
3707 5578 3776 5622 ut

2199 5656 2561 5726 Septuaginta
2596 5656 3036 5711 transtulerunt:
3065 5672 3150 5711 eos
3183 5661 3272 5728 qui
3300 5660 3630 5713 ducebantur
3661 5676 3777 5715 non

2193 5749 2399 5807 soluit?
2427 5750 2528 5816 Qui
2566 5749 2803 5805 viderint
2830 5748 3336 5807 Nabuchodonosor
3372 5768 3552 5823 regem
3588 5744 3785 5823 BabyQ
