3898 6184
214 332 319 399 229

777 331 1270 396 COMMENTAR.
1312 332 1699 394 IN"ISAIAM
1741 334 2199 397 PROPHETAM
2241 337 2388 398 LIB.
2415 337 2517 412 VI,
2555 339 2715 403 CAP.
2746 340 2900 403 XIV.

3347 339 3457 404 230

216 448 443 509 lonium,
472 457 580 500 non
612 439 923 510 ocutorum,
951 440 1044 499 sed
1072 444 1259 501 cordis
1290 445 1520 508 intuitu,
1544 443 1613 498 de
1639 443 1782 499 etnlo
1807 450 1859 508 Α
1885 454 2066 501 autem
2097 448 2372 518 proiectus
2399 464 2459 504 es
2490 446 2574 504 de
2616 450 2871 519 sepulcro
2909 456 3001 502 tuo
3053 458 3194 504 sicut
3223 465 3403 505 sanies
3435 471 3449 506 :

214 540 284 593 ad
346 536 557 591 inferos
617 537 919 601 corruisse,
982 536 1398 591 inclinahunmr
1449 535 1783 600 humilitate,

212 646 336 699 quae
373 630 650 684 contraria
687 641 774 684 est
822 630 1113 698 superbiae.
1145 640 1203 684 et
1252 628 1404 683 illum
1442 628 1786 697 prospicient

215 724 316 777 ista
353 723 601 775 dicentes
630 740 649 773 -:
683 720 870 775 Nonne
918 723 1014 774 iste
1059 730 1135 773 est
1177 721 1282 785 air,
1313 719 1430 774 sive
1476 720 1651 784 homo,
1695 719 1788 788 qui

214 813 569 873 conturbauit,
605 813 687 865 vel
717 812 997 864 concitavit
1031 820 1229 863 terrain
1256 809 1281 862 ?
1315 810 1383 863 Et
1431 819 1514 864 est
1540 823 1736 863 sensus
1768 827 1783 862 :

214 904 319 969 Qui
351 904 562 958 dixerat
602 918 616 957 :
660 902 770 956 Ero
798 902 997 957 similis
1032 902 1334 968 Altissimo,
1369 910 1429 955 et
1453 916 1511 956 se
1551 901 1787 971 iactabat

216 995 412 1055 Deum,
465 995 629 1048 homo
675 1010 795 1049 esse
838 993 1207 1059 convincitur,
1262 994 1332 1049 de
1384 1009 1497 1063 quo
1547 995 1602 1047 in
1638 1008 1787 1048 nono

216 1086 430 1155 psalmo
460 1088 553 1154 qui
590 1086 808 1155 proprie
841 1095 1033 1140 contra
1068 1085 1350 1140 diabolum
1389 1094 1494 1149 est,
1531 1085 1783 1141 dicitur:

214 1171 476 1240 Exsurge,
500 1171 741 1237 Domine,
770 1188 874 1227 non
894 1174 1223 1243 conferretur
1243 1176 1398 1228 homo
1421 1174 1588 1244 (Psal.
1608 1190 1683 1235 Ix,
1707 1174 1785 1243 l).

220 1263 285 1315 Et
320 1264 374 1316 in
430 1262 727 1332 Evangelia
772 1282 788 1318 :
836 1262 1092 1320 Inimicus
1146 1267 1299 1320 homo
1349 1267 1784 1337 superseminauit

214 1356 423 1408 aiaania
457 1354 681 1425 (Matth.
718 1371 835 1422 xm,
865 1357 978 1426 25).
1018 1356 1175 1411 Unde
1204 1356 1275 1411 ad
1320 1372 1449 1412 eum
1509 1365 1566 1410 et
1607 1357 1788 1411 socios

212 1447 334 1513 ejus
381 1448 591 1499 dictum
635 1448 864 1516 legimus
898 1464 915 1501 :
954 1447 1066 1518 Ego
1108 1449 1246 1510 dixi,
1289 1448 1379 1503 Dii
1402 1450 1549 1513 estis,
1597 1456 1649 1501 et
1685 1446 1787 1514 ﬁlii

213 1537 426 1590 Επειιί
453 1553 651 1591 omnes.
694 1538 792 1593 Vos
822 1549 1002 1593 autem
1032 1540 1163 1593 sicut
1195 1540 1431 1594 homines
1466 1540 1783 1604 moriemini,

215 1639 264 1681 et
290 1633 430 1682 sicut
459 1647 595 1684 unus
617 1631 681 1684 de
705 1633 1029 1700 principibus
1058 1632 1258 1686 cadetis
1284 1631 1460 1703 (Psal.
1492 1645 1677 1693 Lxxxt,
1705 1632 1782 1696 6).

217 1721 282 1774 Et
313 1722 383 1775 ad
415 1723 669 1777 eumdem
717 1722 822 1776 sub
853 1722 1026 1791 ﬁgura
1056 1722 1322 1791 principis
1367 1722 1498 1793 Tyri
1535 1724 1737 1776 dicitur
1766 1738 1781 1776 :

1892 540 2153 611 pollutus,
2214 539 2489 595 involutus
2535 556 2659 595 cum
2719 539 3039 606 interfectis,
3083 547 3138 595 et
3186 540 3455 596 confossis

1889 630 2091 698 gladio,
2127 629 2220 699 qui
2272 630 2605 685 descendunt
2665 632 2735 684 ad
2799 631 3007 698 lapides
3034 630 3156 685 laci.
3189 649 3209 683 ι
3257 628 3398 685 LXX
3437 646 3452 684 :

1894 735 1914 771 ι
1953 717 2156 775 Omnes
2207 734 2361 789 reges
2420 723 2660 789 gentium
2701 720 3045 775 dormierunt
3112 723 3165 776 in
3225 723 3453 783 honore,

1890 811 2051 865 homo
2083 812 2135 864 in
2167 812 2327 865 dmuo
2356 827 2478 865 sua.
2520 811 2598 865 Tn
2628 821 2807 866 autem
2843 812 3155 880 projicieris
3204 813 3257 867 in
3302 827 3456 865 mon-

1888 905 2032 957 tibus
2063 904 2206 958 sicut
2238 906 2258 936 ²
2289 904 2625 968 abortivum,
2662 904 3067 969 abominabilis,
3094 913 3150 960 et
3177 905 3455 959 involutus

1888 1009 2011 1049 eum
2051 994 2349 1048 interiectis
2403 993 2578 1062 gladio
2628 995 3081 1050 descendentibus
3136 999 3202 1049 ad
3259 996 3453 1049 tunda-

1889 1095 2067 1139 menta
2082 1096 2259 1141 terra.
2274 1104 2292 1137 ι
2327 1086 2501 1156 [teges
2516 1087 2755 1155 gentium
2777 1087 2975 1155 quibus
2995 1087 3135 1142 Deus
3149 1091 3393 1142 secundu
3441 1122 3448 1134 ο

1887 1176 2170 1232 Canticum
2202 1179 2531 1233 Deuteromii
2568 1189 2752 1249 gentes
2782 1179 3089 1234 crediderat
3132 1179 3454 1248 gubernan-

1888 1267 1986 1321 das
2012 1267 2196 1337 (Deut.
2234 1269 2432 1339 xxxii),
2459 1269 2549 1337 qui
2579 1268 2831 1323 concussi
2873 1278 3002 1323 sunt
3035 1284 3062 1321 a
3094 1267 3457 1323 Nabuchodo-

1890 1374 2077 1422 nosor,
2106 1369 2160 1415 et
2185 1371 2363 1415 tamen
2388 1376 2494 1414 non
2522 1361 2794 1424 subversi,
2816 1375 3046 1429 quorum
3067 1360 3088 1391 ³
3113 1374 3451 1429 nequaquam

1890 1462 2077 1520 regnat
2136 1462 2451 1519 peccaturo;
2506 1453 2600 1507 sed
2657 1452 2783 1521 quia
2822 1466 2918 1505 cor
2964 1465 3153 1504 eorum
3185 1452 3239 1504 in
3290 1464 3452 1502 manu

1889 1541 1981 1597 Dei
2037 1551 2175 1605 erat,
2235 1543 2456 1595 minime
2503 1552 2849 1597 corruerunt.
2908 1542 3123 1597 Etenim
3180 1540 3454 1605 Salvator,

1889 1635 2164 1703 quomodo
2203 1635 2342 1688 Deus
2372 1649 2557 1689 eorum
2584 1634 2905 1703 appellatur,
2943 1635 3023 1688 sic
3049 1633 3313 1688 Dominus
3352 1634 3451 1686 do-

1891 1726 2231 1789 minantium,
2257 1734 2310 1778 et
2358 1740 2450 1779 rex
2501 1740 2707 1795 regum.
2759 1725 2849 1779 Isti
2898 1724 3061 1794 igitur
3123 1737 3278 1793 reges
3336 1724 3455 1776 uui-

219 1810 327 1864 Pro
356 1828 418 1866 eo
435 1816 573 1880 quod
599 1812 894 1867 saaltatum
916 1826 993 1868 est
1022 1830 1112 1867 cor
1133 1825 1308 1879 tuum,
1327 1823 1376 1866 et
1401 1814 1619 1867 dixisti:
1647 1812 1784 1866 Deus
1819 1793 1859 1850 Β
1893 1814 2032 1866 νειδί
2078 1815 2467 1883 requieverunt
2512 1793 2584 1869 inv
2603 1815 2775 1883 gloria
2830 1828 2951 1875 sua,
2993 1815 3371 1883 unusquisque
3397 1812 3454 1865 in

212 1918 307 1971 ego
336 1920 479 1963 sunt.
499 1904 829 1957 habitatione
867 1904 963 1959 Dei
1009 1905 1244 1958 habitari
1297 1906 1350 1956 in
1379 1906 1536 1958 corde
1569 1905 1732 1957 maris
1765 1919 1785 1961 :

213 2004 271 2046 tu
296 2004 476 2049 autem
503 2012 557 2048 es
589 1995 764 2060 homo,
790 2005 838 2049 et
865 2012 970 2049 non
997 1994 1158 2059 Deus,
1197 2003 1250 2049 et
1296 1995 1491 2049 dedisti
1521 2011 1613 2050 cor
1636 2006 1785 2048 tuum

215 2091 348 2142 sicut
404 2105 496 2141 cor
540 2087 633 2143 Dei
690 2087 909 2157 (Eucti.
950 2101 1140 2151 mm,
1177 2086 1257 2155 2).
1293 2084 1405 2141 Iste
1454 2086 1558 2151 vir,
1589 2094 1647 2140 et
1682 2087 1787 2142 iste

217 2181 387 2234 homo
412 2181 767 2234 conturbavit
792 2178 1101 2234 universam
1155 2185 1380 2244 terram,
1411 2192 1509 2232 eos
1538 2177 1790 2233 videlicet

216 2275 306 2341 qui
342 2273 574 2326 audiunt
605 2288 728 2326 cum
753 2272 927 2326 Adam
955 2287 970 2326 :
1008 2269 1171 2327 Terra
1195 2286 1271 2335 es,
1300 2281 1350 2324 et
1380 2271 1439 2325 in
1471 2279 1665 2325 terram
1686 2270 1786 2325 ibis

214 2363 373 2431 (Gen.
405 2379 492 2427 ιιι,
520 2363 631 2433 19),
661 2374 717 2417 et
740 2364 1019 2419 concussit
1070 2378 1235 2432 regna
1266 2366 1382 2419 sive
1417 2380 1594 2434 reges,
1637 2379 1779 2432 quu-

210 2472 336 2509 rum
372 2471 473 2511 cor
504 2457 558 2509 in
592 2471 756 2510 manu
801 2456 1016 2509 Domini
1049 2464 1132 2510 est
1155 2452 1336 2525 (Prov.
1363 2456 1495 2524 ut).
1542 2455 1785 2511 Concus-

216 2547 308 2610 sit,
343 2546 546 2615 inquit,
579 2560 687 2600 non
724 2546 1012 2601 subvertit.
1061 2543 1212 2599 Unde
1238 2554 1295 2599 et
1331 2560 1467 2600 unus
1490 2545 1557 2599 de
1586 2545 1670 2600 his
1693 2546 1786 2613 qui

216 2638 471 2691 concussi
512 2636 821 2705 fuerant,et
838 2649 1020 2690 tamen
1051 2652 1158 2690 non
1180 2648 1383 2703 ruerat,
1403 2638 1726 2705 loquebatur
1763 2653 1781 2691 :

217 2728 327 2783 Mei
358 2739 543 2783 autem
588 2745 713 2797 pene
742 2732 869 2783 atati
915 2738 1035 2783 sunt
1082 2731 1234 2797 pedes
1267 2726 1445 2797 (Psal.
1494 2744 1657 2795 Lxxtt,
1708 2729 1787 2797 Ξ).

217 2820 288 2874 Et
338 2820 639 2890 Apostolus
681 2820 920 2890 loquitur
969 2822 1035 2873 ad
1081 2820 1386 2883 credentes,
1416 2819 1474 2873 ut
1526 2819 1791 2889 arripiant

212 2921 554 2966 armaturam
585 2911 705 2975 Dei,
744 2920 799 2967 et
848 2920 994 2967 stent
1059 2922 1252 2967 contra
1294 2912 1524 2966 insidias
1585 2910 1787 2966 diaboli

216 3001 446 3072 (Ephes.
478 3004 575 3071 vt).
610 3003 808 3058 Domus
851 3013 1031 3057 autem
1062 3018 1184 3072 qua:
1222 3017 1383 3072 supra
1430 3009 1637 3072 petram
1671 3001 1790 3056 iun—

1890 1903 2051 1959 dotuo
2081 1918 2197 1959 sua.
2231 1903 2467 1958 Diversa:
2504 1905 2705 1974 quippe
2725 1904 2867 1973 apud
2901 1904 3116 1957 Patrem
3145 1913 3272 1957 sunt
3298 1918 3452 1957 man-

1888 1997 2070 2055 siones
2092 1994 2277 2065 (Joan.
2308 1997 2419 2063 ιιν)
2448 2006 2539 2050 :et
2571 2011 2672 2065 pro
2698 1997 2963 2049 varietate
2986 1997 3268 2060 virtutum,
3302 1996 3456 2048 habi-

1888 2088 2153 2141 tationum
2195 2086 2537 2143 dill‘erentire.
2575 2086 2747 2142 Porro
2778 2084 3280 2142 Nabuchodonosor
3329 2098 3456 2154 pro-

1882 2180 2060 2249 jactus
2082 2179 2254 2234 estde
2279 2180 2534 2248 sepulcro
2567 2194 2691 2247 suo,
2728 2192 2829 2235 nec
2860 2181 2913 2234 in
2959 2190 3137 2234 morte
3168 2192 3198 2232 a
3244 2178 3456 2232 crucia-

1890 2273 2034 2327 tibus
2054 2272 2389 2342 conquievit.
2423 2271 2704 2339 Proiectus
2729 2279 2812 2326 est
2834 2282 3014 2326 autem
3057 2270 3215 2340 quasi
3252 2272 3452 2332 sanies,

1889 2378 2009 2433 qua
2065 2363 2333 2419 Hebraice
2358 2364 2560 2419 dicitur
2606 2379 2773 2418 assert
2830 2365 3001 2432 (Ἥξει),
3048 2378 3211 2431 quam
3258 2362 3452 2429 Aquila

1894 2456 2065 2527 ἰχῶρα
2100 2457 2487 2524 interpretatus
2524 2467 2629 2518 est,
2678 2458 2848 2508 tabem
2884 2455 2983 2525 [αι.
3033 2452 3238 2525 tabum]
3296 2453 3451 2505 vide-

1889 2548 2012 2604 licet
2068 2558 2120 2600 et
2170 2549 2452 2615 paedorem,
2506 2562 2665 2617 quem
2699 2544 3055 2616 Symmachus
3084 2547 3366 2615 ἐκτρωμα,
3403 2544 3453 2598 id

1889 2646 1991 2701 est,
2027 2636 2345 2698 abortivum,
2375 2633 2519 2687 LXX
2550 2645 2834 2697 mortuum,
2855 2632 3164 2687 Thcodotlu
3191 2646 3401 2702 germen
3432 2646 3455 2686 :

1889 2740 2197 2795 quanquam
2241 2727 2343 2779 hoc
2396 2726 2572 2792 ipsum
2608 2725 2830 2778 verbum
2866 2738 3026 2793 supra
3089 2722 3240 2795 (Cap.
3288 2738 3365 2786 ιι,
3400 2721 3454 2791 l)

1891 2816 1979 2870 ubi
2011 2820 2078 2871 de
2100 2817 2322 2869 Christo
2352 2816 2580 2886 legimus
2605 2834 2620 2871 δ
2648 2815 2964 2885 Egredietur
3010 2816 3151 2883 uirga
3184 2814 3251 2866 de
3281 2815 3457 2867 radice

1888 2906 2062 2969 Iesse,
2094 2917 2146 2960 et
2175 2907 2276 2975 ﬂos
2310 2909 2373 2960 de
2407 2908 2584 2960 radice
2615 2907 2730 2976 ejus
2766 2905 3029 2970 ascendet,
3064 2904 3203 2959 LXX
3245 2906 3453 2973 ﬂorem,

1891 2999 2189 3053 Theodotib
2217 3013 2450 3067 germen,
2480 2998 2672 3065 Aquila
2701 2997 3005 3068 ἀκρέμονα,
3043 2997 3093 3050 id
3125 3006 3229 3057 est.
3255 2996 3451 3065 virgul-

212 3096 340 3150 data
384 3104 493 3160 est,
541 3096 684 3149 nulla
724 3104 1041 3165 tempestate
1069 3096 1377 3149 concutitur
1419 3094 1635 3166 (Matth.
1665 3094 1785 3163 vn).
1815 3116 1862 3176 ο
1892 3099 2001 3140 tum
2028 3092 2071 3151 ⁵.
2098 3087 2437 3153 interpretati
2464 3096 2607 3137 sunt.
2638 3084 2874 3154 Proprie
2929 3099 3112 3140 autem
3158 3085 3325 3140 Neser
3374 3088 3455 3140 di-

212 3184 528 3257 Sequitur:
578 3185 680 3251 Qui
730 3188 907 3253 posuit
960 3186 1130 3240 orbem
1180 3196 1442 3239 terrarum
1494 3186 1785 3251 desertum,

209 3279 330 3334 sive
370 3289 432 3332 ut
460 3278 613 3349 juxta
648 3276 1000 3343 llehraicum,
1036 3286 1231 3345 praeter
1258 3274 1426 3343 LXX,
1469 3289 1661 3332 omnes
1694 3277 1785 3331 alii

213 3370 639 3434 transtulerunt,
688 3368 844 3437 quasi
895 3370 1182 3422 desertum.
1224 3365 1382 3420 Vitiis
1426 3367 1571 3419 enim
1621 3375 1788 3434 atque

208 3462 461 3535 peccatis
506 3461 690 3514 orbem
743 3460 832 3528 qui
862 3456 1125 3513 llehraiee
1170 3458 1364 3514 dicitur
1401 3472 1606 3513 rusum.
1636 3442 1786 3530 (πω)

211 3551 348 3605 fecit
377 3567 501 3606 esse
534 3552 834 3618 desertum,
869 3561 925 3604 ut
972 3550 1175 3604 nullam
1231 3551 1456 3605 haberet
1508 3551 1788 3616 virtutem,

211 3642 303 3696 vel
359 3643 565 3696 eisdem
598 3641 904 3708 subjaceret
940 3640 1107 3705 vitiis,
1127 3643 1327 3711 quibus
1349 3642 1590 3711 gentium
1628 3642 1786 3710 plena

204 3746 301 3789 est
320 3735 579 3789 solitudo.
610 3731 783 3788 Urbes
802 3749 1018 3804 quoque
1041 3734 1285 3803 ejusdem
1307 3733 1579 3788 destruxit
1609 3732 1787 3795 orbis,

207 3838 273 3880 ut
305 3828 374 3882 de
424 3824 687 3881 Ecclesiis
733 3825 936 3881 Christi
979 3827 1185 3880 luceret
1226 3839 1530 3895 synagogas
1561 3824 1786 3887 diaboli,

203 3928 265 3973 et
296 3918 624 3972 munditiam
658 3931 796 3971 vene
839 3916 962 3971 lidei
998 3917 1247 3971 haeretica
1281 3917 1443 3970 sorde
1493 3917 1785 3986 pollueret.

203 4009 327 4064 Sed
361 4018 416 4063 et
451 4009 648 4063 vinetis
686 4008 831 4077 eius,
864 4008 916 4062 id
952 4017 1036 4062 est
1055 4008 1231 4072 orbis,
1269 4022 1377 4061 non
1425 4009 1638 4076 aperuit
1669 4024 1792 4064 car-

200 4118 428 4158 cerem.
459 4100 569 4156 Nos
599 4114 789 4171 omnes
823 4103 986 4154 vincti
1015 4114 1257 4165 eramus,
1282 4110 1338 4153 et
1360 4100 1530 4155 clausi
1563 4102 1788 4155 teneba-

202 4210 346 4249 mur
367 4195 420 4249 in
445 4193 903 4262 carcere,quibus
928 4192 1122 4247 vinctis
1153 4192 1287 4247 dixit
1311 4190 1582 4258 Salvator,
1610 4191 1787 4258 Exite,

196 4296 257 4341 et
302 4286 396 4341 his
420 4285 514 4355 qui
544 4283 704 4355 255
737 4295 896 4340 erant
926 4285 978 4338 in
1009 4283 1276 4349 tenebris,
1313 4282 1659 4347 Reuelamini.
1691 4285 1791 4338 Do-

199 4376 399 4432 minus
467 4376 612 4430 enim
648 4375 809 4430 solvit
842 4376 1206 4444 compeditos.
1231 4373 1334 4440 Qui
1360 4376 1569 4429 liberati
1602 4377 1669 4428 ab
1701 4391 1786 4440 eo,

1892 3178 2032 3231 citur
2057 3175 2363 3245 virgultum,
2390 3175 2533 3243 quod
2562 3174 2629 3229 ad
2665 3175 2876 3229 radices
2902 3178 3161 3230 arborum
3188 3178 3451 3241 nascitur,

1888 3276 1942 3322 et
1991 3267 2059 3320 ab
2103 3266 2360 3335 agricolis
2396 3267 2641 3320 avulsum
2676 3267 2837 3334 quasi
2896 3268 3094 3322 inutile
3148 3268 3453 3339 projicitur,

1890 3359 2031 3413 unde
2063 3368 2118 3414 et
2153 3373 2253 3414 nos
2304 3359 2521 3427 stirpem
2552 3360 2794 3413 inutilem
2834 3361 3235 3416 transtulimus.
3291 3361 3458 3431 Igitur

1886 3448 2389 3507 Nabuchodonosor
2416 3450 2569 3519 quasi
2606 3454 2778 3520 stirps
2804 3451 3017 3506 inutilis
3041 3453 3291 3507 incendio
3320 3467 3458 3522 pra-

1888 3549 2131 3611 paratus,
2157 3540 2239 3594 vel
2271 3541 2417 3594 sicut
2457 3540 2622 3610 256
2650 3542 2833 3595 sanies
2859 3541 3116 3610 pollutus,
3142 3552 3219 3595 iet
3248 3544 3460 3596 involu-

1892 3644 1978 3691 tus
2012 3632 2097 3687 his
2121 3630 2216 3700 qui
2244 3630 2313 3685 ab
2344 3646 2415 3686 eo
2442 3630 2717 3686 interiecti
2751 3642 2879 3685 sunt
2908 3633 3109 3702 gladio,
3143 3642 3195 3687 et
3228 3634 3460 3688 descen-

1889 3726 2085 3785 derunt
2128 3739 2302 3795 usque
2348 3724 2415 3779 ad
2467 3724 2821 3781 litudamenta
2851 3726 2987 3791 'laci,
3041 3727 3363 3781 detrahetur
3396 3727 3453 3779 in

1892 3817 2248 3887 profundum,
2272 3824 2328 3871 et
2359 3832 2427 3871 ne
2453 3832 2574 3871 cum
2613 3818 2698 3872 bis
2728 3818 2948 3885 quidem
2982 3817 3202 3872 habebit
3231 3832 3457 3872 consor-

1891 3910 2024 3966 tium
2045 3910 2340 3981 sepulturat
2364 3924 2503 3979 quos
2528 3910 2824 3964 interiecit.
2848 3910 3089 3963 Alterius
3119 3911 3263 3965 enim
3283 3924 3460 3979 pmnae

1890 4014 1971 4061 est
1997 4013 2190 4059 auctor
2210 4004 2414 4069 delicti,
2439 4012 2489 4056 et
2516 4002 2743 4057 alterius
2770 4002 2861 4073 qui
2881 4002 2950 4057 ab
2971 4011 3195 4057 auctore
3211 4004 3456 4071 compul-

1892 4111 1986 4156 sus
2048 4105 2155 4151 est.
2232 4095 2336 4151 Iste
2407 4107 2491 4150 est
2553 4093 2766 4165 gladius
2830 4109 2937 4163 quo
3001 4094 3267 4150 vulnerati
3332 4109 3462 4152 sunt

1892 4188 2108 4257 plurimi
2151 4198 2207 4243 et
2258 4186 2555 4251 interiecti,
2604 4189 2671 4241 de
2725 4201 2837 4257 quo
2896 4190 2949 4243 in
2981 4187 3212 4257 septimo
3250 4187 3466 4258 psalmo

1892 4278 2125 4349 legimus
2149 4296 2165 4333 ε
2193 4277 2315 4333 Nisi
2330 4281 2567 4333 conuersi
2587 4280 2815 4347 fueritis,
2836 4280 3077 4350 gladium
3106 4296 3259 4334 suum
3286 4282 3466 4335 vibra-

1893 4372 1988 4435 νει,
2022 4385 2203 4424 arcum
2233 4388 2390 4425 suum
2417 4374 2657 4438 tetendit,
2688 4383 2737 4427 et
2768 4378 2974 4443 paravit
3009 4388 3151 4427 eum.
3180 4372 3244 4427 Et
3274 4374 3326 4425 in
3352 4375 3467 4441 ipso

193 4472 420 4537 gratias
454 4467 698 4524 referunt
719 4467 956 4521 dicentes
986 4482 1002 4523 :
1028 4465 1107 4520 Tu
1127 4466 1418 4521 dissoluisti
1444 4466 1649 4520 vincula
1679 4484 1794 4522 mea
1826 4454 1872 4515 ι)
1900 4466 2105 4534 parauit
2130 4480 2253 4518 vasa
2284 4466 2469 4518 mortis
2492 4482 2511 4518 :
2536 4466 2765 4535 sagittas
2787 4482 2910 4519 suas
2960 4466 3267 4519 ardentibus
3293 4466 3464 4534 effecit

195 4558 391 4621 (Psal.
423 4574 545 4622 cxv,
573 4556 673 4626 l7;
706 4556 1014 4623 Jerem.>tt;
1055 4557 1209 4613 Prov.
1245 4559 1319 4629 v).
1354 4557 1594 4614 Funibus
1646 4560 1788 4615 enim

1901 4556 2077 4629 (Psal.
2104 4572 2206 4619 vn,
2244 4558 2336 4624 15,
2378 4557 2490 4628 ib),
2533 4559 2620 4614 his
2663 4560 2932 4621 videlicet,
2963 4559 3054 4627 qui
3080 4561 3132 4613 iu
3164 4576 3318 4612 suum
3372 4575 3465 4611 cor

191 4664 564 4722 pcotcaturtltlt
584 4666 803 4704 suorum
833 4650 1181 4720 unusquique
1194 4650 1635 4720 constringitur;
1661 4666 1797 4720 quos
1911 4649 2080 4718 ignita
2104 4649 2306 4703 diaboli
2325 4649 2504 4717 iacula
2528 4661 2910 4718 susceperunt.
2936 4652 3104 4705 Porro
3120 4653 3272 4720 juxta
3298 4652 3464 4714 LXX,

192 4745 377 4795 funes
398 4753 561 4808 atque
584 4739 797 4794 vincula
822 4740 1031 4794 solvere
1056 4751 1282 4810 possunt
1315 4750 1369 4795 et
1404 4741 1657 4809 apostoli,
1681 4742 1803 4795 imi.

189 4844 394 4888 tantes
417 4836 728 4901 magistrum
748 4848 906 4886 suum
930 4834 1020 4902 qui
1050 4837 1129 4888 eis
1161 4834 1371 4887 dixerat
1420 4850 1435 4886 :
1471 4833 1799 4901 Quwcunque

184 4925 479 4977 solveritis
503 4940 658 4992 super
687 4937 903 4987 terram,
923 4933 1073 4977 erunt
1088 4925 1261 4978 soluta
1281 4934 1329 4977 et
1348 4926 1402 4977 in
1425 4929 1552 4979 cutio
1576 4923 1799 4995 (Matth.

186 5032 344 5071 xvm
362 5058 381 5082 ,
403 5017 510 5084 t8).
530 5016 758 5069 Solvunt
775 5028 949 5069 autem
973 5030 1067 5071 eos
1091 5017 1315 5085 apostoli
1337 5033 1585 5072 sermone
1616 5018 1802 5083 Dci,et

187 5108 551 5165 testimoniis
587 5110 1011 5176 Scripturarum,
1042 5108 1490 5163 etexhortatioue
1518 5110 1798 5162 virtutum.

283 5198 488 5267 (Vera.
528 5196 618 5262 l8,
648 5198 760 5266 l9.)
794 5216 809 5247 ι
840 5196 1044 5252 Omnes
1076 5212 1230 5267 reges
1248 5200 1490 5265 gentium
1521 5198 1537 5228 ¹
1562 5196 1799 5253 universi

181 5289 559 5345 doris-ierunt
582 5289 635 5343 in
666 5290 859 5358 gloria,
884 5291 1271 5361 unusquisque
1296 5291 1348 5344 in
1371 5290 1534 5345 domo
1560 5305 1685 5346 sua.
1719 5288 1799 5345 Tu

1904 4742 2137 4797 cadaver
2178 4738 2678 4798 Nabuchodonosor
2711 4759 2835 4798 cum
2880 4745 3131 4812 plurimis
3162 4744 3468 4799 interiectis

1902 4832 2163 4901 pollutmu
2190 4840 2351 4900 atque
2379 4832 2905 4904 confossumjacebit
2930 4841 2984 4890 in
3013 4838 3282 4904 superbiat
3309 4852 3465 4890 mon-

1904 4923 2066 4987 tibus,
2096 4933 2152 4978 et
2186 4922 2484 4979 deducetur
2514 4929 2584 4981 ad
2618 4927 2841 4982 inferos.
2872 4925 3243 4983 Fundamenta
3271 4940 3454 4985 autem

1903 5016 2029 5080 laci,
2064 5031 2162 5085 pro
2204 5016 2478 5086 lapidibus
2520 5018 2649 5085 laci,
2683 5021 3074 5090 interpretatus
3100 5032 3185 5077 est
3212 5022 3465 5093 Symma-

1904 5109 2061 5175 chus,
2085 5121 2145 5164 ut
2167 5108 2292 5165 aliis
2323 5111 2502 5167 verbis
2531 5112 2878 5182 profundum,
2903 5123 2959 5168 et
2981 5112 3268 5169 Tartarum
3295 5115 3467 5187 signi.

1904 5200 1999 5257 lica
2008 5214 2089 5257 ret
2134 5202 2350 5257 inferni.

1978 5293 2156 5364 (Vers.
2199 5294 2317 5364 ΞΟ.)
2354 5312 2373 5345 ι
2423 5293 2589 5361 Quasi
2643 5294 2875 5349 cadaver
2909 5296 3189 5366 patridum
3229 5312 3333 5352 non
3373 5296 3471 5352 ha-

260 5470 285 5503 ί
332 5467 409 5524 In
470 5467 645 5523 Vatic.
676 5467 767 5525 hic
820 5478 874 5524 et
910 5468 1051 5541 apud
1108 5467 1250 5523 LXX
1301 5485 1421 5523 cunt
1488 5470 1800 5539 prmpositio

183 5541 517 5597 omittitur.

258 5615 287 5645 ³
322 5608 421 5661 Ex
454 5606 755 5679 Graecum;
806 5610 999 5679 νεκρὸς
1027 5608 1443 5677 ἐσδελυγμένος,
1474 5625 1580 5662 non
1615 5620 1797 5664 autem

174 5682 633 5747 llieronymiau.
663 5676 795 5737 Mss.
831 5676 1103 5735 Victorius
1137 5676 1409 5746 rescribit,
1444 5691 1500 5733 ut
1550 5694 1793 5736 mortuus

174 5747 623 5808 demutabilis.

1976 5472 1996 5503 ³
2021 5477 2196 5541 Atque
2228 5475 2313 5549 hic
2345 5474 2483 5527 idem
2514 5475 2584 5529 ad
2644 5485 2849 5532 textum
2887 5480 3058 5549 Epist.
3098 5483 3165 5534 ad
3212 5481 3469 5548 Romam,

1904 5556 2063 5611 quem
2098 5556 2245 5623 certe
2274 5545 2452 5597 locum
2490 5555 2675 5599 noster
2710 5545 2945 5612 alluditf
2973 5555 3174 5605 tnavult
3211 5545 3473 5619 reponere

1902 5627 2195 5694 quorum":
2220 5629 2436 5694 corpore
2462 5631 2790 5694 nequaquam
2822 5628 3073 5692 regnabat
3102 5636 3396 5694 peccatum.

1970 5683 1996 5717 -δ
2027 5679 2225 5764 Vatia,
2250 5685 2304 5737 id
2336 5695 2434 5752 est,
2458 5679 2758 5757 virgulam;
2788 5679 2974 5764 βιαίως
3008 5679 3156 5747 reddi
3187 5698 3483 5763 connnode

1902 5752 2164 5823 ὰκρὲμων
2199 5766 2399 5823 potest.
