3972 6198
393 355 493 424 231
1587 336 1649 399 S.
1675 329 1993 397 EUSEBII
2027 319 2481 390 HIERONYMI
2869 419 2882 424 Δ
3115 412 3129 424 ⁸
3446 407 3488 424 ﬂ

396 407 554 521 hci-tis
592 457 936 517 consortium
968 467 1152 525 neque
1185 465 1309 508 cum
1340 448 1425 505 eis
1461 447 1519 502 in
1555 444 1864 516 sepultura.
1895 437 1978 494 Tu
2011 443 2055 500 Α
2086 441 2378 504 propterea
2422 440 2532 484 non
2562 424 2671 525 erit
2715 419 3006 525 mundum,
3035 412 3173 525 quia
3203 420 3411 468 terram

397 501 554 614 22-h:
593 501 1469 613 12:3;"idaisv‘JiSpE-Eiaisa,
1505 501 1772 609 populum
1820 542 1973 587 tuum
2090 501 2359 596 perdidit,
2414 519 2675 614 populum
2729 516 2851 587 ejus
2896 508 3193 614 interiecit,
3227 501 3675 614 uenumdedit;

794 657 813 691 ι
849 635 1028 693 LXX:
1061 652 1083 685 ι
1110 595 1397 701 Quomodo
1418 595 1804 685 vestimentum
1828 636 1982 678 com-
2086 595 2144 673 et
2202 615 2361 688 [1οη.
2397 614 2452 668 id
2506 607 2620 681 est]
2666 618 2869 663 terram
2913 595 3283 701 confessionis
3326 603 3406 701 et.
3434 598 3675 701 ⁸ιιιιιιιιιθι

405 738 636 789 mixtum
661 729 933 799 sanguine
953 741 1059 781 non
1084 724 1187 779 erit
1225 722 1511 786 mundum,
1552 718 1634 773 sic
1657 730 1758 771 nec
1788 722 1844 769 tu
1874 711 1986 768 eris
2088 720 2337 781 quosque
2390 702 2625 774 perdens
2659 690 3255 799 atque-interﬁciens:
3290 693 3347 739 et
3393 685 3517 799 it'teo
3555 693 3674 799 lnon

1088 772 1614 882 'meamvpcrdidisti,
1645 817 1699 863 et
1730 805 1985 876 populum
2092 772 2339 858 manebit
2368 772 2422 851 in
2458 800 2802 865 perpetuum.
2833 785 2989 843 Unde
3016 792 3074 838 et
3115 781 3176 886 iu.
3204 775 3503 890 Evangelia
3536 772 3679 890 dici:

413 934 592 973 meum
631 871 979 971 interfecisti.
1011 929 1031 963 ι
1064 907 1204 975 Quia
1238 871 1463 961 multum
1493 905 1634 959 inter
1674 871 1993 957 se-ii‘ebrai-
2091 906 2225 951 tur:
2274 892 2353 945 Ite
2403 890 2460 943 in
2512 888 2703 975 ignem
2748 891 3026 975 a'ternunt,
3085 874 3176 944 qui
3226 876 3567 975 prteparatus
3598 871 3678 975 es:

1644 955 1726 1048 de
1760 989 1992 1059 singulis
2094 982 2305 1040 diabolo
2342 990 2393 1037 et
2421 955 2627 1049 augetis
2655 974 2771 1044 ejus
2828 970 3045 1069 (Matth;
3076 962 3359 1069 xxx-HA).
3386 955 3681 1069 Quomodo

408 1050 762 1154 disseramus:
792 1094 941 1149 Sicut
975 1092 1194 1145 cadater
1216 1050 1510 1157 putridum,
1552 1085 1670 1141 sive
1698 1091 1762 1137 ut
1793 1077 1991 1149 Aquila
2098 1086 2285 1133 autem
2321 1082 2547 1129 sanctus
2578 1069 2973 1123 vestimentum
3008 1060 3115 1157 Dei.
3152 1065 3263 1121 est,
3294 1064 3351 1107 et
3378 1050 3684 1157 vestimen—

409 1189 710 1251 transtulit,
767 1184 1155 1244 conculcatum,
1193 1196 1301 1235 non
1365 1177 1598 1234 habebis
1652 1175 1993 1231 consortium

412 1282 731 1346 sepultum,
766 1290 868 1330 nec
926 1287 1055 1327 cum
1104 1271 1190 1324 his
1222 1270 1440 1338 quidem
1472 1282 1614 1339 quos
1645 1263 1992 1321 interfecisti.

415 1368 497 1423 Tu
528 1371 672 1423 enim
712 1369 972 1437 magister
1011 1382 1094 1431 es,
1126 1368 1203 1421 illi
1264 1368 1419 1418 fuere
1473 1359 1732 1429 discipuli
1767 1376 1781 1413 :
1819 1366 1875 1412 et
1907 1354 1997 1410 cui

423 1460 548 1529 plus
586 1458 854 1514 creditura
883 1468 991 1521 est,
1034 1460 1154 1527 plus
1201 1456 1436 1524 exigitur
1482 1453 1551 1506 ab
1588 1466 1674 1505 eo.
1723 1449 1802 1503 Tu
1852 1448 1998 1503 enim

428 1563 631 1605 terram
658 1560 803 1603 tuam
833 1547 1229 1617 disperdidisti,
1263 1547 1521 1616 populum
1548 1555 1697 1597 tuum
1728 1540 1999 1606 occidisti,

419 1654 516 1695 eos
542 1638 793 1694 videlicet
822 1638 915 1707 qui
941 1638 1261 1692 tibi‘crediti
1292 1645 1420 1690 sunt
1449 1631 1816 1704 gubernandi.
1846 1628 2003 1685 Unde

423 1730 488 1781 ad
523 1728 862 1783 Salvatorem
893 1731 1055 1783 audet
1091 1728 1272 1783 dicere
1305 1742 1320 1779 :
1355 1725 1480 1779 Htec
1514 1726 1693 1778 omnia
1729 1722 1857 1776 mihi
1892 1730 2001 1773 tra-

423 1822 537 1874 dita
567 1831 713 1884 sunt,
764 1829 815 1873 et
871 1819 1012 1873 dabo
1049 1819 1144 1872 tibi
1188 1835 1274 1881 ea,
1314 1817 1359 1869 si
1391 1816 1664 1884 precidem
1695 1810 2005 1867 adoraveris

426 1928 508 1966 me
531 1910 751 1980 (Matth.
779 1926 852 1973 tv,
878 1911 958 1980 9).
984 1908 1233 1965 Cadaver
1261 1918 1439 1963 autem
1465 1904 1667 1961 diaboli
1702 1904 2005 1973 putridum,

430 2002 499 2057 ob
523 2001 954 2071 magnitudinem
984 2010 1335 2069 peccatorum
1371 1998 1623 2050 dubitare
1646 2009 1753 2049 non
1781 1994 2006 2064 poterit,

431 2094 526 2164 qui
559 2093 749 2161 legerit
770 2101 1055 2160 peccatum
1082 2104 1207 2144 esse
1239 2086 1651 2153 fetidissimum,
1677 2086 1795 2157 ipso
1819 2100 2012 2154 peccao

438 2193 553 2238 tore
574 2184 792 2239 dicente
821 2200 835 2236 :
868 2181 1323 2250 Computruerunt
1343 2190 1391 2233 et
1418 2188 1683 2247 corrupta!
1708 2185 1834 2230 sunt
1864 2177 2013 2230 cica-

437 2276 591 2328 trices
619 2289 747 2328 mete
778 2289 810 2327 a
838 2273 975 2341 facie
1001 2272 1317 2340 insipientia
1347 2285 1475 2325 mete
1499 2269 1679 2339 (Psal.
1698 2282 1909 2330 xxxvtt,
1931 2267 2011 2336 6).

437 2363 762 2420 Econtrario
813 2364 988 2416 virtus
1049 2362 1176 2417 boni
1230 2361 1413 2414 odoris
1450 2369 1582 2413 est:
1641 2356 1787 2412 unde
1817 2363 1873 2409 et
1903 2354 2017 2424 spi-

442 2455 719 2510 rituaiium
763 2452 996 2506 fratrum
1055 2450 1277 2506 dilectio
1324 2454 1678 2515 comparatur
1711 2455 2014 2516 unguento,

440 2548 583 2618 quod
636 2543 927 2602 descendit
975 2558 1138 2612 super
1193 2542 1419 2597 barbam
1481 2540 1687 2603 Aaron,
1739 2546 1796 2593 et
1852 2551 2017 2607 super

439 2655 593 2694 oram
620 2636 931 2694 vestimenti
967 2635 1085 2704 ejus
1138 2634 1313 2705 (Psat.
1345 2633 1575 2702 cxxxu).
1628 2630 1697 2685 Et
1733 2629 1804 2684 ad
1855 2644 2019 2699 spon-

438 2747 555 2787 sam
600 2744 836 2797 sponsus
870 2727 1111 2794 loquitur
1143 2741 1161 2782 ξ
1193 2726 1354 2794 257
1398 2722 1544 2778 Odor
1570 2732 1691 2775 tuus
1723 2723 1924 2787 suavis,
1966 2730 2019 2775 et

440 2821 603 2889 facies
634 2831 727 2872 tua
764 2818 1000 2885 speciosa
1032 2814 1213 2885 (Cant.
1244 2830 1308 2879 il,
1351 2813 1466 2882 i4).
1502 2812 1789 2877 Quomodo
1822 2822 2013 2867 autem

440 2915 675 2965 cadaver
699 2909 902 2964 diaboli
928 2907 1286 2978 spirituaiiter
1313 2907 1686 2970 conculcetur,
1721 2905 1855 2959 illud
1878 2906 2024 2973 Apo-

442 3002 570 3054 stoli
602 3002 764 3054 docet
794 3012 930 3055 nos:
978 2995 1119 3051 Deus
1168 3005 1397 3050 conteret
1428 2994 1693 3049 Satanam
1726 2996 1821 3048 sub
1872 2993 2023 3062 pedi-

2098 1178 2213 1224 tum
2238 1180 2464 1230 novum,
2490 1172 2546 1217 et
2574 1160 2810 1215 vestitur
2830 1154 3013 1211 tunica
3036 1150 3232 1206 salutis
3258 1158 3423 1215 atque
3448 1140 3677 1202 laetitia,

2101 1264 2339 1318 dicens:
2394 1256 2645 1312 Exsultet
2692 1254 2879 1306 anima
2931 1262 3051 1300 nica
3106 1251 3164 1297 in
3197 1240 3425 1296 Domino
3451 1252 3470 1290 :
3507 1230 3684 1286 induit

2101 1354 2239 1408 enim
2269 1367 2352 1405 me
2368 1350 2682 1404 uestimento
2708 1342 2921 1405 salutis,
2948 1346 2999 1391 et
3020 1335 3199 1388 tunica
3229 1328 3432 1385 latitite
3460 1326 3687 1379 circum-

2101 1445 2244 1499 dedit
2282 1460 2363 1498 me
2394 1441 2530 1513 (Isa.
2566 1453 2677 1503 ωιι,
2710 1436 2801 1504 10)
2845 1448 2863 1487 :
2916 1434 2997 1487 sic
3024 1445 3055 1483 e
3096 1422 3375 1482 contrario
3403 1426 3683 1515 peccator,

2104 1538 2197 1605 qui
2227 1544 2409 1607 portat
2433 1532 2725 1600 imaginem
2754 1523 2961 1580 veteris
2990 1518 3230 1577 hominis
3259 1524 3424 1583 atque
3448 1520 3679 1607 terrent,

2106 1596 2351 1683 meretur
2370 1596 2757 1696 ﬁsa-audire
2790 1638 2804 1673 :
2843 1615 2981 1670 Ecce
3007 1625 3187 1667 omnes
3216 1623 3304 1662 eos
3332 1603 3487 1673 quasi
3526 1596 3686 1696 tte-sti-

2109 1731 2341 1777 mentum
2370 1690 2806 1777 Taeterascemini,
2836 1721 2884 1763 et
2935 1710 3081 1760 tinea
3118 1698 3390 1757 deuorabit
3432 1709 3520 1748 nos
3545 1690 3689 1761 (Isa.

2112 1831 2164 1879 ι,
2198 1813 2276 1883 9).
2300 1811 2613 1882 Quiautem
2654 1802 2953 1873 profecerit
2986 1800 3038 1853 in
3078 1797 3306 1858 scelere,
3344 1800 3402 1845 et
3438 1795 3687 1883 vetusta:

2112 1915 2221 1961 tem
2260 1876 2504 1959 uoluerit
2528 1898 2831 1954 emundare
2856 1893 3115 1956 novitate,
3142 1895 3484 1956 nequaquam
3512 1876 3685 1933 veteri

2115 1998 2461 2063 vestimento,
2503 1993 2598 2048 sed
2647 2003 2827 2060 panno
2866 1991 3222 2040 menstruam
3260 1974 3504 2033 mulieris
3536 1984 3690 2026 com-

2116 2087 2395 2159 parabitur
2428 2086 2619 2139 dicens
2670 2093 2687 2110 ’
2733 2080 3067 2141 Errarimus,
3098 2083 3147 2128 et
3183 2072 3311 2143 [acti
3349 2082 3531 2123 sumus
3587 2065 3691 2117 im-

2115 2179 2300 2234 mundi
2333 2192 2510 2232 omnes
2535 2190 2652 2241 nos,
2679 2173 2814 2227 sicut
2836 2185 3041 2239 pannus
3066 2169 3414 2221 menstruales
3445 2159 3693 2212 uniuersa

2116 2273 2328 2338 iustitia
2360 2280 2567 2325 nostra.

2189 2363 2370 2436 (Vers.
2401 2364 2495 2431 2|,
2532 2360 2651 2427 22.)
2680 2380 2699 2414 ι
2736 2359 2931 2415 Semen
2961 2354 3345 2426 pessimorum,
3391 2349 3700 2417 praeparate

2120 2458 2260 2513 lilios
2300 2466 2515 2511 vestros
2568 2453 2829 2509 occisioni
2859 2453 2875 2483 ¹
2920 2450 3267 2519 iniquitatum
3329 2448 3540 2512 patrum
3565 2449 3699 2493 suo-

2122 2565 2241 2604 rum
2281 2567 2295 2603 :
2331 2563 2435 2603 non
2497 2553 2831 2615 consurgent
2892 2557 2992 2597 nec
3026 2536 3433 2595 hatreditabunt
3473 2541 3696 2593 terram,

2120 2655 2301 2712 neque
2332 2640 2630 2711 implebunt
2658 2639 2847 2693 faciem
2877 2637 3027 2691 orbis
3047 2634 3348 2689 civitatum.
3382 2629 3449 2684 Et
3473 2640 3703 2682 consur-

2122 2750 2243 2803 gam
2268 2746 2435 2802 super
2462 2746 2578 2796 eos,
2613 2731 2743 2785 dicit
2772 2728 3036 2783 Dominus
3080 2725 3415 2780 exercituum
3450 2736 3467 2777 :
3492 2728 3547 2773 et
3576 2733 3701 2788 per-

2125 2829 2249 2883 dant
2296 2823 2585 2896 Babylonis
2616 2837 2811 2877 nomen
2839 2819 3203 2888 etreliquias,
3261 2826 3315 2869 et
3347 2827 3594 2885 germen,
3643 2818 3699 2864 et

2126 2919 2489 2993 progeniem,
2550 2918 2627 2970 ait
2685 2915 2943 2968 Dominus
3018 2910 3377 2966 exercituum.
3422 2923 3444 2957 ι
3508 2902 3699 2959 LXX:

2134 3028 2153 3062 ι
2204 3010 2400 3063 Semen
2440 3005 2760 3076 pessimum,
2800 3016 3041 3072 praepara
3071 2999 3209 3054 ﬁlios
3261 3007 3388 3052 tuos
3442 2994 3703 3050 occisioni

445 3091 540 3144 bus
570 3093 751 3146 uestris
774 3090 1018 3144 uelociter
1046 3088 1226 3159 (Rom.
1261 3102 1376 3154 xv1,
1407 3086 1523 3155 20).
1543 3086 1607 3140 Et
1625 3086 1837 3141 Domini
1858 3087 2020 3140 verba

2131 3101 2333 3174 peccati
2369 3099 2541 3170 patris
2569 3098 2643 3151 tui
2677 3114 2691 3151 :
2720 3106 2779 3149 ut
2811 3111 2916 3150 non
2950 3100 3357 3163 consurgantet
3390 3088 3707 3158 possideant

446 3183 683 3237 dicentis
717 3198 734 3239 ;
761 3180 931 3246 Quasi
971 3184 1144 3234 lutum
1173 3181 1475 3249 platearum
1506 3178 1687 3232 delebo
1715 3194 1804 3231 eos
1837 3175 2018 3247 (Psal.

447 3290 581 3340 xvtt,
610 3274 721 3343 i3).
759 3272 867 3329 iste
898 3274 1024 3343 quia
1072 3282 1273 3327 terram
1305 3271 1410 3327 sibi
1459 3271 1721 3325 creditam
1764 3269 2023 3338 perdidit,

448 3380 505 3423 et
533 3368 886 3423 commissum
913 3364 1299 3436 sibizpopulum
1328 3363 1644 3427 trucidavit,
1674 3375 2021 3431 nequaquam

452 3476 547 3515 eos
576 3461 733 3515 vivos
761 3472 1054 3515 reservans
1084 3459 1216 3524 Deo,
1242 3457 1337 3512 sed
1358 3455 1538 3512 socios
1568 3470 1682 3509 suae
1711 3468 2027 3522 praeparans

452 3553 789 3624 sepulturae:
827 3560 1117 3621 propterea
1173 3565 1281 3604 non
1333 3549 1462 3613 erit,
1504 3562 1607 3601 nec
1654 3546 1941 3601 vo-‘abitur
1973 3547 2031 3597 in

451 3659 715 3701 aeternum
777 3659 963 3700 semen
1022 3644 1404 3715 pessimorum.
1462 3640 1634 3695 Porro
1681 3641 1837 3708 juxta
1889 3635 2031 3692 LXX

458 3740 603 3792 hunc
629 3738 793 3792 habet
820 3751 1039 3792 sensum
1067 3751 1085 3793 :
1115 3734 1160 3790 0
1185 3733 1403 3790 Lucifer
1432 3734 1524 3804 qui
1558 3747 1717 3789 mane
1739 3732 2031 3799 oriebaris,

456 3832 548 3899 qui
590 3831 807 3899 quando
838 3830 1075 3883 habebas
1106 3842 1275 3896 opera
1306 3828 1529 3880 virtutis
1566 3834 1624 3879 et
1659 3823 1903 3887 luminis,
1934 3836 2033 3875 ve-

453 3930 767 3977 stimentum
790 3937 913 3975 eras
943 3922 1057 3986 Dei,
1090 3930 1145 3975 et
1173 3922 1238 3973 de
1267 3929 1320 3973 te
1351 3918 1457 3973 dici
1487 3927 1706 3987 poterat
1743 3932 1758 3971 :
1790 3916 2033 3970 Amictus

456 4016 654 4069 lumine
674 4014 814 4069 sicut
847 4015 1148 4067 uestimento
1175 4011 1348 4083 (Psal.
1379 4026 1501 4075 cttt,
1526 4010 1583 4079 2)
1616 4025 1631 4063 :
1659 4009 1786 4078 quia
1831 4008 2036 4062 multos

460 4108 792 4164 interfecisti
830 4107 1033 4176 gladio,
1070 4108 1162 4174 qui
1189 4105 1599 4160 descenderunt
1632 4102 1699 4155 ad
1731 4099 2032 4164 infernum,

459 4210 512 4254 et
544 4214 735 4254 eorum
770 4199 1005 4266 pollutus
1056 4213 1117 4252 es
1169 4195 1457 4261 sanguine,
1492 4206 1840 4262 nequaquam
1873 4204 2038 4246 voca-

463 4290 610 4343 beris
650 4291 1032 4342 vestimentum
1088 4287 1209 4351 Dei,
1247 4286 1343 4341 sed
1399 4286 1789 4340 vestimentum
1842 4298 2042 4340 cruore

463 4383 804 4452 pertitistum,
858 4396 964 4436 non
1020 4380 1348 4435 maculatum
1408 4388 1572 4448 atque
1645 4378 1929 4448 pollutum,
1983 4387 2043 4431 ut

2128 3204 2350 3256 terram,
2374 3200 2430 3246 et
2452 3189 2714 3260 impleant
2752 3197 2949 3242 terram
2979 3186 3278 3240 civitatum.
3325 3181 3394 3236 Et
3424 3184 3706 3250 insurgam

2127 3286 2229 3349 eis,
2255 3284 2387 3340 dicit
2419 3282 2683 3337 Dominus
2715 3279 2951 3334 SabaOth
3000 3286 3102 3335 :et
3154 3277 3461 3346 disperdam
3511 3288 3706 3327 nomen

2129 3390 2316 3432 eorum
2338 3382 2393 3429 et
2418 3372 2675 3443 reliquias
2695 3382 2750 3428 et
2778 3386 2984 3427 semen.
3034 3390 3052 3422 ι
3084 3371 3191 3426 Pro
3219 3369 3425 3425 semine
3449 3367 3704 3436 pessimo,

2132 3471 2276 3539 quod
2308 3466 2447 3523 LXX
2474 3465 2894 3528 transtulerunt,
2937 3464 2991 3517 in
3032 3462 3302 3518 Hebraico
3330 3463 3590 3530 scriptum
3627 3469 3709 3514 est

2136 3579 2271 3619 ιειιι
2298 3577 2435 3618 umu
2472 3562 2677 3630 (ων-ιθ
2722 3556 2849 3626 ῚΓΠ)
2875 3556 3015 3625 quod
3069 3555 3250 3611 caeteri
3312 3570 3485 3608 semen
3542 3552 3709 3623 pessi-

2135 3670 2341 3709 morum
2374 3649 2721 3721 interpretati
2748 3654 2897 3703 sunt.
2925 3643 3041 3700 Non
3095 3646 3241 3715 quod
3290 3644 3467 3714 ipsum
3521 3658 3707 3696 semen

2136 3762 2232 3817 per
2265 3745 2501 3813 seipsum
2561 3739 2763 3795 malum
2799 3740 2869 3793 sit
2907 3735 3092 3792 :Deus
3144 3738 3288 3789 enim
3345 3736 3527 3789 omnia
3586 3732 3715 3788 fecit

2138 3839 2278 3893 bona
2311 3831 2520 3905 (Cenes.
2558 3830 2646 3899 i);
2683 3831 2780 3886 sed
2816 3829 3013 3895 abhis,
3046 3828 3134 3898 qui
3168 3841 3264 3884 sua
3296 3828 3572 3881 voluntate
3588 3835 3715 3879 sunt

2139 3927 2385 3998 pessimi,
2429 3938 2615 3981 semen
2649 3932 2831 3977 ortum
2867 3924 2938 3976 sit
2970 3921 3192 3987 malum,
3244 3918 3384 3989 quod
3436 3918 3715 3972 voluntate

2142 4020 2222 4083 lit,
2253 4033 2360 4072 non
2392 4027 2605 4070 natura.
2660 4014 2814 4070 Unde
2848 4025 2904 4068 et
2952 4013 3004 4065 in
3045 4012 3267 4065 Daniele
3300 4010 3529 4081 legimus
3566 4026 3580 4065 :
3614 4008 3715 4065 Se-

2142 4107 2546 4164 meananaan
2589 4114 2638 4159 et
2681 4121 2785 4159 non
2816 4101 2961 4156 Juda
2998 4101 3159 4172 (Dan.
3212 4114 3331 4164 χιιι,
3366 4100 3479 4166 56).
3533 4099 3599 4154 Et
3654 4103 3720 4155 de

2144 4200 2301 4256 bonis
2332 4197 2457 4253 filiis
2486 4197 2685 4252 dicitur
2715 4196 2782 4249 ab
2813 4193 3070 4263 Apostolo
3096 4209 3110 4248 :
3134 4191 3199 4245 In
3235 4190 3443 4247 Christo
3476 4192 3605 4248 Jesn
3628 4210 3721 4262 per

2147 4290 2489 4361 Euangelium
2550 4304 2642 4357 ego
2672 4303 2763 4341 eos
2795 4288 2952 4355 genui
3000 4284 3053 4355 (I
3088 4283 3214 4340 Cor.
3240 4299 3321 4350 tv,
3377 4284 3492 4354 15).
3548 4285 3608 4339 Et
3665 4286 3719 4339 in

2149 4382 2440 4451 Evangelia
2483 4397 2499 4439 :
2531 4381 2795 4446 Quatquot
2838 4395 2957 4432 eum
2994 4388 3324 4448 receperunt,
3357 4379 3501 4432 dedit
3525 4378 3600 4432 eis
3626 4394 3723 4446 po-

464 4448 671 4540 aiiquid
699 4471 886 4526 tuundi
926 4471 1124 4525 habere
1155 4471 1413 4535 videaris,
1437 4472 1533 4525 sed
1566 4480 1739 4525 tntum
1770 4470 2040 4540 sanguine
2073 4448 2116 4504 υ
2146 4448 2389 4530 testatem
2410 4482 2467 4526 ut
2494 4471 2595 4542 ﬁlii
2623 4472 2716 4525 Dei
2748 4470 3127 4541 ﬁerentann.
3153 4487 3195 4535 ι.
3227 4471 3340 4540 1‘2).
3366 4472 3553 4526 Omnis
3577 4473 3722 4527 enim

463 4572 836 4617 cruentatum.
869 4564 934 4617 Et
976 4564 1079 4616 hoc
1128 4562 1425 4617 notandum
1475 4564 1618 4631 qttod
1670 4566 1736 4617 ad
1770 4562 2043 4616 diabolum

468 4655 685 4710 dicatur
720 4671 737 4712 ;
769 4656 913 4709 sicut
953 4658 1337 4711 vestimentum
1374 4658 1722 4711 eommistttm
1776 4656 2045 4726 sanguine

471 4764 578 4805 non
611 4750 719 4803 erit
752 4749 1040 4814 mundum,
1068 4749 1148 4803 sic
1190 4758 1245 4802 et
1274 4758 1328 4802 tu
1368 4763 1472 4802 non
1511 4749 1623 4802 eris
1656 4747 1910 4800 mumlus.
1942 4744 2045 4800 Ubi

467 4853 597 4898 sunt
626 4858 755 4909 ergo
786 4842 878 4912 qui
913 4842 1049 4896 dant
1079 4841 1301 4897 diabolo
1332 4842 1732 4910 paenitentiam,
1767 4850 1819 4895 et
1857 4840 2048 4894 dicunt

468 4935 615 4989 illum
646 4951 803 5004 posse
830 4936 1121 4989 mundari?
1148 4950 1251 4990 nec
1274 4936 1457 4989 statim
1490 4934 1733 4989 iatentur
1768 4934 2042 4996 haeresim,

466 5042 586 5096 quae
626 5028 873 5081 diversas
914 5026 1111 5081 asserit
1159 5042 1281 5080 esse
1314 5035 1575 5091 naturas;
1610 5036 1667 5079 et
1718 5026 1882 5079 aliam
1918 5041 2041 5080 esse

467 5135 590 5188 quae
618 5134 890 5188 nunquam
948 5120 1179 5188 recipiat
1227 5117 1553 5173 sanitatem?
1586 5117 1701 5173 Non
1741 5119 1887 5171 enim
1943 5118 2046 5173 hoc

469 5211 855 5264 vestimentum
895 5226 990 5278 per
1026 5226 1084 5265 se
1138 5213 1477 5265 immundqu
1512 5220 1619 5270 est.
1649 5221 1705 5263 et
1741 5210 1813 5264 ita
1868 5226 1899 5264 a
1939 5211 2048 5265 Deo

467 5302 774 5362 conditum,
824 5319 933 5370 quo
985 5305 1115 5356 olim
1169 5303 1313 5358 Deus
1362 5304 1734 5367 vestiebatur;
1768 5304 1863 5356 sed
1917 5306 2041 5372 quia

468 5394 814 5447 CO:t;lItiSllllIl
863 5410 928 5449 ex
960 5398 1246 5462 sanguine,
1282 5406 1337 5452 et
1374 5405 1543 5449 letum
1596 5410 1654 5449 se
1696 5395 1886 5462 polluit
1940 5410 2041 5450 suo

470 5486 623 5549 vitio,
651 5495 702 5538 et
728 5484 888 5540 malis
918 5486 1326 5552 accedentibus,
1358 5502 1465 5539 non
1502 5486 1609 5538 erit
1650 5488 1931 5543 mundum.
1972 5485 2038 5542 Et

2145 4571 2238 4640 qui
2272 4568 2399 4622 facit
2428 4574 2734 4636 peccatum,
2771 4566 2837 4619 de
2858 4564 3075 4619 diabolo
3103 4576 3213 4623 est.
3248 4566 3382 4620 liuic
3411 4567 3727 4634 igiturprae-

2146 4661 2351 4729 cipitur
2384 4660 2603 4725 semini,
2637 4667 2693 4713 ut
2715 4658 2852 4712 lilios
2882 4673 3035 4723 suos,
3068 4672 3256 4712 omnes
3282 4658 3490 4712 scilicet
3511 4659 3725 4727 cegita-

2144 4754 2324 4806 tiones
2349 4751 2635 4821 pessimas,
2663 4761 2718 4804 et
2748 4765 2911 4819 opera
2946 4751 3110 4816 mala,
3145 4751 3413 4819 praedarct
3438 4749 3724 4814 occisioni,

2148 4859 2272 4915 quae
2296 4860 2360 4898 ex
2390 4844 2571 4913 impiis
2611 4854 2734 4897 nata
2788 4854 2914 4896 sttnt
2971 4844 3238 4911 patribus,
3303 4845 3445 4898 haud
3499 4841 3725 4896 dubium

2152 4936 2284 5006 quin
2318 4937 2594 4990 contarias
2626 4934 2895 5003 signiticet
2947 4933 3316 4989 fortitudines.
3348 4935 3449 5001 Qui
3504 4933 3727 5004 pessimi

2157 5028 2250 5082 ftlii
2275 5027 2394 5082 ideo
2442 5027 2785 5081 trucidantur
2843 5026 2895 5079 in
2937 5026 3313 5096 iniquitatibus
3348 5038 3561 5098 patrum
3594 5044 3724 5083 suo-

2153 5132 2299 5181 rum,
2342 5130 2412 5172 ne
2446 5118 2586 5171 ultra
2641 5128 2974 5186 consurgant
3023 5128 3075 5173 et
3132 5119 3443 5186 possideant
3502 5129 3728 5184 terram,

2154 5226 2275 5279 qua:
2296 5225 2324 5264 a
2359 5209 2560 5264 sanctis
2584 5211 2908 5278 possidenda
2938 5221 3021 5265 est
3046 5221 3101 5264 et
3128 5210 3425 5281 implenda,
3451 5221 3509 5265 ut
3539 5209 3732 5264 civita-

2152 5312 2234 5357 tes
2266 5304 2317 5357 in
2348 5318 2409 5355 ea
2449 5301 2672 5369 Donnini
2704 5314 3115 5358 construantur.
3152 5303 3212 5357 Et
3237 5305 3361 5373 quia
3391 5321 3494 5359 non
3522 5314 3608 5359 est
3632 5306 3731 5357 ho-

2154 5397 2361 5450 minum
2405 5393 2645 5465 perfecta
2695 5395 2919 5450 victoria
2956 5394 3122 5452 :Nisi
3168 5396 3307 5449 enim
3346 5396 3605 5451 Dominus
3637 5413 3731 5449 cu-

2153 5487 2389 5543 stodierit
2445 5487 2733 5557 civitatem,
2775 5489 2829 5543 in
2878 5506 3069 5544 vanum
3096 5489 3386 5561 vigilabant
3423 5491 3511 5561 qui
3553 5500 3732 5545 custo-

542 5694 557 5724 ¹
584 5693 717 5748 Cum
752 5690 980 5763 Vulgata
1006 5689 1305 5763 interprete
1340 5687 1539 5751 Vatie.,
1570 5689 1623 5739 in
1645 5688 1958 5763 iniquitate,
1980 5694 2035 5741 et
2073 5700 2238 5757 penes
2265 5683 2428 5757 LXX,
2458 5691 2688 5759 peccatis
2720 5704 2816 5760 pro
2839 5690 3042 5757 peccati
3075 5706 3094 5744 :
3162 5692 3621 5763 quemadmodum
3676 5699 3733 5749 et

471 5778 525 5818 tu
554 5764 791 5819 subnexa
815 5759 1156 5831 eipositioue
1176 5768 1489 5815 constanter
1527 5759 1764 5827 praefert.
