3972 6198
275 337 397 402 233

855 339 1344 400 COMMENTAB.
1389 338 1471 397 IN
1513 335 1773 395 [SAIAM
1815 335 2272 397 PROPIIETAM
2315 337 2458 400 LIB.
2497 337 2596 409 VI,
2635 337 2796 400 CAP.
2831 338 2987 398 XIV.

3424 339 3532 406 εδι

276 458 439 508 dium
468 469 584 508 eam
605 451 783 523 (Psal.
808 466 988 512 cxxvt,
1024 451 1081 520 2)
1112 450 1266 510 :ideo
1291 447 1551 502 Dominus
1579 447 1695 516 ipse
1723 461 1854 500 con-
1891 452 1934 508 Α
1962 458 2080 497 sum
2105 443 2238 507 luto,
2263 454 2315 498 et
2343 454 2396 496 ιιι
2427 443 2563 500 LXX
2589 439 3094 515 interpretatisuut,
3131 444 3402 510 barathro,
3430 447 3532 502 hoc

277 555 471 612 surget
501 544 767 598 adversus
795 543 933 596 filios
977 543 1354 609 peSsimorum.
1407 547 1462 592 et
1494 537 1768 606 disperdat
1799 539 1862 590 dc

278 633 610 687 confusione
638 646 833 684 nomen
865 644 1049 684 eorum
1076 639 1128 683 et
1175 627 1452 696 reliquias,
1477 637 1530 681 et
1560 642 1721 681 omne
1743 642 1862 696 ger-

280 740 416 780 men
461 734 516 779 et
563 725 895 793 progeniem,
959 721 1125 791 259
1177 735 1242 774 ne
1291 720 1436 774 ultra
1490 718 1754 789 pullulent
1808 721 1859 772 in

278 817 514 870 urbibus
533 814 768 869 Domini.
802 814 1056 884 Legimus
1089 815 1142 866 in
1170 813 1460 883 Evangelio
1493 808 1679 880 (Icari.
1717 811 1859 874 vttt),

276 909 432 975 quod
467 905 719 959 diabolus
747 907 816 960 ab
845 905 1000 959 initio
1035 903 1263 957 mendas
1303 903 1374 957 sit
1395 911 1447 955 et
1469 909 1622 971 pater
1649 902 1784 970 ejus,
1806 901 1857 955 id

275 1012 376 1053 est
404 997 692 1062 mendacii,
721 998 864 1066 quod
919 995 1068 1048 multi
1105 1009 1212 1048 non
1240 993 1622 1062 intelligentes,
1650 1001 1856 1060 patrem

275 1088 487 1143 diaboli
535 1089 725 1142 volunt
756 1102 875 1142 esse
907 1087 1226 1150 draconem,
1254 1087 1346 1154 qui
1389 1095 1583 1154 regnet
1613 1085 1665 1138 in
1697 1085 1855 1145 mari,

286 1196 457 1248 quem
514 1179 724 1234 Hebraei
773 1178 1045 1248 appellant
1080 1177 1388 1232 Lesiatltau.
1431 1175 1498 1230 Et
1527 1176 1627 1230 hoc
1661 1186 1855 1245 putant

276 1273 408 1326 loco
430 1273 724 1326 convenire
745 1271 998 1337 praesenti
1027 1270 1181 1338 juxta
1218 1266 1363 1321 LXX
1385 1268 1733 1336 interpretes,
1762 1269 1853 1338 qui

271 1364 540 1416 dixerunt
571 1381 590 1420 :
621 1361 731 1416 Pro
759 1362 989 1428 peccatis
1028 1361 1198 1429 patris
1235 1361 1314 1412 tui
1351 1374 1369 1412 :
1409 1374 1530 1414 cum
1575 1363 1855 1429 perspicue

273 1455 339 1504 in
405 1451 648 1516 Hebrzeo,
695 1467 942 1507 Αιιοτιιιιι
992 1455 1202 1520 (unus)
1259 1452 1375 1523 [ΑΙ.
1415 1451 1688 1524 osoruuu]
1747 1469 1850 1508 non

272 1547 450 1610 patris
485 1545 586 1605 tui,
617 1545 710 1599 sed
736 1554 949 1612 patrum
975 1560 1192 1597 suorum
1223 1542 1512 1613 signiﬁcet.

357 1635 536 1704 (Vers.
589 1635 704 1702 23.)
759 1654 778 1687 ι
821 1635 886 1688 Et
919 1647 1114 1702 ponam
1171 1647 1292 1689 eam
1342 1633 1396 1688 in
1455 1634 1849 1704 possessionem

274 1725 496 1790 hericii,
535 1735 590 1779 et
651 1728 702 1780 in
750 1725 976 1795 paludes
1006 1739 1263 1792 aquarum
1295 1742 1310 1781 :
1343 1726 1578 1791 εοοιιιιιιο
1620 1739 1737 1779 eam
1794 1726 1847 1777 in

271 1829 444 1884 sc0pa
474 1823 673 1880 terens,
721 1815 852 1869 dicit
897 1813 1158 1870 Dominus
1183 1814 1545 1868 exercituum.
1580 1832 1601 1864 ι
1648 1813 1790 1868 LXX
1827 1831 1845 1870 :

279 1925 308 1958 ι
382 1906 449 1959 Et
515 1921 710 1976 ponam
777 1905 1124 1975 Babyloniam
1197 1907 1512 1968 desertam,
1560 1905 1690 1960 dicit
1745 1904 1848 1960 Do-

281 1999 489 2060 minus,
534 2000 606 2052 ita
653 2006 714 2053 ut
763 1999 1002 2053 habitent
1033 1997 1088 2052 in
1131 2012 1193 2052 ea
1253 1995 1466 2058 hericii.
1543 2007 1600 2051 et
1663 1997 1769 2052 erit
1794 1997 1846 2050 iu

279 2088 464 2142 nihili.
489 2088 555 2142 Et
593 2104 797 2159 ponam
831 2103 952 2142 eam
993 2087 1089 2142 luti
1130 2088 1464 2157 voraginem,
1498 2087 1550 2140 in
1584 2087 1846 2156 perditio-

276 2195 430 2235 nem.
458 2200 476 2232 ι
509 2181 644 2236 Cum
668 2181 966 2250 perdiderit
998 2179 1258 2236 Dominus
1288 2180 1626 2235 exercituum
1649 2194 1845 2234 nomen

277 2271 594 2342 Babylonis,
636 2283 691 2327 et.
737 2273 1011 2342 reliquias,
1060 2280 1115 2325 et
1141 2285 1360 2341 germen
1385 2311 1402 2336 ,
1437 2281 1492 2324 et
1541 2271 1847 2326 universam

277 2365 622 2432 progeniem,
685 2377 790 2417 non
840 2362 946 2418 erit
1009 2362 1125 2430 ejus
1181 2361 1484 2430 perditione
1533 2370 1845 2424 contentus.

274 2455 382 2507 nisi
409 2454 620 2509 dederit
669 2469 789 2508 eam
821 2454 1220 2522 possessionem
1269 2453 1484 2514 herieii,
1527 2461 1582 2508 et
1621 2453 1846 2522 paludes

274 2559 567 2611 aquarum,
602 2553 656 2598 et
687 2543 994 2612 scopaverit
1023 2558 1141 2599 eam
1163 2543 1181 2573 ¹
1244 2558 1350 2598 ιιοιι
1398 2543 1604 2606 leviter.
1641 2553 1696 2600 et
1741 2543 1849 2598 for-

278 2637 470 2694 tuito:
509 2637 602 2690 sed
647 2646 824 2691 terens
855 2645 913 2690 ιιι
954 2636 1084 2689 nihil
1131 2637 1184 2689 in
1220 2650 1282 2690 ea
1329 2637 1674 2704 antiquarum
1725 2652 1845 2692 sor-

276 2727 433 2781 dium
474 2728 732 2784 resideat.
801 2728 856 2782 ln
894 2728 1118 2782 Actibus
1177 2728 1543 2796 apostolorum
1595 2730 1848 2783 scribitur

279 2819 428 2886 (Act.
478 2835 510 2873 x
548 2830 602 2874 ct
648 2821 747 2888 st),
786 2821 837 2873 in
888 2834 1016 2874 vase
1048 2819 1140 2874 illo
1201 2821 1387 2882 linteo.
1431 2820 1577 2890 quod
1609 2831 1842 2888 quatuor

277 2907 570 2962 demissum
595 2909 873 2977 principiis
923 2908 1188 2977 pendebat
1222 2923 1252 2962 e
1283 2909 1446 2970 ccelo,
1474 2909 1654 2962 omnia
1683 2925 1848 2978 gene-

280 3013 341 3052 ra
364 2999 793 3068 quadrupedum,
826 3007 879 3054 et
913 2998 1206 3067 reptilium,
1247 3009 1302 3052 et
1337 2997 1633 3052 volatilium
1672 2999 1846 3052 conti-

1965 545 2046 586 est
2080 533 2342 600 profunda
2372 537 2648 604 voragine,
2681 545 2734 590 et
2763 535 2920 604 quasi
2947 548 3167 589 cmttosa
3195 533 3396 602 palude
3421 535 3504 590 cir

1965 626 2228 688 t-untdari,
2266 642 2370 680 non
2402 629 2710 682 dubitemus
2739 641 2862 682 eum
2912 627 3184 697 appellare
3234 627 3528 693 hericium,

1964 714 2321 769 habitatorem
2356 718 2582 772 deserta:
2611 716 2919 789 Babylonis.

2034 804 2213 875 (νει-ε.
2236 807 2328 870 24,
2361 807 2476 878 25.)
2509 827 2526 859 ι
2562 807 2772 863 Juravit
2798 808 3056 864 Dominus
3082 811 3418 864 exercituum
3443 809 3528 865 di-

1961 911 2089 950 cens
2128 913 2142 951 :
2178 896 2233 949 Si
2268 913 2370 951 nou
2396 908 2455 952 ut
2487 901 2662 968 putari
2718 901 2790 954 ita
2814 901 2938 965 erit,
2962 909 3016 956 et
3044 904 3316 970 quomodo
3352 915 3531 956 mente

1963 988 2184 1041 tractavi
2208 989 2286 1043 sic
2309 991 2543 1052 eveniet,
2575 1000 2632 1045 ιιι
2659 1001 2936 1046 conteram
2970 993 3253 1063 Assyrium
3296 995 3349 1048 in
3385 1005 3528 1048 terra

1960 1094 2102 1142 mea,
2135 1089 2189 1135 et
2213 1080 2266 1135 in
2297 1082 2568 1136 montibus
2608 1083 2741 1138 meis
2775 1086 3087 1140 conculcem
3136 1101 3281 1143 eum.
3319 1087 3382 1141 Et
3422 1103 3530 1141 au-

1958 1166 2163 1223 feretur
2213 1170 2284 1224 ab
2317 1171 2397 1225 eis
2439 1170 2630 1240 jugum
2661 1171 2798 1241 ejus,
2851 1181 2908 1228 et
2944 1189 3080 1231 onus
3122 1175 3271 1230 illius
3305 1179 3372 1232 ab
3425 1178 3529 1231 htt-

1959 1276 2104 1314 mero
2137 1275 2324 1316 eorum
2373 1263 2612 1318 tolletur.
2652 1283 2670 1315 ι
2707 1264 3001 1334 Postquam
3035 1268 3272 1322 bericius
3305 1268 3528 1323 habita-

1955 1348 2093 1400 verit
2140 1349 2192 1402 in
2216 1349 2432 1405 deserta
2469 1350 2756 1422 Babylone,
2786 1364 2841 1408 et
2867 1369 2968 1424 pro
2998 1357 3144 1425 agris
3195 1357 3417 1428 irriguis
3466 1375 3528 1412 ac

1957 1435 2225 1493 fertilibus
2275 1440 2497 1508 paludes
2545 1451 2736 1496 cuncta
2795 1446 3132 1512 operuerint,
3191 1447 3264 1500 ita
3307 1454 3364 1500 ut
3395 1448 3527 1502 nihil

1955 1531 2166 1596 pristini
2196 1533 2422 1587 seminis
2443 1528 2860 1591 etabuudantia:
2891 1539 2941 1592 in
2973 1537 3246 1610 Babylone
3275 1542 3529 1608 resideat,

1947 1621 2316 1690 juramentum
2353 1623 2560 1680 Domini
2609 1629 2990 1697 complebitur,
3051 1641 3108 1686 et
3144 1634 3526 1704 evenietquod

1951 1722 2130 1766 mente
2173 1718 2444 1783 tractavit,
2483 1727 2542 1771 ut
2598 1730 2912 1775 conteratur
2959 1724 3213 1793 Assyrius
3273 1725 3326 1779 in
3381 1737 3523 1782 terra

1879 1781 1921 1834 Β
1949 1802 2088 1872 ejus,
2107 1815 2162 1859 et
2184 1805 2244 1861 in.
2262 1781 2533 1863 montibus
2556 1811 2700 1866 illius
2724 1781 3091 1870 conculcetur.
3119 1815 3301 1872 Hostis
3321 1819 3521 1890 quippe

1951 1898 2271 1952 temerarius
2327 1914 2432 1953 non
2488 1901 2663 1957 solum
2731 1912 2930 1960 terram
2984 1905 3076 1962 Dei
3126 1918 3182 1962 et
3234 1909 3522 1966 humiliora

1947 2001 2173 2058 quasque.
2193 2003 2462 2059 occupare
2491 1991 2735 2060 festinat,
2765 1997 2858 2050 sed
2883 1998 3045 2052 etiam
3075 2014 3195 2064 eos,
3227 2002 3318 2070 qui
3350 2005 3402 2057 in
3429 2003 3523 2059 Dei

1947 2076 2210 2131 servitute
2267 2077 2553 2136 virtutibus
2611 2081 2986 2152 profecerunt,
3017 2087 3091 2143 ita
3143 2097 3203 2144 ut
3249 2093 3528 2150 montibus

1947 2177 2357 2233 compatentur,
2391 2177 2446 2222 et
2479 2169 2694 2225 dicatur
2741 2173 2809 2229 de
2840 2175 2920 2229 eis
2947 2193 2962 2230 :
2989 2173 3360 2234 Fundamenta
3408 2181 3526 2252 ejus

1947 2253 2004 2305 in
2034 2255 2295 2311 montibus
2333 2260 2530 2313 sanctis
2558 2259 2728 2331 (Psal.
2759 2279 2981 2330 Lxxxvt,
3023 2267 3095 2336 l).
3137 2267 3204 2323 Et
3249 2282 3371 2325 nota
3398 2286 3532 2340 pro-

1949 2347 2256 2416 prietatem.
2293 2349 2350 2404 ln
2410 2360 2554 2410 terra
2602 2357 2905 2412 conteritur
2947 2375 2961 2412 :
3007 2361 3058 2413 in
3110 2363 3386 2419 montibus
3429 2364 3526 2422 Dei

1950 2441 2017 2493 ab
2056 2440 2172 2510 ipso
2222 2443 2456 2500 Domino
2511 2448 2892 2503 conculcatur.
2946 2449 3083 2506 Cum
3133 2456 3278 2508 enim
3328 2471 3522 2514 omnes

1948 2529 2151 2586 inimici
2182 2535 2342 2601 positi
2398 2535 2600 2592 fuerint
2647 2539 2752 2594 sub
2778 2540 3006 2609 pedibus
3032 2542 3262 2614 Christi,
3321 2548 3394 2604 ita
3460 2559 3521 2604 ut

1949 2620 2238 2676 novissima
2273 2623 2584 2680 destruatur
2614 2642 2786 2692 mors,
2809 2639 2938 2686 tunc
2959 2631 3235 2688 auferetur
3263 2652 3293 2690 a
3315 2641 3522 2696 sanctis

1949 2714 2325 2783 gravissimum
2351 2715 2540 2786 jugum
2569 2719 2800 2789 Assyrii,
2835 2736 2940 2791 quo
2967 2737 3061 2778 eos
3079 2735 3206 2781 ante
3234 2728 3517 2796 depresse-

1953 2813 2056 2867 rat,
2092 2814 2148 2859 et
2178 2820 2339 2868 onus.
2375 2809 2509 2874 sive,
2536 2821 2594 2863 ut
2620 2810 2760 2866 LXX
2798 2817 3210 2884 transtulerunt,
3248 2818 3429 2888 κῦδος,
3463 2822 3518 2877 id

1949 2907 2031 2950 est
2079 2897 2272 2966 gloria,
2312 2902 2378 2954 ab
2430 2902 2657 2957 humero
2705 2919 2891 2960 eorum
2927 2907 3169 2975 tolletur,
3201 2922 3260 2966 ut
3302 2913 3518 2969 sublato

1947 2984 2073 3055 jugo
2105 2987 2456 3058 Assyriorum
2505 2993 2724 3048 videant
2773 2997 3038 3066 requiem,
3071 3001 3196 3068 quia
3239 3002 3378 3058 bona
3412 3016 3518 3069 est,

278 3090 424 3154 neri,
445 3092 584 3160 quod
610 3101 793 3160 postea
823 3090 1114 3159 Apostolus
1141 3089 1440 3152 disserens,
1466 3086 1628 3155 Deus,
1650 3089 1842 3157 inquit,

1950 3087 2005 3131 et
2045 3086 2266 3148 terram,
2297 3082 2422 3150 quia
2455 3085 2731 3142 uberrima
2777 3099 2884 3155 est,
2915 3099 2972 3144 et
2996 3105 3301 3162 supponant
3339 3100 3520 3152 cervi-

276 3183 518 3238 estendit
562 3183 693 3237 mihi
727 3183 934 3236 nullum
967 3180 1236 3236 hominem
1273 3179 1612 3234 immundum
1641 3179 1843 3234 dicere.

277 3275 461 3331 ﬂores
515 3288 642 3346 ergo
707 3273 984 3328 hominum
1051 3271 1104 3325 in
1171 3273 1402 3327 diversis
1479 3270 1846 3325 animantibus

275 3368 745 3432 monstrabantur,
779 3365 921 3420 sicut
952 3362 1215 3418 Pharisaei
1251 3374 1305 3417 et
1329 3362 1610 3418 Sadducmi
1629 3372 1847 3432 propter

277 3461 577 3529 nequitiam
639 3457 977 3528 appellantur
1040 3456 1315 3523 genitnina
1381 3454 1735 3524 viperarum,
1790 3467 1846 3511 et

277 3557 502 3620 propter
536 3550 688 3604 dolos
717 3548 957 3603 Herodes
1000 3547 1189 3615 vulpes
1238 3545 1437 3600 dicitur
1474 3544 1626 3614 (Luc.
1679 3561 1736 3599 ιιι
1789 3555 1846 3600 et

277 3642 439 3710 xm);
501 3651 556 3696 et
593 3640 855 3695 luxuriosi
909 3638 1171 3708 pronique
1214 3638 1280 3692 ad
1329 3636 1655 3706 voluptatem
1717 3639 1844 3708 equi

273 3734 636 3804 appellantur.
665 3732 999 3787 insanientes
1036 3730 1088 3784 in
1125 3728 1355 3783 feminas
1387 3728 1608 3800 (Jerem.
1637 3731 1688 3799 ν)
1722 3747 1736 3786 :
1765 3739 1840 3794 et.

281 3822 460 3877 Nolite
502 3823 618 3891 ﬁeri
645 3822 780 3876 sicut
819 3835 979 3891 equus
1025 3828 1074 3874 et
1110 3820 1300 3885 mulus,
1327 3821 1381 3873 in
1408 3821 1592 3887 quibus
1633 3837 1734 3874 non
1766 3831 1843 3876 est

274 3914 617 3984 intelligentia
650 3910 816 3982 (Psal.
850 3926 996 3976 xxxi,
1036 3909 1112 3981 9).
1138 3910 1180 3964 E
1208 3910 1480 3965 contrario
1528 3911 1844 3970 innocentes

273 4007 536 4062 columbae
570 4013 833 4058 vocantur
871 4013 926 4058 et
957 4017 1109 4057 oves.
1150 4000 1320 4070 Igitur
1343 4001 1497 4070 juxta
1531 4000 1839 4058 doctrinam

276 4097 489 4151 Domini
514 4095 833 4159 Salvatoris,
872 4094 963 4164 qui
987 4107 1148 4148 curas
1181 4093 1335 4147 istius
1367 4093 1548 4148 saeculi
1581 4104 1635 4146 et
1675 4093 1838 4147 sedu-

275 4188 506 4240 ctionem
540 4183 850 4238 divitiarum
903 4183 1088 4248 Spinas
1116 4181 1421 4251 appellavit,
1443 4182 1678 4236 bericius
1706 4182 1837 4237 tnihi

277 4276 509 4337 videtur,
542 4273 632 4341 qui
668 4272 818 4340 juxta
867 4272 1180 4340 Apostolum
1205 4271 1404 4341 gaudet
1434 4271 1486 4325 in
1524 4271 1731 4327 incerto
1759 4274 1839 4327 di-

274 4365 545 4418 vitiarum'
561 4363 602 4433 (ι
630 4361 766 4415 Tim.
806 4363 906 4431 vt),
931 4371 984 4416 et
1033 4372 1298 4415 armatum
1325 4376 1384 4417 se
1426 4377 1532 4416 non
1557 4374 1834 4419 armatura

1949 3184 2039 3224 ces
2061 3184 2190 3225 suas
2211 3171 2346 3242 jugo
2376 3174 2580 3231 Christi
2617 3180 2683 3232 ad
2721 3179 3074 3238 laborandum
3103 3225 3120 3252 ,
3166 3195 3221 3242 et
3250 3187 3385 3246 fiant
3421 3192 3521 3247 viri

1947 3262 2217 3330 agricolae.
2258 3264 2410 3323 Unde
2431 3278 2486 3323 et
2545 3268 2795 3326 Issachar
2848 3274 2942 3344 qui
2988 3276 3376 3347 interpretatur
3439 3296 3521 3338 est

1948 3369 2161 3422 merces,
2187 3371 2252 3412 ex
2276 3359 2563 3416 virtutibus
2597 3377 2790 3418 nomen
2815 3365 3044 3436 accepit.
3079 3367 3143 3424 Et
3167 3369 3219 3424 in
3248 3376 3514 3444 propheta

1946 3443 2172 3515 legimus
2197 3466 2211 3503 :
2247 3447 2342 3504 Est
2363 3467 2554 3508 merces
2569 3455 2648 3508 his
2679 3457 2770 3526 qui
2793 3459 3021 3514 serviunt
3049 3459 3274 3519 Domino
3295 3443 3512 3538 (lerant.

1948 3553 2097 3602 xxxi,
2128 3539 2248 3611 16);
2289 3553 2342 3598 et
2378 3545 2428 3597 in
2463 3545 2568 3600 alio
2595 3547 2735 3607 loco:
2769 3547 2906 3604 Ecce
2934 3550 3213 3624 Dominus,
3245 3565 3296 3611 et
3321 3576 3515 3616 merces

1945 3630 2057 3698 ejus
2083 3633 2240 3702 261
2277 3649 2396 3688 cum
2419 3652 2498 3690 eo.
2544 3636 2680 3708 (Ira.
2733 3655 2820 3709 ιι,
2862 3641 2972 3711 10),
3013 3627 3124 3714 qui.
3170 3649 3355 3703 reddet
3390 3653 3514 3704 uni.

1945 3723 2140 3792 cuique
2171 3729 2469 3781 secundum
2505 3743 2646 3798 opus
2693 3745 2872 3787 suum.
2911 3732 3063 3800 Quod
3103 3746 3286 3792 autem
3315 3751 3508 3796 conte-

1943 3822 2134 3868 rantur
2179 3825 2233 3870 et
2271 3819 2660 3876 conculcentur
2691 3824 2924 3897 Assyrii,
2968 3828 3020 3883 id
3076 3839 3163 3885 est
3221 3837 3511 3890 contraria:

1943 3903 2310 3974 fortitudines,
2372 3920 2425 3964 et
2477 3911 2609 3966 illud
2673 3917 3048 3988 evangelicum
3107 3921 3314 3984 docet:
3369 3925 3504 3980 Ecce

1942 3997 2064 4050 dedi
2092 3998 2232 4052 vobis
2280 4010 2586 4068 potestatem
2648 4007 2894 4062 calcandi
2942 4028 3104 4078 super
3155 4027 3420 4083 serpentes
3455 4030 3507 4074 et

1939 4092 2254 4158 scorpiones,
2287 4104 2332 4147 et
2355 4110 2510 4164 super
2525 4113 2727 4152 omnem
2747 4101 2983 4157 uirtutem
3014 4105 3214 4160 inimici
3249 4109 3413 4179 (Luc.
3451 4129 3503 4176 x,

1942 4181 2052 4248 l9),
2107 4193 2164 4238 et
2212 4185 2455 4250 Apostoli
2508 4191 2672 4244 verba
2725 4197 3042 4248 testantur:
3083 4197 3222 4254 Deus
3279 4212 3506 4258 conteret

1935 4271 2198 4431 ἓῶιαιιαιη
2256 4280 2351 4331 sub
2403 4280 2623 4346 pedibus
2681 4287 2866 4340 vestris
2896 4288 3138 4344 velociter
3187 4293 3365 4362 (Rom.
3392 4309 3505 4362 xvt,

276 4456 387 4519 Dei,
421 4454 522 4509 sed
559 4454 729 4521 spinis
787 4463 948 4522 atque
987 4453 1221 4519 peccatis
1267 4450 1425 4520 hujus
1479 4451 1669 4508 mundi
1717 4469 1837 4508 esse
1863 4460 1917 4520 1)
2015 4452 2193 4523 (Vers.
2225 4457 2318 4521 26,
2346 4460 2462 4523 Ἥ.)
2503 4480 2520 4513 ι
2561 4463 2672 4520 lloc
2709 4468 2997 4523 consilium
3034 4473 3179 4540 quod
3245 4476 3506 4546 cogitavit

272 4547 516 4607 conﬁdit,
557 4544 642 4598 cui
680 4545 976 4599 rectissime
1011 4543 1208 4596 dicitur
1261 4541 1386 4597 illud
1416 4545 1782 4613 evangelicum
1818 4562 1833 4599 :

272 4635 458 4697 Stulte,
492 4639 591 4689 hac
617 4650 766 4688 nocte
791 4635 1063 4703 auferetur
1085 4635 1261 4686 anima
1293 4642 1385 4687 tua
1422 4653 1452 4688 a
1480 4646 1547 4699 te,
1594 4652 1709 4704 qua:
1741 4653 1836 4690 au-

269 4739 366 4781 tem
397 4730 602 4796 parasti
627 4729 776 4795 cujus
806 4738 956 4781 erant
1001 4725 1152 4790 (Luc.
1181 4743 1276 4793 xtl,
1313 4727 1450 4796 20)?
1489 4729 1647 4784 Tales
1678 4732 1832 4783 habi-

271 4831 471 4875 tatores
499 4821 662 4875 habet
689 4819 852 4890 260
884 4819 1120 4890 Babylon
1167 4821 1380 4874 deserta
1406 4821 1712 4886 virtutibus,
1738 4825 1824 4876 ubi

266 4925 372 4964 nou
415 4924 501 4965 est
538 4925 666 4978 ager
702 4913 956 4978 irriguus,
985 4911 1078 4979 qui
1121 4910 1318 4966 aﬂ'erat
1351 4911 1557 4966 fructus
1591 4913 1833 4970 diverso-

269 5015 382 5054 rum
415 5002 709 5065 seminum,
741 5003 834 5055 sed
861 5001 1082 5069 paludes
1122 5001 1407 5068 infertiles,
1438 5014 1491 5057 et
1517 5004 1725 5058 limosae
1761 5020 1825 5059 ac

268 5094 483 5158 lutosae,
505 5095 564 5146 in
589 5093 785 5162 quibus
809 5105 966 5147 emno
987 5093 1275 5164 gaudentia
1306 5104 1516 5164 reptant
1544 5098 1823 5150 animalia.

267 5185 627 5250 Quamobrem
659 5185 1118 5238 clementissimus
1144 5185 1401 5240 Dominus
1435 5190 1674 5256 scopavit
1702 5204 1821 5242 eam

268 5277 743 5332 vehementissime
775 5287 975 5342 terens,
1025 5289 1078 5331 et
1104 5277 1256 5345 quasi
1287 5279 1517 5346 quodam
1559 5281 1826 5334 verriculo

268 5368 374 5440 [Αι.
407 5366 736 5439 everriculo]
770 5369 834 5421 ad
859 5384 1049 5436 purum
1092 5384 1260 5438 usque
1311 5372 1610 5431 mundavit,
1643 5383 1700 5424 ut.
1728 5372 1826 5426 Ba-

267 5464 476 5532 byl0nia
503 5461 710 5516 semina
739 5469 982 5530 pereant.
1012 5472 1065 5514 et
1097 5476 1124 5512 a
1157 5461 1286 5514 solis
1330 5463 1638 5516 habitentur
1685 5465 1826 5518 heri-

265 5555 382 5607 ciis.
413 5549 642 5619 Quando
675 5553 969 5606 viderimus
998 5553 1233 5622 aliquem
1268 5552 1577 5608 divitiarum
1609 5555 1826 5610 immer-

331 5736 341 5748 '
376 5733 543 5788 Addit
575 5731 747 5785 Vatic.
786 5747 966 5800 scopa.

578 5828 850 5888 PATROL.
893 5827 1108 5888 XXlV.

1945 4560 2106 4612 super
2132 4563 2343 4604 omnem
2377 4560 2599 4617 terram,
2625 4566 2680 4610 et
2722 4558 2835 4612 lucc
2865 4573 3059 4615 manus
3088 4574 3308 4620 extenta
3337 4583 3502 4636 super

1945 4641 2225 4696 universas
2254 4655 2462 4713 gentes.
2499 4645 2756 4704 Dominus
2774 4654 2916 4706 enim
2943 4659 3280 4712 exercituum
3312 4662 3501 4716 decre-

1940 4732 2036 4795 vit,
2069 4743 2121 4787 et
2149 4736 2268 4802 quis
2295 4739 2494 4805 puterit
2515 4741 2834 4798 infirmare?
2865 4744 2931 4800 Et
2957 4764 3150 4803 manus
3167 4751 3284 4816 ejus
3311 4763 3500 4806 cxten-

1942 4831 2018 4888 ta,
2037 4835 2091 4878 et
2120 4826 2241 4894 quis
2264 4839 2474 4884 avertet
2501 4833 2663 4885 eam?
2689 4853 2706 4884 ι
2734 4835 2837 4890 Pro
2860 4841 3005 4894 oumi
3041 4851 3182 4896 terra
3208 4841 3349 4896 LXX
3383 4846 3499 4898 urti-

1938 4931 2138 4968 uersum
2171 4921 2347 4970 orbem
2387 4920 2728 4992 interpretati
2779 4940 2906 4983 sunt
2960 4931 3011 4985 in
3055 4932 3162 4988 line
3205 4938 3390 4990 oneris
3417 4940 3499 4991 vel

1938 5007 2161 5098 visionis
2207 5020 2395 5066 contra
2429 5013 2778 5087 Babylonem.
2817 5023 2969 5087 Quod
2998 5025 3202 5080 latebat
3231 5029 3496 5098 aperitur,

1939 5097 2106 5154 Deum
2137 5103 2408 5173 cogitasse
2431 5111 2718 5165 consilium
2745 5129 2910 5183 super
2945 5131 3160 5170 omnem
3194 5097 3420 5186 terram,
3445 5124 3496 5179 id

1934 5201 2040 5256 est,
2073 5197 2255 5249 orbem
2291 5207 2582 5264 terrarum,
2613 5215 2666 5258 et
2699 5220 2804 5258 non
2835 5217 3022 5260 contra
3049 5218 3246 5265 terram
3287 5223 3494 5268 tantum

1932 5284 2305 5343 Chaldaeorum
2335 5302 2388 5344 et
2420 5307 2601 5363 regem
2635 5297 2913 5368 Assyrium
2941 5312 3102 5368 atque
3129 5303 3436 5360 Chaldtnutn
3474 5321 3492 5362 :

1934 5384 1986 5427 et
2015 5387 2287 5432 extentam
2319 5382 2434 5434 sive
2461 5383 2721 5437 elevatam
2754 5403 2975 5443 manum
3025 5393 3142 5461 ejus
3178 5409 3341 5465 super
3370 5412 3492 5451 ou.-

1933 5486 2029 5522 nes
2065 5480 2269 5538 gentes,
2303 5483 2480 5526 etnon
2508 5490 2843 5544 snperunam
2873 5493 3082 5552 gentem
3115 5485 3489 5557 Babyloniam.

1933 5563 2008 5616 Ex
2045 5579 2148 5632 quo
2179 5568 2503 5632 ostenditur,
2559 5579 2754 5626 cuncta
2778 5585 2898 5640 qua:
2946 5576 3087 5630 dicta
3115 5589 3238 5631 sunt
3289 5595 3394 5633 non
3423 5583 3491 5638 ad

3137 5838 3172 5898 8
