3972 6198
451 299 565 368 235

1638 301 1696 361 S.
1743 293 2056 360 EUSEBII
2100 293 2544 358 IIIERONYMI

3624 298 3738 362 256

459 429 620 469 uuam
672 411 1008 482 provinciam
1065 412 1411 484 specialiter,
1455 411 1550 468 sed
1600 421 1791 467 contra
1844 411 2034 466 orbem
2063 411 2111 468 Α
2139 408 2444 465 cervicibus
2484 408 2729 465 omnium
2765 409 2878 464 vult
2923 408 3180 464 Salvator
3215 407 3521 481 imponere,
3554 421 3614 465 ut
3639 414 3738 465 de-

459 518 731 560 terrarum
775 505 1105 576 generaliter
1148 507 1442 575 pertinere.
1487 503 1753 574 Quodque
1783 503 1984 560 dicitur
2021 518 2036 556 :

456 597 581 663 Quis
613 599 799 667 poterit
824 597 1119 666 inﬁrmare,
1156 607 1204 651 et
1236 598 1352 666 quis
1381 607 1583 652 avertet
1611 614 1724 652 eam
1753 598 1778 651 Ρ
1809 612 1915 651 non
1943 608 2042 666 pro

456 689 654 746 ditiicili
713 689 978 743 debemus
1035 691 1325 757 accipere,
1378 690 1522 743 sicut
1579 689 1715 744 illud
1785 690 2037 755 legitur:

457 782 587 849 Quis
615 783 825 850 sapiens
851 790 901 835 et
935 781 1190 851 intelligat
1221 781 1331 836 haec
1364 780 1544 852 (Psal.
1587 797 1696 846 cu,
1742 783 1880 850 4'5)?
1937 790 1991 835 et
2023 796 2037 833 :

455 877 608 941 Quis,
636 883 810 943 putas,
865 881 944 926 est
971 872 1145 941 ﬁdelis
1177 882 1225 927 et
1265 873 1498 942 prudens
1521 873 1856 942 dispensator
1882 871 2037 941 (Luc.

454 983 556 1032 xu,
585 965 715 1037 52)?
739 974 793 1018 et
825 973 1019 1018 caetera
1061 964 1144 1018 his
1171 965 1368 1018 similia
1395 981 1409 1023 ;
1442 963 1536 1018 sed
1563 978 1662 1034 pro
1697 962 2039 1032 impossibili.

451 1056 640 1112 Nullus
673 1055 816 1112 enim
842 1055 1046 1124 poterit
1083 1055 1296 1110 Domini
1325 1056 1608 1111 inﬁrmare
1634 1055 1949 1120 consilium,
1985 1062 2042 1108 et

455 1163 672 1205 manum
697 1148 816 1220 ejus
845 1156 1118 1202 extentam
1162 1148 1277 1202 sive
1306 1145 1621 1212 sublimem,
1655 1159 1723 1200 ne
1749 1144 2037 1216 percutiat,

452 1253 724 1301 avertere.

524 1337 702 1404 (Vers.
727 1337 798 1393 28
844 1338 1060 1409 seqq.)t
1101 1335 1156 1391 In
1186 1349 1330 1389 anno
1377 1348 1488 1403 quo
1528 1339 1778 1386 mortuus
1825 1338 1912 1383 est
1947 1342 2041 1381 rex

453 1429 658 1493 Achaz,
692 1429 892 1484 factum
934 1440 1020 1485 est
1068 1443 1211 1483 onus
1253 1426 1422 1480 islud.
1465 1424 1546 1480 Ne
1597 1422 1820 1486 laeteris,
1873 1419 2042 1474 Phili-

455 1528 624 1581 sthasa
644 1527 824 1580 omnis
860 1536 940 1590 tu,
973 1525 1229 1596 quoniam
1261 1521 1592 1579 comminuta
1619 1529 1709 1575 est
1731 1518 1883 1588 virga
1914 1529 2041 1588 per-

455 1618 695 1673 cussoris
753 1617 856 1674 tui.
912 1617 988 1672 De
1034 1616 1222 1672 radice
1248 1615 1393 1669 enim
1459 1612 1671 1668 colubri
1731 1610 2042 1680 egredietur

457 1708 701 1778 regulus,
756 1719 814 1763 et
863 1724 1049 1764 semen
1109 1706 1230 1778 ejus
1280 1705 1583 1762 absorbens
1621 1703 1917 1760 volucrem.
1975 1703 2042 1756 Et

455 1809 750 1867 pascentur
779 1798 1128 1868 primogeniti
1154 1812 1475 1868 pauperum,
1512 1803 1568 1851 et
1603 1810 1869 1866 pauperes
1901 1792 2039 1848 (idu-

453 1889 665 1943 cialiter
695 1889 1059 1957 requieseeut,
1107 1896 1161 1940 et
1193 1885 1422 1941 interire
1474 1885 1673 1940 faciam
1713 1883 1857 1938 fame
1897 1883 2045 1936 radi-

455 1997 575 2034 cem
601 1987 776 2043 tuam,
809 1988 864 2034 et
914 1980 1175 2050 reliquias
1209 1989 1332 2034 tuas
1381 1978 1730 2033 interﬂciam.
1769 1995 1787 2027 ι
1837 1973 1980 2030 LXX
2024 1990 2039 2029 :

463 2091 482 2123 ‹
523 2073 678 2125 Anno
733 2086 840 2141 quo
904 2083 1152 2127 mortuus
1203 2081 1295 2128 est
1336 2086 1430 2128 rex
1482 2069 1666 2124 Achaz
1713 2069 1912 2123 factum
1958 2078 2042 2122 est

455 2164 679 2218 verbum
733 2163 925 2218 istud:
964 2161 1042 2218 Ne
1097 2163 1379 2230 lmtcmiui,
1439 2157 1755 2232 alienigenae
1806 2174 2038 2225 omnes,

456 2256 758 2310 contritum
787 2264 870 2311 est
899 2257 1044 2311 enim
1064 2256 1253 2327 jugum
1287 2257 1403 2324 ejus
1429 2257 1519 2326 qui
1559 2254 1898 2326 percutiebat
1920 2267 2040 2308 vos.

458 2347 741 2416 Siquidem
769 2361 834 2401 ex
863 2347 1072 2401 semine
1089 2347 1356 2416 serpentis
1383 2343 1733 2416 egredieutur
1771 2341 2039 2414 genimiua

457 2439 708 2509 aspidum
738 2481 755 2507 ,
813 2445 867 2494 et
926 2453 991 2494 es
1035 2439 1404 2507 geniminibus
1448 2453 1642 2494 eorum
1694 2437 2043 2508 egredienlur

455 2541 737 2602 serpentes
755 2531 978 2603 pennati
1025 2548 1040 2592 ;
1075 2539 1130 2586 et
1158 2541 1453 2602 pascentur
1483 2544 1749 2601 pauperes
1777 2543 1872 2600 per
1894 2543 2039 2595 eum,

456 2637 513 2680 et
545 2639 812 2695 pauperes
834 2624 1084 2678 homines
1111 2623 1164 2678 in
1199 2637 1335 2693 pace
1360 2623 1725 2692 requiesceut.
1748 2620 2043 2676 Interiicict

455 2726 638 2773 autem
672 2717 726 2769 in
760 2715 903 2771 fame
935 2731 1123 2771 semen
1155 2725 1331 2779 tuum,
1372 2725 1428 2769 et
1457 2715 1713 2781 reliquias
1744 2722 1866 2768 tuas
1897 2712 2043 2768 occi-

455 2806 568 2862 det.
599 2823 618 2858 s
646 2803 861 2859 Mortuo
891 2804 1092 2868 Achaz,
1123 2804 1212 2872 qui
1251 2805 1642 2883 interpretatur
1675 2803 2039 2872 κατᾴσχεσις,

459 2896 512 2952 id
547 2907 654 2961 est,
701 2895 953 2961 obtentio,
987 2893 1148 2966 262
1180 2894 1293 2950 sive
1326 2897 1604 2961 possessio,
1655 2910 1816 2963 quem
1860 2909 2040 2964 regem

459 2987 839 3056 impiissimum
890 2990 1139 3056 legimus,
1193 2986 1250 3040 lit
1281 2987 1493 3056 pondus
1531 2987 1674 3041 istud
1712 3002 1874 3054 super
1908 2985 2042 3039 Plii-

2077 1748 2119 1803 Β

2153 499 2336 570 posito
2370 501 2499 571 jugo
2527 499 3048 569 Nabuchodonosor,
3089 512 3310 572 portent
3339 503 3531 573 jngum
3567 502 3732 558 Clui-

2147 595 2240 649 sti.
2283 595 2438 659 Quod
2467 595 2512 650 sl
2543 600 2669 665 quis
2714 595 2983 666 abjecerit
3015 605 3183 666 atque
3235 595 3582 659 contriverit,
3613 605 3734 649 sta-

2147 686 2240 738 tim
2270 687 2338 741 de
2360 686 2569 743 semine
2599 687 2714 742 sive
2759 689 2941 744 radice
2981 687 3272 758 serpentis,
3321 690 3414 758 qui
3449 697 3531 743 est
3579 689 3739 743 eolu-

2145 775 2241 828 her
2274 779 2954 848 tortuosos,egredieutur
2995 780 3216 850 regulus
3270 789 3327 834 et
3378 779 3618 850 aspides,
3674 788 3735 834 et

2143 866 2213 920 de
2242 868 2522 936 aspidibus
2570 871 2797 926 exibunt
2847 881 3134 940 serpentes
3176 870 3445 934 volantes,
3486 869 3601 924 sive
3633 869 3734 940 qui

2144 959 2478 1016 absorbeant
2533 963 2805 1018 volucres.
2867 962 3100 1034 Abjecto
3149 970 3328 1018 autem
3355 960 3486 1032 iugo
3516 960 3634 1025 Dei,
3674 969 3738 1016 et

2143 1053 2378 1109 contrita
2430 1053 2644 1110 Domini
2703 1054 3010 1125 disciplina,
3076 1055 3309 1124 primum
3349 1055 3403 1110 in
3436 1056 3734 1124 c0gitatio-

2143 1144 2304 1200 nibus
2332 1148 2532 1201 uOStris
2572 1161 2759 1202 semen
2805 1147 3015 1202 colubri
3043 1148 3343 1213 radicatur,
3384 1149 3629 1202 secundo
3662 1148 3734 1203 de

2143 1237 2354 1291 semine
2385 1239 2624 1307 pessimo
2655 1240 2901 1292 nascitur
2941 1239 3182 1310 regulus,
3235 1239 3330 1308 qui
3382 1253 3474 1294 res
3503 1253 3734 1308 serpen-

2145 1328 2278 1382 tium
2322 1338 2429 1391 est,
2459 1341 2512 1382 et
2539 1328 2720 1384 atii-stu
2773 1344 2876 1384 suo
2919 1339 3082 1398 atque
3129 1341 3422 1398 conspectu
3477 1329 3732 1384 homines

2143 1419 2390 1474 occidere
2415 1421 2610 1474 dicitur
2626 1439 2640 1476 :
2658 1422 2772 1476 sive
2791 1421 3060 1489 genimina
3081 1421 3351 1491 aspidum,
3367 1424 3432 1476 de
3453 1421 3652 1490 quibus
3673 1421 3730 1475 in

2143 1509 2359 1566 Psalmo
2403 1513 2604 1567 dicitur
2652 1530 2667 1564 :
2720 1513 2984 1568 Venenum
3027 1515 3269 1583 aspidum
3318 1516 3412 1569 sub
3449 1515 3598 1569 labiis
3638 1530 3734 1568 eo-

2145 1616 2257 1655 rum
2283 1603 2456 1674 (Psal.
2488 1619 2610 1669 xm,
2635 1606 2706 1671 5;
2739 1614 2789 1660 et
2825 1621 3047 1674 cxxxix,
3073 1608 3150 1675 4),
3185 1621 3304 1676 qua:
3334 1617 3552 1676 peccata
3601 1618 3733 1662 sunt

2146 1693 2317 1758 varia,
2349 1705 2404 1749 et
2431 1695 2499 1749 de
2517 1695 2911 1764 cogitationum
2947 1699 3186 1766 pessimo
3212 1699 3466 1753 thesauro
3490 1697 3542 1750 in
3584 1697 3730 1752 mala

2143 1798 2308 1852 opera
2339 1795 2722 1854 prorumpunt.
2759 1784 3006 1856 Cumque
3033 1787 3384 1858 regnaverint
3440 1787 3492 1841 iu
3533 1787 3716 1840 homi-

2147 1875 2306 1930 nibus
2347 1875 2688 1947 alienigenis,
2731 1878 2821 1947 qui
2871 1893 2902 1932 a
2944 1877 3056 1934 Deo
3123 1879 3288 1935 alieni
3337 1887 3484 1943 sunt,
3538 1880 3725 1932 statim

2143 1967 2502 2036 egrediuntur
2528 1979 2815 2038 serpentes
2844 1971 3104 2039 pennati;
3160 1980 3219 2025 ut
3251 1983 3356 2027 non
3389 1972 3619 2026 sufﬁciat
3642 1972 3724 2025 eis

2145 2060 2415 2130 cogitasse
2461 2071 2516 2116 et
2561 2061 2754 2117 iecisse
2784 2077 2908 2132 quae
2949 2063 3090 2118 mala
3132 2075 3281 2130 sunt,
3344 2067 3446 2120 nisi
3487 2066 3726 2135 patroci-

2145 2155 2292 2208 nium
2324 2170 2540 2225 quoque
2593 2158 2859 2211 malorum
2893 2171 3116 2226 operum
3157 2160 3493 2229 quaesierint,
3555 2169 3607 2214 et
3635 2161 3725 2216 di-

2143 2261 2332 2303 versas
2360 2246 2616 2304 ﬂuxerint
2651 2249 2907 2305 haereses.
2942 2250 3102 2321 263
3133 2251 3246 2321 Ego
3281 2262 3411 2321 puto
3449 2261 3726 2319 serpentes

2145 2352 2266 2393 esse
2310 2347 2601 2409 peunatos,
2628 2341 2722 2409 qui
2779 2355 2840 2396 se
2883 2344 3125 2397 exaltant
3174 2351 3230 2396 et
3261 2342 3480 2396 elevant
3534 2351 3726 2396 contra

2145 2431 2426 2485 scientiam
2466 2431 2584 2498 Dei,
2643 2441 2696 2486 et
2727 2441 2933 2501 ponunt
2977 2433 3030 2487 iu
3080 2435 3273 2488 coelum
3319 2448 3381 2488 os
3405 2447 3562 2487 suum
3594 2445 3610 2484 :
3640 2428 3728 2484 val

2095 2533 2098 2536 '
2145 2522 2236 2592 qui
2285 2522 2580 2578 absorbent
2620 2523 2894 2591 volucres,
2925 2521 3030 2580 hoc
3060 2535 3166 2587 est,
3195 2524 3286 2594 qui
3326 2532 3594 2579 venenato
3625 2535 3730 2576 ora

2145 2617 2386 2687 singulos
2431 2631 2675 2686 quosque
2725 2620 2912 2672 volare
2955 2619 3254 2686 cupientes,
3308 2626 3362 2671 et
3411 2617 3476 2669 ad
3509 2613 3728 2670 excelsa

2146 2723 2504 2778 consurgere,
2536 2710 2651 2763 suis
2681 2707 2926 2764 faucibus
2957 2709 3243 2764 devorant.
3276 2709 3336 2763 Et
3371 2712 3470 2763 hoc
3504 2709 3724 2762 interim

2147 2805 2213 2856 de
2251 2802 2429 2858 malis.
2476 2801 2748 2856 Caeterum
2784 2802 2876 2872 qui
2929 2817 3036 2855 non
3079 2803 3454 2856 contrivernnt
3517 2801 3726 2867 virgam

2147 2905 2201 2950 ct
2235 2894 2420 2964 jugum
2452 2895 2793 2962 percussoris
2827 2895 2936 2957 sui,
2989 2897 3080 2948 sed
3112 2894 3379 2948 cervicem
3423 2907 3574 2947 suam
3621 2893 3729 2946 Do-

2148 2987 2298 3040 mino
2324 2985 2694 3054 subiecerunt,
2725 2995 2777 3040 et
2803 2993 2927 3042 sunt
2951 2999 3215 3053 pauperes
3247 2984 3460 3052 spiritu,
3493 2997 3728 3050 past-eu-

459 3081 706 3146 listhiim,
743 3079 858 3134 sive
879 3081 1127 3133 verbum.
1153 3075 1375 3133 Vivente
1394 3079 1536 3132 enim
1564 3078 1674 3143 illo,
1700 3090 1753 3132 et
1780 3085 2043 3148 regnante
2071 3089 2116 3147 α
2152 3089 2262 3144 tur,
2312 3085 2367 3132 et
2410 3080 2636 3132 dicent:
2671 3077 2933 3132 Dominus
2976 3079 3143 3146 pascit
3181 3093 3282 3141 me,
3335 3085 3382 3130 et
3419 3075 3549 3129 nillil
3599 3074 3731 3128 mihi

463 3175 518 3228 in
571 3167 982 3243 peccatoribus,
1040 3185 1138 3224 uec
1189 3171 1400 3240 pondus
1437 3179 1624 3223 contra
1681 3168 2039 3238 alienigenas,

460 3280 561 3320 nec
593 3277 773 3318 sermo
803 3261 896 3315 Dei
926 3259 1042 3316 ﬁeri
1109 3269 1327 3330 poterat
1379 3259 1445 3314 ad
1505 3260 1846 3331 prophetam.
1882 3259 2040 3326 Quod

459 3357 678 3427 quidem
731 3363 785 3410 et
815 3368 976 3424 supra
1002 3353 1208 3408 dixisse
1263 3368 1351 3407 me
1383 3355 1630 3418 memini,
1662 3356 1882 3424 quando
1913 3353 2043 3408 Ozia

459 3463 716 3514 mortuo,
772 3448 906 3504 vidit
955 3443 1122 3504 Isaias
1172 3444 1464 3500 Dominum
1527 3449 1805 3502 sedentem
1879 3461 2045 3514 super

460 3544 720 3599 thronum
756 3539 1035 3598 excelsum
1072 3549 1126 3595 et
1154 3539 1447 3596 elevatum.
1494 3538 1559 3593 Et
1593 3541 1646 3593 in
1681 3539 1865 3594 Exodo
1906 3539 2042 3608 legi-

461 3653 587 3692 mus
617 3634 819 3703 (Exod.
859 3633 1016 3705 χιιι),
1053 3635 1196 3704 quod
1232 3641 1520 3703 postquam
1552 3642 1798 3688 mortuus
1830 3642 1912 3688 est
1946 3647 2040 3687 rex

455 3729 696 3801 A‘ngpti,
727 3727 1097 3799 iugemueriut
1145 3725 1242 3780 lilii
1278 3724 1445 3780 israel
1484 3724 1552 3780 ab
1605 3725 1870 3796 operibus
1900 3726 2037 3790 suis,

453 3838 514 3884 et
561 3823 1013 3887 exelaitiaveriut,
1051 3829 1109 3878 et
1155 3821 1703 3877 ascenderitclamor
1743 3835 1930 3876 eorum
1971 3821 2042 3875 ab

457 3911 740 3982 operibUs,
775 3921 829 3966 et
873 3911 1181 3966 exaudierit
1229 3909 1491 3966 Dominus
1539 3913 1775 3982 gemitus
1825 3925 2038 3966 eorum.

457 4001 576 4057 Nisi
600 4004 744 4058 enim
769 4011 917 4060 esset
949 4001 1238 4074 mysticum
1287 4001 1430 4072 quod
1463 4001 1770 4064 dicebatur,
1805 4001 1898 4056 illo
1925 4017 2041 4056 nia-

459 4093 542 4164 gis
585 4104 846 4164 regnaute
894 4093 1131 4149 clamare
1161 4093 1491 4159 debuerant,
1535 4094 1759 4165 quando
1813 4095 1928 4150 luto
1985 4105 2042 4150 et

461 4186 721 4242 lateribus
753 4187 1154 4242 deserviebant.
1187 4188 1510 4255 l’rmcipitur
1533 4204 1664 4258 ergo
1688 4187 2039 4255 Philistbiim,

461 4296 598 4352 quos
650 4296 796 4335 nunc
846 4279 1169 4336 Palaestinos
1233 4289 1426 4335 vocant
1485 4293 1538 4335 et
1571 4297 1786 4352 semper
1824 4300 1855 4338 a
1895 4285 2037 4340 LXX

461 4373 796 4442 ἀλλόφυλοι,
850 4373 901 4426 id
956 4383 1063 4437 est,
1119 4372 1427 4442 alienigena:
1484 4373 1929 4440 transferuntur;
1985 4387 2039 4432 et

462 4465 662 4520 dicitur
688 4464 766 4518 eis
807 4477 874 4518 ne
917 4463 1190 4533 gaudeant
1231 4478 1408 4533 neque
1439 4463 1716 4530 lattentur,
1773 4468 2037 4536 quoniam

396 4601 400 4605 .
462 4558 824 4613 routriveriut
879 4557 1084 4625 virgam
1113 4594 1128 4620 ,
1179 4557 1266 4611 vel
1297 4556 1489 4629 jugnm
1533 4559 1876 4627 percussoris
1905 4561 1985 4614 sui
2026 4575 2040 4614 :

463 4650 629 4718 Quem
683 4650 820 4702 enim
861 4647 1035 4717 diligit
1099 4647 1354 4701 Dominus
1432 4649 1685 4716 corripit,
1717 4659 1767 4702 et
1819 4653 2042 4720 castigat

461 4756 662 4794 omnem
689 4738 860 4808 ﬁlium
891 4753 1040 4806 quem
1079 4739 1259 4806 recipit
1295 4737 1480 4807 (Hebr.
1516 4754 1592 4792 si.
1630 4755 1668 4805 ι,
1693 4739 1768 4810 6).
1791 4741 1851 4793 Et
1889 4743 2042 4810 quasi

465 4838 603 4888 tilias
635 4851 730 4887 nos
751 4833 935 4887 erudit
963 4831 1128 4895 Deus,
1153 4831 1372 4899 quando
1417 4830 1601 4886 visitat
1647 4833 1699 4886 in
1737 4833 1882 4903 virga
1936 4835 2045 4888 ini-

463 4927 699 4996 quitates
722 4935 956 4987 nostras,
997 4930 1053 4976 et
1105 4920 1160 4974 in
1207 4921 1430 4992 ﬂagellis
1488 4934 1709 4991 peccata
1744 4934 1948 4989 nostra,
1985 4935 2046 4981 ut

468 5017 896 5070 misericordiam
947 5030 1053 5068 non
1090 5014 1304 5069 auferat
1329 5031 1354 5066 a
1383 5015 1538 5069 nobis
1565 5015 1733 5086 (Psal.
1755 5018 2042 5085 Lxxxvut).

468 5106 594 5162 Haac
634 5119 718 5163 est
767 5109 918 5179 virga
967 5109 1032 5163 de
1067 5124 1171 5178 qua
1234 5109 1287 5162 in
1323 5111 1430 5162 alio
1476 5109 1690 5165 Psalmo
1718 5113 2042 5168 scribitur:

477 5199 630 5268 Virga
667 5212 760 5253 tua
799 5211 846 5253 et
881 5203 1096 5255 baculus
1152 5212 1272 5255 tuus
1322 5205 1435 5271 ipsa
1482 5218 1560 5256 tne
1611 5208 1883 5258 consolata
1925 5218 2046 5261 sunt

469 5291 643 5365 (Psal.
689 5307 824 5359 nu,
857 5295 936 5365 4).
971 5293 1094 5349 llaec
1138 5306 1221 5350 est
1253 5295 1427 5366 virga,
1463 5308 1516 5350 et
1542 5296 1849 5368 hocjugum
1904 5301 2046 5369 quod

542 5465 559 5496 ί
607 5463 791 5538 Ανειίο.
845 5465 900 5518 in
957 5468 1149 5538 pascha
1207 5467 1376 5531 uberi,
1439 5467 1530 5536 qui
1581 5467 1774 5538 deinde
1818 5475 2044 5528 verbum

465 5536 798 5606 egrediantur
828 5537 1211 5603 praetermittit.

541 5611 563 5678 ἕ
595 5605 714 5662 Sive
741 5617 974 5676 pastore,
1010 5618 1118 5678 etc.
1143 5608 1198 5660 ιιι
1223 5607 1386 5678 editis
1416 5607 1666 5677 legimus,
1693 5614 1804 5667 sine
1834 5625 2045 5678 pastore

467 5677 718 5753 sollicito,
744 5690 850 5753 etc.
876 5677 1020 5753 quod
1047 5692 1149 5728 non
1185 5677 1314 5730 inibi
1346 5693 1565 5732 sensum
1594 5677 2042 5753 incongruentem

465 5749 676 5804 edicere
705 5744 937 5803 videtur.
963 5744 1226 5800 Maurus.

2149 3173 2310 3226 deerit
2364 3169 2537 3237 (Psal.
2567 3186 2732 3236 cxxu,
2763 3171 2834 3240 ι).
2877 3171 2940 3225 Et
2989 3185 3018 3224 a
3070 3169 3301 3225 Domino
3371 3165 3728 3222 auitieutzll

2149 3265 2360 3332 pascuis
2387 3263 2662 3316 uberrimis
2682 3264 2698 3293 ¹
2728 3278 2944 3330 pascant
2963 3278 3048 3316 eos
3078 3260 3298 3329 (Ezech.
3327 3275 3491 3314 χχχιιι
3515 3275 3529 3326 ;
3561 3258 3728 3314 Joan.

2150 3355 2720 3426 x);etiugredieulur
2747 3364 2802 3410 et
2828 3355 3196 3425 egredieutur,
3231 3365 3280 3408 et
3326 3369 3526 3424 pascua
3572 3355 3728 3407 inve-

2151 3451 2319 3508 nient.
2343 3448 2402 3500 Et
2432 3457 2724 3517 pascentur
2745 3462 3007 3518 pauperes
3029 3462 3123 3516 per
3140 3463 3261 3503 eum
3285 3448 3375 3516 qui
3409 3461 3502 3501 eos
3524 3461 3728 3516 perue-

2150 3542 2234 3606 tit,
2262 3551 2320 3595 ut
2344 3541 2630 3607 emendet;
2659 3549 2710 3594 et
2743 3541 2793 3593 in
2812 3554 2944 3610 pace
2976 3540 3351 3609 requiescent,
3377 3539 3510 3601 sive,
3541 3549 3727 3606 pasm-

2149 3637 2245 3690 re'
2282 3633 2539 3700 sollicito,
2565 3633 2665 3700 ipsi
2696 3644 2855 3702 agent
2893 3632 3239 3699 liducialiter,
3283 3644 3335 3687 et
3360 3648 3484 3687 cum
3518 3630 3726 3686 Lazaro

2149 3728 2489 3798 requiescant
2518 3726 2570 3779 in
2607 3726 2727 3781 sinu
2771 3726 3003 3780 Abrahae
3037 3724 3190 3796 (Luc.
3224 3726 3361 3796 xvr).
3391 3725 3495 3791 Qui
3545 3737 3725 3778 autem

2148 3820 2520 3875 contrivernnt
2561 3819 2750 3888 jugum
2782 3828 2836 3873 et
2870 3819 3076 3888 virgam
3126 3820 3464 3886 percussoris
3507 3819 3612 3882 sui,
3648 3815 3727 3870 ia-

2149 3927 2290 3967 mem
2339 3922 2655 3982 perpetuam
2700 3911 3078 3977 sustinebunt;
3117 3923 3174 3965 ut
3215 3926 3320 3964 non
3369 3911 3582 3964 alantur
3607 3926 3725 3964 sero

2145 4021 2304 4062 moue
2337 4003 2428 4058 Dei
2469 4004 2604 4060 :sed
2655 4017 2844 4060 omnes
2877 4019 3067 4058 eorum
3125 4005 3366 4075 reliquias
3421 4005 3719 4070 intereant,

2146 4115 2214 4154 ne
2237 4098 2366 4168 quid
2401 4099 2466 4151 de
2494 4097 2634 4152 malo
2653 4097 2860 4152 semine
2896 4097 3258 4168 germinetur.

2217 4192 2395 4262 (\‘ers.
2415 4191 2588 4250 51,52
2617 4190 2634 4257 )
2661 4191 2873 4255 «Ulula,
2895 4201 3074 4259 porta,
3103 4190 3299 4255 clama,
3326 4189 3517 4245 civitas
3547 4208 3561 4244 :
3595 4206 3724 4260 pro-

2144 4297 2310 4341 strata
2325 4295 2408 4340 est
2427 4285 2735 4339 Philtsthma
2757 4286 2954 4337 omnis.
2983 4283 3064 4335 Ab
3086 4283 3352 4352 Aquilone
3369 4288 3514 4337 enim
3545 4284 3726 4339 fumus

2149 4382 2292 4433 venit
2326 4395 2340 4432 :
2373 4387 2427 4431 et
2459 4392 2564 4431 non
2599 4376 2798 4444 estqui
2839 4375 3058 4441 «(fugiat
3092 4391 3282 4446 agmen
3317 4377 3456 4445 ejus.
3497 4377 3559 4430 Et
3595 4378 3727 4446 quid

2148 4471 2549 4540 responderunt
2579 4469 2780 4522 nuntiis
2808 4469 3008 4537 gentis,
3033 4470 3158 4539 quia
3185 4469 3444 4523 Dominus
3477 4469 3726 4525 fundavit

2147 4563 2301 4628 Sion,
2339 4573 2386 4617 et
2433 4562 2485 4615 in
2528 4561 2642 4631 ipso
2677 4560 2971 4630 sperabunt
3009 4576 3272 4630 pauperes
3310 4565 3489 4632 pepuli
3532 4564 3720 4634 ejus?»

2145 4655 2253 4709 Pro
2285 4655 2502 4718 nuntiis,
2538 4654 2589 4708 id
2621 4663 2704 4708 est
2761 4653 2982 4724 angelis,
3017 4670 3154 4722 quos
3185 4656 3330 4709 solus
3363 4655 3724 4728 Symmachus

2149 4748 2445 4812 transtulit,
2489 4763 2678 4801 omnes
2717 4763 2856 4816 reges
2885 4748 3224 4818 interpretati
3254 4760 3402 4812 sunt,
3433 4751 3578 4803 verbi
3602 4765 3727 4803 am-

2147 4843 2408 4911 biguitate
2439 4843 2671 4909 decepti,
2701 4844 2827 4910 quia
2851 4852 3044 4910 praeter
3073 4857 3234 4895 unam
3265 4842 3498 4898 litteram
3531 4860 3724 4904 “seu,

2148 4951 2268 5002 qua:
2293 4935 2343 4988 iu
2381 4935 2695 5002 angelorum
2726 4934 2983 4988 vocabulo
3011 4935 3191 4989 addita
3217 4944 3323 5000 est,
3355 4936 3544 4991 eodem
3577 4954 3722 5007 reges

2147 5036 2199 5081 et
2229 5025 2401 5095 angeli
2435 5023 2574 5094 apud
2617 5024 2872 5079 Hebraeos
2898 5026 3238 5093 appellantur
3263 5029 3502 5094 nomine,
3535 5030 3588 5083 id
3618 5040 3724 5091 est,

2148 5121 2574 5187 ust.scus(reges
2602 5100 2758 5177 735D,
2795 5117 2966 5186 angeli
3003 5102 3218 5187 tamn).
3253 5119 3310 5172 ln
3341 5120 3478 5174 libro
3505 5122 3729 5175 Hebrai-

2149 5227 2326 5264 corum
2389 5209 2676 5262 Nominnm
2727 5211 2896 5279 repeti
2949 5210 2969 5241 ⁸
3012 5209 3332 5264 Pliilistltiint
3376 5213 3722 5281 interpretari

2150 5301 2392 5355 cadentes
2439 5300 2644 5365 poculo.
2689 5301 2789 5365 Qui
2825 5315 2954 5370 ergo
2987 5301 3238 5356 incbriati
3270 5314 3396 5358 sunt
3425 5306 3594 5358 calice
3624 5304 3727 5359 Ba-

2224 5487 2242 5516 ³
2280 5483 2622 5543 Philisthiim,
2661 5493 2765 5536 etc.
2799 5483 2907 5536 lloe
2935 5484 3052 5539 loco
3102 5495 3278 5552 potest
3324 5487 3591 5541 confutari
3640 5505 3731 5542 ca-

2151 5556 2442 5608 lumniator
2499 5553 2732 5605 Joannes
2782 5555 3047 5624 tltericus,
3103 5557 3197 5623 qui
3261 5560 3607 5624 reprehendit
3675 5561 3730 5612 in

2152 5626 2481 5697 Hieronymo
2504 5622 2886 5697 etyutologiam
2923 5622 3153 5697 nominis
3179 5622 3528 5691 Philisthiim,
3559 5646 3723 5697 quam

2152 5697 2230 5769 sic
2277 5696 2329 5748 in
2361 5692 2504 5748 libro
2546 5692 2936 5748 llcliraicorum
2977 5694 3264 5751 Nominum
3304 5692 3590 5764 repererat'
3615 5701 3730 5769 ipse.

2159 5766 2531 5837 Ilierouymus.
3251 5769 3511 5823 Maurus.
