3972 6198
298 332 412 398 237
905 334 1392 400 COMMENTAR.
1433 331 1516 396 IN
1557 330 1826 393 ISAIAM
1861 328 2325 393 PROPHETAM
2361 330 2506 392 LIB.
2545 328 2643 403 VI,
2673 328 2832 390 CAP.
2875 330 3000 390 XV.
3456 329 3561 393 E38

301 451 611 521 bylosis,et
632 450 868 509 biberint
882 451 1066 506 vinum
1093 449 1149 503 in
1164 460 1275 515 quo
1293 454 1377 501 est
1393 444 1627 510 luxuria,
1647 453 1703 498 et
1736 438 1886 498 inter
1916 460 1962 517 Α
2063 440 2216 513 (Cap.
2242 438 2357 495 XV.
2389 469 2459 481 ——
2483 440 2642 498 Vera.
2662 439 2737 511 l.)
2761 436 2942 497 tOnus
2960 434 3166 496 acab.»
3192 438 3333 496 LXX
3360 458 3374 494 :
3398 458 3420 495 ι
3435 438 3570 497 νει-ο

299 552 503 598 cratera
541 543 671 597 vitia
718 550 937 613 propter
981 540 1298 596 ebrietatem
1346 551 1571 605 regnum
1605 536 1699 589 Dei
1728 536 1879 604 juxta
1988 535 2113 588 hum
2135 542 2325 588 contra
2348 530 2746 587 Moabitidem.»
2772 531 3137 602 Symmachus
3154 540 3209 587 et
3225 530 3528 599 Theodotio
3557 542 3571 574 ε

302 632 624 702 Apestolnm
647 648 755 688 non
777 633 978 689 fuerint
1000 629 1282 687 consecuti
1304 627 1525 700 (Ephes.
1545 629 1624 696 v),
1646 628 1730 683 his
1749 642 1884 698 pra-

305 726 532 794 cipitur,
578 735 637 778 ut
685 734 837 793 porta
876 738 1067 779 eorum
1109 721 1303 784 ululat.
1337 728 1393 776 et
1427 718 1625 775 clamet
1665 720 1882 773 civitas.

303 813 531 870 Portam
574 816 960 872 hereticorum
984 828 1047 868 os
1067 813 1323 878 arbitror,
1342 826 1453 880 quo
1470 810 1879 879 blasphemant:

307 906 609 972 civitatem,
637 905 895 970 animans,
917 918 1041 975 quae
1064 903 1331 963 malarum
1349 900 1738 972 cogitationum
1766 892 1887 954 the?

308 1011 513 1052 saurus
556 1007 661 1051 est.
716 994 841 1051 Haec
882 995 1091 1050 ululare
1133 992 1296 1048 debet
1340 1000 1396 1047 et
1438 991 1713 1060 plangere,
1761 990 1885 1059 quia

310 1083 491 1136 οηιιιίε
521 1092 793 1152 prostrata
821 1092 926 1148 est,
960 1086 1015 1137 in
1048 1088 1360 1151 terramque
1394 1079 1628 1149 dejecta,
1666 1086 1721 1135 et
1752 1078 1887 1133 nihil

295 1144 367 1274 :‘m
395 1191 458 1230 ea
482 1144 633 1231 sane
654 1144 1023 1245 intelligentiae
1046 1180 1131 1231 est
1141 1144 1351 1274 Deique
1372 1144 1676 1274 sapientiae.
1693 1170 1887 1274 .Quare

313 1268 489 1322 ululat
513 1276 666 1336 porta
683 1267 707 1321 ἲ
726 1265 892 1339 m
920 1280 1083 1335 quam
1104 1264 1177 1320 ob
1200 1277 1424 1320 ausam
1444 1262 1640 1321 clamat
1657 1260 1888 1317 civitas?

315 1356 455 1421 Quia
489 1365 759 1426 prostrata
791 1364 878 1410 est
918 1356 1103 1411 omnis
1129 1352 1460 1409 Pbilistbaa.
1489 1349 1708 1420 Cnrque
1733 1365 1889 1420 pros-

316 1455 457 1501 trata
486 1447 582 1510 sit,
607 1460 841 1514 sequens
871 1458 1063 1499 versus
1089 1442 1328 1497 ostendit
1363 1456 1380 1496 :
1408 1439 1488 1494 Ab
1519 1437 1777 1509 Aquilone
1799 1439 1888 1509 [u-

315 1552 430 1590 inus
454 1537 616 1601 verrit,
643 1545 692 1591 et
724 1552 826 1590 non
852 1545 926 1591 est
955 1536 1046 1605 qui
1066 1534 1285 1604 eJugiat
1306 1548 1492 1602 agmen
1517 1532 1656 1599 eius.
1683 1529 1890 1587 Fumus

314 1629 419 1685 iste
443 1626 764 1689 ardentibus
787 1625 987 1682 diaboli
1008 1625 1207 1695 jaculis
1229 1623 1553 1685 suscitatur,
1577 1620 1671 1691 qui
1696 1620 1889 1679 noxius

315 1729 399 1782 est
421 1720 619 1781 oculis,
647 1729 702 1774 et
728 1718 1037 1774 contrarius
1061 1716 1278 1783 lumini,
1307 1714 1452 1771 etab
1490 1714 1756 1785 Aquilone
1780 1714 1888 1769 ori-

1993 624 2338 694 rAssumptio
2364 622 2575 678 Ποιώ.»
2594 624 2873 689 Quomodo
2896 622 3245 681 circumcisio
3261 632 3316 679 et
3336 623 3570 681 carnalis

1988 726 2093 782 est,
2114 724 2171 772 et
2186 714 2484 786 spiritualis
2503 726 2561 771 et
2580 716 2645 773 de
2662 714 2921 783 spirituali
2949 715 3019 773 ab
3042 714 3301 783 Apestolo
3321 715 3521 769 dicitur
3544 733 3559 770 :

1986 805 2097 863 Nos
2115 807 2253 861 enim
2273 822 2456 861 sumus
2475 807 2833 871 circumcisio,
2850 807 2940 875 qui
2956 806 3146 874 spiritu
3167 805 3274 861 Deo
3291 807 3567 868 servimus.

1984 909 2034 954 et
2071 897 2367 967 gloriamur
2394 898 2450 952 in
2480 897 2726 961 Domino,
2752 905 2802 953 et
2828 914 2934 953 non
2971 899 3026 952 in
3059 915 3219 954 carne
3250 900 3563 969 conﬁdimus

1989 987 2255 1059 (Philipp.
2290 1004 2371 1054 ιιι,
2404 989 2495 1059 5);
2533 996 2587 1045 et
2620 1004 2835 1046 rursum
2864 990 2931 1044 ad
2963 991 3367 1046 distinctionem
3395 991 3565 1062 spiri-

1991 1080 2153 1137 tualis
2182 1080 2401 1136 lsraelis
2456 1080 2659 1137 dicitur
2686 1080 2751 1136 de
2780 1081 2984 1136 carnali
3020 1098 3036 1136 :
3073 1080 3254 1137 Videte
3289 1079 3459 1137 Israel
3484 1098 3570 1139 se-

1986 1173 2218 1228 cundum
2243 1187 2453 1228 carnem
2476 1170 2530 1243 (Ι
2550 1170 2676 1227 Cor.
2701 1188 2756 1235 ι,
2778 1171 2863 1243 18)
2893 1189 2911 1241 ;
2935 1183 3010 1238 et,
3032 1172 3135 1228 Vos
3154 1183 3325 1244 gentes
3341 1176 3394 1228 in
3414 1190 3571 1233 carne

1988 1262 2215 1334 (Ephes.
2229 1277 2288 1326 ιι.
2312 1262 2397 1333 11)
2418 1280 2435 1330 ;
2462 1263 2543 1318 sic
2555 1262 2710 1317 Moab
2728 1263 3079 1335 accipiendus
3095 1278 3182 1321 est
3196 1266 3567 1334 spiritualiter,

1988 1357 2082 1427 qui
2131 1356 2522 1424 interpretatur
2548 1355 2611 1411 de
2642 1365 2817 1427 patre,
2848 1356 2963 1413 sive
2993 1372 3137 1427 aqua
3166 1368 3392 1426 paterna
3426 1358 3469 1423 ⁸,
3503 1357 3571 1411 de

1990 1445 2196 1502 incestu
2246 1454 2300 1501 et
2346 1446 2610 1503 ebrietate
2637 1458 2954 1518 conceptus,
2984 1449 3127 1518 quod
3168 1447 3571 1518 quodammodo

1992 1538 2242 1603 absente,
2298 1537 2407 1593 imo
2458 1538 2734 1595 nesciente
2763 1550 2941 1608 patre.
2971 1540 3245 1595 videretur
3266 1552 3386 1599 esse
3406 1553 3571 1609 gene-

1993 1639 2159 1684 ratus.
2186 1626 2243 1682 ln
2264 1627 2449 1683 multis
2472 1626 2876 1698 Scripturarum
2898 1631 3036 1687 locis
3053 1631 3119 1685 de
3140 1629 3296 1687 Moab
3318 1630 3570 1702 legimus.

1991 1730 2047 1775 et
2080 1717 2314 1774 maxime
2344 1719 2397 1773 in
2427 1719 2794 1777 Numerorum
2823 1721 3119 1788 volumine,
3150 1723 3367 1793 quando
3408 1722 3572 1781 Baiae

326 1821 432 1874 tur,
459 1825 493 1863 a
525 1825 635 1880 quo
678 1812 730 1865 iu
768 1809 1004 1866 Jeremia
1052 1808 1160 1864 olla
1211 1806 1562 1863 succenditur
1592 1802 1812 1875 (Jerem.
1844 1819 1882 1868 ι,
1918 1817 1964 1877 Β
1994 1827 2086 1866 rex
2118 1810 2475 1868 unanimi-um
2499 1814 2568 1868 ιιι
2591 1813 3044 1879 maledicendum,
3072 1815 3289 1873 Balaam
3316 1817 3570 1873 ῑηνίωνίι

319 1904 428 1973 ll),
458 1912 516 1957 et
540 1919 569 1957 a
603 1918 715 1972 quo
743 1907 1105 1959 exardescunt
1137 1901 1277 1961 mala
1310 1914 1472 1971 super
1504 1913 1693 1954 clunes
1725 1897 1884 1952 habi-

317 2003 521 2050 tatores
557 2004 735 2057 terrae,
763 1994 854 2062 qui
886 2008 993 2048 non
1018 2003 1253 2064 possunt
1277 1993 1463 2049 dicere
1501 2007 1517 2047 z
1546 1989 1739 2046 Accola
1769 2005 1887 2043 sum

313 2094 362 2138 et
411 2084 738 2155 peregrinus.
787 2085 923 2139 sicut
968 2100 1147 2140 omnes
1173 2095 1353 2153 patres
1375 2081 1667 2154 ntei(Psal.
1690 2095 1885 2146 cxvm,

318 2176 440 2244 l9);
479 2175 576 2231 sed
608 2175 664 2229 in
698 2184 845 2230 terra
880 2174 1152 2231 habitant.
1185 2174 1341 2232 Unde
1379 2185 1433 2230 et
1477 2175 1529 2228 in
1579 2172 1888 2229 Proverbiis

313 2265 510 2335 legitur
546 2282 564 2321 ;
597 2266 786 2337 Aquilo
809 2275 990 2323 uentus
1006 2266 1175 2321 durus
1205 2265 1389 2336 (Prae.
1419 2280 1547 2333 xxv,
1579 2264 1688 2335 εἴη
1718 2262 1886 2317 Eccli.

312 2372 462 2422 ιιιιι,
487 2354 606 2427 22,).
636 2356 863 2412 Nomine
909 2367 1090 2412 autem
1137 2356 1243 2414 alio
1266 2358 1284 2391 ‘
1311 2357 1501 2414 dexter
1526 2365 1768 2419 vocatur,
1790 2353 1883 2423 qui

314 2463 434 2503 eum
455 2463 552 2518 per
580 2448 827 2503 sedurus
848 2448 919 2502 sit
938 2457 995 2502 et
1021 2446 1335 2515 sinister,et
1361 2448 1573 2504 cervice
1598 2446 1885 2503 durissima

313 2540 500 2610 jugutn
560 2539 654 2599 Dei
697 2540 831 2594 nolit
867 2540 1134 2614 recipere,
1164 2551 1389 2598 vocatur
1442 2540 1629 2596 dexter
1676 2541 1743 2593 ab
1799 2536 1886 2593 his

317 2634 411 2699 qui
445 2640 656 2700 ponunt
709 2634 863 2689 dulce
904 2649 1173 2701 amarum,
1202 2642 1259 2688 et
1286 2646 1530 2689 amarum
1559 2630 1753 2698 dulce;
1788 2630 1882 2698 qui

319 2732 531 2792 ponunt
550 2726 800 2780 tenebras
820 2725 1017 2792 lucem,
1033 2736 1099 2783 et'
1116 2725 1294 2780 lucem
1325 2723 1597 2780 tenebras.
1621 2721 1685 2775 Et
1712 2720 1889 2777 nullus

319 2828 421 2883 est,
437 2819 530 2886 qui
561 2815 697 2871 fumi
725 2816 888 2886 hujus
917 2832 1110 2891 agmen
1135 2816 1394 2889 effugiat;
1414 2830 1571 2875 nemo
1592 2815 1739 2870 enim
1765 2815 1893 2870 abs-

319 2924 425 2979 que
463 2921 712 2980 peecato,
760 2925 861 2967 nec
906 2910 954 2966 si
992 2913 1152 2967 unius
1189 2911 1408 2982 quidem
1443 2912 1547 2967 diei
1586 2910 1751 2967 luerit
1778 2911 1886 2964 vita

318 3002 434 3069 ejus
455 3001 602 3072 (Job.
637 3003 774 3072 xiv).
792 3003 1035 3075 Cumque
1077 3003 1392 3060 Philisthaea
1416 3004 1706 3070 corruerit,
1729 3011 1784 3058 et
1807 3001 1891 3056 fu-

321 3107 441 3148 mus
486 3094 610 3164 ejus
651 3096 900 3151 universa
945 3096 1261 3165 penetrarit,
1312 3095 1385 3150 ita
1437 3103 1498 3150 ut
1533 3109 1656 3150 eum
1708 3093 1887 3148 nullus

1995 1900 2283 1967 hariolum,
2322 1900 2414 1971 qui
2441 1902 2585 1957 inter
2610 1911 2809 1961 canere
2834 1904 2999 1959 etiam
3042 1904 3147 1961 hoc
3180 1916 3370 1963 contra
3408 1905 3569 1963 Moab

1995 1988 2285 2058 mysticum
2316 1991 2657 2060 prophetarit
2690 2008 2708 2048 :
2751 1991 2968 2049 Orietur
2998 1994 3152 2050 stella
3183 2011 3248 2050 ex
3292 1995 3481 2063 Iacob,
3520 2007 3570 2052 et

1994 2092 2264 2152 consurget
2287 2081 2441 2136 homo
2464 2098 2529 2138 ea:
2554 2080 2752 2150 Israel,
2776 2095 2825 2140 et
2854 2086 3107 2156 percutiet
3128 2087 3388 2157 principes
3410 2085 3568 2141 Moab

1995 2170 2190 2243 (Num.
2226 2187 2375 2237 xxxv,
2412 2173 2527 2243 17).

2072 2281 2091 2316 ι
2128 2262 2262 2332 Quia
2318 2276 2480 2321 nocte
2527 2276 2737 2325 vastata
2783 2277 2867 2325 est
2927 2269 3022 2337 Ar.
3060 2268 3219 2327 Moab
3270 2268 3569 2337 conticuit;

1998 2354 2125 2426 quia
2169 2365 2330 2412 nocte
2380 2366 2625 2418 vastatus
2678 2369 2763 2415 est
2797 2376 3011 2424 murus.
3049 2361 3207 2427 bloab
3238 2362 3517 2419 conticuit.
3540 2378 3561 2415 ι

1997 2444 2140 2503 LXX
2174 2464 2189 2502 :
2225 2466 2245 2503 ι
2290 2447 2458 2507 Nocte
2504 2451 2662 2519 periit
2701 2452 2977 2518 bloabitis,
3021 2464 3180 2513 nocte
3216 2456 3361 2510 enim
3412 2455 3572 2525 periit

1998 2553 2187 2594 murus
2219 2537 2546 2597 Moabitidis.
2589 2561 2608 2595 ι
2638 2543 2738 2598 Pro
2772 2559 2839 2597 an
2870 2544 3012 2615 (np),
3045 2548 3189 2615 quod
3216 2546 3362 2601 solus
3392 2544 3573 2601 Theo-

1996 2630 2147 2686 dotio
2196 2632 2271 2686 ita
2309 2636 2510 2702 posuit,
2552 2643 2611 2689 ut
2658 2634 2854 2706 legitur
2887 2639 2940 2692 in
2992 2636 3236 2702 liehrteo,
3286 2639 3477 2708 Aquila
3512 2647 3569 2695 et

1999 2723 2361 2794 Symmachus
2412 2728 2590 2782 urbem
2621 2728 2960 2798 interpretati
2990 2741 3136 2791 sunt,
3170 2745 3280 2787 non
3314 2732 3568 2787 conside-

1997 2825 2200 2882 rantes,
2248 2816 2389 2885 quod
2435 2818 2576 2871 inter
2622 2832 2711 2873 am
2746 2825 2802 2873 et
2829 2833 2927 2881 sus
2969 2818 3237 2879 elementa
3281 2819 3565 2888 Hebraicn,

1994 2921 2087 2960 ιοι)
2114 2905 2357 2962 litteram
2388 2924 2494 2965 non
2521 2907 2768 2976 haberet,
2795 2925 2918 2983 quze
2938 2911 2985 2968 si
3010 2921 3179 2979 esset,
3206 2921 3355 2970 recte
3379 2916 3568 2970 civitas

1997 2999 2288 3053 diceretur.
2320 2997 2596 3070 Sapientia
2630 3002 2924 3069 saecularis,
2952 3004 3019 3060 de
3042 3018 3147 3074 qua
3191 3003 3454 3063 Dominus
3482 3008 3566 3063 lo-

1997 3090 2183 3157 quitur
2213 3104 2307 3160 per
2337 3093 2654 3161 prophetam
2714 3111 2729 3148 :
2765 3093 2995 3150 Pernam
3020 3098 3331 3166 sapientiam
3360 3101 3571 3169 sapien-

319 3183 763 3255 possiteﬂ'ugere,
785 3186 911 3256 quid
931 3186 1140 3242 dicetur
1161 3186 1385 3257 angelis,
1402 3186 1491 3256 qui
1510 3184 1734 3257 singulis
1750 3200 1890 3255 ρπβ·
1918 3173 1963 3233 C
1994 3180 2148 3247 lium,
2168 3191 2218 3236 et
2240 3182 2574 3250 prudentiam
2594 3186 2932 3255 prudentium
2958 3189 3248 3258 "probabo
3274 3190 3479 3261 (Abdita
3495 3193 3567 3259 8;

318 3287 445 3330 sunt
463 3279 737 3345 genttbus,
764 3278 1154 3333 admirantibus
1174 3288 1230 3333 et
1249 3279 1389 3334 scire
1414 3277 1775 3347 cupientibus,
1796 3291 1894 3331 cur

320 3368 438 3422 sola
468 3369 600 3423 Sion
629 3371 680 3423 in
709 3370 926 3438 specula
958 3371 1088 3425 etin
1116 3371 1437 3426 sublimibus
1462 3369 1722 3427 collocata
1746 3382 1893 3423 ama-

324 3459 616 3535 ritudinem
650 3460 781 3516 fumi
810 3461 969 3530 hujus
999 3461 1271 3518 evaserit?
1312 3462 1451 3531 Quid
1479 3461 1653 3533 igitur
1681 3460 1892 3516 dicetur

322 3549 434 3603 eis?
465 3548 669 3618 Nempe
697 3553 796 3606 hoc
825 3554 969 3621 quod
1001 3553 1246 3621 sequitur
1272 3567 1288 3606 ;
1316 3551 1456 3616 Quia
1488 3550 1742 3605 Dominus
1771 3548 1893 3617 [uno

321 3640 520 3693 deserit
535 3657 672 3702 eam,
691 3648 745 3694 et
765 3644 877 3710 ipse
896 3642 965 3696 sit
984 3641 1389 3697 fundamentum
1406 3641 1546 3712 ejus.
1566 3640 1891 3697 Fundaverit

323 3741 500 3787 autem
527 3746 646 3784 eam
668 3746 826 3802 super
847 3731 1255 3787 fundamentum
1282 3732 1609 3803 prudentiae,
1639 3732 1886 3803 jnstitiar,

325 3820 655 3876 fortitudinis
704 3833 759 3876 et
794 3825 1188 3894 temperantiae,
1221 3824 1323 3880 sub
1362 3824 1557 3894 quibus
1582 3825 1891 3881 nominibus

320 3914 573 3969 Christus
594 3915 929 3984 intelligitur,
949 3916 1016 3972 de
1038 3931 1147 3986 quo
1182 3925 1238 3971 et
1258 3915 1547 3986 Apostolus
1575 3916 1652 3970 ait
1688 3932 1704 3972 :
1736 3914 1890 3971 Fun-

320 4006 622 4060 damentum
648 4011 785 4061 enim
812 4007 960 4063 aliud
986 4024 1136 4063 nemo
1150 4018 1316 4087 potest
1330 4009 1530 4079 jacere,
1550 4020 1743 4078 prwter
1769 4025 1888 4064 eum

318 4101 406 4168 qui
422 4103 622 4169 positus
640 4110 718 4154 est
739 4098 919 4155 letum
941 4099 1210 4155 Christum
1229 4100 1281 4171 (Ι
1300 4100 1512 4166 Cornu,
1535 4101 1646 4173 11).
1666 4102 1770 4169 Qui
1789 4118 1889 4156 au-

323 4202 428 4246 tem
469 4191 653 4246 fatuus
684 4201 791 4256 est,
820 4206 876 4245 et
897 4193 1061 4247 stulta
1097 4193 1357 4263 loquitur,
1378 4202 1435 4247 et
1473 4208 1566 4247 cor
1599 4194 1718 4263 ejus
1750 4208 1884 4250 vana

318 4281 571 4351 intelligit
588 4299 604 4347 ;
623 4281 854 4336 mdilicat
875 4283 1093 4337 domum
1128 4299 1279 4338 suam
1296 4298 1463 4354 super
1488 4298 1733 4349 arenam,
1766 4300 1886 4355 qua:

320 4388 423 4427 non
452 4373 618 4427 habet
641 4373 1068 4429 fundamentum.
1091 4372 1147 4429 lu
1171 4373 1272 4429 hac
1294 4387 1420 4444 ergo
1446 4372 1597 4441 Sion,
1621 4391 1739 4446 quae
1760 4375 1886 4431 fun-

1996 3270 2029 3326 I
2060 3273 2182 3330 Cor.
2209 3290 2247 3341 ι,
2278 3274 2365 3346 19)
2400 3292 2416 3341 ;
2446 3279 2570 3346 quia
2600 3289 2876 3339 auctorem
2908 3283 2993 3339 sui
3027 3296 3245 3340 sensum
3270 3284 3453 3349 habet,
3475 3287 3569 3356 qui

1994 3379 2059 3419 ex
2086 3366 2405 3423 conditione
2432 3368 2523 3424 Dei
2551 3382 2864 3440 generatur,
2894 3374 3111 3431 videtur
3136 3375 3357 3449 quidem
3387 3377 3453 3435 de
3473 3393 3569 3448 pa-

1997 3464 2079 3511 tre
2106 3459 2281 3523 nasci,
2314 3461 2457 3528 quod
2485 3461 2874 3534 interpretatur
2902 3465 3107 3532 bloab;
3135 3469 3230 3524 sed
3257 3469 3382 3539 quia
3413 3469 3570 3526 adul-

1995 3556 2077 3604 ter
2107 3560 2210 3617 est,
2254 3559 2306 3605 et
2336 3550 2681 3609 adversarius
2727 3556 2922 3626 populo
2950 3556 3072 3622 Dei,
3102 3559 3169 3615 de
3216 3562 3453 3625 incestu,
3509 3574 3566 3618 et

1993 3640 2251 3709 spelunca
2279 3657 2345 3697 ac
2381 3652 2539 3699 nocte
2566 3657 2877 3716 generatur.
2910 3649 3069 3707 Unde
3106 3651 3160 3706 in
3192 3661 3350 3709 nocte
3381 3654 3562 3724 periit,

1993 3731 2047 3786 in
2079 3747 2266 3790 errore
2319 3734 2529 3795 scilicet
2563 3740 2916 3809 setnpiterno.
2948 3741 3016 3801 Et
3043 3740 3285 3814 Βηριίὶ
3322 3745 3374 3801 in
3427 3746 3564 3801 mari

1994 3823 2176 3880 ltubro
2207 3826 2383 3895 vigilia
2408 3830 2695 3897 matutina,
2725 3848 2845 3902 qua:
2875 3842 3203 3893 nocturnum
3235 3846 3444 3905 tempus
3468 3853 3562 3894 os-

1994 3916 2183 3983 tendit,
2225 3916 2484 3976 lluctibus
2528 3920 2710 3987 obruti
2746 3936 2872 3981 sunt
2906 3922 3104 3995 (Exod.
3163 3928 3300 3998 xiv).
3335 3928 3404 3985 Et
3435 3928 3560 3993 Lot.

1992 4007 2290 4067 Sodomitis
2319 4022 2478 4068 nocte
2502 4015 2876 4083 pereuntibus,
2907 4019 3053 4078 vertit
3082 4019 3138 4079 in
3168 4016 3361 4089 Segor,
3389 4029 3445 4077 et
3471 4037 3563 4079 or-

1991 4112 2077 4157 lus
2121 4113 2206 4160 est
2252 4105 2300 4159 ei
2333 4107 2411 4161 sol
2472 4106 2629 4177 (Gen.
2664 4110 2798 4179 nx).
2831 4110 2984 4177 Quod
3032 4113 3340 4184 intelligens
3370 4116 3561 4172 beatus

1987 4196 2278 4263 Apostolus
2305 4197 2497 4252 scribit
2517 4198 2584 4254 de
2604 4200 2811 4257 sanctis
2835 4211 2997 4271 atque
3019 4202 3271 4272 perlectis
3292 4202 3349 4275 (ι
3377 4204 3561 4265 Thess.

1988 4304 2041 4361 vf,
2076 4289 2195 4359 5-7)
2231 4306 2247 4345 :
2278 4288 2403 4346 Non
2432 4308 2611 4350 sumus
2628 4296 2816 4361 noctis,
2839 4295 3004 4368 266
3021 4313 3181 4369 neque
3206 4300 3558 4369 tenebrarum,

1984 4381 2074 4435 sed
2101 4396 2282 4436 sumus
2321 4384 2425 4452 ﬁlii
2453 4385 2580 4441 diei.
2610 4387 2713 4453 Qui
2740 4391 2883 4442 enim
2916 4390 3210 4454 dormiunt,
3246 4402 3396 4447 nocte
3432 4394 3556 4446 dor-

320 4467 444 4523 data
482 4474 564 4519 est
601 4480 635 4519 a
671 4463 920 4525 Domino.
950 4466 1244 4535 sperabunt
1267 4480 1557 4535 pauperes,
1581 4468 1696 4521 sive
1731 4482 1886 4521 man-
1919 4506 1963 4562 ο
1991 4475 2181 4540 miunt,
2203 4482 2252 4528 et
2269 4478 2357 4544 qui
2380 4476 2726 4544 inebriantur,
2750 4488 2899 4537 nocte
2918 4480 3053 4537 ebrii
3071 4493 3214 4539 sunt.
3241 4481 3352 4539 Nos
3376 4495 3556 4541 autent

319 4556 457 4610 sueti
485 4566 540 4611 ει
562 4556 791 4641 bundles
822 4556 1001 4626 populi
1030 4557 1172 4625 eius.
1192 4556 1259 4611 de
1277 4558 1472 4624 auibus
1488 4557 1714 4612 dicitur:
1737 4557 1886 4610 Beati
1920 4556 1955 4562 '
1991 4569 2083 4638 qui
2108 4569 2213 4623 diei
2243 4583 2455 4633 sumus.
2491 4572 2773 4641 vigilemus
2802 4574 2975 4628 induti
2999 4575 3168 4631 lorica
3198 4577 3321 4634 fidei
3346 4587 3400 4633 et
3426 4578 3557 4632 cha-

320 4648 493 4708 mites,
541 4634 790 4716 quoniam
833 4648 933 4715 ipsi
973 4647 1306 4714 possidebunt
1338 4655 1535 4702 terram
1574 4646 1784 4716 (Matth.
1830 4662 1881 4715 ν,

1988 4659 2185 4715 ritatis.
2210 4659 2277 4716 Et
2298 4662 2426 4730 quia
2454 4674 2667 4720 noctem
2696 4664 3010 4735 reliquerat,
3047 4680 3102 4723 et
3131 4670 3272 4725 filius
3300 4671 3403 4725 dici
3433 4686 3556 4728 esse

319 4740 373 4808 4)
404 4754 421 4805 ;
456 4750 510 4794 et
532 4740 624 4809 qui
657 4740 946 4795 audierunt
974 4740 1258 4795 Dominqu
1291 4739 1598 4810 loquentem
1636 4758 1651 4794 :
1693 4739 1887 4794 Discite
1980 4749 2094 4819 jam
2122 4762 2386 4820 cmperal,
2412 4752 2650 4823 loquitur
2673 4760 2740 4812 ad
2761 4760 3047 4816 credentes
3072 4774 3092 4814 :
3122 4759 3245 4814 Nox
3265 4763 3550 4829 prrecessit,

319 4847 349 4881 ιι
379 4847 461 4883 me
489 4832 615 4901 quia
645 4842 944 4887 mansuetus
978 4848 1118 4896 sum,
1149 4841 1197 4886 et
1231 4832 1445 4886 humilis
1474 4835 1627 4886 corde
1666 4831 1882 4903 (ilatth.

320 4935 399 4986 ιι,
427 4924 541 4993 29).
576 4924 676 4988 Qui
720 4934 847 4977 ante
876 4922 1102 4992 gloriam
1132 4922 1398 4976 humiliati
1426 4933 1589 4986 sunt,
1619 4933 1674 4976 et
1703 4924 1887 4976 audie-

321 5023 446 5063 runt
493 5013 757 5067 dicentem
804 5014 1111 5081 apostolum
1158 5013 1377 5068 Petrum
1427 5011 1476 5083 (ι
1507 5012 1652 5067 Petr.
1692 5028 1743 5078 ν,
1776 5013 1831 5082 6)
1866 5030 1883 5070 t

323 5102 688 5158 llumiliamini
731 5104 824 5158 sub
865 5105 1067 5173 potenti
1101 5120 1260 5158 manu
1294 5104 1415 5168 Dei,
1455 5116 1508 5158 ut
1560 5122 1645 5159 vos
1689 5107 1882 5160 exultet

319 5196 479 5266 265
512 5198 564 5251 in
597 5206 823 5266 tempore
866 5198 1207 5252 uisitationis.
1242 5197 1512 5267 Pauperes
1553 5208 1733 5253 autem
1781 5200 1882 5268 ipsi

317 5297 463 5351 sont,
494 5286 561 5341 de
599 5288 798 5355 quibus
835 5301 995 5356 supra
1034 5286 1265 5356 legimus
1306 5304 1321 5342 :
1358 5288 1648 5343 Pascentur
1676 5289 1882 5359 primo-

317 5379 473 5447 geniti
493 5392 805 5448 pauperum,
831 5387 879 5431 et
905 5392 1158 5447 pauperes
1186 5379 1507 5447 ﬁducialiter
1537 5383 1879 5450 requiescant.

387 5563 404 5592 ί
439 5559 822 5631 Additumalio
852 5556 1027 5615 Vatic.
1058 5560 1289 5631 ignorat,
1318 5561 1504 5629 sicque
1530 5568 1614 5615 est
1643 5560 1694 5613 in
1720 5558 1880 5614 Com-

318 5632 595 5683 mentariis
617 5630 669 5681 in
696 5627 948 5685 Jeretnite
978 5627 1102 5698 cap:
1127 5648 1138 5684 I
1169 5647 1184 5687 :
1222 5627 1445 5699 «Aquilo
1470 5642 1660 5683 ventus
1687 5635 1875 5695 durus,

320 5714 532 5761 uoluisse
564 5710 743 5752 autem
773 5703 961 5754 dexter
990 5712 1228 5761 vocatur.
1271 5703 1339 5754 ab
1373 5699 1456 5755 bis
1482 5700 1752 5764 VidellCél,
1789 5704 1877 5767 qui

1980 4841 2094 4905 dies
2135 4853 2314 4896 autem
2366 4847 2821 4916 appropinquavit,
2861 4852 3016 4918 quasi
3047 4851 3101 4903 in
3134 4851 3219 4906 die
3247 4869 3361 4906 cum
3392 4853 3553 4907 hone-

1984 4941 2121 4997 state
2146 4934 2495 5009 ambulemus,
2524 4954 2625 4990 non
2650 4939 2705 4992 in
2724 4942 3187 4996 comessationibus
3206 4952 3257 4996 et
3284 4944 3553 4998 ebrietati-

1985 5022 2102 5087 bus,
2149 5039 2254 5078 non
2305 5027 2360 5081 in
2408 5026 2664 5083 cubilibus
2699 5040 2749 5087 et
2799 5033 3015 5086 luxuria
3058 5032 3233 5105 (Rom.
3284 5052 3402 5103 xm,
3435 5039 3547 5107 12).

1984 5113 2252 5171 Pereunte
2271 5124 2454 5174 autem
2484 5132 2641 5175 nocte
2663 5120 2976 5187 Moabitide,
3006 5125 3170 5180 etiam
3201 5143 3389 5185 murus
3411 5131 3549 5201 ejus,

1984 5202 2078 5271 qui
2112 5204 2391 5261 dialectica
2422 5221 2540 5265 arte
2570 5222 2920 5268 constructus
2953 5224 3059 5280 est,
3087 5216 3141 5270 in
3168 5218 3354 5273 eadem
3390 5233 3549 5276 nocte

1985 5303 2230 5350 vastatus
2263 5305 2347 5352 est
2385 5312 2548 5369 atque
2578 5302 2912 5370 destructus,
2946 5317 3002 5362 et
3033 5319 3232 5365 atterna
3266 5314 3551 5367 taciturni-

1985 5394 2091 5441 tate
2121 5389 2405 5446 conticuit.
2437 5390 2610 5448 Porro
2644 5395 2742 5459 Ar,
2774 5398 2918 5466 quod
2960 5400 3347 5472 interpretatur
3391 5408 3546 5457 ἀντί-

1983 5563 2179 5652 quipp-3
2207 5569 2360 5637 paria
2394 5571 2557 5626 habet
2587 5571 3202 5652 in_cjusdetr_t_;Jeremim
3232 5597 3354 5652 cap.
3392 5599 3542 5639 sui.

2053 5636 2366 5721 f‘Sive'aqua
2381 5651 2625 5721 paterna.
2647 5636 2853 5715 Lingua
2871 5636 3183 5721 Afgyptiaca
3198 5636 3333 5721 aquis

1982 5706 2229 5793 gaude
2242 5706 2421 5793 eses
2434 5713 2588 5776 quasi
2602 5728 2669 5767 ea
2686 5706 2825 5783 aqua
2835 5706 3029 5793 saluus:
3042 5718 3199 5793 (Moab
3216 5706 3394 5793 iiaque
3409 5706 3547 5793 aqua

318 5786 431 5837 ejus
448 5767 733 5839 obriguere
758 5768 975 5841 frigore,
995 5775 1294 5826 etcalorent
1316 5772 1435 5826 fidei
1463 5772 1835 5842 perdiderunt;
1852 5791 1870 5823 ι
1977 5767 2173 5844 patris,
2192 5781 2275 5833 vel
2298 5796 2433 5849 aqua
2452 5767 2523 5834 ex
2546 5793 2694 5851 patre
2723 5767 2907 5855 potest
2924 5767 3190 5858 ἰὰίέιῖἷεὲῐ
