3972 6198
370 349 499 415 ⁸239

1572 347 1633 407 S.
1670 344 1984 407 EUSEBll
2022 346 2468 410 ‘HIERONYMI

3540 343 3674 413 2&0

382 469 558 532 δικος,
596 465 648 521 id
700 475 780 522 est
818 467 1179 532 adversarius,
1221 466 1322 523 boc
1366 468 1623 532 ostendit,
1665 466 1809 536 quod
1849 467 1964 520 haec
1993 468 2043 528 Α
2072 467 2331 530 irascitur.
2369 478 2529 524 nocte
2578 475 2848 524 vastatum
2880 475 2984 534 est,
3027 475 3083 523 et
3128 476 3446 539 argumenta
3484 467 3668 529 illius.

388 560 680 631 sapientia,
703 575 823 631 quae
840 560 1149 618 adversaria
1178 565 1268 619 Dei
1297 569 1400 625 est,
1437 559 1815 616 ecclesiastico
1842 572 1961 614 ser-

391 668 551 709 mone
583 663 773 709 contra
802 669 863 709 se
890 666 1180 726 pugnante,
1215 665 1471 725 superata
1512 655 1605 709 sit.

467 742 646 815 (Vera.
682 744 761 817 Ξ.)
802 764 821 799 ι
849 746 1105 802 Ascendit
1133 749 1348 811 domus,
1382 756 1437 801 et
1484 745 1674 799 Dimon
1708 746 1725 776 ί
1776 748 1841 799 ad
1872 759 1970 799 ex-

391 835 538 893 celsa
568 837 620 889 in
654 836 983 903 planctum.»
1006 833 1143 890 LXX
1183 852 1197 891 :
1233 835 1679 891 (Contrislamini
1705 836 1758 889 in
1791 835 1965 898 vobis,

391 931 591 1001 peribit
620 930 763 984 enim
796 929 1012 993 Dimon,
1050 930 1142 984 ubi
1180 943 1273 983 ara
1309 939 1393 984 est
1437 949 1450 982 :
1495 929 1624 982 illuc
1664 927 1969 983 ascendetis

392 1023 459 1077 ad
508 1022 846 1090 plorandum.
873 1037 893 1072 ι
925 1017 1116 1076 Omnis
1159 1023 1351 1076 domus
1383 1022 1624 1076 adversa:
1663 1019 1965 1088 sapientia,

390 1110 442 1167 et
473 1113 665 1178 Dibon,
699 1127 819 1182 qua:
853 1113 1247 1182 interpretatur
1274 1112 1455 1180 ﬂuxus
1479 1126 1684 1172 eorum,
1721 1110 1970 1165 ascendit

390 1206 624 1269 excelsa,
657 1206 708 1257 iu
738 1205 934 1273 quibus
964 1204 1309 1275 superbierat
1343 1224 1355 1258 :
1395 1218 1499 1257 nou
1530 1214 1589 1257 ιιι
1631 1202 1838 1258 hostias
1869 1203 1970 1257 itu-

385 1299 576 1362 molet,
604 1297 697 1353 sed
742 1298 960 1368 plangat
994 1298 1047 1351 in
1082 1297 1282 1366 quibus
1334 1308 1459 1351 ante
1510 1304 1852 1366 peccaverat.
1904 1295 1971 1349 Et

392 1405 581 1444 revera
616 1390 956 1443 mendacium
1000 1389 1176 1444 instar
1218 1387 1456 1441 ﬂuminis
1491 1390 1707 1451 transit,
1746 1394 1799 1439 et
1834 1402 1969 1456 prae-

395 1482 621 1545 terﬂuit,
660 1491 716 1536 ct
771 1496 1049 1550 nunquam
1089 1490 1264 1549 potest
1310 1480 1490 1536 stabili
1522 1479 1802 1533 mansione
1834 1493 1969 1532 cou-

392 1576 612 1630 sistere.
646 1571 838 1627 Scrmo
872 1583 1051 1625 autem
1089 1570 1202 1636 Dei,
1235 1571 1326 1640 qui
1363 1579 1681 1638 compactus
1712 1578 1819 1635 est,
1853 1578 1969 1624 sta-

395 1665 522 1719 bilis
543 1673 648 1719 est.
674 1661 830 1717 Unde
856 1673 909 1713 et
937 1675 1158 1726 manna,
1190 1660 1334 1730 quod
1360 1661 1569 1714 videtur
1590 1660 1745 1729 quasi
1770 1660 1971 1728 glacies

392 1770 556 1824 super
581 1752 773 1807 faciem
823 1762 1002 1814 terrae,
1050 1764 1158 1803 non
1204 1747 1539 1818 praeterﬂuit,
1568 1749 1663 1802 sed
1696 1747 1965 1802 consistit.

2067 574 2188 628 quas
2221 560 2597 631 intelliguntur
2646 561 2810 627 muri,
2855 560 3244 616 ecclesiastico
3273 574 3529 616 sermone
3560 560 3673 615 de-

2067 657 2274 704 structa
2326 662 2498 716 sunt;
2546 650 2620 705 ita
2651 661 2710 705 ut
2760 659 2969 705 aeterno
3010 649 3229 706 silentio
3272 648 3670 713 conticuerint,

2068 740 2120 794 in
2156 751 2365 795 tantum
2391 751 2449 795 ut
2473 746 2726 797 universa
2749 756 2940 798 eorum
2965 740 3136 796 factio
3178 740 3247 796 ad
3277 739 3663 809 penitentiam

2069 843 2124 887 ct
2156 834 2429 904 lacrymas
2455 841 2785 898 verteretur,
2812 848 2976 903 super
3000 833 3176 899 Nabo,
3203 832 3256 885 id
3285 840 3372 888 est
3417 830 3669 902 prOphc-

2072 924 2225 988 tiam,
2285 934 2341 977 et
2380 924 2704 990 sessionem,
2766 925 2820 979 id
2871 934 2958 980 est
2994 924 3287 993 magistros
3339 934 3552 982 eorum.
3602 927 3669 975 et

2070 1028 2233 1081 super
2289 1012 2536 1081 Medaba,
2582 1015 2671 1069 ubi
2720 1028 2833 1069 non
2878 1027 3007 1071 sunt
3061 1018 3289 1073 arbores
3332 1012 3660 1076 fructuosae,

2069 1106 2166 1161 sed
2223 1106 2397 1162 saltus
2446 1105 2716 1174 infertilis,
2765 1106 2845 1161 itv
2871 1122 2981 1177 quo
3025 1108 3275 1163 habitant
3333 1104 3543 1166 bestiae.
3590 1105 3664 1159 de

2071 1212 2178 1266 quo
2231 1200 2282 1252 in
2317 1200 2579 1255 vicesimo
2611 1210 2809 1255 octavo
2847 1199 3064 1255 Psalmo
3093 1200 3355 1267 scriptum
3399 1208 3486 1255 est
3522 1214 3539 1253 :
3587 1196 3663 1252 Et

2071 1289 2325 1345 reuelabit
2356 1293 2619 1346 condensa
2649 1291 2820 1347 saltus
2848 1307 2867 1344 :
2899 1291 3004 1345 erit
3035 1290 3274 1345 ululatus
3296 1300 3351 1345 et
3378 1291 3658 1359 planitas,

2072 1393 2126 1440 ct
2166 1384 2349 1440 omnia
2409 1387 2475 1440 de
2532 1386 2802 1456 capitibus
2871 1401 3060 1442 eorum
3114 1386 3440 1455 eloquentia:
3493 1399 3662 1438 orna-

2074 1485 2253 1533 menta
2298 1478 2593 1540 tollentur;
2647 1478 2717 1532 ita
2775 1486 2833 1532 ut
2876 1477 3004 1532 nudi
3049 1485 3304 1531 maneant
3356 1484 3410 1530 et
3461 1476 3653 1531 defor-

2075 1585 2208 1626 tnes.
2231 1570 2292 1624 Et
2310 1571 2354 1625 si
2377 1571 2501 1637 quid
2524 1570 2797 1625 virilitatis
2820 1570 3019 1625 habere
3044 1570 3368 1625 videbantur
3386 1569 3441 1622 in
3461 1568 3657 1632 barba,

2073 1678 2252 1718 rasum
2299 1679 2328 1717 a
2374 1664 2494 1718 viro
2540 1662 2932 1728 ecclesiastico,
2979 1660 3349 1717 eﬂ‘entinatum
3389 1670 3445 1714 et
3473 1659 3659 1715 debile

2074 1755 2478 1826 eomprobetur.
2504 1750 2560 1808 lu
2589 1753 2763 1809 triviis
2786 1767 3003 1823 quoque
3027 1768 3242 1817 eorum,
3268 1752 3319 1806 id
3342 1758 3431 1806 est
3472 1753 3661 1806 diver-

392 1823 583 1907 l’orro,
607 1852 765 1914 juxta
813 1840 976 1905 LXX,
1035 1839 1283 1894 Moabitae
1332 1854 1566 1894 mterere
1603 1838 1866 1905 jubentur
1917 1850 1972 1892 et

2078 1848 2260 1904 ticulis
2289 1861 2566 1912 errorum,
2601 1849 2730 1901 dum
2763 1861 2863 1917 pro
2888 1844 3168 1900 voluntate
3190 1860 3285 1900 sua
3310 1844 3462 1914 lingit
3491 1858 3663 1899 unus-

390 1940 669 2009 plangere,
708 1950 814 1989 non
859 1948 1021 2004 super
1053 1932 1201 1997 aliis,
1261 1931 1363 1986 hoc
1405 1933 1550 1985 enim
1602 1928 1968 1998 perfectorum

389 2042 476 2087 est
503 2045 664 2099 super
695 2027 1024 2095 semetipsis,
1056 2026 1183 2094 quia
1218 2034 1272 2080 et
1301 2024 1472 2079 Dibon
1518 2038 1730 2090 eorum,
1780 2024 1830 2077 id
1888 2032 1973 2079 est

393 2139 574 2179 sermo
600 2120 956 2191 compositus,
986 2119 1077 2189 qui
1112 2118 1310 2173 ﬂuebat
1344 2133 1497 2173 more
1527 2120 1797 2183 torrentis,
1828 2120 1973 2188 peri-

398 2228 552 2271 turus
576 2215 645 2271 sit
680 2232 691 2268 :
725 2214 776 2267 in
796 2227 903 2282 quo
938 2211 1210 2266 habebant
1227 2210 1381 2282 quasi
1412 2224 1561 2263 aram
1593 2212 1973 2266 consecratio-

390 2308 479 2362 nis
542 2320 675 2369 suae,
711 2315 764 2359 et
802 2317 995 2358 omnes
1029 2302 1248 2358 divitias
1279 2301 1593 2356 saeculares.
1636 2298 1793 2355 Unde
1824 2310 1878 2355 et
1918 2301 1972 2355 in

395 2397 611 2452 l’salmo
641 2396 841 2450 dicitur
879 2411 895 2451 ς
931 2393 1134 2449 Divitiis
1157 2393 1203 2447 si
1232 2394 1472 2464 afﬂuant,
1509 2392 1670 2446 nolite
1696 2408 1786 2446 cor
1808 2408 1970 2461 appa-

394 2504 537 2542 nere.
567 2486 784 2541 initium
834 2494 1014 2541 autem
1070 2485 1263 2541 salutis
1288 2492 1393 2552 est,
1444 2498 1540 2539 sua
1576 2484 1878 2555 intelligere
1919 2492 1974 2539 et

395 2583 526 2635 ﬂere.
568 2588 811 2649 peccata.

465 2670 643 2744 (Yers.
674 2672 709 2725 ὅ
753 2669 930 2738 seqq.)
965 2688 984 2721 ι
1015 2669 1189 2739 Super
1227 2669 1378 2725 Naho
1408 2678 1462 2725 et
1519 2685 1685 2740 super
1740 2668 1971 2724 Medaba

394 2763 549 2818 Moab
581 2761 812 2816 ululabit
849 2778 864 2817 :
897 2761 950 2815 in
984 2763 1196 2816 cunctis
1224 2762 1492 2832 capitibus
1526 2762 1641 2833 ejus
1670 2763 1976 2831 calvitium,

392 2856 575 2910 omnis
604 2855 771 2908 barba
812 2853 1049 2907 radetur.
1090 2851 1146 2906 ln
1195 2852 1369 2907 triviis
1418 2855 1540 2923 ejus
1585 2854 1817 2909 accincti
1849 2866 1977 2911 sunt

396 2960 593 3009 sacco;
620 2934 704 2999 ἐι
733 2957 897 3013 super
932 2951 1070 3000 tecta
1092 2942 1208 3011 ejus
1236 2954 1289 2997 et
1320 2943 1374 2997 in
1427 2944 1613 3009 plateis
1637 2943 1759 3011 ejus
1785 2945 1965 2999 omnis

394 3037 564 3091 ululat
610 3032 799 3108 [ναις.
832 3032 1092 3107 ululatus]
1146 3050 1162 3088 :
1217 3034 1511 3089 descendet
1560 3034 1611 3088 itt
1662 3032 1869 3088 ﬂetum.
1907 3034 1976 3088 Et

392 3131 651 3186 clamabit
700 3126 916 3183 Escbon
947 3136 1001 3182 et
1029 3126 1210 3181 Eleale
1251 3141 1266 3181 :
1314 3140 1485 3195 usque
1522 3126 1588 3181 ad
1633 3123 1758 3180 Jasa
1792 3127 1971 3180 audita

388 3233 479 3278 est
506 3236 607 3276 vox
632 3234 820 3275 eorum
852 3236 868 3275 :
896 3233 1060 3287 super
1088 3218 1189 3273 hoc
1213 3217 1446 3288 expediti
1472 3216 1626 3270 Moab
1651 3215 1932 3271 ululabuut
1957 3232 1972 3270 :

394 3316 572 3369 anima
604 3312 725 3382 ejus
754 3310 982 3367 ululabit
1003 3309 1125 3365 sibi.
1159 3310 1267 3364 Cor
1292 3324 1470 3365 meum
1503 3310 1568 3362 ad
1597 3308 1752 3363 Moab
1776 3308 1975 3363 clama-

387 3408 473 3463 bit
500 3422 517 3464 :
546 3418 727 3463 vectes
756 3405 872 3476 ejus
896 3419 1067 3475 usque
1095 3404 1161 3458 ad
1188 3402 1359 3463 Seaor
1383 3402 1601 3456 vitulam
1631 3411 1966 3456 contentan-

396 3512 504 3557 tetn
532 3519 547 3554 :
574 3515 671 3569 per
692 3513 977 3554 ascensum
1000 3497 1144 3552 enim
1171 3496 1330 3552 Luitb
1355 3495 1516 3567 267
1540 3493 1678 3550 ﬂens
1697 3495 1975 3561 ascendet,

392 3603 447 3648 et
475 3594 527 3648 in
560 3595 643 3647 via
675 3590 933 3647 Oronaim
962 3590 1257 3644 clamorem
1289 3588 1642 3643 contritionis
1673 3585 1932 3641 levabunt
1960 3605 1973 3641 :

393 3701 549 3757 aqum
594 3687 739 3741 enim
790 3680 1031 3737 Nemrim
1077 3682 1307 3737 deserta:
1356 3691 1518 3735 erunt
1577 3696 1593 3735 :
1643 3679 1770 3749 quia
1828 3677 1975 3734 aruit

400 3781 597 3845 herba,
618 3777 817 3834 deiecit
845 3789 1091 3848 germen,
1115 3775 1265 3828 viror
1291 3771 1473 3829 omnis
1508 3773 1735 3830 interiit.
1761 3773 1971 3829 Secun-

2000 3168 2044 3226 ϐ

2076 1942 2307 2011 quisque
2354 1940 2500 2008 quod
2546 1939 2799 2004 voluerit,
2843 1935 3147 2006 accingitur
3187 1950 3351 1992 sacco
3384 1936 3659 2006 peniten-

2077 2035 2186 2096 tiae,
2210 2040 2265 2086 et
2292 2046 2457 2102 super
2483 2039 2624 2087 tecta
2657 2045 2722 2085 ac
2753 2032 2992 2093 domata,
3028 2031 3079 2082 in
3113 2029 3311 2099 quibus
3339 2030 3571 2097 primum
3598 2044 3664 2085 se

2073 2125 2333 2181 sublimes
2378 2139 2499 2181 esse
2549 2125 2881 2190 credebant;
2911 2131 2966 2177 et
3018 2123 3072 2177 in
3121 2124 3318 2193 plateis
3353 2122 3497 2193 (quia
3545 2136 3657 2176 non

2075 2218 2456 2288 ingrediuntur
2504 2231 2601 2288 per
2649 2225 2934 2286 angustam
2988 2215 3161 2279 viam,
3214 2229 3334 2284 quas
3389 2213 3542 2268 ducit
3589 2213 3660 2267 ad

2072 2311 2279 2371 vitam,
2355 2309 2449 2365 sed
2502 2323 2599 2379 per
2640 2307 2842 2372 latam,
2893 2320 3016 2376 quas
3068 2306 3217 2361 ducit
3265 2306 3331 2361 ad
3387 2305 3659 2373 mortem)

2074 2402 2180 2456 erit
2227 2400 2485 2455 ululatus.
2528 2397 2594 2454 Et
2636 2412 2981 2468 nequaquam
3029 2396 3327 2454 ascenderit
3375 2397 3430 2451 in
3466 2408 3662 2465 super-

2075 2495 2247 2558 biam,
2290 2495 2385 2548 sed
2437 2492 2769 2547 descendent
2817 2491 2871 2547 in
2921 2490 3129 2545 ﬂetum.
3159 2489 3312 2544 Tunc
3357 2488 3662 2554 intelligent

2075 2600 2267 2641 omnes
2299 2585 2665 2656 cogitationes
2696 2598 2824 2640 snas
2858 2598 3045 2649 vanas,
3091 2583 3258 2653 268
3299 2581 3442 2651 quod
3488 2582 3661 2636 inter-

2076 2687 2318 2748 pretatur
2357 2676 2605 2742 Escbon,
2649 2685 2704 2731 et
2752 2691 2969 2731 cassum
3023 2690 3308 2730 ascensum
3355 2672 3659 2742 superbia,

2075 2770 2217 2840 quod
2266 2767 2450 2823 Eleale
2498 2778 2677 2831 sonat,
2711 2777 2770 2822 ut
2803 2782 2908 2823 vox
2946 2780 3133 2821 eorum
3185 2767 3439 2820 audiatur
3487 2778 3664 2833 usque

2077 2864 2143 2918 ad
2193 2862 2331 2917 maia
2365 2876 2528 2931 opera
2579 2876 2700 2930 quae
2748 2861 3019 2925 fecerunt,
3052 2872 3107 2916 et
3155 2861 3468 2914 mandatum
3514 2858 3662 2930 quod

2077 2954 2338 3023 putabant
2386 2952 2503 3016 Dei,
2553 2952 2772 3022 propria
2815 2966 2873 3007 se
2920 2952 3264 3007 confessione
3311 2952 3658 3006 damnantes.

2078 3044 2375 3114 Propterea
2413 3052 2617 3110 vectes,
2647 3044 2698 3098 id
2727 3052 2834 3107 est,
2860 3046 2950 3114 qui
2986 3044 3125 3097 ﬂrmi
3162 3043 3365 3098 iuerint
3397 3042 3451 3096 in
3482 3041 3658 3108 Moab,

2077 3151 2131 3194 et
2172 3153 2416 3194 errorem
2460 3154 2620 3193 suum
2658 3136 3048 3203 intellexerint,
3083 3138 3386 3204 ululabnnt,
3417 3148 3472 3193 et
3505 3152 3659 3206 spem

2083 3232 2284 3287 habere
2330 3231 2602 3301 profectus
2634 3231 2915 3301 incipient,
2946 3247 3067 3287 cum
3104 3234 3284 3286 anima
3319 3246 3509 3287 eorum
3540 3230 3665 3284 ulu-

2081 3323 2274 3379 laverit
2328 3323 2453 3379 sibi.
2510 3320 2668 3377 Unde
2720 3322 2983 3392 propheta
3037 3322 3415 3391 contpatientis
3462 3318 3657 3376 at'l'ectu

2078 3415 2319 3484 loquitur
2344 3416 2409 3467 ad
2440 3430 2558 3477 eos,
2580 3428 2811 3484 quorum
2840 3416 3021 3468 anima
3053 3414 3294 3468 ululabat
3322 3412 3436 3485 [AL
3466 3410 3663 3485 ululat]

2078 3504 2203 3571 sibi,
2230 3513 2283 3558 et
2314 3504 2445 3558 dicit
2473 3522 2486 3559 :
2519 3504 2624 3559 Cor
2648 3520 2822 3557 meum
2864 3502 2937 3557 ad
2983 3504 3140 3558 Moab
3170 3504 3439 3569 clamabit,
3472 3516 3530 3560 ιιι
3563 3518 3663 3560 eos

2080 3599 2145 3651 ad
2196 3597 2576 3668 paenitentiam
2626 3611 2945 3666 provocem.
2993 3596 3186 3653 Vectes
3236 3610 3415 3652 autem
3464 3611 3656 3653 eorum

2080 3698 2136 3744 et
2182 3688 2363 3743 omnia
2418 3686 2798 3752 ﬁrmamenta,
2838 3704 2959 3758 qua:
3008 3687 3208 3743 habere
3253 3690 3306 3743 in
3360 3687 3661 3745 hmresibus

2074 3780 2427 3847 videbantur,
2461 3783 2526 3833 ad
2583 3778 2774 3849 Segor,
2805 3783 2911 3835 hoc
2943 3791 3047 3847 est,
3080 3782 3147 3836 ad
3176 3783 3452 3848 parvulum
3485 3796 3661 3854 usque

395 3872 523 3927 dum
560 3868 988 3941 magnitudinem
1020 3867 1226 3937 operis,
1270 3876 1325 3921 et
1356 3866 1600 3921 visitatio
1634 3880 1820 3922 eorum
1862 3880 1875 3917 :
1909 3863 1976 3917 ad
2080 3874 2442 3942 pervenient:
2472 3881 2526 3926 et
2557 3873 2920 3926 ostendentur
2962 3887 3070 3927 non
3119 3874 3322 3928 robusti
3371 3887 3516 3937 esse,
3564 3873 3665 3930 sed

395 3973 693 4021 torrentem
742 3959 970 4018 salicum
1006 3963 1203 4016 ducent
1244 3973 1338 4014 eos
1380 3957 1680 4028 :quoniam
1726 3956 1980 4012 circumit

398 4058 606 4114 clamor
633 4052 926 4111 terminum
963 4051 1118 4107 Moab
1152 4067 1166 4104 :
1195 4065 1366 4120 usque
1390 4051 1457 4105 ad
1483 4048 1714 4119 Agallim
1744 4048 1977 4102 ululatus

393 4151 537 4219 ejus,
567 4160 625 4205 et
652 4161 825 4218 usque
857 4144 923 4199 ad
969 4153 1191 4213 puteum
1222 4142 1359 4196 Elim
1403 4143 1607 4194 clamor
1652 4139 1769 4205 ejus
1804 4154 1820 4193 :
1852 4138 1979 4208 quia

395 4259 550 4316 aquae
595 4240 790 4295 Ditnon
832 4238 1050 4309 repleta!
1082 4247 1209 4291 sunt
1255 4234 1543 4304 sanguine.
1592 4232 1796 4287 Ponant
1833 4233 1977 4285 enim

2082 3962 2321 4030 fragiles.
2351 3961 2476 4019 llaec
2497 3974 2676 4019 autem
2709 3963 2903 4035 Segor,
2938 3965 3040 4019 hoc
3071 3973 3173 4030 est,
3202 3982 3367 4033 parva
3397 3967 3667 4034 pmuiten-

2081 4057 2152 4109 tia
2200 4056 2245 4111 si
2294 4057 2749 4126 perseveraverit,
2799 4057 3063 4128 perducet
3111 4072 3204 4113 eos
3250 4062 3315 4110 ad
3364 4058 3663 4128 perfectam

2081 4149 2358 4205 salutem:
2392 4149 2535 4219 quod
2587 4150 2756 4205 vitula
2805 4151 2967 4206 trium
3031 4165 3301 4206 annorum
3370 4152 3662 4221 signiﬁcat,

2077 4238 2230 4308 juxta
2276 4240 2407 4295 illud
2436 4243 2582 4310 quod
2630 4242 2682 4297 in
2713 4241 2908 4298 Genesi
2955 4242 3210 4313 legimus,
3239 4243 3329 4297 ubi
3358 4244 3669 4313 praecipitur

396 4349 564 4406 super
591 4333 783 4386 Dittton
822 4330 1193 4385 additamenta
1226 4325 1311 4380 his
1341 4324 1432 4394 qui
1468 4323 1706 4393 fugerint
1731 4323 1799 4378 de
1826 4321 1981 4377 Moab
2082 4331 2379 4395 Abraham,
2425 4341 2482 4385 ut
2527 4331 2718 4387 oﬂ‘erat
2764 4332 3013 4397 vitulum,
3059 4333 3287 4387 arietem
3335 4344 3390 4388 et
3444 4334 3665 4389 hircum

396 4429 630 4489 leonem,
670 4433 726 4479 et
755 4420 997 4491 reliquiis
1030 4430 1247 4474 terram
1293 4415 1430 4483 Quia
1464 4417 1643 4470 omnis
1688 4415 1982 4484 prophetia:

2086 4422 2251 4477 trium
2297 4438 2585 4487 annorum,
2620 4423 2917 4492 perfectum
2967 4425 3177 4479 scilicet
3218 4423 3570 4487 sacriﬁcium,
3605 4434 3667 4477 ttt

398 4520 556 4587 hujus
580 4533 715 4586 pene
737 4531 881 4570 unus
904 4525 986 4569 est
1013 4526 1231 4576 sensus,
1265 4526 1331 4564 ne
1366 4524 1484 4564 eam
1515 4524 1611 4579 per
1644 4522 1822 4577 partes
1856 4520 1977 4576 pro-
2002 4507 2057 4567 D
2085 4514 2261 4569 haeres
2296 4514 2506 4568 Domini
2543 4529 2667 4570 esse
2712 4526 2986 4570 mereatur
3019 4514 3233 4585 (Gener.
3268 4517 3380 4585 xv).
3420 4513 3668 4583 Cumque

396 4612 647 4684 ponendo
680 4612 999 4671 lacerarem,
1030 4605 1192 4660 simul
1226 4605 1535 4659 universam
1560 4601 1736 4671 posui,
1763 4611 1816 4654 et
1845 4601 1976 4670 quid

396 4706 527 4760 miiti
580 4704 880 4758 secundum
956 4711 1236 4767 anagogen
1291 4694 1538 4749 videatur
1602 4694 1656 4747 in
1721 4691 1974 4761 singulis,

397 4799 544 4855 brevi
563 4808 818 4852 sermone
846 4806 1185 4863 percurram,
1210 4787 1776 4855 Nabojnterpretatur
1815 4786 1977 4839 sessio

396 4894 477 4947 vel
495 4889 761 4959 prapltetia
776 4902 795 4940 :
814 4884 1058 4948 Medaba,
1075 4886 1138 4937 de
1156 4883 1327 4937 saltu:
1347 4880 1573 4947 Escbon,
1592 4878 1936 4947 cogitationes
1957 4892 1974 4930 :

398 4984 599 5048 Eleale,
652 4982 890 5035 ascensio
947 4991 968 5032 .'
1022 4976 1184 5041 .lnso,
1228 4976 1433 5044 factum
1479 4974 1593 5027 sive
1625 4970 1973 5024 mandatum:

397 5077 579 5145 Segor,
642 5090 802 5142 parva
855 5088 871 5125 :
934 5071 1081 5137 Luit,
1141 5082 1285 5139 gena:
1331 5082 1347 5117 :
1402 5065 1677 5127 Oronaim,
1738 5064 1973 5131 foramen

396 5170 632 5223 rorat-uris
684 5182 702 5220 :
776 5165 1035 5228 Nemrim,
1092 5160 1249 5231 pardi
1308 5158 1427 5211 sive
1488 5155 1973 5225 prtuvaricatores:

395 5261 648 5327 Agatlim,
677 5256 830 5309 vituli
859 5256 938 5310 vel
969 5266 1253 5307 arenarum
1291 5248 1483 5302 tumuli
1510 5262 1528 5299 :
1577 5243 1737 5307 Elim,
1785 5248 1976 5298 arietes

397 5357 514 5407 sive
548 5353 750 5419 fortes;
798 5348 1011 5409 Dimon,
1052 5346 1311 5414 sufficiens
1364 5355 1577 5395 maeror.
1621 5338 1760 5405 Quia
1812 5340 1978 5407 igitur

397 5457 557 5496 onttte
583 5443 773 5507 dogma
802 5440 1137 5497 contrarium
1170 5436 1439 5499 veritatis,
1464 5433 1605 5502 quod
1634 5434 1838 5501 absque
1896 5435 1980 5486 inv

396 5533 696 5601 spiratione
716 5530 806 5587 Dei
842 5531 909 5584 de
940 5527 1179 5581 humano
1211 5540 1372 5581 sensu
1409 5526 1461 5580 in
1494 5526 1702 5579 erroris
1737 5525 1973 5580 tenebris

2084 4608 2291 4677 egerint
2338 4609 2735 4677 paenitentiam,
2786 4623 2881 4678 per
2925 4606 3110 4671 Luith,
3154 4608 3205 4662 id
3255 4616 3359 4673 est,
3395 4618 3660 4676 genarum

2086 4700 2354 4769 lacrymas
2422 4702 2489 4753 ad
2549 4700 2742 4755 altiora
2794 4700 3185 4755 conscendant.
3244 4698 3308 4753 Et
3360 4700 3462 4753 hoc
3511 4698 3669 4766 quasi

2089 4793 2338 4847 maeroris
2390 4791 2655 4847 foramine
2693 4803 2855 4862 atque
2907 4792 3157 4854 introitu,
3205 4791 3502 4846 clamorem
3532 4805 3671 4843 coo-

2088 4886 2323 4939 tritiouis
2364 4884 2621 4939 levabnut
2653 4884 2720 4938 ad
2756 4883 3063 4948 Dominum,
3097 4893 3155 4939 ιιι
3186 4885 3394 4954 possint
3443 4884 3623 4937 dicere
3652 4898 3672 4936 ε

2084 4975 2416 5046 Sacriﬁcium
2462 4975 2566 5029 Deo
2614 4978 2834 5043 spiritus
2884 4976 3266 5030 contribulatus
3295 4989 3312 5027 :
3346 4990 3438 5027 cor
3465 4973 3670 5028 contri-

2085 5077 2195 5119 tum
2232 5076 2279 5120 et
2312 5067 2647 5123 humiliatum
2678 5066 2818 5121 Deus
2850 5084 2953 5121 non
2980 5067 3225 5134 despiciet
3255 5062 3430 5135 (Psal.
3467 5080 3519 5127 ι..
3558 5064 3666 5135 l9).

2089 5159 2153 5211 Et
2200 5160 2301 5213 hoc
2354 5159 2465 5219 ﬂet.
2515 5159 2641 5228 quia
2690 5174 2843 5229 aqum
2892 5158 3154 5222 Neutrim,
3192 5157 3243 5212 id
3277 5168 3358 5212 cst
3418 5155 3669 5212 doctrina

2090 5252 2496 5314 haereticorum,
2530 5267 2649 5321 qua:
2679 5253 2862 5322 pardis
2891 5263 2945 5306 et
2979 5248 3489 5321 prmvaricatoribns
3520 5262 3671 5302 cotu-

2089 5353 2329 5415 paratur,
2363 5344 2574 5398 deserti
2618 5348 2743 5410 erit,
2775 5354 2829 5398 et
2864 5345 3165 5399 deducetur
3191 5341 3258 5396 ad
3292 5339 3467 5395 nihili.
3507 5337 3670 5392 Pardi

2085 5445 2233 5498 sunt,
2258 5448 2491 5504 quorum
2527 5434 2579 5487 in
2615 5431 2845 5487 Ieremia
2900 5434 3193 5487 varietates
3220 5442 3275 5486 et
3310 5428 3533 5485 macula:
3564 5442 3672 5481 non

2086 5533 2369 5580 mutantur
2416 5522 2634 5595 (Jerem.
2666 5527 2805 5595 xm),
2842 5535 2898 5579 et
2941 5530 3222 5594 apostataz,
3264 5522 3329 5577 de
3373 5519 3572 5589 quibus
3616 5516 3671 5570 in

473 5748 487 5777 ι
538 5744 593 5797 lu
637 5742 806 5796 Vatic.
839 5737 1007 5794 Dibou
1051 5744 1363 5794 constanter
1416 5748 1514 5806 pro
1546 5732 1735 5789 Dimon
1772 5736 1876 5798 est,
1910 5732 1976 5789 de
2014 5749 2119 5806 qua
2148 5737 2291 5792 varia
2320 5736 2438 5805 ejus
2470 5736 2704 5792 nominis
2739 5735 2968 5791 lectione
2996 5734 3276 5805 superiore
3339 5732 3480 5787 libro
3542 5728 3665 5800 ipse

407 5816 719 5883 llieruuym.
752 5813 993 5868 disserit.

2652 5896 2670 5933 ι
