3898 6184
274 336 378 401 241

279 457 510 515 Psalmis
543 464 767 537 legimus

274 562 579 617 peccatores
614 566 770 612 teme
813 555 988 627 (Paul.
1026 574 1211 629 cxvur,
1245 564 1392 636 H9).
1419 564 1611 623 Omnis
1645 584 1863 640 quoque

270 643 448 700 herba
496 658 552 702 et
598 663 842 718 germen,
893 662 947 709 et
989 654 1252 725 quidquid
1288 657 1341 713 in
1379 675 1630 717 sermone
1673 678 1860 719 eorum

270 738 455 795 viride
487 740 789 808 videbatur,
826 745 1066 801 exaruit.
1110 748 1175 803 Et
1207 754 1502 809 secundum
1540 759 1863 827 magnitudi-

268 843 403 883 nem
435 842 783 900 peccatorum
816 850 847 891 a
899 836 1008 892 Deo
1033 840 1237 896 visitati
1287 854 1411 897 sunt
1445 855 1550 923 λιιι
1576 863 1735 918 quem
1766 865 1863 919 per

272 918 541 978 beneﬁcia
582 940 692 980 non
725 940 1044 999 senserant,
1084 946 1182 1000 per
1217 933 1423 1003 ﬂagella
1452 918 1859 1009 cognoscerem.

271 1010 525 1083 Denique
549 1015 814 1073 ducentur
835 1019 901 1075 ad
928 1021 1119 1078 vallem
1141 1026 1257 1081 sive
1284 1036 1580 1084 torrentem
1610 1033 1857 1100 salicum,

273 1113 338 1156 ut
366 1105 543 1162 nullus
567 1107 623 1162 in
648 1110 729 1165 eis
770 1110 982 1168 fructus
1019 1119 1498 1175 remaneat.-Hanc
1521 1123 1667 1177 enim
1695 1126 1861 1179 semi-

273 1196 372 1250 nis
406 1198 598 1252 harum
648 1203 903 1257 arborum
959 1206 1147 1261 dicunt
1190 1224 1313 1265 esse
1362 1224 1637 1278 naturam,
1673 1218 1857 1286 utqui

272 1287 412 1342 illud
466 1289 520 1343 in
568 1291 763 1359 poculo
811 1293 1085 1363 hauserit,
1132 1296 1315 1354 liberis
1362 1311 1566 1358 careat.
1617 1301 1771 1360 Unde
1805 1314 1859 1361 et

273 1380 457 1432 sancti
510 1380 605 1448 qui
661 1391 885 1450 propter
938 1397 1161 1454 peccata
1216 1387 1272 1443 in
1332 1390 1648 1448 confusione
1699 1393 1860 1463 hujus

275 1468 475 1522 mundi
520 1484 643 1525 esse
691 1485 993 1541 coeperunt,
1036 1476 1088 1531 in
1139 1478 1397 1536 salicibus
1440 1479 1857 1551 Babyloniorum

273 1556 569 1615 ﬂuminum
615 1566 954 1632 suspendunt
999 1583 1203 1638 organa
1254 1586 1351 1626 sua
1396 1572 1569 1642 (Psal.
1617 1578 1856 1647 cxxxvr).

254 1648 484 1706 Dmnes
508 1656 768 1711 terminos
792 1657 958 1729 269
976 1659 1329 1717 Moabitarum
1357 1666 1564 1722 clamor
1580 1669 1856 1736 circumit,

272 1743 366 1797 vel
418 1749 824 1812 provocantium
882 1753 948 1806 ad
991 1755 1405 1824 paenitudinem,
1430 1759 1515 1813 vel
1544 1775 1641 1829 pro
1668 1775 1857 1819 errore

276 1835 651 1905 plangentium
679 1854 695 1892 :
720 1848 778 1893 nt
823 1839 1018 1897 oﬂerre
1047 1845 1254 1912 possint
1281 1862 1375 1917 per
1401 1849 1663 1907 ululatum
1696 1869 1856 1909 suum

274 1926 483 1983 vitulos
549 1929 853 2000 labini-um,
917 1943 973 1990 et
1039 1951 1212 2006 usque
1273 1940 1340 1993 ad
1400 1940 1606 1998 fontem
1670 1945 1856 2001 Domi-

279 2015 532 2073 nicorum
586 2022 814 2077 arietum
860 2027 1176 2095 pervenire,
1228 2031 1342 2087 sive
1394 2030 1615 2090 fortium
1670 2052 1686 2091 :
1732 2039 1859 2107 quia

278 2106 426 2163 Elim
476 2120 769 2181 utrumque
820 2116 1111 2186 signiﬁcat.
1168 2121 1336 2191 Aquae
1388 2133 1568 2181 autem
1626 2106 1856 2192 Dimon,

277 2203 431 2271 quod
462 2204 845 2274 interpretatur
872 2210 1129 2279 stt/ﬁciens
1156 2214 1329 2281 dolor,
1354 2217 1470 2272 sive
1499 2233 1708 2284 maeror,
1739 2236 1859 2288 qua!

278 2292 484 2348 multos
515 2309 610 2349 sua
643 2299 958 2366 aspersione
1005 2303 1332 2371 polluerant,
1373 2321 1672 2379 arguentur
1697 2310 1859 2365 dece-

278 2386 394 2454 ptis
438 2387 646 2455 populis
690 2403 797 2443 non
844 2391 1006 2446 saluti
1040 2394 1226 2463 fuisse,
1262 2399 1358 2452 sed
1391 2402 1659 2470 sanguini.
1705 2398 1858 2459 Un'de

277 2474 628 2542 propheticus
659 2491 840 2533 sermo
869 2482 1155 2549 promittit,
1204 2494 1262 2541 ut
1295 2502 1462 2558 super
1506 2489 1738 2547 ﬂuentes
1775 2494 1856 2548 la-

276 2580 518 2637 crymas.
549 2572 693 2640 quod
738 2572 1126 2642 interpretatur
1162 2576 1358 2646 Dibon,
1390 2595 1496 2636 non
1527 2599 1690 2638 unum
1723 2599 1857 2640 moe-

276 2673 489 2722 rorem,
522 2661 629 2739 sed,
658 2661 811 2730 plura
865 2668 1114 2722 maeroris
1160 2670 1529 2727 additamenta
1578 2679 1858 2746 congemi-

279 2761 417 2803 nent
444 2768 459 2806 :
488 2761 544 2806 ut
569 2767 856 2823 postquam
888 2758 1101 2824 plenam
1138 2762 1351 2830 egerint
1382 2767 1776 2840 pcenitentiam,
1802 2780 1858 2826 et

278 2839 518 2910 fugerint
539 2844 603 2898 de
620 2844 777 2901 ﬂuab
798 2847 1030 2912 leonem,
1048 2852 1347 2922 principem
1373 2856 1602 2913 habeant
1620 2859 1785 2914 Deum
1813 2863 1849 2927 ι,

274 2949 444 3002 quem
498 2935 641 2992 LXX
685 2940 936 2996 dixerunt
987 2943 1144 3009 ariel,
1191 2946 1283 3015 qui
1336 2947 1725 3018 interpretatur
1775 2953 1855 3007 leo

277 3024 425 3081 Dei:
457 3043 687 3096 quorum
734 3032 1025 3088 editionem
1066 3020 1127 3090 in
1164 3036 1266 3093 hoc
1313 3038 1428 3095 loco
1454 3042 1724 3098 disserere
1764 3059 1855 3098 su-

825 344 1324 418 COMMENTAR.
1362 351 1445 412 IN
1496 353 1761 416 iSAIAM
1798 357 2255 422 PROPHETAM
2321 366 2465 429 LIB.
2509 367 2791 449 VLCAP.
2836 367 2991 428 XVI.

815 483 831 521 :
880 467 1326 529 Prwvarieatares
1395 477 1636 543 reputavi
1692 494 1868 534 omnes
1900 482 1945 539 Δ
1973 479 2148 549 Moab,
2187 494 2242 541 et
2288 486 2496 542 leonem
2530 488 2727 542 habere
2760 485 3055 543 meruerint
3099 469 3418 554 principem.
3450 483 3538 539 Si'

273 3119 516 3188 persedi,
551 3122 676 3191 quia
724 3133 780 3178 et
817 3123 870 3177 in
918 3126 1167 3195 plurimis
1201 3129 1269 3181 ab
1314 3128 1577 3186 Hebraica
1624 3134 1853 3191 veritate
1877 3160 1923 3217 ο

270 3210 588 3279 discordat,
606 3223 656 3268 et
684 3228 749 3268 ex
792 3215 876 3269 his
910 3231 1029 3286 qua:
1056 3217 1403 3288 interpretati
1443 3237 1653 3292 sumus,
1680 3226 1846 3281 etiam

271 3303 426 3359 illius
458 3319 648 3359 sensus
679 3314 853 3377 potest
883 3306 1132 3379 intelligi.

348 3397 507 3467 (Cap.
542 3396 679 3453 XVI.
701 3428 774 3440 —-
799 3399 950 3456 Vers.
985 3402 1061 3473 1.)
1102 3422 1121 3455 ι
1153 3403 1352 3460 Emitte
1382 3421 1578 3474 agnum
1610 3410 1851 3465 domina;

276 3495 453 3543 torem
506 3498 696 3554 terra,
741 3490 808 3543 de
851 3502 1000 3559 petra
1052 3490 1292 3558 deserti,
1338 3496 1406 3549 ad
1450 3508 1683 3553 montem
1728 3499 1851 3555 filiae

271 3580 425 3636 Sion.
460 3580 524 3635 Et
553 3580 682 3647 erit,
732 3581 872 3636 sicut
922 3583 1037 3638 avis
1085 3583 1315 3653 fugiens,
1344 3595 1398 3640 et
1445 3587 1574 3655 pulli
1612 3591 1677 3644 de
1722 3590 1850 3647 nido

270 3670 554 3726 avolantes
584 3689 600 3726 :
632 3671 714 3727 sic
759 3680 918 3741 erunt
949 3673 1073 3729 tilia:
1107 3673 1262 3731 Moab
1304 3679 1355 3731 in
1398 3687 1715 3735 transcensu
1745 3683 1848 3736 Ar-

271 3777 406 3816 non.
440 3761 519 3816 ini
563 3761 853 3816 concilium
896 3780 911 3817 :
952 3778 1086 3833 coge
1131 3766 1419 3821 concilium
1452 3786 1468 3821 :
1498 3783 1638 3837 pone
1689 3770 1846 3838 quasi

268 3862 490 3908 noctem
521 3855 767 3909 umbram
798 3863 944 3909 tuam
971 3858 1024 3910 in
1052 3858 1275 3912 meridie
1305 3860 1615 3917 :absconde
1640 3861 1849 3929 fugien-

267 3951 378 4010 tes,
407 3954 467 4000 et
495 3961 663 4014 vagos
694 3949 1006 4016 ne'prodas.
1053 3947 1383 4005 Habitabunt
1431 3955 1570 4021 apud
1621 3961 1672 4009 te
1717 3970 1843 4024 pro~

264 4035 386 4105 fugi
422 4038 552 4101 mei,
578 4035 734 4092 Moab
760 4047 882 4093 esto
909 4038 1187 4093 latibulum
1217 4055 1406 4096 eorum
1437 4059 1466 4096 a
1498 4043 1637 4100 facie
1665 4054 1845 4101 vasta-

268 4128 428 4183 toris.
476 4126 690 4184 Finitus
733 4137 816 4183 est
863 4129 1008 4183 enim
1057 4131 1276 4198 pulvis:
1311 4144 1720 4191 consummatus
1763 4146 1846 4192 est

268 4219 443 4274 miser
470 4237 484 4272 :
509 4218 706 4274 defecit
734 4219 825 4288 qui
855 4222 1210 4278 conculcabat
1238 4234 1455 4279 terram.
1486 4224 1553 4280 Et
1579 4241 1846 4296 pracpara-

264 4309 421 4364 bitur
474 4309 529 4364 in
583 4310 954 4367 misericordia
1022 4315 1214 4370 solium
1262 4333 1278 4371 :
1327 4326 1383 4372 ct
1427 4318 1633 4374 sedebit
1683 4335 1847 4389 super

265 4400 403 4454 illud
436 4401 492 4455 in
522 4403 748 4455 veritate
782 4402 835 4456 in
870 4402 1216 4459 tabernaculo
1261 4406 1426 4462 David
1456 4425 1470 4462 :
1496 4409 1745 4478 judicans
1788 4419 1846 4466 et

3435 365 3540 431 242

1965 574 2188 641 guilicat
2234 587 2414 632 autem
2453 579 2615 649 270
2649 579 2813 642 Ruth,
2855 578 2924 632 de
2968 590 3076 647 qua
3126 584 3416 646 generatus
3454 585 3541 629 est

1964 661 2214 721 Christus
2248 665 2467 735 (Matth.
2517 684 2555 731 ι,
2590 668 2666 737 5),
2704 658 2861 737 quani
2896 675 3050 720 vocat
3080 675 3288 734 petram
3316 664 3536 729 deserti,

1964 753 2089 823 quia
2129 753 2284 824 juxta
2316 767 2640 826 praeceptum
2680 758 2797 824 Dei,
2828 755 3075 810 Moabita:
3107 762 3162 809 et
3194 753 3535 817 Ammonitae,

1965 860 2138 910 usque
2161 846 2228 901 ad
2256 848 2521 902 decimam
2552 849 2978 919 generationem,
3005 859 3059 903 et
3091 863 3265 916 usque
3296 845 3350 900 in
3381 853 3538 900 mter-

1963 953 2091 991 num
2140 954 2244 994 non
2282 940 2659 1010 ingrediuntur
2689 939 2985 996 Ecclesium
3014 939 3104 995 Dei
3138 938 3320 1010 (Deut.
3353 935 3534 1007 xxm).

1963 1025 2097 1093 Quia
2141 1038 2285 1084 utem
2317 1029 2511 1102 fugerit
2540 1032 2605 1086 de
2636 1031 2850 1088 deserto
2884 1031 3056 1096 Moab,
3089 1039 3149 1084 ut
3184 1045 3215 1083 a
3259 1028 3540 1099 prophetia

1961 1128 2301 1174 revertamur
2333 1121 2398 1173 ad
2438 1136 2735 1192 anagogen,
2757 1130 2809 1176 et
2831 1129 3140 1190 contemptu
3166 1116 3537 1182 mendacio,in

1964 1221 2148 1265 monte
2193 1212 2408 1267 steterit
2437 1211 2704 1279 veritatis,
2731 1211 2835 1267 erit
2876 1211 3030 1280 quasi
3062 1209 3178 1265 avis
3207 1208 3439 1279 fugiens,
3480 1215 3537 1260 et

1961 1301 2120 1371 quasi
2147 1294 2279 1370 pulli
2312 1303 2381 1359 de
2410 1303 2539 1358 nido
2572 1303 2871 1371 avolantes,
2909 1316 2979 1357 ne
3011 1316 3041 1356 a
3075 1299 3374 1356 Moabiticis
3416 1313 3535 1353 ser-

1960 1393 2220 1462 pentibus
2240 1395 2586 1449 devorentnr.
2622 1394 2732 1459 Sic,
2763 1393 2957 1463 inquit,
2984 1400 3144 1448 erunt
3170 1404 3362 1447 omnes
3391 1391 3534 1454 tiliae,

1964 1486 2067 1541 hoc
2107 1496 2215 1552 est,
2268 1487 2464 1542 animae
2513 1486 2836 1549 Moabitie'e,
2889 1485 2941 1539 in
2994 1491 3312 1540 transcensu
3337 1482 3536 1547 Arnon,

1962 1576 2107 1647 quod
2139 1578 2530 1646 interpretatur
2556 1576 2877 1631 illuminatio
2900 1590 3079 1630 eorum
3104 1588 3121 1627 :
3146 1573 3362 1644 quando
3384 1587 3540 1628 erro-

1960 1670 2113 1724 ribus
2146 1669 2419 1725 derelictis
2449 1670 2515 1724 ad
2549 1667 2829 1724 scientiam
2866 1665 3304 1721 transcenderint
3334 1668 3536 1720 verita-

1961 1760 2052 1816 tis.
2086 1760 2297 1815 Dicitur
2327 1761 2507 1831 itaque
2554 1759 2654 1827 ipsi
2686 1758 2860 1824 Moab,
2895 1758 2979 1812 vel
3008 1758 3056 1813 ei
3089 1759 3179 1827 qni
3210 1758 3438 1811 evaserit
3469 1759 3536 1811 de

1961 1850 2120 1906 Moab
2148 1870 2163 1905 :
2194 1850 2337 1906 Nihil
2369 1866 2497 1920 agas
2528 1851 2733 1920 absque
2763 1849 2991 1904 consilio
3026 1847 3210 1918 (Prov.
3244 1855 3361 1914 xm)
3389 1866 3403 1901 :
3433 1861 3533 1903 nec

1960 1941 2365 1998 circumferaris
2413 1942 2558 1997 omni
2615 1949 2776 1996 vento
2824 1941 3102 2004 doctrinm,
3153 1941 3246 1995 sed
3300 1954 3531 2008 sequere

1957 2047 2082 2089 eum
2116 2034 2208 2104 qui
2241 2032 2420 2103 magni
2449 2030 2664 2087 consilii
2707 2030 2945 2100 Angelus
2970 2040 3050 2086 est
3084 2029 3300 2102 (Epltes.
3334 2036 3408 2098 ιν)
3440 2046 3454 2084 :
3481 2040 3535 2083 et

1959 2140 2094 2195 coge
2122 2124 2433 2191 concilium,
2464 2136 2523 2180 ut
2547 2125 2615 2181 de
2643 2126 2787 2194 vagis
2812 2134 2866 2181 et
2891 2126 3195 2180 errantibus
3223 2125 3316 2179 Dei
3343 2124 3527 2178 Ecrle-

1959 2217 2094 2273 siam
2130 2216 2321 2272 facias.
2360 2216 2744 2279 Umbraculum
2788 2227 2965 2269 autem
3012 2225 3162 2271 tuum
3192 2224 3249 2271 et
3281 2215 3531 2269 taberna-

1959 2309 2165 2373 culum,
2214 2310 2266 2362 in
2300 2324 2406 2378 quo
2435 2309 2583 2378 prius
2616 2309 2958 2379 requiescere
3003 2319 3053 2362 te
3100 2307 3343 2377 putabas,
3386 2307 3530 2376 quod

1958 2411 2074 2456 erat
2118 2400 2293 2455 noctis
2338 2411 2393 2454 et
2438 2400 2803 2465 tenebrarum,
2853 2415 2992 2467 pone
3023 2400 3075 2454 in
3122 2400 3369 2464 meridie,
3419 2400 3526 2452 hoc

1958 2504 2041 2547 est
2095 2492 2150 2546 in
2188 2492 2496 2548 clarissimo
2522 2493 2748 2556 lumine,
2781 2493 2832 2545 in
2866 2506 2975 2562 quo
3006 2492 3338 2547 abscondere
3366 2490 3531 2544 debes

1958 2582 2025 2639 de
2056 2597 2239 2638 errore
2282 2582 2567 2655 fugientes,
2603 2592 2658 2638 et
2688 2583 2839 2652 prius
2868 2598 3029 2654 vagos
3076 2584 3212 2637 ultra
3261 2598 3365 2637 non
3401 2596 3527 2651 pro-

1957 2671 2108 2726 dere.
2133 2673 2178 2727 Ο
2213 2673 2357 2726 enim
2394 2671 2572 2737 Moab,
2604 2671 2815 2741 profugi
2847 2673 2950 2726 mei
2981 2673 3072 2739 qui
3108 2687 3193 2726 me
3221 2671 3523 2739 derelique-

1958 2772 2102 2824 rant,
2136 2762 2227 2832 qui
2256 2763 2320 2818 de
2365 2762 2602 2818 Ecclesia
2645 2764 2847 2832 egressi
2897 2772 3075 2823 erant,
3106 2771 3160 2815 et
3188 2761 3525 2815 dimittentes

1958 2850 2256 2905 doctrinam
2291 2851 2525 2920 Spiritus
2553 2852 2747 2915 sancti,
2782 2866 2939 2907 suum
2971 2866 3190 2906 sensum
3224 2851 3521 2920 sequeban-

1956 2948 2085 3006 tur;
2112 2941 2194 2994 vel
2223 2942 2314 3010 qui
2350 2942 2724 2997 babitaverant
2757 2943 2897 3012 apud
2926 2951 2997 3009 te,
3026 2956 3148 2997 cum
3176 2955 3269 2996 eos
3299 2939 3527 3009 cmperit

1958 3041 2199 3087 vastator
2222 3032 2470 3087 diabolus
2500 3033 2775 3102 persequi,
2808 3043 2864 3086 tu
2898 3033 2979 3087 eis
3008 3033 3073 3086 ad
3119 3031 3330 3086 Domini
3360 3031 3521 3085 timo-

1956 3136 2068 3177 rem
2094 3132 2201 3177 tota
2229 3132 2411 3178 mente
2437 3137 2696 3177 conversa
2729 3124 2967 3193 praebeto
2990 3123 3224 3178 latebras
3250 3141 3264 3178 :
3286 3131 3338 3178 et
3361 3121 3519 3186 scito,

1952 3216 2095 3283 quod
2133 3224 2255 3284 post
2308 3216 2597 3269 adventum
2644 3214 2820 3285 Agni.
2871 3216 2960 3284 qui
3017 3216 3082 3269 de
3117 3223 3268 3283 petra
3319 3213 3518 3268 deserti

1949 3312 2101 3359 ortus
2141 3313 2225 3359 est
2270 3304 2578 3359 dominator
2615 3310 2884 3359 universae
2933 3315 3122 3368 terrae,
3169 3313 3225 3359 et
3271 3304 3418 3357 venit
3447 3304 3511 3355 aii

1951 3404 2187 3450 montem
2218 3396 2338 3449 lilia:
2363 3393 2516 3461 Sion,
2549 3395 2695 3450 finita
2725 3395 2790 3450 sit
2817 3396 2995 3449 omnis
3026 3395 3261 3463 potentia
3293 3394 3517 3452 diaboli.

1948 3503 2068 3556 qua:
2100 3488 2306 3558 pulveri
2339 3498 2705 3555 comparatur.
2741 3485 2807 3540 Et
2841 3496 3191 3556 consumptus
3222 3496 3303 3542 est
3333 3487 3516 3550 miser,

1948 3580 2040 3647 qui
2075 3579 2268 3635 multos
2294 3578 2424 3634 fecit
2449 3581 2673 3635 miseros
2701 3595 2717 3635 :
2746 3588 2800 3634 et
2825 3578 3024 3634 defecit
3044 3579 3132 3647 qui
3163 3577 3519 3633 conculcabat

1946 3685 2163 3726 omnem
2200 3679 2422 3735 terram,
2453 3686 2549 3727 eos
2588 3668 2835 3726 videlicet
2863 3670 2954 3740 qui
2990 3671 3187 3724 terreni
3215 3679 3392 3724 erant.
3423 3668 3517 3722 Illo

1948 3774 2129 3818 autem
2162 3774 2501 3832 consumpto,
2532 3772 2586 3817 et
2631 3763 2851 3817 redacto
2882 3763 2948 3817 ad
2997 3762 3175 3827 nihili,
3212 3770 3265 3815 et
3301 3760 3514 3830 penitus

1936 3853 2255 3919 deficiente,
2301 3854 2693 3925 prtcparabitur
2742 3854 2935 3909 solium
2974 3863 3027 3907 ct
3064 3867 3285 3924 regnum
3320 3850 3519 3918 sempi-

1950 3954 2185 4000 ternum.
2242 3940 2594 4000 Primum'in
2659 3945 3029 4000 misericordia
3088 3945 3311 4009 (omnes
3371 3944 3513 3998 enim

1948 4035 2126 4105 (Rom.
2157 4035 2239 4103 ιιι)
2271 4037 2370 4092 sub
2401 4047 2622 4107 peccato
2653 4052 2864 4102 sumus,
2911 4045 2968 4091 et
3006 4035 3307 4105 indigemus
3342 4033 3514 4104 gratia

1949 4128 2043 4185 Dei
2069 4129 2168 4199 ²);
2201 4141 2253 4184 et
2285 4129 2497 4183 sedebit
2530 4129 2581 4183 in
2615 4128 2965 4184 tabernaculo
2996 4127 3185 4196 David,
3222 4128 3366 4197 quod
3394 4141 3515 4179 cor-

1947 4231 2137 4277 ruerat
2188 4229 2241 4277 et
2300 4210 2619 4277 suscitatum
2679 4230 2800 4285 εει,
2875 4227 2967 4285 qui
3033 4230 3151 4291 post
3210 4220 3517 4275 miscricor-

1947 4313 2092 4370 diam
2123 4313 2281 4382 27]
2306 4312 2534 4382 judicel,
2565 4320 2619 4367 et
2643 4321 2851 4382 quarat
2892 4312 3183 4381 justitiam,
3230 4322 3282 4365 et
3331 4312 3515 4365 rctidat

1947 4403 2240 4472 unicuique
2288 4405 2584 4459 secundum
2634 4418 2800 4472 Opera
2850 4418 2968 4458 sua.
3015 4401 3438 4466 Considercmus
3485 4420 3512 4453 a

263 4490 860 4560 quaerens'judicium;
890 4501 945 4548 et
1000 4494 1257 4550 velociter
1305 4473 1531 4554 reddens
1571 4501 1714 4569 quod
1758 4502 1841 4571 ju-
1868 4498 1919 4559 ο
1946 4494 2214 4564 principio
2261 4473 2373 4548 vel.
2395 4493 2607 4558 Oneris,
2641 4495 2723 4547 vel
2768 4495 3036 4549 sermonis
3086 4494 3263 4561 Moab,
3304 4495 3356 4547 in
3404 4510 3513 4564 quo

261 4596 411 4636 ιιιιιη
434 4591 539 4636 est.
563 4601 583 4633 ι
611 4582 723 4637 Hoc
747 4585 892 4653 quod
915 4584 982 4637 de
1004 4583 1231 4640 Hebraeo
1250 4588 1581 4656 interpretati
1609 4604 1799 4650 sumus
1824 4611 1836 4646 :

267 4670 471 4724 Emitte
499 4687 693 4740 agnum
739 4673 1120 4727 dominatorem
1154 4682 1335 4741 terrm,
1380 4689 1555 4745 putest
1585 4678 1656 4732 ita
1687 4682 1788 4752 legi
1824 4703 1836 4738 :

266 4760 390 4815 Emi
420 4771 473 4815 te
520 4778 713 4831 agnum
744 4766 1067 4818 dominaturi
1110 4775 1285 4831 terrae,
1317 4782 1427 4837 quo
1473 4770 1684 4825 scilicet
1733 4789 1837 4829 non

260 4851 384 4923 ipse
416 4868 588 4923 agnus
618 4855 929 4909 dominator
958 4858 1029 4911 sit
1063 4868 1239 4925 terrae,
1276 4870 1335 4912 ut
1362 4859 1515 4928 juxta
1552 4862 1850 4928 historiam,

258 4946 607 5013 interpretati
656 4963 848 5002 smnus
887 4963 905 5002 :
944 4949 1039 5002 sed
1087 4950 1411 5006 dominatori
1464 4963 1620 5008 terra:
1666 4972 1838 5026 agnus

255 5038 336 5092 sit
368 5037 748 5116 immolamius.
800 5039 905 5093 Iste
949 5040 1114 5110 igitur
1145 5057 1338 5112 agnus,
1367 5046 1458 5114 qui
1489 5046 1571 5100 vel
1603 5048 1714 5116 ipse
1755 5056 1837 5103 est

254 5112 573 5181 dominator
615 5137 794 5193 terrte,
828 5130 908 5186 vel
954 5112 1621 5190 immolatur'dominatori
1656 5147 1834 5203 terrae,

255 5220 331 5272 de
372 5228 535 5287 gente
564 5218 917 5275 Moabitarum
949 5233 1056 5287 est,
1089 5231 1142 5277 et
1182 5226 1248 5279 de
1276 5225 1360 5279 his
1385 5227 1475 5295 qui
1508 5226 1740 5297 fugerint
1770 5232 1835 5283 de

334 5352 352 5383 ³
381 5350 587 5422 Vat'c.,
612 5353 897 5423 principem
936 5355 1129 5411 habere
1159 5370 1478 5424 mereantur,
1512 5376 1661 5429 quem
1693 5360 1833 5415 LXX

251 5424 530 5481 dixerunt.
556 5435 659 5478 etc.
776 5462 787 5467 -

332 5495 353 5524 ³
390 5493 486 5544 Sic
514 5491 571 5547 S.
592 5508 816 5568 quoque
846 5495 1177 5568 Augustinus
1210 5497 1335 5568 legit
1368 5497 1463 5553 lib.
1496 5514 1510 5552 ι
1544 5500 1610 5553 de
1637 5498 1834 5555 Pecca-

254 5573 443 5633 torutn
462 5564 683 5633 _meritis
707 5579 828 5631 cap.
857 5565 944 5629 27,
974 5573 1029 5619 et
1057 5566 1113 5620 S.
1141 5564 1482 5621 Gaudentius
1510 5570 1829 5633 Brixiemis,

242 5631 416 5707 juxta.
462 5627 878 5707 Lugdunensem
926 5627 1250 5707 editionem.
1299 5638 1490 5691 Gratia
1541 5638 1635 5692 Dei
1675 5656 1695 5693 :
1737 5627 1832 5707 pro

249 5698 369 5778 quo
401 5701 458 5755 in
489 5698 682 5778 Graeco
715 5714 861 5778 textu
890 5714 975 5760 est
1006 5705 1120 5778 vi};
1137 5704 1295 5775 δόξης
1319 5707 1419 5778 fecit
1467 5708 1626 5772 Θεοῦ,
1660 5698 1831 5778 gloria

250 5769 358 5828 Dei
393 5786 411 5825 :
445 5774 896 5841 quemadmodum
929 5783 984 5831 et
1029 5769 1285 5844 vulgatus
1317 5769 1827 5848 1ηιειριοείἱύάίκ

1943 4584 2140 4639 dicitur
2169 4603 2183 4639 :
2216 4583 2386 4639 Nocte
2408 4595 2614 4640 vastata
2644 4596 2720 4640 est
2750 4584 3023 4652 At'lloab,
3048 4596 3102 4642 et
3125 4595 3316 4641 ctctera
3342 4601 3509 4655 usque

1942 4679 2009 4731 ad
2048 4679 2193 4732 hunc
2225 4678 2435 4743 locum;
2466 4688 2521 4733 et
2558 4677 2858 4732 videbimus
2887 4682 3156 4745 quomodo
3186 4695 3282 4748 per
3313 4680 3511 4746 grauius

1940 4779 1997 4824 ct
2022 4770 2268 4823 ordinem
2301 4768 2632 4837 paenitentiae
2664 4770 2728 4823 de
2757 4768 3008 4824 Moabitis
3042 4771 3299 4824 israelitac
3329 4771 3456 4822 ﬂant
3490 4788 3501 4822 :

1940 4867 1996 4913 et
2020 4859 2228 4927 fugiant
2256 4858 2408 4926 quasi
2442 4871 2586 4922 aves,
2614 4867 2668 4913 et
2692 4859 2906 4913 avoleut
2933 4860 3084 4928 quasi
3115 4858 3239 4927 pulli
3265 4859 3331 4912 de
3356 4859 3503 4922 nido,

1943 4960 2001 5004 ut
2035 4951 2417 5004 transcendant
2460 4965 2558 5020 per
2597 4951 2805 5014 Arnen,
2833 4962 2890 5006 et
2935 4951 3177 5004 habitent
3224 4951 3277 5004 in
3326 4962 3508 5006 monte

1942 5042 2064 5095 lilia:
2094 5041 2223 5096 Sion
2250 5060 2262 5095 :
2293 5051 2346 5096 et
2374 5042 2520 5096 omni
2552 5042 2750 5098 diaboli
2784 5042 2864 5096 vel
2893 5042 3212 5097 Antichristi
3246 5052 3509 5111 potestate

1938 5133 2191 5197 enutrita,
2227 5133 2479 5188 Christus
2539 5144 2727 5204 regnet
2775 5135 2830 5188 in
2879 5134 2964 5189 his
3002 5143 3057 5189 et
3104 5146 3269 5203 ponat
3313 5137 3505 5192 solium

1936 5238 2092 5277 suum
2119 5225 2211 5292 qui
2240 5224 2607 5280 misericordia
2635 5226 2957 5295 justitiaque
2986 5226 3177 5283 salvati
3211 5241 3358 5285 sunt.
3388 5230 3503 5285 Non

1936 5363 2113 5438 Atque
2144 5363 2214 5438 ibi
2234 5364 2429 5438 Δρίογὶας
2461 5364 2677 5418 nomine
2706 5365 2980 5419 Christum
3030 5366 3275 5438 intelligi,
3306 5368 3397 5438 qni
3424 5381 3505 5423 est

1936 5432 2105 5501 gloria
2146 5431 2243 5486 Dei
2278 5433 2477 5497 Patris,
2509 5450 2834 5501 sensumque
2867 5450 2933 5490 eo
2965 5431 3230 5499 recidere:
3257 5431 3503 5503 ut'ditrat,

1936 5503 2155 5575 pitristo
2213 5504 2585 5575 redemptore,
2640 5520 2761 5569 qua:
2818 5506 2910 5560 Dei
2971 5516 3057 5561 est
3122 5509 3325 5575 gratia,
3384 5510 3505 5561 κατ’

1935 5570 2150 5639 ἐξοχὴν,
2184 5572 2359 5625 nullus
2387 5571 2606 5637 dubito;
2642 5575 2721 5628 sic
2758 5586 2934 5630 tamen
2968 5570 3161 5637 sentit},
3193 5570 3405 5631 recitari
3437 5581 3505 5631 ab

1937 5639 2267 5715 ΙΙιειοιιχιιιιιΔ
2290 5655 2453 5715 atque
2480 5643 2598 5695 aliis
2631 5643 2859 5700 laudatis
2892 5646 3138 5699 [utribus
3168 5648 3337 5699 locum
3371 5649 3504 5715 Ap”.

1934 5711 2053 5789 stoii
2085 5711 2359 5834 Statius:
2387 5714 2635 5768 editionis
2663 5717 2965 5779 codicibus.
2997 5732 3115 5786 qua!
3150 5729 3257 5770 tum
3295 5711 3503 5787 tenipo-

1936 5796 2010 5833 τιὸ
2046 5798 2076 5833 0
2120 5790 2224 5833 ιιιιρ
2252 5797 2342 5834 ἐν.

1936 5781 2010 5833 ris
2046 5780 2342 5836 obtinebat.
