3972 6198
409 309 518 374 213

1591 318 1650 378 S.
1695 317 1999 378 EUSEBH
2044 320 2481 382 llIEllllNYMI

3554 319 3664 384 244

417 430 560 479 enim
609 427 766 480 ῐ’.ιιι-ι·
797 427 1008 495 judicat
1041 445 1386 501 quemquam,
1418 431 1508 484 sed
1543 445 1703 485 onme
1729 433 1992 503 judicium
2020 436 2069 494 Α
2101 436 2198 488 dus
2229 434 2466 490 exsultet
2498 454 2510 488 :
2545 444 2722 490 tamen
2769 437 2890 503 plus
2924 433 3087 490 audet
3118 448 3279 504 quam
3316 433 3434 502 ejus
3462 437 3667 501 patitur

415 519 562 573 dedit
597 518 732 573 Filio
762 520 944 590 (Joan.
974 521 1045 590 ν).
1170 579 1172 581 .

485 609 667 682 (Vers.
715 613 747 666 6
796 613 974 683 seqq.)
1013 631 1030 665 ι
1062 614 1380 670 Audivimus
1428 615 1736 686 superbiam
1768 615 1987 672 Moab.:

417 702 682 767 superbus
716 711 799 757 est
850 705 1026 757 valde.
1073 703 1340 771 Superbia
1389 703 1528 774 ejus,
1581 714 1637 760 et
1681 709 1989 777 arrogantia

414 789 555 858 ejus,
593 800 649 845 et
691 792 992 862 indignatio
1027 794 1159 862 ejus,
1198 795 1319 862 plus
1364 811 1527 865 quam
1562 796 1822 852 fortitudo
1853 799 1989 868 ejus.

417 882 623 937 Idcirco
652 883 878 939 ululabit
906 883 1060 940 Moab
1097 887 1164 940 ad
1192 887 1369 950 Moab.
1399 889 1690 945 universus
1720 891 1946 944 ululabit
1975 907 1990 944 :

417 975 501 1029 his
531 977 619 1043 qui
667 976 916 1030 lzetantur
959 991 1126 1047 Super
1172 995 1384 1033 murum
1432 979 1544 1052 [αι.
1599 981 1804 1054 muros]
1851 983 1989 1038 cocti

415 1056 624 1129 lateris,
657 1067 936 1136 loquimini
971 1070 1155 1140 plagas
1183 1072 1298 1137 ejus
1341 1071 1457 1142 [αἱ.
1486 1073 1653 1146 ⁸ευειιδ]
1684 1092 1698 1128 :
1733 1075 1993 1144 quoniam

413 1158 728 1212 suburbana
763 1159 974 1214 Esehou
1024 1161 1241 1216 deserta
1291 1173 1439 1229 sunt,
1473 1167 1629 1218 vinea
1680 1165 1931 1222 Sabama.
1967 1186 1986 1218 ι

417 1247 562 1304 LXX
595 1267 608 1303 :
644 1267 663 1299 ι
700 1251 1019 1305 Audivimus
1055 1253 1304 1318 injuriam
1342 1253 1496 1308 Moab
1527 1274 1538 1309 :
1573 1258 1994 1314 contumeliosus

417 1353 500 1398 est
537 1343 691 1395 valde
726 1360 740 1396 :
772 1343 1022 1412 superbia
1068 1343 1207 1413 ejus,
1241 1356 1293 1400 et
1337 1346 1532 1417 injuria
1582 1347 1720 1416 ejus,
1755 1359 1809 1404 et
1843 1349 1995 1405 furor

417 1451 525 1487 non
573 1437 716 1488 sicut
763 1434 1027 1490 divinatio
1064 1447 1154 1489 tua
1190 1455 1203 1490 :
1237 1451 1342 1492 non
1393 1438 1473 1491 sic
1522 1439 1744 1494 ululabit
1790 1441 1990 1496 Moab:

417 1527 682 1594 siquidem
723 1527 775 1578 in
824 1525 975 1580 Moab
1003 1542 1190 1582 omnes
1241 1527 1525 1582 ululabuut
1557 1547 1570 1582 :
1603 1530 1995 1587 habitatoribus

418 1629 598 1672 autem
651 1617 846 1672 Deseth
906 1619 1254 1675 meditaberis
1284 1638 1296 1673 ε
1332 1630 1386 1675 et
1437 1636 1540 1674 non
1592 1620 1991 1678 confunderis:

415 1710 591 1779 campi
624 1709 837 1765 Esebon
879 1710 1135 1780 lugebunt
1178 1711 1391 1766 vineam
1427 1711 1679 1768 Sabama.
1713 1734 1734 1766 ι
1767 1715 1994 1781 Quantis

2095 526 2370 582 fortitudo.
2422 525 2626 582 Idcirco
2675 524 2834 581 Moab
2876 525 3105 580 ululabit
3151 524 3217 580 ad
3270 523 3445 588 Moab.
3478 525 3529 582 id
3560 534 3666 589 est,

2095 619 2232 674 alter
2265 619 2331 674 ad
2380 620 2608 674 alterum
2636 635 2650 684 ;
2676 633 2866 673 omnes
2899 618 3151 672 videlicet
3197 617 3568 672 haereticorum
3611 625 3670 671 et

2095 713 2374 766 saecularis
2403 710 2680 780 sapientize
2709 709 3053 764 diversitates
3085 717 3272 762 contra
3309 723 3368 762 se
3401 708 3664 777 mugient,

2095 820 2214 860 eum
2267 805 2319 857 in
2361 803 2646 858 tormentis
2694 801 2896 856 fuerint
2945 799 3068 869 (111
3098 800 3226 869 Reg.
3258 801 3354 868 vt).
3388 799 3558 864 Quam
3595 798 3668 853 ob

2098 912 2209 950 rem
2245 896 2329 950 his
2358 897 2451 964 qui
2485 911 2669 948 tnuros
2717 893 2922 948 habent
2973 907 3078 946 non
3109 891 3335 962 quadris
3374 888 3667 945 a‘diﬁcatos

2096 986 2381 1056 lapidibus,
2418 986 2483 1040 de
2531 985 2724 1053 quibus
2772 983 3026 1050 templum
3077 981 3400 1035 aediﬁcatum
3466 987 3582 1043 est;
3611 985 3667 1032 et

2097 1074 2363 1127 intantum
2397 1072 2602 1142 politis,
2639 1082 2694 1126 ut
2732 1071 2954 1123 malleus
2986 1080 3041 1124 et
3069 1068 3278 1124 securis
3310 1084 3416 1123 non
3454 1069 3527 1122 sit
3568 1083 3668 1120 au-

2095 1164 2206 1219 dita
2237 1165 2290 1218 in
2326 1165 2486 1218 domo
2518 1163 2632 1226 Dei,
2665 1178 2697 1216 ο
2733 1177 2826 1217 vos
2869 1161 3123 1216 Ecclesiae
3169 1159 3435 1229 magistri,
3466 1158 3547 1212 vel
3573 1157 3665 1227 qui

2096 1254 2231 1308 e5tis
2279 1253 2346 1307 de
2399 1252 2553 1307 Moab
2605 1267 2794 1306 errore
2846 1250 3076 1314 salvati,
3130 1249 3444 1302 aununtiate
3487 1247 3674 1315 plagas

2096 1359 2245 1408 suas,
2282 1343 2478 1413 quibus
2536 1343 2912 1396 hmreticorum
2958 1340 3154 1408 jaculis
3207 1337 3466 1394 vulnerati
3519 1343 3667 1391 sinit.

2097 1433 2299 1491 Omnes
2331 1433 2477 1490 enim
2532 1433 2890 1506 cogitationes
2939 1446 3150 1495 eorum,
3202 1428 3348 1500 quod
3401 1427 3671 1497 signiﬁcat

2097 1525 2328 1590 Esebon,
2361 1540 2464 1580 non
2497 1523 2564 1578 ad
2602 1525 2749 1579 urbis
2779 1522 3072 1578 Dominieae
3120 1519 3507 1574 habitationem
3543 1531 3668 1583 per-

2083 1619 2288 1698 tinent,
2315 1618 2380 1672 de
2412 1632 2515 1696 qua
2549 1617 2810 1686 scriptum
2841 1624 2922 1668 est
2951 1630 2964 1668 :
2993 1612 3256 1667 Fluminis
3290 1613 3509 1680 impetus
3535 1608 3669 1662 ireti-

2099 1710 2219 1776 licet
2265 1710 2523 1764 civitatem
2571 1708 2665 1761 Dei
2697 1706 2870 1777 (Psal.
2921 1722 3043 1771 ην,
3077 1706 3167 1776 5);
3217 1705 3308 1759 sed
3355 1703 3668 1758 suburbana

416 1801 842 1856 obscuritatibus
876 1802 1027 1857 locus
1056 1802 1160 1858 iste
1185 1803 1340 1872 juxta
1373 1803 1513 1858 LXX
1548 1780 1876 1874 Interpretes
1908 1807 1992 1861 in-
2027 1780 2066 1835 Β
2092 1811 2242 1868 sunt,
2294 1810 2355 1856 ut
2387 1801 2454 1856 ad
2511 1801 2702 1856 urbem
2752 1798 2963 1853 Domini
3017 1799 3284 1865 pertinere
3330 1795 3666 1858 credantur;

417 1892 631 1948 volutus
679 1892 772 1958 sit,
806 1907 872 1947 ex
924 1907 988 1946 eo
1036 1895 1384 1963 perspicuum
1416 1905 1519 1962 est,
1573 1897 1720 1965 quod
1772 1897 1872 1966 legi
1909 1898 1994 1951 vix

419 1995 615 2053 potest.
655 1986 907 2040 Dicamus
953 2000 1081 2055 ergo
1122 1987 1276 2056 juxta
1313 1987 1667 2044 Hebraicum.
1710 1987 1879 2044 Moris
1911 1999 1991 2044 est

421 2077 854 2146 Scripturarum,
882 2085 942 2129 ut
978 2085 1262 2144 postquam
1314 2078 1748 2144 desperationem
1799 2080 1993 2134 mentis

422 2172 668 2222 humanae
725 2168 849 2222 laeto
879 2168 1071 2223 nuntio
1116 2169 1540 2247 sublevaverint,
1572 2186 1785 2226 rursum
1823 2172 1992 2240 negli-

421 2267 611 2328 gentes
654 2267 709 2312 et
761 2258 1008 2312 nolentes
1057 2272 1218 2326 agere
1269 2259 1642 2327 paenitentiam
1695 2261 1992 2316 commina-

425 2351 569 2403 tione
616 2350 948 2414 deterreant,
999 2363 1066 2402 ne
1111 2349 1326 2403 bonitas
1366 2349 1460 2404 Dei
1508 2349 1722 2404 iuduret
1765 2365 1861 2405 cor
1894 2367 1992 2406 no-

422 2453 616 2495 strum.
638 2440 808 2509 Cujus
839 2442 915 2495 rei
948 2455 1113 2496 unum
1139 2449 1344 2494 tantum
1375 2456 1642 2509 ponamus
1665 2444 1990 2512 exemplum.

419 2533 478 2587 In
510 2534 805 2586 centesimo
828 2531 1246 2601 quadragesimo
1268 2543 1463 2603 quarto
1491 2534 1694 2603 psalmo
1720 2533 1989 2604 legimus:

423 2621 611 2677 Suavis
642 2622 902 2677 Dominus
931 2623 1206 2687 universis,
1236 2632 1284 2677 et
1310 2618 1672 2680 miserationes
1700 2625 1812 2694 ejus
1837 2643 1994 2696 super

421 2718 597 2769 omnia
632 2731 786 2785 Opera
824 2716 970 2771 illius
1003 2716 1171 2786 (Psal.
1210 2731 1382 2781 cxuv,
1415 2716 1494 2786 9).
1529 2718 1597 2772 Et
1639 2729 1762 2788 post
1810 2721 1992 2787 paulu-

424 2810 580 2863 lum:
627 2805 901 2860 Sustentat
945 2805 1205 2860 Dominus
1255 2822 1434 2861 omnes
1481 2810 1571 2878 qui
1621 2819 1895 2873 corruunt,
1941 2818 1992 2862 et

423 2898 572 2966 erigit
607 2914 783 2952 omnes
807 2897 981 2952 elisos.
1017 2896 1170 2954 Oculi
1203 2900 1436 2952 omnium
1466 2900 1520 2953 in
1547 2911 1854 2966 (asperant,
1885 2902 1990 2954 Do-

424 2989 583 3054 mine,
630 2997 677 3042 et
713 2998 767 3042 tu
797 2991 894 3043 das
928 3007 1098 3045 escam
1132 3006 1312 3044 eorum
1357 2993 1412 3045 in
1446 3004 1675 3066 tempore
1703 3006 1991 3060 opportuno

2096 1909 2217 1963 quae
2260 1892 2572 1948 suburbana
2632 1888 2725 1944 Dei
2771 1897 2897 1944 sunt
2942 1889 3155 1943 deserta
3218 1886 3504 1956 przesidio,
3554 1884 3668 1938 sive

2098 1987 2280 2042 divino
2330 1987 2452 2056 igne
2498 1985 2806 2047 combusta,
2858 1982 3132 2052 prmeipue
3181 1979 3334 2034 vinea
3393 1977 3664 2040 Sabama,

2094 2091 2214 2147 quae
2235 2079 2618 2145 interpretatur
2650 2073 2898 2128 attollens
2943 2071 3304 2137 altitudinem,
3335 2084 3400 2124 eo
3433 2069 3575 2137 quod
3611 2066 3666 2119 in

2095 2171 2271 2223 altum.
2302 2183 2362 2223 se
2409 2168 2603 2236 erigat,
2631 2176 2689 2222 et
2733 2164 3001 2235 superbiae
3032 2179 3142 2219 sum
3175 2162 3365 2216 turrim
3403 2173 3576 2226 usque
3601 2158 3669 2212 ad

2095 2260 2288 2316 coelum
2318 2272 2601 2315 exstruere
2630 2267 2878 2335 conetur.
2907 2253 3060 2324 Quod
3111 2260 3292 2311 autem
3322 2251 3376 2311 iu
3406 2248 3548 2310 LXX
3572 2263 3672 2326 po.

2097 2351 2262 2404 situm
2312 2359 2416 2419 est,
2469 2343 3114 2420 ItabitalJribnsDesetIt,
3163 2348 3215 2402 in
3255 2347 3516 2402 llebraico
3565 2361 3670 2399 non

2091 2441 2352 2509 habetur;
2397 2443 2491 2498 sed
2543 2457 2641 2512 pro
2685 2431 2848 2513 273
2889 2443 2998 2494 hoc
3044 2439 3241 2509 legitur
3288 2433 3420 2494 Λιίεε
3458 2438 3670 2508 (ιν-πη).

2094 2537 2235 2606 quod
2275 2544 2479 2596 testam,
2507 2534 2622 2589 sive
2651 2546 2857 2588 coctum
2891 2531 3111 2588 laterem
3139 2530 3431 2600 signiﬁcat.

2166 2625 2428 2697 (Vers.9,
2460 2624 2570 2689 10.)
2605 2643 2621 2676 ι
2661 2624 2872 2678 Domini
2915 2623 3158 2694 gentium
3204 2620 3526 2676 exciderunt
3570 2615 3672 2671 ﬁa-

2093 2719 2230 2788 gella
2265 2718 2419 2788 ejus:
2454 2731 2631 2787 usque
2649 2717 2716 2770 ad
2745 2713 2904 2772 Jazer
2922 2722 3307 2785 pervenerunt.
3337 2711 3672 2765 Erraverunt

2094 2813 2145 2866 in
2178 2811 2397 2866 deserto
2424 2828 2437 2864 :
2470 2811 2795 2879 propagines
2835 2807 2956 2875 ejus
3012 2805 3215 2860 relictae
3247 2811 3371 2859 sunt
3399 2822 3412 2857 :
3445 2802 3673 2858 transie-

2105 2914 2232 2958 runt
2262 2917 2434 2957 mare.
2467 2899 2643 2971 Super
2668 2901 2770 2954 hoc
2797 2899 3020 2969 plorabo
3041 2899 3093 2952 in
3125 2897 3251 2952 ﬂetu
3270 2895 3430 2950 Jazer
3457 2894 3672 2948 vineam

2093 2994 2325 3050 Sahama
2346 3012 2362 3050 :
2381 2994 2660 3049 inebriabo
2680 3002 2732 3048 te
2751 2993 2986 3062 lacryma
3005 3005 3148 3055 mea,
3164 2990 3372 3044 Esebon
3389 2998 3442 3043 et
3461 2987 3669 3042 Eleale:

427 3077 535 3152 [ΑΙ.
565 3079 708 3152 suo].
747 3081 986 3150 Cumque
1033 3082 1403 3152 praemisisset,
1439 3083 1682 3140 Custodit
1732 3085 1989 3140 Dominus
2021 3126 2063 3184 ο
2097 3085 2355 3154 quoniam
2407 3099 2571 3155 super
2600 3082 2932 3138 vindemiam
2991 3091 3136 3135 tuam
3165 3089 3220 3134 et
3247 3095 3410 3148 super
3433 3091 3671 3132 messem

424 3187 600 3225 omnes
631 3172 904 3242 diligentes
935 3189 1030 3237 se;
1060 3189 1126 3228 ne
1155 3175 1512 3246 negligentem
1553 3179 1619 3230 ῐεμ
1640 3189 1754 3232 erat
1781 3180 1991 3232 auditu—

427 3279 564 3327 rem,
604 3264 786 3318 intulit
831 3281 844 3318 :
877 3265 944 3319 Et
994 3283 1168 3320 omnes
1214 3278 1514 3337 peccatores
1548 3270 1828 3336 disperdat.
1860 3269 1995 3336 Quia

429 3354 594 3421 igitur
625 3365 1000 3410 consmnmato
1028 3356 1365 3413 Antichristo
1393 3371 1448 3416 et
1481 3371 1706 3430 parente
1737 3361 1854 3431 ejus
1881 3361 1995 3416 dia-

428 3445 584 3510 b0lo,
621 3447 711 3516 qui
760 3447 1108 3501 conculcabat
1155 3450 1459 3504 universam
1515 3461 1712 3506 terram
1741 3493 1754 3513 .
1790 3469 1997 3523 praepa-

428 3541 655 3594 randum
688 3555 809 3597 esse
837 3542 1158 3596 vaticinatus
1183 3550 1264 3596 est
1287 3543 1448 3611 272
1476 3544 1667 3598 solimn
1694 3546 1709 3576 ι
1741 3531 1799 3599 in
1830 3545 1998 3600 mise-

428 3633 650 3696 cordia,
700 3640 754 3687 et
807 3648 927 3686 eum
973 3635 1062 3702 qui
1121 3649 1374 3690 sessurus
1419 3638 1488 3692 sit
1539 3637 1593 3691 in
1645 3638 1997 3692 tabernaculo

427 3727 616 3792 David,
661 3741 725 3780 ex
760 3739 991 3797 persona
1023 3737 1362 3793 sanctorum,
1398 3730 1490 3798 qui
1521 3730 1588 3784 de
1616 3729 1772 3784 Moab
1803 3730 1996 3786 sa-lvati

427 3825 573 3880 sunt,
606 3825 661 3870 et
696 3817 1065 3886 experimento
1093 3834 1191 3873 suo
1221 3817 1338 3884 ejus
1378 3819 1615 3876 didicere
1659 3823 1992 3889 superbiam,

425 3909 688 3979 prOpheta
717 3910 951 3978 loquitur
975 3927 992 3962 :
1013 3910 1320 3966 Audiuimus
1345 3915 1646 3980 superbiam
1669 3913 1848 3982 Moab,
1883 3917 1998 3971 sive

425 4002 706 4072 injuriam,
737 4009 794 4055 ut
823 4001 964 4056 LXX
997 4004 1412 4059 transtulerunt.
1439 4003 1574 4069 Quis
1606 4004 1750 4058 enim
1786 4005 1998 4060 bare’ti.

429 4110 614 4148 eorum
645 4109 752 4147 non
795 4093 1062 4162 superbus
1091 4095 1209 4150 est?
1233 4095 1324 4164 qui
1359 4095 1786 4150 ecclesiasticam
1817 4096 1998 4166 despi-

428 4186 578 4239 ciens
621 4183 1050 4250 simplicitatem,
1100 4185 1174 4240 ita
1226 4185 1390 4240 habet
1439 4183 1699 4240 Ecclesiae
1749 4187 1999 4243 homines

428 4275 583 4346 quasi
618 4275 777 4330 bruta
809 4275 1084 4342 animalia,
1119 4287 1174 4331 et
1220 4278 1489 4332 intentum
1539 4280 1808 4347 superbiae
1856 4281 1998 4349 inju-

430 4369 634 4438 riteque
681 4377 895 4422 tumore
943 4367 1194 4437 erigitur,
1225 4377 1497 4422 utcontra
1547 4369 1722 4438 ipsum
1765 4369 1997 4426 Creato-

2098 3185 2246 3231 tuam
2281 3192 2383 3232 vox
2409 3177 2732 3230 calcautium
2769 3173 2948 3228 irruit.
2982 3172 3047 3226 Et
3076 3171 3354 3243 auferetur
3385 3169 3570 3223 laetitia
3615 3176 3675 3223 et

2096 3268 2386 3323 exsultatio
2417 3268 2482 3323 de
2516 3267 2768 3322 Carinclo
2795 3282 2808 3320 :
2836 3277 2892 3320 et
2921 3267 2975 3318 in
3019 3264 3195 3318 vineis
3227 3277 3333 3318 non
3358 3259 3672 3325 exsultabit,

2097 3375 2275 3431 neque
2322 3356 2622 3427 jubilabit:
2663 3357 2844 3412 vinum
2879 3357 2933 3411 in
2967 3353 3227 3410 toreulari
3269 3368 3378 3408 non
3420 3350 3671 3416 caleabit,

2096 3455 2188 3524 qui
2245 3450 2454 3506 calcare
2506 3457 2905 3504 consueverat:
2940 3461 3127 3502 vocem
3173 3444 3497 3501 calcantium
3545 3444 3674 3496 abs-

2099 3545 2218 3599 tuli.
2249 3562 2267 3596 »
2293 3541 2616 3598 Suburbana
2649 3541 2885 3604 Esebon,
2912 3539 2978 3593 de
3003 3537 3198 3608 quibus
3234 3552 3395 3606 supra
3417 3534 3669 3599 diximus,

2099 3640 2312 3694 deserta
2371 3644 2518 3700 sunt,
2549 3642 2603 3688 et
2656 3635 2812 3688 vinea
2873 3632 3130 3696 Sabama,
3171 3645 3291 3700 quae
3323 3626 3671 3698 interpretari

2099 3737 2298 3798 potest,
2331 3741 2437 3781 non
2466 3725 2642 3779 solum
2680 3722 2936 3778 extollens
2961 3720 3322 3788 altitudinem,
3348 3719 3442 3771 sed
3468 3725 3525 3771 et
3551 3731 3676 3770 con-

2099 3821 2267 3876 versio
2295 3819 2514 3888 aliqua:
2546 3818 2670 3885 quia
2702 3814 2920 3869 videtur
2955 3814 3010 3868 in
3044 3814 3266 3883 regione
3299 3807 3584 3866 Moabitica
3608 3805 3674 3860 ad

2101 3913 2313 3968 Domini
2344 3909 2736 3966 servitudinem
2762 3908 2938 3979 aliqua
2971 3913 3209 3974 exparte
3240 3902 3376 3958 velle
3407 3899 3672 3956 converti.

2100 4005 2275 4073 Hujus
2305 4005 2469 4075 igitur
2492 4003 2665 4058 viuere
2701 4000 2956 4065 Sabama,
2993 3997 3196 4052 domini
3239 3996 3502 4065 gentium,
3549 4005 3679 4062 apo-

2097 4097 2224 4154 stoli
2265 4107 2321 4152 et
2349 4093 2637 4165 apostolici
2670 4094 2794 4160 viri,
2839 4091 3045 4162 ﬂagella
3076 4101 3130 4145 et
3163 4089 3491 4159 propagines
3521 4085 3677 4154 peni-

2103 4201 2193 4246 tus
2226 4189 2598 4253 absciderunt,
2630 4202 2696 4242 ne
2737 4201 2805 4241 ex
2837 4185 2958 4241 aliis
2993 4182 3288 4238 baeresibus
3330 4181 3452 4234 aliae
3491 4194 3684 4233 nasce-

2105 4290 2291 4336 rentur
2331 4281 2586 4344 insereses,
2615 4290 2672 4333 et
2707 4277 2918 4332 inﬁnita
2958 4273 3254 4330 errantium
3304 4272 3457 4326 ﬁeret
3494 4269 3680 4324 inulti-

2107 4375 2255 4429 tudo.
2290 4371 2358 4427 Et
2384 4387 2492 4426 nou
2515 4371 2690 4427 solum
2714 4369 3037 4425 exciderunt
3062 4365 3386 4437 propagines
3409 4362 3680 4422 Sabamae,

432 4475 546 4514 rem
603 4468 778 4515 armet
823 4475 886 4514 os
937 4475 1130 4522 suum,
1181 4460 1474 4516 detrahens
1526 4461 1805 4532 prophetis
1847 4463 2000 4532 ejus,
2031 4457 2076 4515 ι)
2105 4469 2201 4521 sed
2232 4480 2408 4536 usque
2437 4465 2504 4518 ad
2537 4462 2697 4518 Jazer
2725 4471 3262 4530 pervenerunt,'quae
3296 4460 3685 4526 interpretatur

426 4549 579 4618 quasi
634 4550 958 4605 auctoritate
1026 4549 1320 4605 testimonii
1381 4551 1711 4619 evangelici,
1779 4553 1834 4606 in
1893 4568 2000 4619 quo

425 4642 676 4697 Salvator
709 4643 832 4698 ait:
868 4642 1060 4698 Omnes
1106 4643 1196 4712 qui
1243 4653 1490 4698 uenerunt
1535 4652 1658 4698 ante
1709 4661 1810 4711 me,
1863 4647 2003 4716 fures

426 4736 638 4804 [uerunt
683 4746 732 4790 et
779 4736 1010 4790 latrones
1059 4735 1243 4808 (Joan.
1295 4753 1352 4803 tt,
1397 4738 1496 4808 8):
1529 4740 1664 4795 adeo
1697 4748 1755 4794 ut
1786 4740 2001 4811 Moysen

425 4845 644 4898 quoque
689 4828 950 4883 fariiulum
989 4826 1082 4882 Dei
1131 4828 1363 4898 appellet
1399 4830 1747 4896 humicidam,
1779 4841 1833 4886 et
1874 4832 2000 4888 Jesu

425 4922 540 4978 ﬁlio
566 4920 714 4976 Nave
759 4920 1034 4984 detrahat,
1068 4921 1224 4988 quasi
1263 4921 1466 4976 homini
1502 4924 1874 4992 sanguinaria,
1909 4926 2000 4992 qui

429 5023 590 5068 tanta:
640 5010 950 5069 sanctitatis
1007 5011 1129 5072 fuit,
1181 5021 1240 5066 ut
1275 5015 1344 5066 ad
1395 5014 1683 5082 imperium
1732 5019 2001 5073 sermonis

425 5107 543 5175 ejus
586 5107 664 5158 sol
713 5105 948 5172 lunaque
993 5105 1333 5158 constiterint
1366 5121 1381 5159 :
1415 5117 1469 5159 et
1514 5105 1699 5173 David,
1735 5108 1800 5162 de
1849 5108 2002 5178 cujus

427 5198 640 5250 semine
671 5204 823 5249 ortus
850 5204 930 5250 est
954 5195 1208 5250 Christus
1237 5195 1566 5266 ((ΜαειΙι.οι),
1601 5198 1920 5252 homicidam
1948 5209 2003 5253 et

429 5292 734 5343 adulterum
768 5299 941 5356 vocet,
989 5304 1094 5342 non
1147 5291 1446 5358 respiciens
1479 5289 1594 5357 ejus
1626 5291 1999 5360 paenitentiam

427 5393 482 5434 γι
519 5384 1009 5448 mansuetudinem,
1046 5398 1148 5452 qua
1182 5382 1271 5436 Dei
1309 5382 1596 5436 clementia
1630 5395 1996 5452 comparatur.

429 5472 533 5525 Sed
563 5475 810 5541 quamvis
843 5475 1111 5541 superbus
1145 5474 1214 5528 sit
1256 5482 1310 5527 et
1340 5488 1619 5544 arrogans,
1651 5486 1705 5530 et
1747 5475 1996 5532 furibun-

2105 4557 2365 4628 fortitudo
2417 4571 2642 4611 eorum:
2701 4554 2805 4609 hoc
2851 4563 2956 4618 eet,
3003 4551 3071 4606 ad
3129 4548 3422 4605 fortissima
3456 4559 3685 4616 qumque

2109 4652 2362 4719 dogmata
2401 4649 2816 4716 hazreticorutn,
2850 4655 2906 4700 et
2950 4643 3237 4697 dialectica
3275 4649 3395 4694 arte
3429 4648 3688 4692 constru-

2105 4753 2217 4807 etn,
2249 4742 2301 4796 in
2327 4740 2526 4811 quibus
2549 4741 2715 4794 robur
2741 4738 2826 4792 sui
2861 4737 3064 4791 habere
3089 4733 3415 4786 videbantur
3435 4727 3683 4792 erroris;

2104 4847 2157 4888 et
2191 4835 2459 4889 intantum
2495 4848 2681 4888 eorum
2709 4845 2897 4886 mucro
2925 4828 3224 4884 bacchatus
3281 4833 3389 4887 est,
3413 4828 3476 4875 ut
3506 4818 3686 4872 novis-

2110 4926 2250 4981 sime
2277 4933 2528 4979 errarent
2575 4924 2629 4976 iu
2665 4921 2982 4982 solitudine,
3011 4928 3069 4971 et
3115 4929 3276 4982 quem
3314 4911 3688 4965 interﬁcerent

2112 5034 2220 5072 non
2260 5018 2546 5072 haberent.
2579 5017 2822 5085 Cumque
2852 5013 2925 5068 illi
2955 5007 3279 5065 exciderent
3307 5003 3517 5073 ﬂagella
3543 5000 3684 5070 ejus,

2113 5122 2295 5164 tamen
2325 5111 2456 5164 vitio
2493 5109 2691 5162 radicis
2722 5106 2997 5175 pessimus,
3026 5099 3348 5172 propagines
3378 5095 3571 5164 aliqua:
3595 5108 3688 5147 re-

2116 5211 2458 5256 manserunt.
2537 5198 2751 5254 Domini
2811 5207 2990 5249 autem
3045 5190 3283 5259 gentium
3352 5184 3690 5240 transierunt

2110 5312 2284 5361 mare,
2318 5297 2418 5349 hoc
2455 5305 2538 5350 est
2569 5300 2896 5347 tentattones
2943 5287 3122 5343 saeculi
3167 5285 3354 5354 hujus,
3387 5281 3452 5334 de
3484 5278 3687 5347 quibus

2110 5389 2159 5443 in
2194 5389 2407 5443 Psalmo
2459 5389 2727 5459 legimus:
2774 5383 2903 5438 Veni
2946 5382 3001 5434 in
3049 5377 3370 5446 profundum
3416 5370 3601 5433 maris,
3633 5377 3688 5422 et

2111 5492 2390 5550 tempestas
2436 5481 2701 5536 absorbuit
2742 5494 2822 5532 me
2871 5473 3045 5546 (Psal.
3088 5484 3275 5535 vau-t,
3309 5468 3396 5537 3);
3433 5461 3690 5519 etinalio

505 5685 522 5716 ⁸
551 5681 899 5754 νΕι-βι-ξιιιιεε,
947 5681 1289 5737 iuconﬂnodo
1353 5683 1694 5753 implexoque
1759 5696 1945 5750 sensu,
2003 5689 2431 5754 pra’parandum,
2480 5694 2537 5741 ut
2586 5695 2660 5740 est
2719 5683 3082 5746 vaticinatum,
3141 5695 3247 5734 esse
3294 5676 3506 5734 solium.
3549 5679 3686 5738 cte.;

430 5753 670 5810 restituit
696 5751 869 5807 Vatic.
