3972 6198
283 273 396 340 245

839 264 1340 327 COMMENTAR.
1388 263 1467 325 IN
1510 261 1778 326 lSAIAM
1817 263 2284 332 PROPHETAM
2323 264 2472 324 LIB.
2513 262 2615 334 VI,
2647 262 2806 325 CAP.
2843 263 3002 323 XVI.

3441 257 3552 325 24'6

286 388 453 442 loco;
483 378 588 448 Qui
609 367 927 432 descendunt
966 391 1110 431 mare
1133 377 1190 430 in
1217 377 1722 448 rtasibus,{acientes
1748 391 1868 445 ope-
1900 387 1940 438 Α
1973 375 2169 445 pheta,
2201 377 2265 431 de
2299 377 2497 445 quibus
2526 384 2584 432 et
2616 374 2784 430 David
2811 373 3027 430 dicebat
3059 372 3112 427 in
3155 371 3372 428 Psalmo
3398 390 3412 428 :
3441 372 3545 426 Be-

287 477 524 528 rationes
555 471 607 522 in
640 468 790 536 aquis
815 466 990 524 multis
1019 481 1039 519 :
1077 466 1177 533 ipsi
1210 467 1446 520 viderunt
1469 482 1627 535 opera
1644 464 1875 526 Domini,

288 574 343 618 et
372 561 636 614 mirabilia
665 559 778 626 ejus
807 557 860 610 in
890 555 1151 624 profundo
1182 555 1353 626 (Psal.
1381 571 1487 618 cvt,
1521 556 1611 621 25,
1643 556 1758 626 24).
1785 554 1875 610 Isti

289 669 424 720 ergo
462 651 796 705 transierunt
818 662 986 710 mare,
1019 657 1076 700 ut
1104 663 1266 714 opera
1305 645 1588 701 Dominiet
1610 645 1874 700 mirabilia

290 745 418 812 ejus
471 744 522 794 in
573 739 846 811 profundo
897 739 1256 792 tentatiouum
1297 738 1701 804 conspicerent,
1743 736 1873 789 dum

297 835 604 887 liberantur
633 847 698 884 ex
728 832 829 884 eis.
852 829 1039 897 Itaque
1073 844 1254 882 sermo
1284 828 1636 898 propheticus
1675 825 1879 895 plangit

294 925 671 980 fortitudinem
715 924 1116 980 hmreticorum.
1149 922 1201 973 id
1228 931 1332 982 est,
1359 918 1541 984 .lazer,
1569 927 1624 971 et
1664 918 1874 970 vineam

299 1018 540 1071 Sabalna
569 1033 582 1079 ;
616 1031 736 1084 qua:
781 1029 841 1067 se
881 1013 1092 1065 extollit
1130 1024 1318 1065 contra
1353 1012 1636 1066 scientiam
1659 1009 1778 1063 Dei.
1809 1008 1874 1062 Et

296 1107 568 1162 inebriubo
596 1118 642 1158 te
672 1107 912 1172 t’acryma
949 1121 1084 1168 mea,
1112 1101 1338 1166 Esebon,
1371 1102 1725 1170 cogitationes
1772 1100 1877 1154 sci-

271 1197 274 1200 ’
299 1201 432 1254 licet
461 1213 672 1261 eorum,
697 1204 744 1247 et
783 1194 985 1257 Eleale,
1013 1194 1208 1261 quibus
1241 1193 1309 1245 ad
1339 1193 1553 1246 excelsa
1612 1205 1875 1246 conscen-

300 1291 458 1344 dunt.
492 1288 602 1340 Cur
633 1297 812 1340 autem
862 1286 1068 1354 plangit
1101 1285 1259 1338 Jazer
1289 1285 1504 1338 vineam
1537 1283 1798 1342 .Sabama,
1823 1289 1875 1335 et

300 1377 537 1430 inebriat
567 1374 798 1436 Esebon,
827 1384 880 1426 et
922 1373 1104 1428 Eleale
1145 1374 1400 1442 lacrymis
1428 1372 1584 1426 suis?
1616 1372 1684 1428 Ut
1713 1369 1877 1441 274

301 1468 432 1520 dum
463 1468 572 1529 ipse
604 1465 798 1532 plorat,
827 1474 880 1516 et
922 1463 1044 1517 illos
1091 1462 1307 1531 plorare
1346 1464 1555 1517 doceat.
1589 1459 1874 1525 Quoniam,

301 1559 502 1627 inquit,
527 1574 682 1625 super
707 1557 1019 1610 vindemiam
1047 1564 1196 1608 tuam
1226 1563 1275 1607 et
1303 1568 1458 1620 super
1482 1568 1699 1608 messem
1729 1560 1876 1605 tuam

301 1668 406 1706 vos:
438 1651 752 1703 calcantinns
780 1649 960 1704 irruit.
997 1647 1162 1701 Vinea
1193 1645 1339 1700 enim
1367 1643 1725 1699 Moabitarutn
1754 1658 1878 1714 pro-

303 1757 432 1814 pter
465 1744 695 1797 vicinam
721 1741 819 1796 loci
847 1740 973 1794 talis
997 1747 1103 1805 est,
1122 1740 1301 1808 qualis
1351 1749 1408 1794 et
1430 1741 1588 1792 vinea
1619 1713 1881 1791 Sodomo-
1906 1713 1955 1774 Β

307 1851 454 1897 rum,
487 1834 552 1887 de
575 1848 682 1900 qua
717 1831 962 1885 dicitur:
1005 1830 1081 1884 De
1126 1831 1275 1883 vinea
1321 1829 1460 1882 enim
1509 1825 1877 1888 Sodomorum,

307 1927 462 1977 uinea
501 1939 701 1980 eorum.
731 1932 781 1975 et
806 1937 1037 1990 propago
1070 1935 1251 1974 eorum
1281 1920 1344 1973 de
1368 1916 1673 1972 -Gomorrlta
1697 1913 1880 1985 (Deut.

311 2029 481 2076 xxxii,
510 2014 624 2084 52).
657 2012 721 2065 Et
757 2013 809 2066 in
844 2011 1244 2081 septuagesimo
1271 2010 1501 2077 septimo
1545 2007 1762 2064 Psaltno
1807 2005 1882 2061 le-

314 2106 490 2173 gimus
520 2107 582 2158 de
611 2102 862 2173 IEgyptia
883 2102 1064 2163 vinea,
1083 2117 1242 2170 quam
1276 2099 1418 2154 Deus
1442 2096 1883 2168 percussitgran-

314 2197 462 2252 dine.
492 2193 698 2247 Messes
725 2205 942 2261 quoque
973 2188 1272 2245 Moabitica:
1309 2197 1609 2241 nascuntur
1635 2187 1689 2239 in
1723 2184 1881 2238 valli-

313 2289 420 2342 bus
451 2300 570 2354 qua:
620 2283 958 2352 appellantur
997 2281 1262 2350 Raphaim
1292 2296 1306 2333 :
1338 2279 1581 2344 falsaque
1612 2274 1883 2329 vindemia

313 2377 432 2446 ejus
463 2383 547 2427 est
576 2375 762 2436 vinea),
797 2372 863 2426 de
896 2387 1002 2439 qua
1039 2385 1200 2438 supra
1234 2370 1432 2423 dicitur
1460 2384 1475 2422 ε
1504 2366 1714 2420 Domini
1756 2379 1884 2434 gen-

316 2469 447 2518 tium
480 2463 789 2516 exciderunt
825 2461 1034 2530 ﬂagella
1065 2460 1202 2527 ejus.
1256 2459 1348 2512 Isti
1397 2459 1540 2512 enim
1598 2460 1886 2510 conterunt

316 2573 450 2610 uvas
479 2555 881 2615 amarissimas,
911 2563 962 2605 et
994 2551 1110 2604 suis
1155 2549 1367 2604 calcant
1397 2546 1639 2615 pedibus,
1661 2559 1734 2598 ne
1764 2544 1885 2597 dra-

317 2647 471 2702 conis
500 2649 565 2699 de
599 2647 680 2698 eis
708 2643 1081 2718 exprimantur
1111 2646 1412 2701 venena,ct
1443 2651 1633 2691 omnes
1675 2635 1884 2690 interli-

318 2740 530 2792 ciantur
557 2738 827 2791 bibentes.
851 2734 1142 2789 Auferetur
1163 2745 1375 2802 quoque
1405 2731 1589 2785 lmtitia
1621 2738 1676 2784 et
1711 2730 1885 2782 exsul-

318 2833 451 2885 tatio
479 2831 880 2892 haereticorum,
910 2843 1012 2895 qua
1031 2835 1156 2880 ante
1177 2823 1416 2895 gaudere
1443 2830 1843 2878 consueverant
1867 2837 1882 2874 :

317 2935 377 2978 ut
408 2933 694 2991 postquam
723 2920 933 2989 egerint
968 2916 1367 2988 paenitentiam,
1390 2915 1520 2970 illud
1576 2920 1887 2981 mereantur

1979 466 2150 530 nedic,
2195 466 2373 518 auitna
2401 481 2535 530 niea,
2563 465 2810 529 Domino,
2831 475 2878 518 et
2909 464 3086 516 omnia
3114 463 3365 516 interiora
3388 461 3549 532 275

1977 571 2092 608 mea
2150 572 2336 610 nomen
2393 567 2636 609 sanctum
2667 556 2779 623 ejus
2836 553 3011 624 (Psaf.
3042 569 3138 618 cu,
3169 556 3241 624 l).
3270 553 3552 620 Quomodo

1976 646 2122 698 enim
2157 644 2367 698 cithara
2428 662 2531 700 non
2587 646 2786 700 emittit
2841 647 3082 702 vocalem
3142 660 3337 701 sonum
3389 651 3552 712 atque

1977 737 2362 802 compositum,
2389 735 2434 788 si
2471 736 2663 789 saltem
2723 751 2825 789 una
2859 737 3062 791 chorda
3117 745 3276 805 rupta
3335 734 3500 788 fuerit
3531 751 3548 801 ;

1977 823 2058 880 sic
2105 825 2370 894 spiritalis
2403 837 2592 881 venter
2636 828 2935 897 prophetae,
2971 829 3015 882 si
3051 842 3156 882 una
3198 829 3250 881 in
3279 843 3348 882 eo
3377 827 3551 880 virtu-

1952 925 2090 975 ,tum
2125 917 2330 972 chorda
2367 916 2621 982 defuerit,
2655 935 2763 974 non
2825 921 3024 990 poterit
3071 921 3240 975 melos
3275 921 3433 974 dulce
3465 931 3550 972 re-

1977 1022 2174 1062 sonare
2202 1027 2216 1074 ;
2249 1022 2350 1062 nec
2379 1011 2446 1090 aid
2497 1009 2790 1065 lateritium
2831 1027 3041 1064 murum
3075 1012 3288 1066 cunctis
3317 1009 3553 1064 clamare

1976 1100 2299 1154 visceribus.
2352 1100 2810 1171 Philosophorum
2860 1117 3081 1172 quoque
3129 1104 3399 1157 sententia
3446 1111 3548 1164 est,

1979 1192 2186 1246 haerere
2239 1191 2342 1245 sibi
2383 1192 2398 1221 ³
2434 1192 2700 1257 virtutes;
2738 1201 2792 1247 et
2846 1193 3077 1264 apostoli
3127 1191 3336 1255 Jacobi,
3371 1200 3430 1244 ut
3459 1190 3548 1244 cui

1978 1299 2080 1337 una
2117 1283 2368 1345 defuerit,
2394 1284 2521 1337 huic
2557 1299 2750 1339 omnes
2779 1285 2972 1340 deesse
3003 1285 3255 1340 virtutes.
3288 1284 3421 1339 Cum
3451 1298 3552 1336 au-

1980 1384 2084 1430 tem
2117 1375 2446 1430 intellexerit
2479 1376 2634 1431 Moab
2666 1374 2868 1431 frustra
2919 1392 2980 1432 se
3018 1377 3072 1430 in
3121 1378 3224 1440 his,
3256 1392 3374 1446 quae
3406 1376 3554 1443 prius

1977 1465 2203 1533 putabat
2247 1466 2484 1530 excelsa,
2531 1467 2874 1536 dOgntatibus
2907 1466 3204 1532 laborasse,
3253 1467 3555 1535 ingreditur

1978 1558 2044 1610 ad
2095 1567 2282 1610 sancta
2314 1571 2437 1622 sua,
2467 1571 2574 1611 non
2630 1573 2752 1625 mue
2794 1572 2892 1626 per
2925 1573 2984 1612 se
3019 1569 3206 1616 sancta
3253 1567 3401 1620 sunt,
3455 1557 3551 1610 sed

1978 1662 2100 1717 qua:
2131 1656 2320 1702 sancta
2371 1662 2564 1702 errans
2599 1649 2989 1713 arbitrabatur,
3017 1659 3071 1704 et
3105 1649 3366 1703 auxilium
3399 1648 3553 1700 iuve-

1984 1741 2104 1794 nire
2131 1754 2236 1794 non
2263 1741 2483 1810 poterit.
2509 1738 2604 1795 Vel
2631 1750 2780 1795 certe
2801 1743 3020 1796 deserto
3052 1755 3239 1796 errore
3265 1741 3552 1804 inmidacii,

1983 1831 2048 1885 ad
2075 1840 2267 1886 sancta
2301 1829 2562 1884 Ecclesiae
2590 1831 2797 1886 intrare
2827 1834 3131 1890 conabitur.
3157 1840 3216 1885 ut
3243 1846 3338 1886 sua
3373 1845 3436 1887 ea
3479 1830 3556 1884 fa-

1982 1922 2114 1989 ciat,
2138 1929 2194 1976 et
2223 1931 2366 1990 oret,
2387 1932 2443 1978 et
2465 1923 2733 1990 obsecret,
2758 1927 2852 1979 sed
2878 1939 2985 1980 non
3011 1923 3340 1992 praevalebit.
3368 1921 3557 1992 Neque

1983 2014 2127 2070 enim
2159 2014 2346 2070 statim
2409 2024 2468 2070 ut
2525 2016 2877 2080 voluerimus,
2924 2017 3222 2086 perfectam
3269 2029 3558 2085 possumus

1985 2121 2178 2175 capere
2205 2107 2487 2163 virtutem.
2519 2107 2782 2174 Quodque
2808 2108 2973 2163 infert
2997 2124 3010 2162 :
3051 2109 3160 2163 Hoc
3180 2108 3390 2162 verbum
3419 2107 3559 2177 quod

1985 2197 2188 2251 locutus
2218 2207 2295 2252 est
2330 2197 2583 2252 Dominus
2619 2199 2692 2252 ad
2726 2197 2884 2252 Moab
2918 2215 2983 2255 ea:
3014 2209 3162 2264 tunc,
3193 2199 3464 2271 prooemio
3504 2201 3556 2253 in

1987 2303 2096 2357 quo
2130 2290 2363 2356 dixerat,
2395 2289 2607 2345 verbum
2659 2301 2842 2344 contra
2879 2292 3057 2356 Moab,
3093 2293 3208 2346 sive
3241 2308 3390 2357 onus,
3417 2290 3559 2345 scia-

1989 2395 2108 2436 mus
2147 2383 2418 2451 epilogum
2455 2382 2752 2449 redditum,
2782 2394 2838 2438 ut
2871 2385 3015 2452 quod
3067 2384 3139 2440 ibi
3174 2391 3437 2453 carperet,
3472 2382 3558 2438 hic

1988 2472 2365 2542 compleverit.
2400 2474 2480 2527 Ex
2515 2483 2642 2530 tunc
2676 2483 2880 2541 autem,
2908 2475 3318 2544 intelligendum
3351 2489 3416 2528 ex
3453 2488 3561 2542 quo

1977 2566 2156 2634 .coepit
2205 2565 2278 2625 ad
2315 2579 2440 2622 eum
2493 2566 2664 2634 loqui,
2703 2576 2761 2620 ut
2800 2581 2961 2621 omne
2995 2568 3137 2635 quod
3199 2569 3358 2631 dixit,
3391 2583 3556 2620 unum

1988 2659 2211 2712 verbum
2231 2658 2327 2714 Dei
2350 2659 2442 2722 sit,
2462 2658 2514 2713 id
2533 2670 2618 2713 est
2637 2674 2739 2712 una
2761 2659 3048 2713 sententia.
3065 2661 3230 2712 Porro
3253 2660 3402 2729 juxta
3421 2657 3561 2711 LXX

1990 2750 2084 2819 qui
2141 2751 2481 2818 interpretati
2540 2759 2711 2805 sunt:
2777 2749 3036 2804 Interiora
3095 2753 3358 2818 propheta:
3406 2752 3560 2819 quasi

1992 2859 2199 2896 murum
2234 2854 2482 2898 renovata
2529 2861 2561 2898 a
2603 2843 2732 2907 Deo,
2761 2853 2809 2897 et
2853 2843 3148 2898 erubescere
3181 2861 3320 2908 eum,
3382 2844 3433 2897 id
3476 2852 3561 2896 est

1993 2934 2172 3001 Moab,
2195 2945 2248 2990 et
2281 2936 2489 2992 intrare
2516 2937 2582 2991 ad
2614 2951 2760 3002 aras,
2791 2947 2847 2992 et
2869 2938 2937 2992 ad
2975 2952 3040 2994 ea
3069 2951 3188 3005 quae
3225 2951 3387 2992 manu
3421 2934 3562 2990 facta

318 3015 550 3070 audire:
586 3012 737 3066 Beati
760 3013 1018 3114 (rigentes,
1053 3010 1300 3113 quoniam
1345 3006 1885 3114 ipsiionsolabunfur
1913 3051 1960 3114 Ο
1989 3029 2122 3092 sim,
2164 3029 2237 3082 ita
2287 3029 2559 3084 disserere
2613 3039 3020 3096 possumuhm
3057 3029 3305 3091 dicamus
3345 3041 3563 3094 semper

319 3106 539 3177 (Matth.
569 3121 622 3169 v,
653 3105 732 3173 5).
765 3101 1027 3171 Quodque
1061 3092 1306 3166 addidit,
1354 3102 1418 3157 de
1471 3098 1738 3162 Carmelo,
1787 3097 1891 3152 hoc

315 3199 594 3268 signiﬁcat
622 3212 637 3256 ;
671 3210 778 3250 non
819 3194 961 3262 quod
1003 3193 1244 3248 haeretici
1277 3208 1402 3248 vere
1434 3190 1744 3248 Carmelum
1793 3191 1892 3244 ba-

316 3293 505 3355 beant,
550 3288 602 3343 id
643 3295 746 3352 est,
786 3285 1056 3354 spiritalis
1114 3284 1546 3339 cireutucisionis
1593 3283 1890 3348 notitiam;

316 3385 416 3437 sed
441 3381 585 3448 quod
620 3380 757 3435 falso
790 3379 994 3438 habere
1035 3394 1094 3434 se
1117 3378 1347 3447 jaCtent.
1390 3377 1634 3445 Cumque
1667 3376 1894 3432 succisa}

318 3473 529 3528 fuerint
585 3471 775 3534 vineae,
803 3477 859 3522 et
902 3469 1080 3525 ablata
1146 3468 1328 3522 laetitia
1399 3476 1456 3521 et
1490 3468 1783 3522 exsultatio
1825 3465 1895 3528 de

321 3564 478 3618 falsis
518 3562 753 3616 nominis
782 3560 1049 3615 scientia:
1086 3570 1213 3614 tunc
1256 3558 1437 3614 nullus
1479 3559 1582 3614 erit
1615 3559 1680 3612 de
1711 3558 1896 3628 pristi-

321 3658 412 3711 nis
467 3654 856 3715 calcatoribus,
899 3649 992 3720 qui
1048 3649 1218 3705 calcet
1273 3665 1424 3714 uvas,
1456 3664 1590 3717 quas
1629 3658 1754 3702 ante
1787 3648 1896 3702 cal-

321 3761 590 3802 caverat:
628 3756 684 3804 et
735 3760 834 3798 vox
873 3758 1060 3801 eorum
1113 3752 1319 3800 aeterno
1358 3743 1694 3798 obmutescet
1729 3741 1894 3796 silen-

323 3849 425 3896 ιιο.

399 3931 583 4000 (Vers.
632 3930 694 3984 11
739 3927 916 3998 seqq.)
959 3946 978 3978 ι
1020 3925 1197 3995 Super
1249 3924 1351 3980 hoc
1401 3933 1591 3978 venter
1629 3937 1780 3980 meus
1831 3921 1897 3976 ad

325 4023 484 4079 Moab
537 4021 692 4091 quasi
745 4020 954 4074 cithara
995 4018 1257 4074 sonabit:
1293 4027 1346 4070 et
1402 4017 1613 4071 viscera
1663 4030 1777 4084 mea
1830 4015 1898 4069 ad

327 4131 539 4170 murum
569 4112 712 4168 cocti
761 4110 967 4168 lateris.
1015 4110 1083 4164 Et
1110 4109 1216 4163 erit
1243 4123 1365 4161 cum
1409 4109 1720 4176 apparuerit
1753 4105 1898 4176 quod

326 4205 596 4261 laboravit
625 4202 783 4257 Moab
807 4203 873 4261 ab
901 4200 1134 4256 excelsis
1164 4199 1302 4264 suis,
1327 4199 1661 4267 ingredietur
1683 4198 1750 4253 ad
1771 4211 1899 4251 san-

326 4310 411 4354 cta
447 4314 542 4353 sua
578 4304 633 4349 ut
663 4295 928 4356 obsecret,
952 4302 1006 4345 et
1036 4305 1139 4344 non
1174 4290 1506 4359 praevalebit.
1533 4289 1648 4346 Hoc
1671 4290 1898 4345 verbum

1993 3121 2272 3190 propheta:
2308 3121 2559 3176 renovari
2597 3120 2830 3186 viscera,
2869 3129 2926 3174 et
2952 3135 2986 3174 a
3017 3119 3130 3173 Deo
3162 3118 3282 3172 fieri
3316 3117 3563 3180 fortiora,

1994 3227 2054 3270 ut
2109 3215 2410 3270 adversarii
2449 3213 2874 3280 confundantur,
2927 3223 2983 3268 et
3037 3193 3106 3268 ea
3153 3229 3278 3282 quas
3330 3212 3563 3266 hutuana

1994 3323 2157 3366 manu
2190 3307 2437 3382 fabricati
2494 3306 2934 3379 [AL‘fabricata]
2989 3314 3138 3371 sunt,
3169 3319 3322 3363 cassa
3373 3303 3568 3360 intelli-

1994 3409 2146 3471 gant,
2170 3408 2226 3455 et
2257 3399 2396 3454 nihil
2429 3400 2495 3454 ad
2525 3398 2761 3454 salutem
2787 3399 3148 3468 proﬁcientia.

2069 3491 2251 3562 (Vers.
2282 3491 2396 3560 14.)
2424 3509 2444 3544 ι
2489 3491 2558 3546 Et
2609 3505 2760 3546 nunc
2815 3489 3029 3545 locutus
3057 3499 3143 3544 est
3178 3488 3458 3555 Dominus,
3481 3489 3567 3545 di-

1991 3599 2131 3638 cens
2157 3600 2172 3638 ;
2199 3582 2260 3636 In
2289 3583 2463 3637 tribus
2499 3583 2658 3668 annis
2708 3596 2864 3650 quasi
2903 3581 3061 3635 annis
3113 3579 3439 3646 mercenarii
3467 3595 3568 3632 au-

2000 3675 2204 3728 feretur
2231 3675 2400 3744 gloria
2431 3672 2589 3732 Moab
2640 3687 2806 3743 super
2859 3673 3011 3726 omni
3047 3670 3250 3740 populo
3287 3671 3480 3734 multo,
3515 3680 3570 3724 et

1999 3763 2338 3834 relinquetur
2389 3777 2607 3832 parvus,
2635 3772 2694 3817 ct
2739 3761 3006 3828 medicus,
3040 3776 3379 3830 nequaquam
3427 3762 3573 3816 mul-

1999 3865 2109 3910 tus.
2153 3872 2173 3906 ι
2206 3853 2341 3909 Tres
2367 3854 2522 3918 anni,
2559 3853 2614 3909 in
2687 3854 2886 3923 quibus
2911 3852 3187 3908 auferetur
3216 3851 3388 3920 gloria
3414 3850 3572 3906 Moab

2000 3962 2164 4016 super
2192 3946 2336 4000 omni
2380 3946 2578 4015 populo
2603 3945 2723 4015 ejus
2758 3944 2948 4010 multo,
2983 3944 3070 3998 vel
3115 3943 3320 3998 diuitiis
3369 3943 3570 4007 multis,

2001 4049 2061 4093 ut
2120 4037 2258 4092 LXX
2308 4036 2721 4102 transtulerunt,
2777 4035 3005 4107 mystice
3039 4033 3374 4103 intelligendi
3420 4043 3571 4089 sunt.

2003 4130 2157 4185 Sicut
2189 4129 2340 4185 enim
2376 4127 2746 4183 misericordia
2769 4125 2983 4181 Domini
3021 4125 3075 4178 in
3107 4125 3451 4195 ponderibus
3491 4132 3577 4177 est

2003 4230 2166 4290 atque
2194 4234 2485 4274 mensura:
2520 4218 2600 4273 sic
2631 4226 2685 4272 et
2732 4216 3009 4271 cruciatus
3051 4229 3119 4270 ac
3166 4213 3428 4282 supplicia
3481 4213 3578 4266 ha-

2005 4311 2132 4365 bent
2170 4323 2481 4362 mensuram
2511 4321 2689 4370 snam,
2713 4315 2771 4358 ut
2794 4313 3075 4373 postquam
3103 4313 3211 4358 tres
3242 4302 3368 4358 anni
3401 4312 3578 4356 trans-

325 4391 467 4458 quod
505 4389 722 4442 locutus
755 4392 837 4439 est
872 4382 1134 4436 Dominus
1165 4383 1229 4435 ad
1266 4381 1418 4436 Moab
1448 4395 1514 4434 ex
1553 4390 1698 4435 tunc.
1745 4400 1763 4432 ι
1798 4379 1896 4434 De-
1933 4391 1976 4447 ις,
2008 4402 2190 4466 ierim,
2218 4401 2272 4454 ίη
2333 4399 2533 4469 quibus
2559 4397 2900 4468 relinque,”
2928 4397 3092 4466 276
3135 4409 3354 4464 parvus,
3380 4402 3434 4449 ει
3460 4408 3578 4447 mo-

330 4491 538 4536 structo
610 4492 798 4531 errore
857 4474 1165 4538 Moabitico,
1230 4474 1336 4527 imo
1399 4473 1534 4529 falsa
1590 4474 1780 4528 lmtitia
1848 4473 1902 4532 in

327 4575 533 4628 luctum
567 4572 945 4642 lacrymasque
986 4575 1217 4632 mutata,
1251 4581 1436 4622 venter
1469 4582 1644 4630 meus,
1672 4565 1908 4636 prophe-

333 4678 418 4728 tae,
446 4665 538 4735 qui
574 4665 747 4718 instar
781 4662 1005 4717 citharae
1051 4661 1254 4716 musica
1283 4669 1400 4713 arte
1433 4659 1769 4726 compositus
1801 4664 1904 4719 est,

331 4769 383 4813 et
411 4757 504 4826 qui
531 4758 599 4810 de
634 4755 730 4809 Dei
759 4754 950 4809 timore
980 4753 1315 4820 concipiens,
1340 4751 1540 4805 multos
1562 4750 1762 4806 liberos
1783 4763 1911 4818 pro-

333 4852 559 4913 creavit,
612 4851 690 4904 ita
746 4860 802 4904 ut
855 4849 1001 4903 nulla
1034 4848 1105 4903 sit
1154 4845 1377 4910 chorda,
1403 4859 1524 4913 quae
1576 4857 1680 4898 non
1723 4841 1911 4896 reddat

334 4959 522 4998 sonum
549 4958 730 5007 suum,
764 4941 1040 4995 resonabit
1067 4939 1266 4994 luctum
1300 4936 1508 5006 agentis
1538 4932 1910 5004 paenitentiam

333 5032 528 5089 Moab:
561 5043 615 5084 et
640 5033 820 5084 omnia
855 5030 1060 5084 viscera
1098 5042 1214 5083 mea
1245 5027 1309 5081 ad
1346 5041 1557 5080 murum
1605 5025 1742 5080 cocti
1778 5025 1914 5080 late-

337 5127 408 5181 ris
441 5142 455 5179 :
491 5138 590 5193 pro
621 5137 726 5187 quo
775 5121 1161 5189 interpretatus
1207 5128 1294 5173 est
1339 5118 1640 5178 Theodotio
1697 5118 1766 5172 ad
1799 5133 1914 5170 mu-

339 5233 451 5267 rum
490 5215 829 5282 dissipatum.
884 5210 1075 5266 Omnia
1121 5211 1264 5264 enim
1331 5211 1728 5265 contrariorum
1769 5223 1910 5276 pra:-

339 5308 497 5372 sidia,
531 5308 585 5359 in
619 5307 818 5374 quibus
855 5315 1008 5358 antea
1062 5302 1428 5364 confidebant,
1473 5303 1821 5358 destruentur
1861 5307 1915 5354 et

336 5408 616 5457 corruent.
643 5399 766 5454 llaec
798 5408 926 5454 sunt
963 5405 1140 5450 autem
1179 5396 1384 5453 viscera
1419 5405 1473 5448 et
1503 5397 1762 5449 interiora
1788 5410 1916 5463 pro-

414 5539 430 5570 ’
464 5537 658 5592 Deerat
693 5536 813 5600 sibi,
845 5533 987 5602 quod
1017 5531 1186 5585 Vatic.
1224 5532 1455 5599 supplet.

413 5612 434 5641 ³
473 5609 760 5675 I’et'peram
808 5607 1000 5658 lectum
1054 5610 1140 5654 est
1181 5616 1337 5656 antea
1389 5603 1604 5675 duobus
1646 5603 1824 5675 verbis
1861 5605 1913 5656 in

343 5677 510 5742 qloriu
535 5694 551 5742 ;
578 5671 731 5746 quod
763 5685 815 5731 et
841 5675 999 5743 plane
1027 5675 1357 5727 contrarium
1388 5671 1698 5746 Hieronymi
1749 5678 1914 5729 menti

2009 4493 2187 4555 dicus,
2223 4499 2278 4545 et
2309 4503 2650 4558 nequaquam
2691 4489 2916 4553 multus,
2949 4496 3078 4542 tunc
3135 4485 3394 4556 inglorius
3418 4487 3439 4518 ³
3461 4499 3580 4539 esse

2009 4584 2259 4640 desistat.
2300 4582 2364 4636 Et
2412 4573 2520 4635 hoc
2550 4581 2871 4644 notandum,
2900 4581 3042 4651 quod
3074 4578 3228 4648 juxta
3276 4577 3581 4632 Ezechielis

2009 4673 2374 4745 prephetiatn,
2425 4671 2642 4740 quando
2681 4672 2797 4727 dies
2849 4685 2945 4740 pro
3002 4671 3163 4725 annis
3228 4677 3584 4724 numerantur

2011 4764 2194 4820 lsraeli
2246 4763 2461 4832 (Euseb.
2515 4762 2616 4832 tv),
2644 4764 2745 4818 hoc
2777 4771 2883 4827 est,
2921 4763 3106 4816 decem
3165 4760 3435 4822 tribubus.
3462 4773 3583 4828 qua:

2013 4853 2222 4922 majora
2281 4861 2660 4921 peccaverant,
2717 4859 3076 4920 supputentur
3132 4849 3186 4902 in
3227 4850 3405 4917 pinnis
3455 4850 3581 4902 anni

2016 4945 2244 5001 trecenti
2278 4944 2598 5013 nonaginta,
2637 4951 2698 4998 ut
2727 4945 2778 4997 in
2805 4941 3078 4997 llebraico
3117 4941 3446 5003 continetur,
3475 4953 3581 4994 non

2015 5044 2232 5091 centum
2259 5037 2572 5105 nonaginta,
2597 5044 2655 5089 ut
2677 5033 2902 5105 Vulgata
2927 5033 3093 5088 editio
3111 5034 3269 5089 habet
3296 5042 3384 5089 :et
3407 5032 3582 5098 ludat,

2015 5131 2071 5184 in
2105 5145 2210 5197 quo
2241 5138 2358 5183 erat
2402 5129 2659 5198 templum
2713 5127 2831 5193 Dei,
2879 5128 3009 5181 anni
3070 5128 3451 5198 quadraginta.
3484 5126 3585 5194 Qui

2019 5223 2164 5276 enim
2196 5236 2391 5290 parvus
2417 5230 2525 5284 est,
2550 5228 2794 5275 meretur
2831 5218 3261 5272 misericordiam
3295 5235 3314 5275 :
3347 5217 3585 5272 Potentes

2018 5321 2198 5366 autem
2227 5319 2466 5380 potenter
2493 5318 2754 5362 tormenta
2812 5309 3079 5377 patientur
3103 5307 3257 5380 (Sap.
3290 5325 3363 5373 vt,
3397 5310 3474 5377 7).
3524 5307 3589 5364 Et

2019 5418 2210 5459 servus
2243 5403 2334 5472 qui
2368 5401 2469 5456 scit
2506 5402 2835 5456 voluntatem
2867 5401 3072 5455 domini
3105 5402 3209 5464 sui,
3243 5411 3296 5454 et
3327 5417 3428 5453 non
3464 5401 3590 5453 facit

2023 5549 2240 5589 sensum
2277 5533 2554 5586 reddebat.
2609 5531 2718 5586 Nos
2755 5533 3015 5602 inglorius
3055 5549 3161 5587 uno
3193 5532 3380 5599 verbo,
3413 5543 3588 5586 recto-

2021 5619 2126 5671 que
2160 5621 2345 5660 sensu.
2374 5603 2617 5674 Vaticani
2646 5620 2774 5656 mss.
2807 5601 2907 5668 ope
2943 5605 3301 5667 restituimus,
3332 5601 3593 5674 quemad-

2023 5675 2239 5728 modum
2271 5685 2319 5728 et
2358 5672 2518 5742 paulo
2549 5674 2774 5730 inferius
2803 5674 3022 5731 dicitur.
