3972 6198
441 294 546 356 247

1609 300 1666 362 S.
1715 301 2028 362 EUSEBII
2068 297 2511 361 HIERONYMI

3579 291 3690 350 2t8

437 422 580 470 eam,
611 407 890 475 vapulabit
920 408 1148 462 multum
1176 406 1328 477 (Luc.
1356 406 1474 476 xu).
1496 406 1657 464 Moab
1684 410 1852 479 igitur
1882 411 2006 480 quia
2032 419 2083 475 Α
2108 410 2178 464 ob
2228 424 2341 464 rem
2384 417 2513 477 puto
2565 402 2828 458 advenam
2876 406 2931 456 et
2971 397 3365 453 mercenarium
3402 396 3468 450 de
3502 400 3701 451 sanctis

438 510 701 553 externus
724 512 863 566 erat,
899 516 999 556 nec
1031 502 1094 555 de
1117 501 1317 570 papulo
1343 501 1455 564 Dei,
1479 502 1572 555 sed
1606 502 1794 557 relicta
1823 519 2013 559 errore

440 603 760 655 conversus,
798 606 902 644 non
931 589 1087 643 annis
1129 589 1395 658 pluribus,
1426 590 1520 643 sed
1573 600 1795 643 tantum.
1838 593 2014 647 tribus

442 694 644 747 parvus
696 689 748 734 et
785 682 1050 744 modicus,
1088 691 1142 734 et
1195 680 1455 750 inglorius
1511 682 1866 750 relinquetur.
1920 681 2012 737 Isti

440 781 567 823 sunt
604 771 753 835 anni,
786 772 854 826 de
872 773 1069 840 quibus
1101 782 1154 825 et
1182 771 1307 825 alibi
1337 772 1571 843 legimus
1599 789 1613 825 :
1644 771 2016 827 Rccordamini

438 862 645 914 dierum
665 864 845 916 saeculi
867 862 1001 931 (Iaa.
1031 878 1176 923 xm,
1204 862 1347 932 9),et
1372 865 1564 918 iterum
1592 881 1607 919 :
1639 863 1875 933 Cogitaui
1904 866 2015 919 dies

440 953 708 1020 antiquos,
744 964 791 1006 et
833 970 1001 1006 annos
1041 964 1260 1007 (eterna:
1307 954 1361 1006 in
1412 963 1583 1011 mente
1633 956 1795 1008 habui
1840 954 2011 1025 (Psal.

438 1058 621 1106 Lxxvt,
652 1043 729 1110 6).
783 1041 840 1097 Si
888 1046 1032 1099 enim
1069 1045 1272 1098 umbrae
1300 1052 1354 1098 et
1380 1045 1783 1115 exemplaribus
1811 1048 2017 1101 servie-

438 1131 529 1184 bat
549 1133 706 1200 juxta
737 1149 957 1187 carnem
987 1135 1173 1201 Israel,
1202 1146 1256 1190 et
1280 1136 1457 1189 omnis
1479 1150 1670 1190 eorum
1694 1138 2015 1194 solemnitas

437 1219 748 1275 futurorum
789 1232 906 1276 erat
943 1232 1119 1292 typus,
1153 1238 1319 1292 quare
1356 1240 1463 1279 non
1491 1237 1548 1279 et
1572 1229 1697 1280 anni
1732 1229 2015 1296 praesentis

438 1311 698 1378 temporis
729 1310 907 1365 futura
942 1321 1182 1380 tempora
1216 1312 1608 1383 prmﬁgurent?
1638 1317 1705 1369 de
1738 1316 1935 1384 quibus
1960 1326 2014 1370 et

437 1402 488 1455 in
528 1402 638 1457 alio
672 1403 791 1457 loco
826 1404 1097 1472 legimus:
1131 1403 1271 1469 Quid
1301 1405 1510 1473 facietis
1550 1406 1603 1459 in
1661 1406 1843 1461 diebus
1887 1424 2012 1461 con-

435 1501 638 1555 ventus,
690 1502 738 1546 et
791 1495 845 1546 in
882 1493 1063 1546 diebus
1107 1494 1409 1562 festivitatis
1460 1496 1729 1547 Domini?
1758 1493 2016 1563 (anctx,

433 1580 515 1651 5.)
556 1582 814 1653 Quodque
844 1584 1112 1653 jungitur,
1165 1586 1317 1652 quasi
1375 1586 1503 1638 anni
1549 1587 1880 1649 mercenarii,
1915 1586 2019 1641 Itoc

432 1673 691 1736 ostendit,
712 1674 853 1743 quod
895 1673 1029 1729 falsa
1063 1674 1308 1728 doctrina
1366 1691 1463 1743 pro
1514 1676 1667 1730 lucro
1701 1688 1903 1731 cuncta
1933 1678 2018 1731 fa-

2119 516 2226 557 non
2255 499 2539 555 comedere
2565 498 2606 561 ¹,
2641 509 2743 549 nec
2793 505 2982 547 servos
3027 498 3338 545 sanctorum
3378 502 3499 543 esse
3530 488 3700 557 parti-

2114 592 2287 661 cipes.
2326 590 2442 644 Non
2478 588 2623 644 enim
2662 587 2732 641 ob
2783 584 3129 639 dilectionem
3190 579 3427 644 Domini,
3479 582 3573 634 sed
3627 580 3701 632 ob

2118 660 2424 735 mercedem
2480 688 2673 733 cuncta
2730 678 2961 738 faciunt,
3008 675 3100 745 qui
3158 675 3454 727 comedunt
3507 672 3701 725 domos

2114 773 2419 835 viduarum,
2466 780 2521 824 et
2571 768 2821 838 proprios
2877 766 3155 821 adducunt
3199 778 3409 833 greges,
3449 770 3507 816 ut
3554 763 3701 816 lanis

2114 878 2304 917 eorum
2370 864 2694 921 vestiantur.
2725 868 2779 912 et
2815 858 2899 912 lac
2957 856 3233 927 mulgcant
3262 854 3471 925 (Matth.
3519 855 3699 920 mn).

2118 953 2269 1020 Quod
2304 953 2369 1006 de
2413 953 2657 1006 doctrina
2711 949 2947 1002 diximus
2997 948 3359 1009 mercenaria,
3390 943 3700 999 referamus

2117 1046 2183 1098 ad
2212 1053 2431 1098 caetera.
2451 1042 2507 1098 Si
2540 1042 2754 1111 praebeo
2779 1040 3208 1109 eleemosynam,
3241 1045 3299 1093 ut
3328 1038 3600 1106 gloriarer
3624 1040 3698 1091 ab

2118 1135 2454 1198 hominibus,
2476 1135 2656 1202 recepi
2684 1134 2988 1187 mercedem
3016 1146 3220 1193 meam,
3239 1140 3292 1184 et
3324 1130 3695 1184 mercenarius

2120 1224 2475 1293 appellandus
2508 1239 2647 1277 sum.
2709 1221 2765 1275 Si
2830 1231 3046 1277 castum
3083 1236 3207 1276 esse
3256 1236 3342 1274 me
3371 1220 3588 1286 sinmlo,
3635 1230 3698 1275 et

2117 1314 2262 1368 aliud
2291 1323 2370 1368 est
2414 1312 2469 1366 in
2508 1314 2844 1368 conscientia
2904 1327 3043 1377 mea,
3089 1314 3262 1367 habeo
3300 1327 3407 1366 non
3464 1312 3694 1381 gloriam

2120 1403 2469 1468 mercenarii,
2496 1406 2589 1459 sed
2627 1404 2895 1473 supplicia
2944 1404 3263 1473 peccatoris.
3299 1402 3365 1457 Et
3393 1403 3447 1456 in
3476 1419 3697 1472 compa-

2119 1497 2330 1551 ratione
2378 1498 2613 1551 duorum
2642 1496 2929 1562 malorum,
2952 1495 3128 1549 levius
3158 1494 3357 1548 malum
3392 1504 3475 1549 est
3504 1506 3693 1564 aperte

2120 1603 2368 1657 peccare,
2390 1604 2553 1658 quam
2580 1586 2838 1642 simulare
2863 1597 2918 1641 et
2958 1586 3163 1656 tingere
3193 1588 3557 1642 sanctitatem.
3589 1585 3692 1642 Ve-

2120 1693 2238 1732 rum
2291 1689 2345 1732 et
2395 1677 2446 1731 in
2496 1678 2599 1733 hoc
2651 1678 2930 1747 prolectus
2968 1687 3054 1731 est
3090 1676 3269 1739 Moab,
3316 1685 3375 1729 ut
3418 1678 3507 1743 qui
3538 1677 3692 1743 prius

431 1760 543 1816 ciat
572 1774 736 1833 atque
770 1764 1108 1835 compendio.
1164 1762 1358 1819 Omnis
1406 1765 1553 1820 enim
1612 1769 2004 1833 mercenarius,
2044 1763 2088 1816 Β
2113 1767 2312 1821 multus
2332 1766 2536 1820 erroris
2562 1766 2648 1819 sui
2679 1764 2911 1820 habebat
2931 1766 3177 1828 comites,
3204 1773 3388 1831 postea
3413 1764 3692 1834 redigatur

430 1863 485 1908 et
515 1856 603 1925 qui
643 1871 746 1910 non
782 1868 863 1911 est
912 1864 1117 1923 pastor,
1164 1857 1325 1925 cujus
1360 1872 1464 1911 non
1518 1868 1647 1913 sunt
1680 1874 1829 1924 oves,
1879 1875 2004 1914 cum

433 1945 627 1999 viderit
678 1947 856 2015 lupum
893 1949 1202 2003 venientem
1258 1948 1415 2019 fugit,
1458 1949 1586 2017 quia
1640 1951 2011 2005 mercenarius

432 2046 536 2103 est,
559 2046 615 2092 et
647 2053 775 2092 oves
805 2038 871 2092 ad
899 2053 1023 2093 eum
1058 2053 1163 2093 non
1204 2039 1475 2106 pertinent
1514 2038 1698 2111 (Joan.
1727 2040 1805 2109 x).
1834 2040 2006 2107 Quam

2114 1860 2180 1913 ad
2234 1873 2480 1928 paucos;
2514 1858 2597 1912 vel
2627 1857 2721 1927 qui
2774 1858 2927 1925 prius
2973 1857 3177 1912 multus
3206 1866 3325 1910 erat
3373 1854 3427 1909 in
3477 1855 3687 1911 divitiis

2115 1959 2483 2019 peccatorum,
2517 1956 2639 2017 post
2670 1948 3042 2015 pteuitentiam
3079 1961 3275 2018 parvus
3300 1954 3357 2002 et
3381 1960 3583 2017 pauper
3611 1948 3688 2001 sit

2114 2041 2169 2094 in
2207 2040 2431 2094 malitia.

506 2195 520 2224 ‘
558 2192 730 2251 Vatic.
760 2211 775 2250 :
807 2194 1191 2251 Mercenarium
1229 2196 1519 2249 sacerdotis
1558 2197 1621 2249 de
1661 2196 1858 2250 sanctis
1906 2212 2010 2251 non
2050 2196 2464 2260 comedere;ted
2488 2212 2687 2261 servor,
2716 2207 2822 2251 etc.

1521 2570 1884 2662 LIBER
1973 2565 2609 2660 SEPTIMUS.

494 2972 860 3043 277-278
889 2972 1168 3043 Septimus
1197 2972 1333 3027 liber
1360 2971 1502 3026 idem
1532 2972 1685 3040 juxta
1717 2946 1997 3043 anagogen

2113 2966 2247 3021 viris
2283 2973 2471 3020 contra
2504 2963 2695 3019 Judam
2737 2972 2792 3019 et
2815 2964 3140 3028 Jerusalem,
3197 2961 3287 3030 qui
3345 2960 3679 3031 reliquerant

416 3065 701 3120 "secundus
752 3071 858 3130 est,
913 3064 1024 3119 imo
1053 3071 1348 3120 extremus.
1393 3062 1454 3117 In
1487 3064 1590 3117 hoc
1632 3064 1779 3119 enim
1814 3065 1996 3119 decem
2024 3084 2068 3142 ο
2106 3056 2392 3113 Dominum
2427 3073 2441 3110 :
2477 3064 2531 3110 et
2566 3071 2753 3111 omnes
2784 3070 2972 3109 eorum
3006 3054 3138 3125 legis
3190 3068 3251 3107 ac
3290 3054 3675 3123 prapbetarum

428 3155 698 3209 visionum
729 3154 1059 3225 tropologica
1094 3153 1406 3224 explanatio
1444 3153 1806 3208 terminatur:
1835 3167 1996 3223 quem

429 3244 541 3315 [ΑΙ.
572 3243 760 3315 quam]
818 3260 940 3299 cum
1011 3246 1141 3310 tuis,
1187 3244 1565 3310 Eustochium,
1609 3244 1882 3313 precibus,
1944 3255 1999 3299 et

426 3336 649 3391 Christo
691 3335 990 3397 auxiliante
1040 3336 1407 3406 complevere,
1466 3335 1680 3393 veniam
1736 3336 1802 3389 ad
1843 3344 1996 3390 octa-

426 3446 576 3496 vum,
620 3441 674 3485 et
725 3440 1007 3500 utramque
1068 3432 1509 3501 explanationem
1556 3432 1711 3499 juxta
1764 3428 1993 3499 priores,

423 3535 592 3591 usque
617 3524 686 3576 ad
717 3531 993 3592 quartum,
1018 3522 1206 3587 libros,
1240 3523 1449 3593 pariter
1476 3521 1783 3590 explicabo.

493 3612 653 3683 (Cap.
707 3611 872 3668 XVII.
920 3643 992 3653 —
1050 3611 1209 3668 Vera.
1256 3614 1336 3682 I.)
1384 3631 1404 3664 ι
1447 3612 1595 3667 unus
1650 3611 1918 3667 Damasci.
1966 3629 1988 3663 ι

422 3704 781 3775 Symmachus
814 3714 869 3761 et
893 3704 1218 3771 Theodotio,
1251 3723 1271 3757 ι
1307 3704 1625 3775 Assumptio
1650 3703 1933 3759 Damasci:
1965 3723 1987 3755 ι

419 3797 564 3855 LXX
594 3815 611 3856 :
642 3817 661 3852 ι
700 3798 940 3859 Verbum
971 3807 1160 3854 contra
1184 3798 1527 3864 Damascum,
1574 3816 1595 3851 ι
1634 3796 1895 3851 addentes
1924 3796 1993 3852 de

415 3906 539 3956 suo,
569 3892 713 3962 quod
764 3892 818 3945 in
864 3890 1019 3945 Moab
1054 3890 1237 3946 fecere
1280 3891 1568 3961 principio.
1598 3888 1848 3943 Damasci
1877 3889 1986 3957 pri-

416 3995 565 4036 mum
612 3996 806 4036 nomen
844 3981 897 4035 in
929 3981 1123 4037 Genesi
1159 3982 1407 4051 legimus,
1431 3981 1520 4049 qui
1553 3992 1679 4034 ante
1710 3977 1859 4031 Isaac
1888 3978 1990 4032 fuit

413 4071 738 4126 vernaculus
765 4070 1059 4137 Abraham,
1083 4079 1137 4125 et
1167 4071 1461 4139 putabatur
1490 4071 1684 4128 haeres.
1718 4068 1821 4122 nisi
1846 4076 1989 4121 esset

416 4155 569 4212 8am
617 4158 758 4212 ﬁlius
807 4174 874 4211 ex
914 4158 1273 4227 promissione
1327 4166 1615 4226 generatus
1673 4155 1824 4227 (Gen.
1872 4155 1982 4225 xv).

410 4248 799 4317 Interpretatur
827 4259 1005 4305 autem
1033 4260 1127 4305 aut
1149 4250 1419 4320 sanguinis
1452 4248 1709 4310 osculum,
1743 4259 1834 4304 aut
1858 4266 1983 4302 aun—

365 4356 369 4361 ‘
410 4341 621 4411 guinem
656 4341 852 4406 bibens,
873 4342 1194 4411 autsanguis
1215 4342 1400 4407 cilicii,
1429 4355 1549 4409 quae
1572 4340 1753 4394 omnia
1785 4341 1983 4409 populo

2105 3146 2648 3210 abstulere’divitias,
2687 3155 2741 3201 et
2786 3145 3047 3201 miserunt
3085 3144 3193 3214 regi
3226 3142 3493 3207 Damasci,
3527 3143 3681 3196 viros

2102 3238 2311 3294 scilicet
2338 3237 2743 3293 ecclesiasticos
2794 3248 2848 3292 et
2882 3238 3143 3291 doctrinae
3202 3235 3552 3305 evangelicae,
3579 3233 3675 3303 qui

2101 3327 2170 3383 ad
2204 3329 2667 3399 comparationem
2711 3329 2877 3383 totius
2932 3328 3139 3395 mundi,
3167 3326 3346 3381 adhuc
3386 3337 3514 3381 tunc
3547 3326 3667 3379 inli-

2097 3420 2330 3486 dclis,et
2360 3421 2413 3474 in
2448 3429 2563 3475 toto
2593 3420 2725 3474 orbe
2757 3418 3122 3487 dispersorum
3153 3415 3484 3481 Iudaeorum,
3510 3414 3667 3485 pauci

2096 3522 2243 3568 erant
2276 3529 2291 3580 ;
2327 3522 2379 3567 et
2409 3522 2587 3565 tamen
2613 3510 2873 3565 Dominus
2901 3508 3119 3563 tradidit
3141 3506 3443 3562 Jerusalem
3473 3507 3525 3559 in
3554 3520 3667 3560 ωδε

2096 3606 2257 3662 nibus
2290 3621 2499 3669 eorum,
2541 3620 2606 3659 eo
2652 3604 2795 3673 quod
2846 3600 3265 3670 dereliquissent
3316 3598 3410 3653 Dei
3447 3594 3665 3664 Filium,

2094 3700 2188 3767 qui
2220 3713 2312 3767 per
2336 3700 2626 3769 prophetas
2650 3707 2776 3751 ante
2801 3696 3096 3764 prazdictus
3125 3702 3207 3749 est
3229 3693 3369 3763 (Act.
3399 3692 3496 3762 ιι).
3522 3690 3667 3760 Ilrgo

2099 3789 2111 3859 |
2124 3789 2261 3858 forte
2287 3787 2422 3860 Ego]
2456 3790 2526 3843 ob
2583 3788 2720 3841 hanc
2768 3801 2987 3841 causam
3022 3800 3163 3849 reor,
3198 3793 3252 3838 et
3300 3783 3546 3848 Saulum,
3570 3783 3662 3852 qui

2093 3891 2278 3949 postea
2312 3879 2464 3934 Pauli
2497 3893 2563 3933 ex
2599 3879 2797 3932 virtute
2832 3892 3025 3931 nomen
3060 3878 3293 3945 accepit,
3322 3876 3447 3945 quia
3495 3891 3594 3929 tem
3611 3889 3669 3927 :-

2093 3974 2231 4027 lator
2285 3983 2405 4026 erat
2438 3969 2592 4039 legis,
2625 3970 2733 4023 isse
2760 3968 3109 4033 Damascum,
3141 3976 3195 4022 et
3220 3977 3406 4022 contra
3435 3965 3663 4021 creden-

2094 4076 2171 4119 tes
2209 4078 2273 4117 ex
2313 4062 2563 4133 gentibus
2617 4077 2859 4131 pugnare
2911 4062 3172 4126 voluisse,
3204 4061 3384 4130 ibique
3437 4073 3663 4128 supera-

2091 4168 2222 4221 tum,
2274 4170 2370 4211 eos
2424 4164 2667 4209 secutum
2715 4158 2808 4223 qui
2866 4154 2917 4207 in
2966 4154 3231 4208 Damasco
3287 4152 3660 4215 versabantur,

2088 4257 2145 4301 ut
2202 4247 2330 4301 inde
2382 4260 2596 4299 rursum
2654 4244 2954 4300 Jerusalem
3000 4244 3214 4301 Iudaeos
3254 4256 3661 4316 expugnaturus

2086 4338 2424 4391 ascenderet.
2462 4334 2572 4391 Nec
2611 4335 2772 4390 alicui
2809 4337 3053 4392 videatur
3080 4352 3199 4393 esse
3229 4338 3581 4402 contrarium,
3609 4337 3657 4390 si

410 4432 747 4486 conveniunt
794 4432 1171 4498 Ethnicomm,
1214 4432 1307 4500 qui
1360 4442 1487 4485 ante
1545 4432 1706 4485 ﬁdem
1758 4430 1981 4490 Christi.
2015 4423 2062 4481 υ
2093 4427 2146 4480 in
2182 4428 2627 4497 Paralipomenon
2677 4428 2817 4483 libro
2848 4431 2969 4483 laeta
3021 4429 3085 4484 de
3118 4429 3402 4495 Damasco,
3429 4441 3483 4482 et
3515 4446 3659 4481 nunc

417 4518 629 4571 amicus
649 4528 768 4571 erat
789 4520 1072 4587 sanguinis
1092 4528 1146 4572 et
1173 4519 1531 4585 crudelitatis,
1553 4531 1603 4573 et
1634 4520 1794 4587 digna
1823 4534 1985 4587 Opera

410 4610 626 4681 planctu
678 4612 872 4676 agebat
918 4620 972 4666 et
1000 4626 1180 4666 sacco.
1215 4610 1272 4664 In
1306 4611 1526 4666 Dierum
1561 4613 1699 4665 libro
1733 4611 1819 4681 (11
1850 4611 1979 4667 Par.

404 4699 556 4761 utr)
581 4709 770 4755 narrat
799 4701 1053 4765 historia,
1086 4703 1226 4771 quod
1266 4703 1485 4773 impleto
1510 4719 1654 4757 anno
1677 4706 1985 4760 ascenderit

404 4800 595 4846 contra
632 4790 758 4849 Joas
790 4809 971 4864 regem
1020 4792 1169 4848 Iuda:
1201 4797 1470 4849 exercitus
1507 4794 1695 4863 Syriae,
1730 4805 1783 4849 et
1814 4812 1980 4850 vene-

404 4883 479 4938 rit
513 4884 568 4939 in
604 4884 931 4952 Jerusalem,
956 4894 1011 4942 et
1038 4902 1228 4943 omnes
1285 4886 1557 4957 principes
1590 4888 1771 4956 populi
1809 4888 1980 4943 inter-

402 4974 614 5042 fecerit,
641 4989 1007 5049 cunctamque
1042 4981 1277 5047 prmdam
1315 4980 1522 5033 miserit
1552 4979 1667 5050 regi
1706 4978 1975 5045 Damasci,

406 5069 501 5132 qui
538 5083 661 5120 cum
716 5072 901 5137 paucis
948 5071 1083 5124 viris
1122 5080 1377 5123 venerat:
1410 5080 1464 5123 et
1494 5067 1637 5123 Deus
1677 5071 1977 5123 tradiderat

403 5157 461 5211 in
505 5174 662 5212 manu
697 5176 887 5215 eorum
943 5162 1343 5216 multitudinem
1396 5176 1647 5228 magnam
1687 5162 1869 5225 nimis,
1908 5177 1976 5216 eo

400 5249 549 5314 quod
581 5250 931 5320 reliquissent
963 5252 1251 5306 Dominum
1282 5252 1446 5306 Deum
1475 5262 1685 5321 patrum
1708 5268 1969 5307 suorum:

399 5341 545 5409 quod
578 5339 731 5407 juxta
766 5357 1043 5413 anagogen
1090 5353 1145 5398 et
1177 5343 1481 5397 futurorum
1518 5353 1699 5412 typum
1722 5346 1973 5399 conside-

403 5432 635 5486 randum
693 5444 797 5497 est,
821 5444 1002 5487 utrum
1035 5436 1099 5488 ad
1132 5445 1348 5503 tempus
1398 5435 1667 5489 Dominici
1704 5437 1971 5492 adventus

405 5519 614 5575 referre
637 5522 933 5577 valeamus.
963 5522 1090 5577 POSt
1124 5525 1284 5577 ﬁnem
1314 5524 1458 5578 enim
1492 5525 1618 5577 anni
1657 5525 1965 5593 acceptabi—

394 5610 547 5678 Iis,in
579 5629 687 5683 quo
719 5630 749 5668 a
784 5615 1066 5668 Salvatore
1096 5624 1177 5669 est
1204 5613 1556 5685 Evangelium
1594 5617 1965 5686 praedicatum,

394 5704 641 5757 ascendit
672 5705 739 5759 de
772 5704 1031 5761 Damasco
1064 5704 1304 5773 gentium
1354 5707 1625 5765 exercitus
1673 5708 1729 5760 in
1776 5708 1967 5777 paucis

2090 4519 2140 4571 iu
2171 4518 2308 4573 Isaia
2359 4521 2535 4575 tristia
2593 4521 2985 4590 praedicuntur:
3012 4522 3137 4591 quia
3161 4530 3213 4573 et
3236 4522 3301 4574 de
3326 4523 3442 4589 ipso
3464 4520 3652 4580 Israel,

2087 4610 2177 4677 qui
2212 4620 2359 4663 certe
2382 4612 2560 4678 partio
2600 4610 2691 4663 Dei
2724 4622 2825 4673 est,
2859 4627 3001 4665 nunc
3050 4612 3295 4671 adversa,
3334 4626 3473 4663 nunc
3524 4626 3651 4679 pro—

2083 4715 2242 4769 spera
2273 4702 2611 4756 nuntiantur.
2636 4701 2701 4755 Et
2736 4703 3009 4771 quomodo
3039 4702 3105 4757 ad
3144 4703 3312 4758 Israel
3346 4704 3495 4773 juxta
3531 4718 3650 4757 car-

2083 4808 2231 4858 nem,
2257 4802 2313 4847 et
2333 4796 2401 4849 ad
2417 4805 2605 4866 gentes
2630 4795 2829 4849 dicitur
2852 4813 2868 4850 :
2894 4797 3002 4851 Vos
3029 4806 3216 4865 gentes
3234 4796 3387 4865 juxta
3409 4810 3651 4857 carnem,

2081 4888 2176 4954 qui
2208 4885 2451 4940 dicimini
2506 4888 2830 4955 prteputium
2866 4889 2935 4941 ab
2978 4904 3040 4942 ea
3090 4904 3212 4958 quae
3255 4888 3560 4957 appellatur
3595 4886 3649 4939 in

2078 4988 2247 5029 carne
2284 4978 2626 5031 circumcisio
2664 4994 2679 5032 :
2712 4977 2796 5031 sie
2844 4981 3155 5033 econtrario
3188 4991 3271 5034 est
3303 4980 3467 5033 Israel
3490 4979 3647 5047 juxta

2080 5066 2355 5131 spiritum,
2381 5076 2437 5120 et
2492 5079 2618 5122 sunt
2676 5079 2865 5138 gentes
2920 5071 3075 5139 juxta
3114 5073 3383 5141 spiritum,
3410 5080 3463 5125 et
3503 5070 3647 5124 inter

2077 5167 2306 5211 crateras
2354 5168 2545 5226 gentes
2600 5170 2683 5213 est
2720 5160 3017 5217 Damascus
3066 5158 3216 5234 juxta
3272 5164 3548 5232 spiritum,
3576 5179 3644 5219 uc

2078 5252 2281 5301 tantum
2312 5249 2552 5306 Jmlaicis
2580 5250 2778 5308 fabulis
2811 5256 3237 5322 acquiescamus.

2145 5340 2326 5403 (νει-ε.
2374 5342 2397 5393 1
2452 5345 2630 5413 seqq.)
2663 5362 2682 5396 ε
2718 5344 2855 5400 Ecce
2910 5348 3204 5403 Damascus
3257 5349 3465 5402 desinet
3518 5362 3643 5403 esse

2070 5432 2283 5498 civitas,
2324 5444 2376 5487 et
2403 5436 2506 5488 erit
2536 5439 2669 5491 sicut
2704 5452 2929 5493 acervus
2954 5440 3185 5508 lapidum
3224 5441 3277 5493 in
3312 5441 3486 5495 ruina.
3537 5443 3641 5495 De-

2073 5524 2275 5579 relictac
2334 5527 2579 5582 civitates
2640 5532 2812 5584 Aroer
2865 5532 3114 5602 gregibus
3164 5543 3344 5598 erunt,
3379 5533 3641 5601 etrequi-

2070 5627 2255 5671 esceut
2316 5619 2410 5683 ibi,
2473 5633 2528 5674 et
2578 5638 2682 5676 non
2742 5628 2845 5678 crit
2892 5626 2983 5693 qui
3012 5635 3377 5690 cxterreat,ct
3404 5627 3638 5680 cessabit

2066 5708 2394 5777 adjutorium
2422 5717 2489 5767 ab
2514 5715 2791 5783 Ephraim,
2824 5727 2872 5770 et
2912 5732 3130 5787 regnum
3179 5722 3245 5774 de
3277 5719 3556 5781 Datnascn,
3582 5729 3639 5772 et
