  <div class='ocr_page' id='page_1' title='image "/cluster/home/n/w/nwhite01/storage/ocr_20150623/24/hvd.32044096580485/130.png"; bbox 0 0 3972 6198; ppageno 0'>
   <div class='ocr_carea' id='block_1_1' title="bbox 233 313 350 376">
    <p class='ocr_par' dir='ltr' id='par_1_1' title="bbox 233 313 350 376">
     <span class='ocr_line' id='line_1_1' title="bbox 233 313 350 376; baseline 0 0"><span class='ocrx_word' id='word_1_1' title='bbox 233 313 350 376; x_wconf 71' lang='grc'><strong>249</strong></span> 
     </span>
    </p>
   </div>
   <div class='ocr_carea' id='block_1_2' title="bbox 786 310 3000 384">
    <p class='ocr_par' dir='ltr' id='par_1_2' title="bbox 786 310 3000 384">
     <span class='ocr_line' id='line_1_2' title="bbox 786 310 3000 384; baseline 0.003 -14"><span class='ocrx_word' id='word_1_2' title='bbox 786 312 1281 372; x_wconf 74' lang='lat' dir='ltr'><strong>COMMENTAR.</strong></span> <span class='ocrx_word' id='word_1_3' title='bbox 1324 312 1404 372; x_wconf 82' lang='lat' dir='ltr'><strong>IN</strong></span> <span class='ocrx_word' id='word_1_4' title='bbox 1449 313 1714 373; x_wconf 75' lang='lat' dir='ltr'><strong>ISAIAM</strong></span> <span class='ocrx_word' id='word_1_5' title='bbox 1754 312 2217 374; x_wconf 74' lang='lat' dir='ltr'><strong>PROPHE’I&#39;AM</strong></span> <span class='ocrx_word' id='word_1_6' title='bbox 2261 310 2406 375; x_wconf 83' lang='lat' dir='ltr'><strong>LIB.</strong></span> <span class='ocrx_word' id='word_1_7' title='bbox 2448 314 2578 384; x_wconf 78' lang='lat' dir='ltr'><strong>VII,</strong></span> <span class='ocrx_word' id='word_1_8' title='bbox 2608 313 2764 374; x_wconf 78' lang='lat' dir='ltr'><strong>CAP.</strong></span> <span class='ocrx_word' id='word_1_9' title='bbox 2808 313 3000 376; x_wconf 82' lang='lat' dir='ltr'><strong>XVII.</strong></span> 
     </span>
    </p>
   </div>
   <div class='ocr_carea' id='block_1_3' title="bbox 3403 318 3514 383">
    <p class='ocr_par' dir='ltr' id='par_1_3' title="bbox 3403 318 3514 383">
     <span class='ocr_line' id='line_1_3' title="bbox 3403 318 3514 383; baseline 0.027 -3"><span class='ocrx_word' id='word_1_10' title='bbox 3403 318 3514 383; x_wconf 79' lang='lat'><strong>250</strong></span> 
     </span>
    </p>
   </div>
   <div class='ocr_carea' id='block_1_4' title="bbox 244 417 3507 500">
    <p class='ocr_par' dir='ltr' id='par_1_4' title="bbox 244 417 3507 500">
     <span class='ocr_line' id='line_1_4' title="bbox 244 417 3507 500; baseline 0.001 -18"><span class='ocrx_word' id='word_1_11' title='bbox 244 425 495 496; x_wconf 69' lang='lat' dir='ltr'><strong>reiiquize</strong></span> <span class='ocrx_word' id='word_1_12' title='bbox 539 424 733 496; x_wconf 62' lang='lat' dir='ltr'><strong>Syriae,</strong></span> <span class='ocrx_word' id='word_1_13' title='bbox 781 426 926 481; x_wconf 91' lang='lat' dir='ltr'><strong>sicut</strong></span> <span class='ocrx_word' id='word_1_14' title='bbox 970 426 1139 496; x_wconf 87' lang='lat' dir='ltr'><strong>gloria</strong></span> <span class='ocrx_word' id='word_1_15' title='bbox 1179 425 1413 481; x_wconf 81' lang='lat' dir='ltr'><strong>ﬁliorum</strong></span> <span class='ocrx_word' id='word_1_16' title='bbox 1447 425 1608 481; x_wconf 81' lang='lat' dir='ltr'><strong>lsrael</strong></span> <span class='ocrx_word' id='word_1_17' title='bbox 1640 433 1821 488; x_wconf 90' lang='lat' dir='ltr'><strong>erunt,</strong></span> <span class='ocrx_word' id='word_1_18' title='bbox 1855 433 1900 490; x_wconf 74' lang='grc' dir='ltr'><strong>Α</strong></span> <span class='ocrx_word' id='word_1_19' title='bbox 1931 427 2152 492; x_wconf 78' lang='lat' dir='ltr'><strong>iuerint,</strong></span> <span class='ocrx_word' id='word_1_20' title='bbox 2178 427 2317 482; x_wconf 88' lang='lat' dir='ltr'><strong>sicut</strong></span> <span class='ocrx_word' id='word_1_21' title='bbox 2347 427 2619 496; x_wconf 87' lang='lat' dir='ltr'><strong>quondam</strong></span> <span class='ocrx_word' id='word_1_22' title='bbox 2652 425 2830 481; x_wconf 76' lang='lat' dir='ltr'><strong>fuerat</strong></span> <span class='ocrx_word' id='word_1_23' title='bbox 2863 427 3035 496; x_wconf 87' lang='lat' dir='ltr'><strong>gloria</strong></span> <span class='ocrx_word' id='word_1_24' title='bbox 3063 417 3290 484; x_wconf 79' lang='lat' dir='ltr'><strong>lilioritm</strong></span> <span class='ocrx_word' id='word_1_25' title='bbox 3319 434 3507 500; x_wconf 81' lang='lat' dir='ltr'><strong>Israel,</strong></span> 
     </span>
    </p>
   </div>
   <div class='ocr_carea' id='block_1_5' title="bbox 243 517 1826 585">
    <p class='ocr_par' dir='ltr' id='par_1_5' title="bbox 243 517 1826 585">
     <span class='ocr_line' id='line_1_5' title="bbox 243 517 1826 585; baseline -0.001 -13"><span class='ocrx_word' id='word_1_26' title='bbox 243 519 382 574; x_wconf 82' lang='lat' dir='ltr'><strong>dicit</strong></span> <span class='ocrx_word' id='word_1_27' title='bbox 407 519 668 573; x_wconf 82' lang='lat' dir='ltr'><strong>Dominus</strong></span> <span class='ocrx_word' id='word_1_28' title='bbox 705 520 1064 573; x_wconf 87' lang='lat' dir='ltr'><strong>exercituum.</strong></span> <span class='ocrx_word' id='word_1_29' title='bbox 1096 538 1118 569; x_wconf 69' lang='grc' dir='ltr'><strong><em>ο</em></strong></span> <span class='ocrx_word' id='word_1_30' title='bbox 1153 517 1304 585; x_wconf 72' lang='lat' dir='ltr'><strong>Sicut</strong></span> <span class='ocrx_word' id='word_1_31' title='bbox 1328 517 1383 572; x_wconf 92' lang='lat' dir='ltr'><strong>in</strong></span> <span class='ocrx_word' id='word_1_32' title='bbox 1412 517 1566 572; x_wconf 93' lang='lat' dir='ltr'><strong>titulo</strong></span> <span class='ocrx_word' id='word_1_33' title='bbox 1600 517 1826 572; x_wconf 86' lang='lat' dir='ltr'><strong>demon-</strong></span> 
     </span>
    </p>
   </div>
   <div class='ocr_carea' id='block_1_6' title="bbox 240 608 1824 680">
    <p class='ocr_par' dir='ltr' id='par_1_6' title="bbox 240 608 1824 680">
     <span class='ocr_line' id='line_1_6' title="bbox 240 608 1824 680; baseline -0.004 -14"><span class='ocrx_word' id='word_1_34' title='bbox 240 621 475 666; x_wconf 83' lang='lat' dir='ltr'><strong>stratum</strong></span> <span class='ocrx_word' id='word_1_35' title='bbox 498 621 603 676; x_wconf 86' lang='lat' dir='ltr'><strong>est,</strong></span> <span class='ocrx_word' id='word_1_36' title='bbox 636 626 730 680; x_wconf 87' lang='lat' dir='ltr'><strong>per</strong></span> <span class='ocrx_word' id='word_1_37' title='bbox 754 609 1073 666; x_wconf 80' lang='lat' dir='ltr'><strong>Damascum</strong></span> <span class='ocrx_word' id='word_1_38' title='bbox 1107 610 1317 664; x_wconf 88' lang='lat' dir='ltr'><strong>vocatio</strong></span> <span class='ocrx_word' id='word_1_39' title='bbox 1341 609 1584 678; x_wconf 90' lang='lat' dir='ltr'><strong>gentium</strong></span> <span class='ocrx_word' id='word_1_40' title='bbox 1612 608 1824 677; x_wconf 83' lang='lat' dir='ltr'><strong>signiti-</strong></span> 
     </span>
    </p>
   </div>
   <div class='ocr_carea' id='block_1_7' title="bbox 236 701 1828 774">
    <p class='ocr_par' dir='ltr' id='par_1_7' title="bbox 236 701 1828 774">
     <span class='ocr_line' id='line_1_7' title="bbox 236 701 1828 774; baseline -0.005 -14"><span class='ocrx_word' id='word_1_41' title='bbox 236 715 428 770; x_wconf 82' lang='lat' dir='ltr'><strong>catur,</strong></span> <span class='ocrx_word' id='word_1_42' title='bbox 463 719 581 774; x_wconf 76' lang='lat' dir='ltr'><strong>qua:</strong></span> <span class='ocrx_word' id='word_1_43' title='bbox 615 705 872 757; x_wconf 90' lang='lat' dir='ltr'><strong>amabant</strong></span> <span class='ocrx_word' id='word_1_44' title='bbox 912 703 994 756; x_wconf 95' lang='lat' dir='ltr'><strong>vel</strong></span> <span class='ocrx_word' id='word_1_45' title='bbox 1028 703 1284 756; x_wconf 81' lang='lat' dir='ltr'><strong>bibebam</strong></span> <span class='ocrx_word' id='word_1_46' title='bbox 1328 701 1672 770; x_wconf 86' lang='lat' dir='ltr'><strong>sanguinem,</strong></span> <span class='ocrx_word' id='word_1_47' title='bbox 1704 714 1828 768; x_wconf 73' lang='lat' dir='ltr'><strong>qua:</strong></span> 
     </span>
    </p>
   </div>
   <div class='ocr_carea' id='block_1_8' title="bbox 234 793 1829 865">
    <p class='ocr_par' dir='ltr' id='par_1_8' title="bbox 234 793 1829 865">
     <span class='ocr_line' id='line_1_8' title="bbox 234 793 1829 865; baseline -0.002 -18"><span class='ocrx_word' id='word_1_48' title='bbox 234 807 530 865; x_wconf 75' lang='lat' dir='ltr'><strong>postquam</strong></span> <span class='ocrx_word' id='word_1_49' title='bbox 582 795 636 848; x_wconf 90' lang='lat' dir='ltr'><strong>in</strong></span> <span class='ocrx_word' id='word_1_50' title='bbox 687 794 963 848; x_wconf 87' lang='lat' dir='ltr'><strong>Christum</strong></span> <span class='ocrx_word' id='word_1_51' title='bbox 1018 793 1370 856; x_wconf 86' lang='lat' dir='ltr'><strong>crediderint,</strong></span> <span class='ocrx_word' id='word_1_52' title='bbox 1418 793 1665 862; x_wconf 70' lang='lat' dir='ltr'><strong>pristina:</strong></span> <span class='ocrx_word' id='word_1_53' title='bbox 1697 807 1829 844; x_wconf 91' lang='lat' dir='ltr'><strong>con-</strong></span> 
     </span>
    </p>
   </div>
   <div class='ocr_carea' id='block_1_9' title="bbox 237 885 1832 955">
    <p class='ocr_par' dir='ltr' id='par_1_9' title="bbox 237 885 1832 955">
     <span class='ocr_line' id='line_1_9' title="bbox 237 885 1832 955; baseline -0.003 -18"><span class='ocrx_word' id='word_1_54' title='bbox 237 887 574 940; x_wconf 82' lang='lat' dir='ltr'><strong>versationis</strong></span> <span class='ocrx_word' id='word_1_55' title='bbox 617 885 783 955; x_wconf 72' lang='lat'><strong>279</strong></span> <span class='ocrx_word' id='word_1_56' title='bbox 829 886 1077 939; x_wconf 90' lang='lat' dir='ltr'><strong>civitates</strong></span> <span class='ocrx_word' id='word_1_57' title='bbox 1117 900 1240 940; x_wconf 86' lang='lat' dir='ltr'><strong>esse</strong></span> <span class='ocrx_word' id='word_1_58' title='bbox 1285 885 1566 948; x_wconf 89' lang='lat' dir='ltr'><strong>desistent,</strong></span> <span class='ocrx_word' id='word_1_59' title='bbox 1596 893 1650 936; x_wconf 93' lang='lat' dir='ltr'><strong>et</strong></span> <span class='ocrx_word' id='word_1_60' title='bbox 1673 890 1832 937; x_wconf 80' lang='lat' dir='ltr'><strong>ortint</strong></span> 
     </span>
    </p>
   </div>
   <div class='ocr_carea' id='block_1_10' title="bbox 236 971 1831 1042">
    <p class='ocr_par' dir='ltr' id='par_1_10' title="bbox 236 971 1831 1042">
     <span class='ocr_line' id='line_1_10' title="bbox 236 971 1831 1042; baseline -0.005 -11"><span class='ocrx_word' id='word_1_61' title='bbox 236 977 396 1031; x_wconf 81' lang='lat' dir='ltr'><strong>sicut</strong></span> <span class='ocrx_word' id='word_1_62' title='bbox 439 989 665 1029; x_wconf 78' lang='lat' dir='ltr'><strong>acervus</strong></span> <span class='ocrx_word' id='word_1_63' title='bbox 721 974 955 1042; x_wconf 84' lang='lat' dir='ltr'><strong>lapidum</strong></span> <span class='ocrx_word' id='word_1_64' title='bbox 1020 973 1074 1027; x_wconf 93' lang='lat' dir='ltr'><strong>in</strong></span> <span class='ocrx_word' id='word_1_65' title='bbox 1121 973 1304 1028; x_wconf 82' lang='lat' dir='ltr'><strong>ruina.</strong></span> <span class='ocrx_word' id='word_1_66' title='bbox 1361 973 1641 1040; x_wconf 84' lang='lat' dir='ltr'><strong>Quomodo</strong></span> <span class='ocrx_word' id='word_1_67' title='bbox 1684 971 1831 1026; x_wconf 86' lang='lat' dir='ltr'><strong>enim</strong></span> 
     </span>
    </p>
   </div>
   <div class='ocr_carea' id='block_1_11' title="bbox 240 1065 1830 1134">
    <p class='ocr_par' dir='ltr' id='par_1_11' title="bbox 240 1065 1830 1134">
     <span class='ocr_line' id='line_1_11' title="bbox 240 1065 1830 1134; baseline -0.005 -12"><span class='ocrx_word' id='word_1_68' title='bbox 240 1069 435 1122; x_wconf 82' lang='lat' dir='ltr'><strong>acervi</strong></span> <span class='ocrx_word' id='word_1_69' title='bbox 463 1067 727 1134; x_wconf 82' lang='lat' dir='ltr'><strong>lapidum.</strong></span> <span class='ocrx_word' id='word_1_70' title='bbox 751 1067 840 1133; x_wconf 88' lang='lat' dir='ltr'><strong>qui</strong></span> <span class='ocrx_word' id='word_1_71' title='bbox 877 1067 931 1119; x_wconf 90' lang='lat' dir='ltr'><strong>in</strong></span> <span class='ocrx_word' id='word_1_72' title='bbox 966 1065 1110 1134; x_wconf 80' lang='lat' dir='ltr'><strong>agris</strong></span> <span class='ocrx_word' id='word_1_73' title='bbox 1149 1066 1374 1134; x_wconf 80' lang='lat' dir='ltr'><strong>dispersi</strong></span> <span class='ocrx_word' id='word_1_74' title='bbox 1405 1074 1551 1128; x_wconf 89' lang='lat' dir='ltr'><strong>sunt,</strong></span> <span class='ocrx_word' id='word_1_75' title='bbox 1582 1065 1634 1116; x_wconf 91' lang='lat' dir='ltr'><strong>in</strong></span> <span class='ocrx_word' id='word_1_76' title='bbox 1666 1077 1830 1116; x_wconf 90' lang='lat' dir='ltr'><strong>unum</strong></span> 
     </span>
    </p>
   </div>
   <div class='ocr_carea' id='block_1_12' title="bbox 241 1155 1833 1226">
    <p class='ocr_par' dir='ltr' id='par_1_12' title="bbox 241 1155 1833 1226">
     <span class='ocr_line' id='line_1_12' title="bbox 241 1155 1833 1226; baseline -0.003 -13"><span class='ocrx_word' id='word_1_77' title='bbox 241 1159 519 1214; x_wconf 86' lang='lat' dir='ltr'><strong>tumulum</strong></span> <span class='ocrx_word' id='word_1_78' title='bbox 546 1167 954 1226; x_wconf 80' lang='lat' dir='ltr'><strong>componantur</strong></span> <span class='ocrx_word' id='word_1_79' title='bbox 983 1173 1000 1210; x_wconf 89' lang='lat'><strong>:</strong></span> <span class='ocrx_word' id='word_1_80' title='bbox 1032 1157 1111 1210; x_wconf 88' lang='lat' dir='ltr'><strong>sic</strong></span> <span class='ocrx_word' id='word_1_81' title='bbox 1139 1157 1202 1209; x_wconf 90' lang='lat' dir='ltr'><strong>de</strong></span> <span class='ocrx_word' id='word_1_82' title='bbox 1224 1155 1491 1210; x_wconf 82' lang='lat' dir='ltr'><strong>universis</strong></span> <span class='ocrx_word' id='word_1_83' title='bbox 1519 1155 1833 1208; x_wconf 83' lang='lat' dir='ltr'><strong>nationibus</strong></span> 
     </span>
    </p>
   </div>
   <div class='ocr_carea' id='block_1_13' title="bbox 243 1243 1827 1316">
    <p class='ocr_par' dir='ltr' id='par_1_13' title="bbox 243 1243 1827 1316">
     <span class='ocr_line' id='line_1_13' title="bbox 243 1243 1827 1316; baseline -0.003 -13"><span class='ocrx_word' id='word_1_84' title='bbox 243 1265 486 1303; x_wconf 85' lang='lat' dir='ltr'><strong>acervus</strong></span> <span class='ocrx_word' id='word_1_85' title='bbox 515 1249 847 1302; x_wconf 89' lang='lat' dir='ltr'><strong>credentium</strong></span> <span class='ocrx_word' id='word_1_86' title='bbox 871 1257 1227 1316; x_wconf 80' lang='lat' dir='ltr'><strong>congregatus</strong></span> <span class='ocrx_word' id='word_1_87' title='bbox 1257 1255 1337 1299; x_wconf 91' lang='lat' dir='ltr'><strong>est</strong></span> <span class='ocrx_word' id='word_1_88' title='bbox 1370 1245 1426 1298; x_wconf 90' lang='lat' dir='ltr'><strong>in</strong></span> <span class='ocrx_word' id='word_1_89' title='bbox 1457 1246 1610 1299; x_wconf 90' lang='lat' dir='ltr'><strong>ruina</strong></span> <span class='ocrx_word' id='word_1_90' title='bbox 1640 1243 1827 1313; x_wconf 89' lang='lat' dir='ltr'><strong>populi</strong></span> 
     </span>
    </p>
   </div>
   <div class='ocr_carea' id='block_1_14' title="bbox 239 1335 1828 1405">
    <p class='ocr_par' dir='ltr' id='par_1_14' title="bbox 239 1335 1828 1405">
     <span class='ocr_line' id='line_1_14' title="bbox 239 1335 1828 1405; baseline -0.004 -11"><span class='ocrx_word' id='word_1_91' title='bbox 239 1339 580 1402; x_wconf 69' lang='lat' dir='ltr'><strong>Jutlzeornm,</strong></span> <span class='ocrx_word' id='word_1_92' title='bbox 628 1339 736 1392; x_wconf 86' lang='lat' dir='ltr'><strong>illis</strong></span> <span class='ocrx_word' id='word_1_93' title='bbox 771 1337 1116 1402; x_wconf 84' lang='lat' dir='ltr'><strong>cadentibus,</strong></span> <span class='ocrx_word' id='word_1_94' title='bbox 1163 1346 1224 1390; x_wconf 87' lang='lat' dir='ltr'><strong>et.</strong></span> <span class='ocrx_word' id='word_1_95' title='bbox 1257 1335 1416 1391; x_wconf 83' lang='lat' dir='ltr'><strong>nobis</strong></span> <span class='ocrx_word' id='word_1_96' title='bbox 1457 1337 1828 1405; x_wconf 82' lang='lat' dir='ltr'><strong>surgentibus.</strong></span> 
     </span>
    </p>
   </div>
   <div class='ocr_carea' id='block_1_15' title="bbox 241 1425 1830 1500">
    <p class='ocr_par' dir='ltr' id='par_1_15' title="bbox 241 1425 1830 1500">
     <span class='ocr_line' id='line_1_15' title="bbox 241 1425 1830 1500; baseline -0.003 -16"><span class='ocrx_word' id='word_1_97' title='bbox 241 1430 536 1484; x_wconf 68' lang='lat' dir='ltr'><strong>Derelietze</strong></span> <span class='ocrx_word' id='word_1_98' title='bbox 577 1443 792 1500; x_wconf 90' lang='lat' dir='ltr'><strong>quoque</strong></span> <span class='ocrx_word' id='word_1_99' title='bbox 829 1428 1084 1483; x_wconf 81' lang='lat' dir='ltr'><strong>civitates</strong></span> <span class='ocrx_word' id='word_1_100' title='bbox 1126 1443 1298 1482; x_wconf 65' lang='lat' dir='ltr'><strong>ssoen</strong></span> <span class='ocrx_word' id='word_1_101' title='bbox 1332 1425 1580 1497; x_wconf 56' lang='grc' dir='ltr'><strong>(πω-τα),</strong></span> <span class='ocrx_word' id='word_1_102' title='bbox 1629 1427 1682 1482; x_wconf 88' lang='lat' dir='ltr'><strong>id</strong></span> <span class='ocrx_word' id='word_1_103' title='bbox 1725 1435 1830 1492; x_wconf 89' lang='lat' dir='ltr'><strong>est,</strong></span> 
     </span>
    </p>
   </div>
   <div class='ocr_carea' id='block_1_16' title="bbox 243 1519 1836 1592">
    <p class='ocr_par' dir='ltr' id='par_1_16' title="bbox 243 1519 1836 1592">
     <span class='ocr_line' id='line_1_16' title="bbox 243 1519 1836 1592; baseline -0.001 -18"><span class='ocrx_word' id='word_1_104' title='bbox 243 1523 454 1592; x_wconf 65' lang='lat' dir='ltr'><strong>aegriee</strong></span> <span class='ocrx_word' id='word_1_105' title='bbox 508 1522 551 1584; x_wconf 77' lang='grc'><strong>⁸,</strong></span> <span class='ocrx_word' id='word_1_106' title='bbox 603 1519 989 1575; x_wconf 84' lang='lat' dir='ltr'><strong>ecclesiasticis</strong></span> <span class='ocrx_word' id='word_1_107' title='bbox 1046 1519 1298 1588; x_wconf 73' lang='lat' dir='ltr'><strong>gregibus</strong></span> <span class='ocrx_word' id='word_1_108' title='bbox 1359 1530 1539 1584; x_wconf 88' lang='lat' dir='ltr'><strong>erunt,</strong></span> <span class='ocrx_word' id='word_1_109' title='bbox 1591 1530 1652 1573; x_wconf 92' lang='lat' dir='ltr'><strong>ut</strong></span> <span class='ocrx_word' id='word_1_110' title='bbox 1699 1534 1836 1585; x_wconf 85' lang='lat' dir='ltr'><strong>quas</strong></span> 
     </span>
    </p>
   </div>
   <div class='ocr_carea' id='block_1_17' title="bbox 242 1612 1830 1676">
    <p class='ocr_par' dir='ltr' id='par_1_17' title="bbox 242 1612 1830 1676">
     <span class='ocr_line' id='line_1_17' title="bbox 242 1612 1830 1676; baseline -0.004 -6"><span class='ocrx_word' id='word_1_111' title='bbox 242 1615 423 1670; x_wconf 71' lang='grc' dir='ltr'><strong>,ιιιόεὶ</strong></span> <span class='ocrx_word' id='word_1_112' title='bbox 457 1613 839 1676; x_wconf 83' lang='lat' dir='ltr'><strong>deseruerunt,</strong></span> <span class='ocrx_word' id='word_1_113' title='bbox 882 1628 980 1672; x_wconf 86' lang='lat' dir='ltr'><strong>nos</strong></span> <span class='ocrx_word' id='word_1_114' title='bbox 1015 1612 1319 1666; x_wconf 89' lang='lat' dir='ltr'><strong>incolamus</strong></span> <span class='ocrx_word' id='word_1_115' title='bbox 1351 1631 1366 1666; x_wconf 90' lang='lat'>:</span> <span class='ocrx_word' id='word_1_116' title='bbox 1402 1613 1518 1666; x_wconf 89' lang='lat' dir='ltr'><strong>sive</strong></span> <span class='ocrx_word' id='word_1_117' title='bbox 1553 1612 1830 1665; x_wconf 83' lang='lat' dir='ltr'><strong>destructa</strong></span> 
     </span>
    </p>
   </div>
   <div class='ocr_carea' id='block_1_18' title="bbox 245 1700 1835 1772">
    <p class='ocr_par' dir='ltr' id='par_1_18' title="bbox 245 1700 1835 1772">
     <span class='ocr_line' id='line_1_18' title="bbox 245 1700 1835 1772; baseline -0.005 -12"><span class='ocrx_word' id='word_1_118' title='bbox 245 1705 554 1760; x_wconf 86' lang='lat' dir='ltr'><strong>idololatria</strong></span> <span class='ocrx_word' id='word_1_119' title='bbox 597 1712 912 1759; x_wconf 85' lang='lat' dir='ltr'><strong>exstruetur</strong></span> <span class='ocrx_word' id='word_1_120' title='bbox 958 1701 1330 1772; x_wconf 78' lang='lat' dir='ltr'><strong>Evangelium.</strong></span> <span class='ocrx_word' id='word_1_121' title='bbox 1379 1701 1493 1758; x_wconf 78' lang='lat' dir='ltr'><strong>Hoc</strong></span> <span class='ocrx_word' id='word_1_122' title='bbox 1539 1710 1593 1754; x_wconf 90' lang='lat' dir='ltr'><strong>et</strong></span> <span class='ocrx_word' id='word_1_123' title='bbox 1633 1700 1835 1755; x_wconf 86' lang='lat' dir='ltr'><strong>nostris</strong></span> 
     </span>
    </p>
   </div>
   <div class='ocr_carea' id='block_1_19' title="bbox 1930 518 3507 588">
    <p class='ocr_par' dir='ltr' id='par_1_19' title="bbox 1930 518 3507 588">
     <span class='ocr_line' id='line_1_19' title="bbox 1930 518 3507 588; baseline 0.002 -13"><span class='ocrx_word' id='word_1_124' title='bbox 1930 529 1984 575; x_wconf 88' lang='lat' dir='ltr'><strong>et</strong></span> <span class='ocrx_word' id='word_1_125' title='bbox 2021 519 2219 574; x_wconf 87' lang='lat' dir='ltr'><strong>delicto</strong></span> <span class='ocrx_word' id='word_1_126' title='bbox 2253 533 2444 573; x_wconf 90' lang='lat' dir='ltr'><strong>eorum</strong></span> <span class='ocrx_word' id='word_1_127' title='bbox 2503 518 2650 572; x_wconf 88' lang='lat' dir='ltr'><strong>salus</strong></span> <span class='ocrx_word' id='word_1_128' title='bbox 2702 519 2951 588; x_wconf 74' lang='lat' dir='ltr'><strong>gentibus</strong></span> <span class='ocrx_word' id='word_1_129' title='bbox 3002 518 3150 584; x_wconf 85' lang='lat' dir='ltr'><strong>data,</strong></span> <span class='ocrx_word' id='word_1_130' title='bbox 3203 533 3331 576; x_wconf 93' lang='lat' dir='ltr'><strong>tunc</strong></span> <span class='ocrx_word' id='word_1_131' title='bbox 3364 535 3507 579; x_wconf 79' lang='lat' dir='ltr'><strong>atte-</strong></span> 
     </span>
    </p>
   </div>
   <div class='ocr_carea' id='block_1_20' title="bbox 1932 610 3506 680">
    <p class='ocr_par' dir='ltr' id='par_1_20' title="bbox 1932 610 3506 680">
     <span class='ocr_line' id='line_1_20' title="bbox 1932 610 3506 680; baseline 0.002 -15"><span class='ocrx_word' id='word_1_132' title='bbox 1932 613 2185 666; x_wconf 87' lang='lat' dir='ltr'><strong>nuabitur</strong></span> <span class='ocrx_word' id='word_1_133' title='bbox 2218 612 2396 666; x_wconf 87' lang='lat' dir='ltr'><strong>omnis</strong></span> <span class='ocrx_word' id='word_1_134' title='bbox 2417 611 2588 679; x_wconf 78' lang='lat' dir='ltr'><strong>gloria</strong></span> <span class='ocrx_word' id='word_1_135' title='bbox 2621 610 2952 676; x_wconf 68' lang='lat' dir='ltr'><strong>Iudaeorum,</strong></span> <span class='ocrx_word' id='word_1_136' title='bbox 2981 628 3085 680; x_wconf 82' lang='lat' dir='ltr'><strong>qua</strong></span> <span class='ocrx_word' id='word_1_137' title='bbox 3104 612 3318 679; x_wconf 77' lang='lat' dir='ltr'><strong>gloriosi</strong></span> <span class='ocrx_word' id='word_1_138' title='bbox 3346 625 3506 668; x_wconf 86' lang='lat' dir='ltr'><strong>erant</strong></span> 
     </span>
    </p>
   </div>
   <div class='ocr_carea' id='block_1_21' title="bbox 1933 701 3510 770">
    <p class='ocr_par' dir='ltr' id='par_1_21' title="bbox 1933 701 3510 770">
     <span class='ocr_line' id='line_1_21' title="bbox 1933 701 3510 770; baseline 0.001 -14"><span class='ocrx_word' id='word_1_139' title='bbox 1933 704 1986 756; x_wconf 89' lang='lat' dir='ltr'><strong>in</strong></span> <span class='ocrx_word' id='word_1_140' title='bbox 2041 703 2298 756; x_wconf 91' lang='lat' dir='ltr'><strong>universo</strong></span> <span class='ocrx_word' id='word_1_141' title='bbox 2359 703 2515 764; x_wconf 88' lang='lat' dir='ltr'><strong>orbe,</strong></span> <span class='ocrx_word' id='word_1_142' title='bbox 2566 712 2620 754; x_wconf 89' lang='lat' dir='ltr'><strong>et</strong></span> <span class='ocrx_word' id='word_1_143' title='bbox 2672 701 2899 770; x_wconf 79' lang='lat' dir='ltr'><strong>pingues</strong></span> <span class='ocrx_word' id='word_1_144' title='bbox 2959 719 3153 757; x_wconf 87' lang='lat' dir='ltr'><strong>carnes</strong></span> <span class='ocrx_word' id='word_1_145' title='bbox 3197 719 3386 758; x_wconf 91' lang='lat' dir='ltr'><strong>eorum</strong></span> <span class='ocrx_word' id='word_1_146' title='bbox 3424 714 3510 758; x_wconf 80' lang='lat' dir='ltr'><strong>ta-</strong></span> 
     </span>
    </p>
   </div>
   <div class='ocr_carea' id='block_1_22' title="bbox 1931 792 3503 864">
    <p class='ocr_par' dir='ltr' id='par_1_22' title="bbox 1931 792 3503 864">
     <span class='ocr_line' id='line_1_22' title="bbox 1931 792 3503 864; baseline 0 -16"><span class='ocrx_word' id='word_1_147' title='bbox 1931 801 2178 854; x_wconf 85' lang='lat' dir='ltr'><strong>besceut.</strong></span> <span class='ocrx_word' id='word_1_148' title='bbox 2211 808 2318 846; x_wconf 92' lang='lat' dir='ltr'><strong>non</strong></span> <span class='ocrx_word' id='word_1_149' title='bbox 2346 792 2656 846; x_wconf 86' lang='lat' dir='ltr'><strong>habentium</strong></span> <span class='ocrx_word' id='word_1_150' title='bbox 2679 793 2991 861; x_wconf 86' lang='lat' dir='ltr'><strong>prophetas,</strong></span> <span class='ocrx_word' id='word_1_151' title='bbox 3023 809 3128 846; x_wconf 89' lang='lat' dir='ltr'><strong>non</strong></span> <span class='ocrx_word' id='word_1_152' title='bbox 3155 795 3305 864; x_wconf 83' lang='lat' dir='ltr'><strong>signa</strong></span> <span class='ocrx_word' id='word_1_153' title='bbox 3337 804 3503 861; x_wconf 86' lang='lat' dir='ltr'><strong>atque</strong></span> 
     </span>
    </p>
   </div>
   <div class='ocr_carea' id='block_1_23' title="bbox 1932 880 3507 953">
    <p class='ocr_par' dir='ltr' id='par_1_23' title="bbox 1932 880 3507 953">
     <span class='ocr_line' id='line_1_23' title="bbox 1932 880 3507 953; baseline -0.003 -13"><span class='ocrx_word' id='word_1_154' title='bbox 1932 888 2188 950; x_wconf 82' lang='lat' dir='ltr'><strong>virtutes,</strong></span> <span class='ocrx_word' id='word_1_155' title='bbox 2222 899 2334 939; x_wconf 91' lang='lat' dir='ltr'><strong>non</strong></span> <span class='ocrx_word' id='word_1_156' title='bbox 2364 899 2604 953; x_wconf 70' lang='lat' dir='ltr'><strong>praesens</strong></span> <span class='ocrx_word' id='word_1_157' title='bbox 2632 884 2892 938; x_wconf 72' lang='lat' dir='ltr'><strong>auxilium</strong></span> <span class='ocrx_word' id='word_1_158' title='bbox 2933 880 3046 951; x_wconf 79' lang='lat' dir='ltr'><strong>Dei,</strong></span> <span class='ocrx_word' id='word_1_159' title='bbox 3080 900 3186 938; x_wconf 94' lang='lat' dir='ltr'><strong>non</strong></span> <span class='ocrx_word' id='word_1_160' title='bbox 3218 887 3507 940; x_wconf 85' lang='lat' dir='ltr'><strong>sacerdotii</strong></span> 
     </span>
    </p>
   </div>
   <div class='ocr_carea' id='block_1_24' title="bbox 1933 976 3511 1042">
    <p class='ocr_par' dir='ltr' id='par_1_24' title="bbox 1933 976 3511 1042">
     <span class='ocr_line' id='line_1_24' title="bbox 1933 976 3511 1042; baseline -0.002 -11"><span class='ocrx_word' id='word_1_161' title='bbox 1933 977 2250 1041; x_wconf 75' lang='lat' dir='ltr'><strong>dignitatem</strong></span> <span class='ocrx_word' id='word_1_162' title='bbox 2286 991 2301 1031; x_wconf 89' lang='lat'><strong>:</strong></span> <span class='ocrx_word' id='word_1_163' title='bbox 2335 976 2430 1029; x_wconf 87' lang='lat' dir='ltr'><strong>sed</strong></span> <span class='ocrx_word' id='word_1_164' title='bbox 2481 989 2642 1029; x_wconf 91' lang='lat' dir='ltr'><strong>omne</strong></span> <span class='ocrx_word' id='word_1_165' title='bbox 2673 989 2869 1042; x_wconf 81' lang='lat' dir='ltr'><strong>corpus</strong></span> <span class='ocrx_word' id='word_1_166' title='bbox 2909 976 3086 1042; x_wconf 71' lang='lat' dir='ltr'><strong>gentis</strong></span> <span class='ocrx_word' id='word_1_167' title='bbox 3109 991 3296 1029; x_wconf 90' lang='lat' dir='ltr'><strong>eorum</strong></span> <span class='ocrx_word' id='word_1_168' title='bbox 3329 992 3511 1030; x_wconf 88' lang='lat' dir='ltr'><strong>emar-</strong></span> 
     </span>
    </p>
   </div>
   <div class='ocr_carea' id='block_1_25' title="bbox 1932 1064 3512 1134">
    <p class='ocr_par' dir='ltr' id='par_1_25' title="bbox 1932 1064 3512 1134">
     <span class='ocr_line' id='line_1_25' title="bbox 1932 1064 3512 1134; baseline -0.003 -12"><span class='ocrx_word' id='word_1_169' title='bbox 1932 1075 2133 1132; x_wconf 89' lang='lat' dir='ltr'><strong>cescet,</strong></span> <span class='ocrx_word' id='word_1_170' title='bbox 2158 1075 2213 1119; x_wconf 90' lang='lat' dir='ltr'><strong>et</strong></span> <span class='ocrx_word' id='word_1_171' title='bbox 2238 1065 2517 1134; x_wconf 74' lang='lat' dir='ltr'><strong>redigetur</strong></span> <span class='ocrx_word' id='word_1_172' title='bbox 2564 1065 2631 1119; x_wconf 88' lang='lat' dir='ltr'><strong>ad</strong></span> <span class='ocrx_word' id='word_1_173' title='bbox 2688 1064 2867 1118; x_wconf 87' lang='lat' dir='ltr'><strong>nihili.</strong></span> <span class='ocrx_word' id='word_1_174' title='bbox 2921 1064 3163 1134; x_wconf 85' lang='lat' dir='ltr'><strong>Cumque</strong></span> <span class='ocrx_word' id='word_1_175' title='bbox 3204 1065 3416 1118; x_wconf 82' lang='lat' dir='ltr'><strong>dicatur</strong></span> <span class='ocrx_word' id='word_1_176' title='bbox 3443 1065 3512 1118; x_wconf 83' lang='lat' dir='ltr'><strong>de</strong></span> 
     </span>
    </p>
   </div>
   <div class='ocr_carea' id='block_1_26' title="bbox 1931 1154 3510 1225">
    <p class='ocr_par' dir='ltr' id='par_1_26' title="bbox 1931 1154 3510 1225">
     <span class='ocr_line' id='line_1_26' title="bbox 1931 1154 3510 1225; baseline -0.002 -14"><span class='ocrx_word' id='word_1_177' title='bbox 1931 1158 2218 1211; x_wconf 86' lang='lat' dir='ltr'><strong>vocatione</strong></span> <span class='ocrx_word' id='word_1_178' title='bbox 2252 1158 2495 1225; x_wconf 81' lang='lat' dir='ltr'><strong>gentium</strong></span> <span class='ocrx_word' id='word_1_179' title='bbox 2536 1154 2766 1209; x_wconf 75' lang='lat' dir='ltr'><strong>:Messis</strong></span> <span class='ocrx_word' id='word_1_180' title='bbox 2819 1155 3003 1221; x_wconf 82' lang='lat' dir='ltr'><strong>multa,</strong></span> <span class='ocrx_word' id='word_1_181' title='bbox 3054 1157 3286 1224; x_wconf 77' lang='lat' dir='ltr'><strong>operarii</strong></span> <span class='ocrx_word' id='word_1_182' title='bbox 3328 1165 3510 1209; x_wconf 78' lang='lat' dir='ltr'><strong>autem</strong></span> 
     </span>
    </p>
   </div>
   <div class='ocr_carea' id='block_1_27' title="bbox 1930 1245 3509 1317">
    <p class='ocr_par' dir='ltr' id='par_1_27' title="bbox 1930 1245 3509 1317">
     <span class='ocr_line' id='line_1_27' title="bbox 1930 1245 3509 1317; baseline 0 -17"><span class='ocrx_word' id='word_1_183' title='bbox 1930 1245 2324 1316; x_wconf 73' lang='lat' dir='ltr'><strong>pauci(Mattlt.</strong></span> <span class='ocrx_word' id='word_1_184' title='bbox 2358 1262 2434 1308; x_wconf 76' lang='lat' dir='ltr'><strong>ix,</strong></span> <span class='ocrx_word' id='word_1_185' title='bbox 2467 1245 2581 1316; x_wconf 75' lang='grc'><strong>57),</strong></span> <span class='ocrx_word' id='word_1_186' title='bbox 2605 1247 2680 1299; x_wconf 91' lang='lat' dir='ltr'><strong>illi</strong></span> <span class='ocrx_word' id='word_1_187' title='bbox 2708 1261 2968 1315; x_wconf 81' lang='lat' dir='ltr'><strong>pauperes</strong></span> <span class='ocrx_word' id='word_1_188' title='bbox 3009 1249 3200 1302; x_wconf 88' lang='lat' dir='ltr'><strong>messis</strong></span> <span class='ocrx_word' id='word_1_189' title='bbox 3231 1247 3509 1317; x_wconf 88' lang='lat' dir='ltr'><strong>reliquias.</strong></span> 
     </span>
    </p>
   </div>
   <div class='ocr_carea' id='block_1_28' title="bbox 1932 1336 3513 1407">
    <p class='ocr_par' dir='ltr' id='par_1_28' title="bbox 1932 1336 3513 1407">
     <span class='ocr_line' id='line_1_28' title="bbox 1932 1336 3513 1407; baseline 0.002 -18"><span class='ocrx_word' id='word_1_190' title='bbox 1932 1353 2054 1407; x_wconf 77' lang='lat' dir='ltr'><strong>qua:</strong></span> <span class='ocrx_word' id='word_1_191' title='bbox 2103 1353 2200 1407; x_wconf 88' lang='lat' dir='ltr'><strong>per</strong></span> <span class='ocrx_word' id='word_1_192' title='bbox 2249 1337 2530 1406; x_wconf 88' lang='lat' dir='ltr'><strong>apostolos</strong></span> <span class='ocrx_word' id='word_1_193' title='bbox 2581 1336 2801 1390; x_wconf 70' lang='lat' dir='ltr'><strong>salvam</strong></span> <span class='ocrx_word' id='word_1_194' title='bbox 2855 1345 3016 1402; x_wconf 89' lang='lat' dir='ltr'><strong>sunt,</strong></span> <span class='ocrx_word' id='word_1_195' title='bbox 3075 1345 3128 1391; x_wconf 86' lang='lat' dir='ltr'><strong>et</strong></span> <span class='ocrx_word' id='word_1_196' title='bbox 3198 1337 3513 1392; x_wconf 81' lang='lat' dir='ltr'><strong>rarissimas</strong></span> 
     </span>
    </p>
   </div>
   <div class='ocr_carea' id='block_1_29' title="bbox 1934 1427 3505 1498">
    <p class='ocr_par' dir='ltr' id='par_1_29' title="bbox 1934 1427 3505 1498">
     <span class='ocr_line' id='line_1_29' title="bbox 1934 1427 3505 1498; baseline -0.001 -12"><span class='ocrx_word' id='word_1_197' title='bbox 1934 1431 2112 1498; x_wconf 85' lang='lat' dir='ltr'><strong>spicas</strong></span> <span class='ocrx_word' id='word_1_198' title='bbox 2148 1429 2351 1498; x_wconf 87' lang='lat' dir='ltr'><strong>legent,</strong></span> <span class='ocrx_word' id='word_1_199' title='bbox 2403 1442 2507 1480; x_wconf 89' lang='lat' dir='ltr'><strong>non</strong></span> <span class='ocrx_word' id='word_1_200' title='bbox 2557 1427 2626 1482; x_wconf 89' lang='lat' dir='ltr'><strong>de</strong></span> <span class='ocrx_word' id='word_1_201' title='bbox 2687 1428 2986 1492; x_wconf 87' lang='lat' dir='ltr'><strong>montibus,</strong></span> <span class='ocrx_word' id='word_1_202' title='bbox 3016 1436 3070 1482; x_wconf 89' lang='lat' dir='ltr'><strong>et</strong></span> <span class='ocrx_word' id='word_1_203' title='bbox 3116 1429 3311 1484; x_wconf 88' lang='lat' dir='ltr'><strong>erectis</strong></span> <span class='ocrx_word' id='word_1_204' title='bbox 3346 1431 3505 1494; x_wconf 89' lang='lat' dir='ltr'><strong>locis,</strong></span> 
     </span>
    </p>
   </div>
   <div class='ocr_carea' id='block_1_30' title="bbox 1935 1519 3508 1589">
    <p class='ocr_par' dir='ltr' id='par_1_30' title="bbox 1935 1519 3508 1589">
     <span class='ocr_line' id='line_1_30' title="bbox 1935 1519 3508 1589; baseline -0.002 -12"><span class='ocrx_word' id='word_1_205' title='bbox 1935 1525 2031 1577; x_wconf 88' lang='lat' dir='ltr'><strong>sed</strong></span> <span class='ocrx_word' id='word_1_206' title='bbox 2068 1522 2120 1575; x_wconf 87' lang='lat' dir='ltr'><strong>in</strong></span> <span class='ocrx_word' id='word_1_207' title='bbox 2159 1520 2295 1574; x_wconf 81' lang='lat' dir='ltr'><strong>valle</strong></span> <span class='ocrx_word' id='word_1_208' title='bbox 2334 1519 2619 1589; x_wconf 77' lang='lat' dir='ltr'><strong>Raphaim,</strong></span> <span class='ocrx_word' id='word_1_209' title='bbox 2643 1520 2694 1573; x_wconf 88' lang='lat' dir='ltr'><strong>id</strong></span> <span class='ocrx_word' id='word_1_210' title='bbox 2721 1530 2802 1575; x_wconf 90' lang='lat' dir='ltr'><strong>est</strong></span> <span class='ocrx_word' id='word_1_211' title='bbox 2826 1521 3012 1575; x_wconf 66' lang='lat' dir='ltr'><strong>litterae</strong></span> <span class='ocrx_word' id='word_1_212' title='bbox 3033 1522 3260 1576; x_wconf 84' lang='lat' dir='ltr'><strong>vilitate.</strong></span> <span class='ocrx_word' id='word_1_213' title='bbox 3295 1520 3508 1575; x_wconf 79' lang='lat' dir='ltr'><strong>Eteon-</strong></span> 
     </span>
    </p>
   </div>
   <div class='ocr_carea' id='block_1_31' title="bbox 1935 1609 3506 1679">
    <p class='ocr_par' dir='ltr' id='par_1_31' title="bbox 1935 1609 3506 1679">
     <span class='ocr_line' id='line_1_31' title="bbox 1935 1609 3506 1679; baseline -0.002 -13"><span class='ocrx_word' id='word_1_214' title='bbox 1935 1613 2112 1666; x_wconf 87' lang='lat' dir='ltr'><strong>sidera</strong></span> <span class='ocrx_word' id='word_1_215' title='bbox 2139 1611 2281 1672; x_wconf 82' lang='lat' dir='ltr'><strong>quod</strong></span> <span class='ocrx_word' id='word_1_216' title='bbox 2312 1610 2596 1678; x_wconf 79' lang='lat' dir='ltr'><strong>Baphaim,</strong></span> <span class='ocrx_word' id='word_1_217' title='bbox 2632 1609 2722 1679; x_wconf 85' lang='lat' dir='ltr'><strong>qui</strong></span> <span class='ocrx_word' id='word_1_218' title='bbox 2780 1610 3014 1678; x_wconf 74' lang='lat' dir='ltr'><strong>gigantes</strong></span> <span class='ocrx_word' id='word_1_219' title='bbox 3058 1611 3506 1679; x_wconf 84' lang='lat' dir='ltr'><strong>interpretantur,</strong></span> 
     </span>
    </p>
   </div>
   <div class='ocr_carea' id='block_1_32' title="bbox 1935 1701 3507 1772">
    <p class='ocr_par' dir='ltr' id='par_1_32' title="bbox 1935 1701 3507 1772">
     <span class='ocr_line' id='line_1_32' title="bbox 1935 1701 3507 1772; baseline -0.001 -14"><span class='ocrx_word' id='word_1_220' title='bbox 1935 1705 2074 1758; x_wconf 85' lang='lat' dir='ltr'><strong>sicut</strong></span> <span class='ocrx_word' id='word_1_221' title='bbox 2103 1716 2267 1769; x_wconf 90' lang='lat' dir='ltr'><strong>supra</strong></span> <span class='ocrx_word' id='word_1_222' title='bbox 2299 1701 2578 1770; x_wconf 85' lang='lat' dir='ltr'><strong>Ephraim,</strong></span> <span class='ocrx_word' id='word_1_223' title='bbox 2609 1701 2908 1756; x_wconf 71' lang='lat' dir='ltr'><strong>Pharisaeos</strong></span> <span class='ocrx_word' id='word_1_224' title='bbox 2946 1701 3274 1772; x_wconf 85' lang='lat' dir='ltr'><strong>Scribasque</strong></span> <span class='ocrx_word' id='word_1_225' title='bbox 3297 1703 3507 1771; x_wconf 76' lang='lat' dir='ltr'><strong>signiti-</strong></span> 
     </span>
    </p>
   </div>
   <div class='ocr_carea' id='block_1_33' title="bbox 249 1769 3509 1867">
    <p class='ocr_par' dir='ltr' id='par_1_33' title="bbox 249 1769 3509 1867">
     <span class='ocr_line' id='line_1_33' title="bbox 249 1769 3509 1867; baseline -0.002 -15"><span class='ocrx_word' id='word_1_226' title='bbox 249 1797 594 1867; x_wconf 88' lang='lat' dir='ltr'><strong>temporibus</strong></span> <span class='ocrx_word' id='word_1_227' title='bbox 643 1796 886 1850; x_wconf 85' lang='lat' dir='ltr'><strong>videmus</strong></span> <span class='ocrx_word' id='word_1_228' title='bbox 945 1809 1069 1849; x_wconf 86' lang='lat' dir='ltr'><strong>esse</strong></span> <span class='ocrx_word' id='word_1_229' title='bbox 1116 1769 1442 1862; x_wconf 75' lang='lat' dir='ltr'><strong>completum</strong></span> <span class='ocrx_word' id='word_1_230' title='bbox 1481 1813 1494 1846; x_wconf 90' lang='lat'><strong>:</strong></span> <span class='ocrx_word' id='word_1_231' title='bbox 1543 1792 1830 1862; x_wconf 83' lang='lat' dir='ltr'><strong>Serapium</strong></span> <span class='ocrx_word' id='word_1_232' title='bbox 1866 1769 1910 1823; x_wconf 70' lang='grc' dir='ltr'><strong>Β</strong></span> <span class='ocrx_word' id='word_1_233' title='bbox 1934 1803 2082 1850; x_wconf 89' lang='lat' dir='ltr'><strong>cent.</strong></span> <span class='ocrx_word' id='word_1_234' title='bbox 2115 1769 2360 1862; x_wconf 86' lang='lat' dir='ltr'><strong>Denique</strong></span> <span class='ocrx_word' id='word_1_235' title='bbox 2387 1791 2550 1856; x_wconf 76' lang='lat' dir='ltr'><strong>LXX,</strong></span> <span class='ocrx_word' id='word_1_236' title='bbox 2583 1808 2680 1863; x_wconf 87' lang='lat' dir='ltr'><strong>pro</strong></span> <span class='ocrx_word' id='word_1_237' title='bbox 2714 1793 2854 1847; x_wconf 88' lang='lat' dir='ltr'><strong>valle</strong></span> <span class='ocrx_word' id='word_1_238' title='bbox 2882 1769 3379 1863; x_wconf 26' lang='lat' dir='ltr'><strong>Itaphaimaraltent</strong></span> <span class='ocrx_word' id='word_1_239' title='bbox 3409 1795 3509 1847; x_wconf 79' lang='lat' dir='ltr'><strong>du-</strong></span> 
     </span>
    </p>
   </div>
   <div class='ocr_carea' id='block_1_34' title="bbox 249 1887 1836 1956">
    <p class='ocr_par' dir='ltr' id='par_1_34' title="bbox 249 1887 1836 1956">
     <span class='ocr_line' id='line_1_34' title="bbox 249 1887 1836 1956; baseline 0 -16"><span class='ocrx_word' id='word_1_240' title='bbox 249 1887 596 1942; x_wconf 63' lang='lat' dir='ltr'><strong>Alexandrim</strong></span> <span class='ocrx_word' id='word_1_241' title='bbox 621 1891 663 1953; x_wconf 80' lang='lat'><strong>&#39;,</strong></span> <span class='ocrx_word' id='word_1_242' title='bbox 693 1897 748 1942; x_wconf 91' lang='lat' dir='ltr'><strong>et</strong></span> <span class='ocrx_word' id='word_1_243' title='bbox 771 1887 970 1942; x_wconf 62' lang='lat' dir='ltr'><strong>Marnas</strong></span> <span class='ocrx_word' id='word_1_244' title='bbox 1002 1889 1264 1956; x_wconf 87' lang='lat' dir='ltr'><strong>templum</strong></span> <span class='ocrx_word' id='word_1_245' title='bbox 1294 1889 1455 1942; x_wconf 76' lang='lat' dir='ltr'><strong>Gazze</strong></span> <span class='ocrx_word' id='word_1_246' title='bbox 1483 1890 1535 1942; x_wconf 92' lang='lat' dir='ltr'><strong>in</strong></span> <span class='ocrx_word' id='word_1_247' title='bbox 1575 1889 1836 1942; x_wconf 81' lang='lat' dir='ltr'><strong>ecclesias</strong></span> 
     </span>
    </p>
   </div>
   <div class='ocr_carea' id='block_1_35' title="bbox 248 1979 1834 2051">
    <p class='ocr_par' dir='ltr' id='par_1_35' title="bbox 248 1979 1834 2051">
     <span class='ocr_line' id='line_1_35' title="bbox 248 1979 1834 2051; baseline 0 -17"><span class='ocrx_word' id='word_1_248' title='bbox 248 1979 469 2034; x_wconf 77' lang='lat' dir='ltr'><strong>Domini</strong></span> <span class='ocrx_word' id='word_1_249' title='bbox 497 1990 876 2044; x_wconf 79' lang='lat' dir='ltr'><strong>surrexerunt,</strong></span> <span class='ocrx_word' id='word_1_250' title='bbox 931 1989 986 2035; x_wconf 88' lang='lat' dir='ltr'><strong>et</strong></span> <span class='ocrx_word' id='word_1_251' title='bbox 1018 1981 1268 2035; x_wconf 88' lang='lat' dir='ltr'><strong>civitates</strong></span> <span class='ocrx_word' id='word_1_252' title='bbox 1306 1981 1476 2036; x_wconf 80' lang='lat' dir='ltr'><strong>Aroer</strong></span> <span class='ocrx_word' id='word_1_253' title='bbox 1505 1981 1834 2051; x_wconf 80' lang='lat' dir='ltr'><strong>evangelicis</strong></span> 
     </span>
    </p>
   </div>
   <div class='ocr_carea' id='block_1_36' title="bbox 1935 1886 3507 1965">
    <p class='ocr_par' dir='ltr' id='par_1_36' title="bbox 1935 1886 3507 1965">
     <span class='ocr_line' id='line_1_36' title="bbox 1935 1886 3507 1965; baseline -0.002 -22"><span class='ocrx_word' id='word_1_254' title='bbox 1935 1908 2077 1965; x_wconf 60' lang='lat' dir='ltr'><strong>ram,</strong></span> <span class='ocrx_word' id='word_1_255' title='bbox 2108 1889 2454 1958; x_wconf 85' lang='lat' dir='ltr'><strong>interpretati</strong></span> <span class='ocrx_word' id='word_1_256' title='bbox 2489 1900 2648 1951; x_wconf 90' lang='lat' dir='ltr'><strong>sunt,</strong></span> <span class='ocrx_word' id='word_1_257' title='bbox 2682 1898 2738 1941; x_wconf 94' lang='lat' dir='ltr'><strong>ut</strong></span> <span class='ocrx_word' id='word_1_258' title='bbox 2776 1889 3028 1940; x_wconf 80' lang='lat' dir='ltr'><strong>duritiam</strong></span> <span class='ocrx_word' id='word_1_259' title='bbox 3075 1888 3257 1942; x_wconf 85' lang='lat' dir='ltr'><strong>cordis</strong></span> <span class='ocrx_word' id='word_1_260' title='bbox 3295 1886 3507 1940; x_wconf 71' lang='lat' dir='ltr'><strong>ludaici</strong></span> 
     </span>
    </p>
   </div>
   <div class='ocr_carea' id='block_1_37' title="bbox 1937 1977 3507 2052">
    <p class='ocr_par' dir='ltr' id='par_1_37' title="bbox 1937 1977 3507 2052">
     <span class='ocr_line' id='line_1_37' title="bbox 1937 1977 3507 2052; baseline -0.004 -15"><span class='ocrx_word' id='word_1_261' title='bbox 1937 1983 2328 2052; x_wconf 81' lang='lat' dir='ltr'><strong>exprimerent.</strong></span> <span class='ocrx_word' id='word_1_262' title='bbox 2363 1981 2439 2035; x_wconf 93' lang='lat' dir='ltr'><strong>De</strong></span> <span class='ocrx_word' id='word_1_263' title='bbox 2469 1995 2698 2050; x_wconf 86' lang='lat' dir='ltr'><strong>quorum</strong></span> <span class='ocrx_word' id='word_1_264' title='bbox 2726 1979 3029 2033; x_wconf 81' lang='lat' dir='ltr'><strong>humilitate</strong></span> <span class='ocrx_word' id='word_1_265' title='bbox 3055 1977 3326 2048; x_wconf 87' lang='lat' dir='ltr'><strong>eliguntur</strong></span> <span class='ocrx_word' id='word_1_266' title='bbox 3351 1977 3507 2046; x_wconf 85' lang='lat' dir='ltr'><strong>quasi</strong></span> 
     </span>
    </p>
   </div>
   <div class='ocr_carea' id='block_1_38' title="bbox 249 2069 3507 2144">
    <p class='ocr_par' dir='ltr' id='par_1_38' title="bbox 249 2069 3507 2144">
     <span class='ocr_line' id='line_1_38' title="bbox 249 2069 3507 2144; baseline -0 -22"><span class='ocrx_word' id='word_1_267' title='bbox 249 2069 509 2143; x_wconf 70' lang='lat' dir='ltr'><strong>gregibus</strong></span> <span class='ocrx_word' id='word_1_268' title='bbox 557 2081 871 2141; x_wconf 66' lang='lat' dir='ltr'><strong>praparata:</strong></span> <span class='ocrx_word' id='word_1_269' title='bbox 913 2081 1062 2127; x_wconf 90' lang='lat' dir='ltr'><strong>sunt.</strong></span> <span class='ocrx_word' id='word_1_270' title='bbox 1113 2073 1305 2138; x_wconf 80' lang='lat' dir='ltr'><strong>Amer,</strong></span> <span class='ocrx_word' id='word_1_271' title='bbox 1353 2073 1406 2126; x_wconf 91' lang='lat' dir='ltr'><strong>id</strong></span> <span class='ocrx_word' id='word_1_272' title='bbox 1453 2085 1558 2135; x_wconf 90' lang='lat' dir='ltr'><strong>est,</strong></span> <span class='ocrx_word' id='word_1_273' title='bbox 1601 2073 1840 2144; x_wconf 70' lang='lat' dir='ltr'><strong>tnyrice,</strong></span> <span class='ocrx_word' id='word_1_274' title='bbox 1938 2075 1994 2129; x_wconf 88' lang='lat' dir='ltr'><strong>in</strong></span> <span class='ocrx_word' id='word_1_275' title='bbox 2027 2073 2223 2142; x_wconf 85' lang='lat' dir='ltr'><strong>stipula</strong></span> <span class='ocrx_word' id='word_1_276' title='bbox 2255 2072 2419 2141; x_wconf 69' lang='lat' dir='ltr'><strong>spica</strong></span> <span class='ocrx_word' id='word_1_277' title='bbox 2455 2079 2510 2125; x_wconf 89' lang='lat' dir='ltr'><strong>et</strong></span> <span class='ocrx_word' id='word_1_278' title='bbox 2559 2071 2714 2140; x_wconf 84' lang='lat' dir='ltr'><strong>quasi</strong></span> <span class='ocrx_word' id='word_1_279' title='bbox 2766 2071 2819 2124; x_wconf 89' lang='lat' dir='ltr'><strong>in</strong></span> <span class='ocrx_word' id='word_1_280' title='bbox 2857 2070 3128 2125; x_wconf 83' lang='lat' dir='ltr'><strong>vindemia</strong></span> <span class='ocrx_word' id='word_1_281' title='bbox 3163 2069 3388 2136; x_wconf 87' lang='lat' dir='ltr'><strong>raeemi,</strong></span> <span class='ocrx_word' id='word_1_282' title='bbox 3415 2070 3507 2137; x_wconf 89' lang='lat' dir='ltr'><strong>qui</strong></span> 
     </span>
    </p>
   </div>
   <div class='ocr_carea' id='block_1_39' title="bbox 255 2162 1833 2236">
    <p class='ocr_par' dir='ltr' id='par_1_39' title="bbox 255 2162 1833 2236">
     <span class='ocr_line' id='line_1_39' title="bbox 255 2162 1833 2236; baseline 0.003 -23"><span class='ocrx_word' id='word_1_283' title='bbox 255 2173 554 2216; x_wconf 81' lang='lat' dir='ltr'><strong>nascuntur</strong></span> <span class='ocrx_word' id='word_1_284' title='bbox 588 2163 642 2216; x_wconf 90' lang='lat' dir='ltr'><strong>in</strong></span> <span class='ocrx_word' id='word_1_285' title='bbox 679 2163 912 2218; x_wconf 88' lang='lat' dir='ltr'><strong>desertis</strong></span> <span class='ocrx_word' id='word_1_286' title='bbox 962 2162 1114 2229; x_wconf 90' lang='lat' dir='ltr'><strong>locis,</strong></span> <span class='ocrx_word' id='word_1_287' title='bbox 1150 2163 1304 2234; x_wconf 86' lang='lat' dir='ltr'><strong>juxta</strong></span> <span class='ocrx_word' id='word_1_288' title='bbox 1341 2164 1472 2219; x_wconf 89' lang='lat' dir='ltr'><strong>illud</strong></span> <span class='ocrx_word' id='word_1_289' title='bbox 1526 2166 1668 2236; x_wconf 88' lang='lat' dir='ltr'><strong>quod</strong></span> <span class='ocrx_word' id='word_1_290' title='bbox 1697 2165 1833 2219; x_wconf 86' lang='lat' dir='ltr'><strong>scri-</strong></span> 
     </span>
    </p>
   </div>
   <div class='ocr_carea' id='block_1_40' title="bbox 251 2253 1834 2324">
    <p class='ocr_par' dir='ltr' id='par_1_40' title="bbox 251 2253 1834 2324">
     <span class='ocr_line' id='line_1_40' title="bbox 251 2253 1834 2324; baseline 0.003 -20"><span class='ocrx_word' id='word_1_291' title='bbox 251 2262 407 2322; x_wconf 78' lang='lat' dir='ltr'><strong>ptum</strong></span> <span class='ocrx_word' id='word_1_292' title='bbox 435 2263 516 2306; x_wconf 86' lang='lat' dir='ltr'><strong>est</strong></span> <span class='ocrx_word' id='word_1_293' title='bbox 547 2253 602 2307; x_wconf 86' lang='lat' dir='ltr'><strong>in</strong></span> <span class='ocrx_word' id='word_1_294' title='bbox 642 2253 1024 2309; x_wconf 88' lang='lat' dir='ltr'><strong>maledictione</strong></span> <span class='ocrx_word' id='word_1_295' title='bbox 1049 2255 1166 2322; x_wconf 89' lang='lat' dir='ltr'><strong>ejus</strong></span> <span class='ocrx_word' id='word_1_296' title='bbox 1211 2254 1444 2308; x_wconf 86' lang='lat' dir='ltr'><strong>hominis</strong></span> <span class='ocrx_word' id='word_1_297' title='bbox 1490 2255 1580 2324; x_wconf 90' lang='lat' dir='ltr'><strong>qni</strong></span> <span class='ocrx_word' id='word_1_298' title='bbox 1611 2256 1834 2309; x_wconf 87' lang='lat' dir='ltr'><strong>conlidit</strong></span> 
     </span>
    </p>
   </div>
   <div class='ocr_carea' id='block_1_41' title="bbox 251 2343 1830 2415">
    <p class='ocr_par' dir='ltr' id='par_1_41' title="bbox 251 2343 1830 2415">
     <span class='ocr_line' id='line_1_41' title="bbox 251 2343 1830 2415; baseline -0.001 -17"><span class='ocrx_word' id='word_1_299' title='bbox 251 2347 314 2398; x_wconf 88' lang='lat' dir='ltr'><strong>in</strong></span> <span class='ocrx_word' id='word_1_300' title='bbox 350 2345 587 2408; x_wconf 86' lang='lat' dir='ltr'><strong>homine,</strong></span> <span class='ocrx_word' id='word_1_301' title='bbox 624 2353 728 2398; x_wconf 86' lang='lat' dir='ltr'><strong>eta</strong></span> <span class='ocrx_word' id='word_1_302' title='bbox 764 2345 990 2399; x_wconf 89' lang='lat' dir='ltr'><strong>Domino</strong></span> <span class='ocrx_word' id='word_1_303' title='bbox 1023 2345 1226 2400; x_wconf 85' lang='lat' dir='ltr'><strong>recedit</strong></span> <span class='ocrx_word' id='word_1_304' title='bbox 1255 2359 1350 2399; x_wconf 88' lang='lat' dir='ltr'><strong>eor</strong></span> <span class='ocrx_word' id='word_1_305' title='bbox 1379 2345 1497 2415; x_wconf 89' lang='lat' dir='ltr'><strong>ejus</strong></span> <span class='ocrx_word' id='word_1_306' title='bbox 1527 2361 1542 2396; x_wconf 90' lang='lat'><strong>:</strong></span> <span class='ocrx_word' id='word_1_307' title='bbox 1575 2343 1716 2406; x_wconf 77' lang='lat' dir='ltr'><strong>Erit,</strong></span> <span class='ocrx_word' id='word_1_308' title='bbox 1747 2346 1830 2397; x_wconf 90' lang='lat' dir='ltr'><strong>in-</strong></span> 
     </span>
    </p>
   </div>
   <div class='ocr_carea' id='block_1_42' title="bbox 251 2436 1831 2506">
    <p class='ocr_par' dir='ltr' id='par_1_42' title="bbox 251 2436 1831 2506">
     <span class='ocr_line' id='line_1_42' title="bbox 251 2436 1831 2506; baseline 0 -18"><span class='ocrx_word' id='word_1_309' title='bbox 251 2436 394 2503; x_wconf 85' lang='lat' dir='ltr'><strong>quit,</strong></span> <span class='ocrx_word' id='word_1_310' title='bbox 415 2437 569 2504; x_wconf 71' lang='lat' dir='ltr'><strong>quasi</strong></span> <span class='ocrx_word' id='word_1_311' title='bbox 605 2437 804 2506; x_wconf 73' lang='lat' dir='ltr'><strong>mgrice</strong></span> <span class='ocrx_word' id='word_1_312' title='bbox 839 2436 896 2488; x_wconf 78' lang='lat' dir='ltr'><strong>in</strong></span> <span class='ocrx_word' id='word_1_313' title='bbox 928 2437 1158 2500; x_wconf 86' lang='lat' dir='ltr'><strong>deserto,</strong></span> <span class='ocrx_word' id='word_1_314' title='bbox 1188 2447 1239 2488; x_wconf 85' lang='lat' dir='ltr'><strong>et</strong></span> <span class='ocrx_word' id='word_1_315' title='bbox 1275 2452 1375 2490; x_wconf 80' lang='lat' dir='ltr'><strong>non</strong></span> <span class='ocrx_word' id='word_1_316' title='bbox 1419 2437 1610 2489; x_wconf 76' lang='lat' dir='ltr'><strong>videbit</strong></span> <span class='ocrx_word' id='word_1_317' title='bbox 1641 2436 1831 2488; x_wconf 79' lang='lat' dir='ltr'><strong>bonum</strong></span> 
     </span>
    </p>
   </div>
   <div class='ocr_carea' id='block_1_43' title="bbox 250 2525 1830 2593">
    <p class='ocr_par' dir='ltr' id='par_1_43' title="bbox 250 2525 1830 2593">
     <span class='ocr_line' id='line_1_43' title="bbox 250 2525 1830 2593; baseline -0.001 -13"><span class='ocrx_word' id='word_1_318' title='bbox 250 2543 373 2580; x_wconf 68' lang='lat' dir='ltr'><strong>eum</strong></span> <span class='ocrx_word' id='word_1_319' title='bbox 403 2527 593 2580; x_wconf 72' lang='lat' dir='ltr'><strong>verterit</strong></span> <span class='ocrx_word' id='word_1_320' title='bbox 615 2527 749 2592; x_wconf 77' lang='lat' dir='ltr'><strong>;sed</strong></span> <span class='ocrx_word' id='word_1_321' title='bbox 788 2525 1047 2580; x_wconf 80' lang='lat' dir='ltr'><strong>habitabit</strong></span> <span class='ocrx_word' id='word_1_322' title='bbox 1092 2527 1148 2580; x_wconf 86' lang='lat' dir='ltr'><strong>iu</strong></span> <span class='ocrx_word' id='word_1_323' title='bbox 1196 2527 1460 2593; x_wconf 78' lang='lat' dir='ltr'><strong>siccitate,</strong></span> <span class='ocrx_word' id='word_1_324' title='bbox 1497 2528 1554 2579; x_wconf 82' lang='lat' dir='ltr'><strong>in</strong></span> <span class='ocrx_word' id='word_1_325' title='bbox 1599 2527 1830 2587; x_wconf 84' lang='lat' dir='ltr'><strong>deserto,</strong></span> 
     </span>
    </p>
   </div>
   <div class='ocr_carea' id='block_1_44' title="bbox 253 2617 1828 2688">
    <p class='ocr_par' dir='ltr' id='par_1_44' title="bbox 253 2617 1828 2688">
     <span class='ocr_line' id='line_1_44' title="bbox 253 2617 1828 2688; baseline -0.002 -16"><span class='ocrx_word' id='word_1_326' title='bbox 253 2619 485 2672; x_wconf 74' lang='lat' dir='ltr'><strong>interra</strong></span> <span class='ocrx_word' id='word_1_327' title='bbox 514 2617 802 2688; x_wconf 76' lang='lat' dir='ltr'><strong>salsuginis</strong></span> <span class='ocrx_word' id='word_1_328' title='bbox 844 2627 895 2671; x_wconf 90' lang='lat' dir='ltr'><strong>et</strong></span> <span class='ocrx_word' id='word_1_329' title='bbox 943 2617 1281 2672; x_wconf 77' lang='lat' dir='ltr'><strong>inltubitabili</strong></span> <span class='ocrx_word' id='word_1_330' title='bbox 1320 2618 1537 2688; x_wconf 75' lang='lat' dir='ltr'><strong>(leum.</strong></span> <span class='ocrx_word' id='word_1_331' title='bbox 1592 2634 1724 2681; x_wconf 85' lang='lat' dir='ltr'><strong>xvn,</strong></span> <span class='ocrx_word' id='word_1_332' title='bbox 1749 2617 1828 2684; x_wconf 80' lang='grc' dir='ltr'><strong>ὃ).</strong></span> 
     </span>
    </p>
   </div>
   <div class='ocr_carea' id='block_1_45' title="bbox 254 2709 1833 2766">
    <p class='ocr_par' dir='ltr' id='par_1_45' title="bbox 254 2709 1833 2766">
     <span class='ocr_line' id='line_1_45' title="bbox 254 2709 1833 2766; baseline -0.001 -2"><span class='ocrx_word' id='word_1_333' title='bbox 254 2710 362 2764; x_wconf 77' lang='grc' dir='ltr'><strong>Δϋί</strong></span> <span class='ocrx_word' id='word_1_334' title='bbox 414 2723 546 2764; x_wconf 87' lang='lat' dir='ltr'><strong>vero</strong></span> <span class='ocrx_word' id='word_1_335' title='bbox 595 2710 782 2764; x_wconf 89' lang='lat' dir='ltr'><strong>dicunt</strong></span> <span class='ocrx_word' id='word_1_336' title='bbox 823 2725 889 2763; x_wconf 89' lang='lat' dir='ltr'><strong>ex</strong></span> <span class='ocrx_word' id='word_1_337' title='bbox 926 2710 1028 2764; x_wconf 86' lang='lat' dir='ltr'><strong>hac</strong></span> <span class='ocrx_word' id='word_1_338' title='bbox 1075 2710 1269 2764; x_wconf 82' lang='lat' dir='ltr'><strong>arbore</strong></span> <span class='ocrx_word' id='word_1_339' title='bbox 1311 2710 1574 2766; x_wconf 79' lang='lat' dir='ltr'><strong>ntaleticis</strong></span> <span class='ocrx_word' id='word_1_340' title='bbox 1622 2709 1833 2764; x_wconf 88' lang='lat' dir='ltr'><strong>artibus</strong></span> 
     </span>
    </p>
   </div>
   <div class='ocr_carea' id='block_1_46' title="bbox 261 2799 1830 2870">
    <p class='ocr_par' dir='ltr' id='par_1_46' title="bbox 261 2799 1830 2870">
     <span class='ocr_line' id='line_1_46' title="bbox 261 2799 1830 2870; baseline 0 -18"><span class='ocrx_word' id='word_1_341' title='bbox 261 2802 482 2870; x_wconf 73' lang='grc' dir='ltr'><strong>μίστρα,</strong></span> <span class='ocrx_word' id='word_1_342' title='bbox 505 2800 558 2854; x_wconf 91' lang='lat' dir='ltr'><strong>id</strong></span> <span class='ocrx_word' id='word_1_343' title='bbox 590 2810 696 2866; x_wconf 87' lang='lat' dir='ltr'><strong>est,</strong></span> <span class='ocrx_word' id='word_1_344' title='bbox 736 2799 858 2853; x_wconf 78' lang='lat' dir='ltr'><strong>odia</strong></span> <span class='ocrx_word' id='word_1_345' title='bbox 889 2800 1174 2855; x_wconf 85' lang='lat' dir='ltr'><strong>concitari.</strong></span> <span class='ocrx_word' id='word_1_346' title='bbox 1208 2800 1352 2870; x_wconf 87' lang='lat' dir='ltr'><strong>Ergo</strong></span> <span class='ocrx_word' id='word_1_347' title='bbox 1379 2801 1468 2868; x_wconf 88' lang='lat' dir='ltr'><strong>qui</strong></span> <span class='ocrx_word' id='word_1_348' title='bbox 1495 2801 1644 2870; x_wconf 89' lang='lat' dir='ltr'><strong>prius</strong></span> <span class='ocrx_word' id='word_1_349' title='bbox 1672 2808 1830 2854; x_wconf 88' lang='lat' dir='ltr'><strong>erant</strong></span> 
     </span>
    </p>
   </div>
   <div class='ocr_carea' id='block_1_47' title="bbox 257 2884 1829 2962">
    <p class='ocr_par' dir='ltr' id='par_1_47' title="bbox 257 2884 1829 2962">
     <span class='ocr_line' id='line_1_47' title="bbox 257 2884 1829 2962; baseline -0.001 -16"><span class='ocrx_word' id='word_1_350' title='bbox 257 2884 314 2946; x_wconf 77' lang='lat' dir='ltr'><strong>iii</strong></span> <span class='ocrx_word' id='word_1_351' title='bbox 349 2892 571 2946; x_wconf 84' lang='lat' dir='ltr'><strong>deserto</strong></span> <span class='ocrx_word' id='word_1_352' title='bbox 599 2892 902 2962; x_wconf 80' lang='lat' dir='ltr'><strong>gentilium.</strong></span> <span class='ocrx_word' id='word_1_353' title='bbox 930 2894 1060 2947; x_wconf 88' lang='lat' dir='ltr'><strong>etin</strong></span> <span class='ocrx_word' id='word_1_354' title='bbox 1089 2893 1213 2948; x_wconf 84' lang='lat' dir='ltr'><strong>odio</strong></span> <span class='ocrx_word' id='word_1_355' title='bbox 1244 2893 1479 2948; x_wconf 88' lang='lat' dir='ltr'><strong>nominis</strong></span> <span class='ocrx_word' id='word_1_356' title='bbox 1506 2892 1829 2957; x_wconf 84' lang='lat' dir='ltr'><strong>Christiani,</strong></span> 
     </span>
    </p>
   </div>
   <div class='ocr_carea' id='block_1_48' title="bbox 255 2981 1828 3052">
    <p class='ocr_par' dir='ltr' id='par_1_48' title="bbox 255 2981 1828 3052">
     <span class='ocr_line' id='line_1_48' title="bbox 255 2981 1828 3052; baseline -0.001 -16"><span class='ocrx_word' id='word_1_357' title='bbox 255 2981 458 3037; x_wconf 79' lang='lat' dir='ltr'><strong>Christi</strong></span> <span class='ocrx_word' id='word_1_358' title='bbox 491 2982 747 3051; x_wconf 86' lang='lat' dir='ltr'><strong>gregibus</strong></span> <span class='ocrx_word' id='word_1_359' title='bbox 781 2983 1043 3045; x_wconf 87' lang='lat' dir='ltr'><strong>servient,</strong></span> <span class='ocrx_word' id='word_1_360' title='bbox 1068 2981 1160 3052; x_wconf 88' lang='lat' dir='ltr'><strong>qui</strong></span> <span class='ocrx_word' id='word_1_361' title='bbox 1203 2983 1542 3051; x_wconf 86' lang='lat' dir='ltr'><strong>requiescent</strong></span> <span class='ocrx_word' id='word_1_362' title='bbox 1567 2983 1620 3037; x_wconf 91' lang='lat' dir='ltr'><strong>in</strong></span> <span class='ocrx_word' id='word_1_363' title='bbox 1649 2983 1750 3044; x_wconf 87' lang='lat' dir='ltr'><strong>eis.</strong></span> <span class='ocrx_word' id='word_1_364' title='bbox 1773 2992 1828 3035; x_wconf 90' lang='lat' dir='ltr'><strong>et</strong></span> 
     </span>
    </p>
   </div>
   <div class='ocr_carea' id='block_1_49' title="bbox 257 3069 1830 3141">
    <p class='ocr_par' dir='ltr' id='par_1_49' title="bbox 257 3069 1830 3141">
     <span class='ocr_line' id='line_1_49' title="bbox 257 3069 1830 3141; baseline -0.001 -15"><span class='ocrx_word' id='word_1_365' title='bbox 257 3088 364 3126; x_wconf 82' lang='lat' dir='ltr'><strong>non</strong></span> <span class='ocrx_word' id='word_1_366' title='bbox 388 3072 495 3126; x_wconf 90' lang='lat' dir='ltr'><strong>erit</strong></span> <span class='ocrx_word' id='word_1_367' title='bbox 516 3073 606 3140; x_wconf 89' lang='lat' dir='ltr'><strong>qui</strong></span> <span class='ocrx_word' id='word_1_368' title='bbox 642 3079 932 3134; x_wconf 74' lang='lat' dir='ltr'><strong>exterreat,</strong></span> <span class='ocrx_word' id='word_1_369' title='bbox 964 3072 1086 3141; x_wconf 90' lang='lat' dir='ltr'><strong>quia</strong></span> <span class='ocrx_word' id='word_1_370' title='bbox 1115 3069 1372 3126; x_wconf 86' lang='lat' dir='ltr'><strong>Dominus</strong></span> <span class='ocrx_word' id='word_1_371' title='bbox 1392 3071 1657 3126; x_wconf 86' lang='lat' dir='ltr'><strong>habitabit</strong></span> <span class='ocrx_word' id='word_1_372' title='bbox 1687 3071 1830 3124; x_wconf 91' lang='lat' dir='ltr'><strong>inter</strong></span> 
     </span>
    </p>
   </div>
   <div class='ocr_carea' id='block_1_50' title="bbox 255 3163 1827 3234">
    <p class='ocr_par' dir='ltr' id='par_1_50' title="bbox 255 3163 1827 3234">
     <span class='ocr_line' id='line_1_50' title="bbox 255 3163 1827 3234; baseline 0.002 -17"><span class='ocrx_word' id='word_1_373' title='bbox 255 3175 370 3229; x_wconf 65' lang='lat' dir='ltr'><strong>eos,</strong></span> <span class='ocrx_word' id='word_1_374' title='bbox 393 3171 449 3217; x_wconf 77' lang='lat' dir='ltr'><strong>ct</strong></span> <span class='ocrx_word' id='word_1_375' title='bbox 479 3175 750 3231; x_wconf 64' lang='lat' dir='ltr'><strong>praesente</strong></span> <span class='ocrx_word' id='word_1_376' title='bbox 791 3163 1040 3230; x_wconf 74' lang='lat' dir='ltr'><strong>l’astore,</strong></span> <span class='ocrx_word' id='word_1_377' title='bbox 1082 3163 1266 3230; x_wconf 89' lang='lat' dir='ltr'><strong>lupum</strong></span> <span class='ocrx_word' id='word_1_378' title='bbox 1316 3163 1504 3219; x_wconf 86' lang='lat' dir='ltr'><strong>timere</strong></span> <span class='ocrx_word' id='word_1_379' title='bbox 1535 3179 1640 3217; x_wconf 91' lang='lat' dir='ltr'><strong>non</strong></span> <span class='ocrx_word' id='word_1_380' title='bbox 1673 3172 1827 3234; x_wconf 53' lang='lat' dir='ltr'><strong>pote.</strong></span> 
     </span>
    </p>
   </div>
   <div class='ocr_carea' id='block_1_51' title="bbox 258 3249 1828 3326">
    <p class='ocr_par' dir='ltr' id='par_1_51' title="bbox 258 3249 1828 3326">
     <span class='ocr_line' id='line_1_51' title="bbox 258 3249 1828 3326; baseline 0.001 -21"><span class='ocrx_word' id='word_1_381' title='bbox 258 3261 404 3306; x_wconf 77' lang='lat' dir='ltr'><strong>runt.</strong></span> <span class='ocrx_word' id='word_1_382' title='bbox 436 3249 596 3307; x_wconf 78' lang='lat' dir='ltr'><strong>Tunc</strong></span> <span class='ocrx_word' id='word_1_383' title='bbox 643 3252 884 3308; x_wconf 83' lang='lat' dir='ltr'><strong>cessabit</strong></span> <span class='ocrx_word' id='word_1_384' title='bbox 931 3253 1251 3322; x_wconf 90' lang='lat' dir='ltr'><strong>adjutorium</strong></span> <span class='ocrx_word' id='word_1_385' title='bbox 1289 3255 1382 3309; x_wconf 86' lang='lat' dir='ltr'><strong>Dei</strong></span> <span class='ocrx_word' id='word_1_386' title='bbox 1433 3255 1502 3309; x_wconf 86' lang='lat' dir='ltr'><strong>ab</strong></span> <span class='ocrx_word' id='word_1_387' title='bbox 1551 3255 1828 3326; x_wconf 79' lang='lat' dir='ltr'><strong>Ephraiin,</strong></span> 
     </span>
    </p>
   </div>
   <div class='ocr_carea' id='block_1_52' title="bbox 258 3343 1825 3414">
    <p class='ocr_par' dir='ltr' id='par_1_52' title="bbox 258 3343 1825 3414">
     <span class='ocr_line' id='line_1_52' title="bbox 258 3343 1825 3414; baseline 0.001 -16"><span class='ocrx_word' id='word_1_388' title='bbox 258 3344 350 3414; x_wconf 76' lang='lat' dir='ltr'><strong>qui</strong></span> <span class='ocrx_word' id='word_1_389' title='bbox 393 3344 450 3398; x_wconf 86' lang='lat' dir='ltr'><strong>in</strong></span> <span class='ocrx_word' id='word_1_390' title='bbox 486 3343 589 3398; x_wconf 74' lang='lat' dir='ltr'><strong>hoc</strong></span> <span class='ocrx_word' id='word_1_391' title='bbox 634 3344 758 3400; x_wconf 90' lang='lat' dir='ltr'><strong>loco</strong></span> <span class='ocrx_word' id='word_1_392' title='bbox 791 3344 1164 3413; x_wconf 88' lang='lat' dir='ltr'><strong>intelliguntur</strong></span> <span class='ocrx_word' id='word_1_393' title='bbox 1201 3345 1407 3401; x_wconf 70' lang='lat' dir='ltr'><strong>Scriba:</strong></span> <span class='ocrx_word' id='word_1_394' title='bbox 1451 3356 1506 3400; x_wconf 92' lang='lat' dir='ltr'><strong>et</strong></span> <span class='ocrx_word' id='word_1_395' title='bbox 1542 3347 1825 3414; x_wconf 79' lang='lat' dir='ltr'><strong>Pharisaei,</strong></span> 
     </span>
    </p>
   </div>
   <div class='ocr_carea' id='block_1_53' title="bbox 254 3433 1831 3508">
    <p class='ocr_par' dir='ltr' id='par_1_53' title="bbox 254 3433 1831 3508">
     <span class='ocr_line' id='line_1_53' title="bbox 254 3433 1831 3508; baseline 0.003 -20"><span class='ocrx_word' id='word_1_396' title='bbox 254 3435 407 3504; x_wconf 81' lang='lat' dir='ltr'><strong>juxta</strong></span> <span class='ocrx_word' id='word_1_397' title='bbox 462 3433 602 3490; x_wconf 87' lang='lat' dir='ltr'><strong>Osee</strong></span> <span class='ocrx_word' id='word_1_398' title='bbox 633 3435 995 3504; x_wconf 79' lang='lat' dir='ltr'><strong>pmpbetiam,</strong></span> <span class='ocrx_word' id='word_1_399' title='bbox 1034 3438 1124 3504; x_wconf 89' lang='lat' dir='ltr'><strong>qui</strong></span> <span class='ocrx_word' id='word_1_400' title='bbox 1156 3439 1463 3492; x_wconf 83' lang='lat' dir='ltr'><strong>contrarios</strong></span> <span class='ocrx_word' id='word_1_401' title='bbox 1505 3439 1699 3508; x_wconf 89' lang='lat' dir='ltr'><strong>populo</strong></span> <span class='ocrx_word' id='word_1_402' title='bbox 1735 3438 1831 3492; x_wconf 88' lang='lat' dir='ltr'><strong>Dei</strong></span> 
     </span>
    </p>
   </div>
   <div class='ocr_carea' id='block_1_54' title="bbox 258 3527 1831 3597">
    <p class='ocr_par' dir='ltr' id='par_1_54' title="bbox 258 3527 1831 3597">
     <span class='ocr_line' id='line_1_54' title="bbox 258 3527 1831 3597; baseline 0.001 -16"><span class='ocrx_word' id='word_1_403' title='bbox 258 3527 517 3596; x_wconf 75' lang='lat' dir='ltr'><strong>Ephraim</strong></span> <span class='ocrx_word' id='word_1_404' title='bbox 545 3528 785 3582; x_wconf 80' lang='lat' dir='ltr'><strong>nominat</strong></span> <span class='ocrx_word' id='word_1_405' title='bbox 813 3527 971 3596; x_wconf 82' lang='lat' dir='ltr'><strong>(Osee</strong></span> <span class='ocrx_word' id='word_1_406' title='bbox 1000 3544 1027 3580; x_wconf 90' lang='lat' dir='ltr'><strong>v</strong></span> <span class='ocrx_word' id='word_1_407' title='bbox 1055 3539 1102 3581; x_wconf 87' lang='lat' dir='ltr'><strong>et</strong></span> <span class='ocrx_word' id='word_1_408' title='bbox 1128 3531 1266 3597; x_wconf 81' lang='lat' dir='ltr'><strong>vin).</strong></span> <span class='ocrx_word' id='word_1_409' title='bbox 1310 3527 1372 3581; x_wconf 81' lang='lat' dir='ltr'><strong>Et</strong></span> <span class='ocrx_word' id='word_1_410' title='bbox 1400 3545 1619 3596; x_wconf 76' lang='lat' dir='ltr'><strong>regnum</strong></span> <span class='ocrx_word' id='word_1_411' title='bbox 1645 3543 1831 3584; x_wconf 85' lang='lat' dir='ltr'><strong>cessa-</strong></span> 
     </span>
    </p>
   </div>
   <div class='ocr_carea' id='block_1_55' title="bbox 259 3617 1831 3686">
    <p class='ocr_par' dir='ltr' id='par_1_55' title="bbox 259 3617 1831 3686">
     <span class='ocr_line' id='line_1_55' title="bbox 259 3617 1831 3686; baseline 0.001 -16"><span class='ocrx_word' id='word_1_412' title='bbox 259 3618 339 3670; x_wconf 73' lang='lat' dir='ltr'><strong>bit</strong></span> <span class='ocrx_word' id='word_1_413' title='bbox 380 3631 412 3669; x_wconf 83' lang='lat' dir='ltr'><strong>a</strong></span> <span class='ocrx_word' id='word_1_414' title='bbox 439 3617 724 3677; x_wconf 85' lang='lat' dir='ltr'><strong>Damasco.</strong></span> <span class='ocrx_word' id='word_1_415' title='bbox 760 3625 820 3669; x_wconf 91' lang='lat' dir='ltr'><strong>ut</strong></span> <span class='ocrx_word' id='word_1_416' title='bbox 849 3632 1190 3686; x_wconf 79' lang='lat' dir='ltr'><strong>nequaquam</strong></span> <span class='ocrx_word' id='word_1_417' title='bbox 1214 3626 1512 3684; x_wconf 86' lang='lat' dir='ltr'><strong>peccatum,</strong></span> <span class='ocrx_word' id='word_1_418' title='bbox 1533 3629 1586 3670; x_wconf 75' lang='lat' dir='ltr'><strong>et</strong></span> <span class='ocrx_word' id='word_1_419' title='bbox 1621 3618 1831 3684; x_wconf 83' lang='lat' dir='ltr'><strong>peccati</strong></span> 
     </span>
    </p>
   </div>
   <div class='ocr_carea' id='block_1_56' title="bbox 259 3707 1831 3779">
    <p class='ocr_par' dir='ltr' id='par_1_56' title="bbox 259 3707 1831 3779">
     <span class='ocr_line' id='line_1_56' title="bbox 259 3707 1831 3779; baseline 0.002 -18"><span class='ocrx_word' id='word_1_420' title='bbox 259 3708 516 3776; x_wconf 82' lang='lat' dir='ltr'><strong>princeps</strong></span> <span class='ocrx_word' id='word_1_421' title='bbox 575 3707 820 3763; x_wconf 84' lang='lat' dir='ltr'><strong>diabolus</strong></span> <span class='ocrx_word' id='word_1_422' title='bbox 874 3717 1064 3776; x_wconf 79' lang='lat' dir='ltr'><strong>regnet</strong></span> <span class='ocrx_word' id='word_1_423' title='bbox 1112 3711 1166 3762; x_wconf 88' lang='lat' dir='ltr'><strong>in</strong></span> <span class='ocrx_word' id='word_1_424' title='bbox 1203 3709 1483 3775; x_wconf 77' lang='lat' dir='ltr'><strong>Damasco,</strong></span> <span class='ocrx_word' id='word_1_425' title='bbox 1529 3721 1648 3778; x_wconf 68' lang='lat' dir='ltr'><strong>qua:</strong></span> <span class='ocrx_word' id='word_1_426' title='bbox 1678 3710 1831 3779; x_wconf 85' lang='lat' dir='ltr'><strong>prius</strong></span> 
     </span>
    </p>
   </div>
   <div class='ocr_carea' id='block_1_57' title="bbox 257 3798 1832 3869">
    <p class='ocr_par' dir='ltr' id='par_1_57' title="bbox 257 3798 1832 3869">
     <span class='ocr_line' id='line_1_57' title="bbox 257 3798 1832 3869; baseline -0.001 -18"><span class='ocrx_word' id='word_1_427' title='bbox 257 3799 578 3867; x_wconf 81' lang='lat' dir='ltr'><strong>sanguinem</strong></span> <span class='ocrx_word' id='word_1_428' title='bbox 617 3798 912 3868; x_wconf 87' lang='lat' dir='ltr'><strong>diligebat;</strong></span> <span class='ocrx_word' id='word_1_429' title='bbox 941 3801 1036 3852; x_wconf 89' lang='lat' dir='ltr'><strong>sed</strong></span> <span class='ocrx_word' id='word_1_430' title='bbox 1068 3798 1304 3867; x_wconf 64' lang='lat' dir='ltr'><strong>reliquiis</strong></span> <span class='ocrx_word' id='word_1_431' title='bbox 1343 3799 1514 3869; x_wconf 81' lang='lat' dir='ltr'><strong>Syria:</strong></span> <span class='ocrx_word' id='word_1_432' title='bbox 1549 3799 1592 3865; x_wconf 85' lang='grc'><strong>³,</strong></span> <span class='ocrx_word' id='word_1_433' title='bbox 1633 3798 1689 3851; x_wconf 93' lang='lat' dir='ltr'><strong>id</strong></span> <span class='ocrx_word' id='word_1_434' title='bbox 1721 3808 1832 3863; x_wconf 86' lang='lat' dir='ltr'><strong>est,</strong></span> 
     </span>
    </p>
   </div>
   <div class='ocr_carea' id='block_1_58' title="bbox 258 3887 1835 3958">
    <p class='ocr_par' dir='ltr' id='par_1_58' title="bbox 258 3887 1835 3958">
     <span class='ocr_line' id='line_1_58' title="bbox 258 3887 1835 3958; baseline -0.003 -15"><span class='ocrx_word' id='word_1_435' title='bbox 258 3889 444 3957; x_wconf 77' lang='lat' dir='ltr'><strong>quies</strong></span> <span class='ocrx_word' id='word_1_436' title='bbox 478 3889 728 3958; x_wconf 80' lang='lat' dir='ltr'><strong>gentibus</strong></span> <span class='ocrx_word' id='word_1_437' title='bbox 754 3888 1104 3942; x_wconf 85' lang='lat' dir='ltr'><strong>crediderunt</strong></span> <span class='ocrx_word' id='word_1_438' title='bbox 1133 3887 1243 3941; x_wconf 89' lang='lat' dir='ltr'><strong>sint</strong></span> <span class='ocrx_word' id='word_1_439' title='bbox 1267 3889 1408 3942; x_wconf 87' lang='lat' dir='ltr'><strong>sicut</strong></span> <span class='ocrx_word' id='word_1_440' title='bbox 1431 3889 1580 3957; x_wconf 87' lang='lat' dir='ltr'><strong>prius</strong></span> <span class='ocrx_word' id='word_1_441' title='bbox 1617 3887 1835 3941; x_wconf 75' lang='lat' dir='ltr'><strong>fuerant</strong></span> 
     </span>
    </p>
   </div>
   <div class='ocr_carea' id='block_1_59' title="bbox 259 3978 1829 4055">
    <p class='ocr_par' dir='ltr' id='par_1_59' title="bbox 259 3978 1829 4055">
     <span class='ocr_line' id='line_1_59' title="bbox 259 3978 1829 4055; baseline -0.004 -18"><span class='ocrx_word' id='word_1_442' title='bbox 259 3983 354 4038; x_wconf 68' lang='lat' dir='ltr'><strong>ﬁlii</strong></span> <span class='ocrx_word' id='word_1_443' title='bbox 383 3980 584 4055; x_wconf 25' lang='lat' dir='ltr'><strong>“Israel,</strong></span> <span class='ocrx_word' id='word_1_444' title='bbox 617 3980 799 4036; x_wconf 83' lang='lat' dir='ltr'><strong>ablato</strong></span> <span class='ocrx_word' id='word_1_445' title='bbox 834 3979 1030 4034; x_wconf 89' lang='lat' dir='ltr'><strong>abillis</strong></span> <span class='ocrx_word' id='word_1_446' title='bbox 1056 3993 1218 4051; x_wconf 83' lang='lat' dir='ltr'><strong>regno</strong></span> <span class='ocrx_word' id='word_1_447' title='bbox 1246 3979 1360 4044; x_wconf 89' lang='lat' dir='ltr'><strong>Dei,</strong></span> <span class='ocrx_word' id='word_1_448' title='bbox 1391 3989 1445 4033; x_wconf 92' lang='lat' dir='ltr'><strong>et</strong></span> <span class='ocrx_word' id='word_1_449' title='bbox 1469 3978 1665 4033; x_wconf 87' lang='lat' dir='ltr'><strong>tradito</strong></span> <span class='ocrx_word' id='word_1_450' title='bbox 1696 3993 1829 4048; x_wconf 85' lang='lat' dir='ltr'><strong>gen-</strong></span> 
     </span>
    </p>
   </div>
   <div class='ocr_carea' id='block_1_60' title="bbox 260 4070 1836 4143">
    <p class='ocr_par' dir='ltr' id='par_1_60' title="bbox 260 4070 1836 4143">
     <span class='ocr_line' id='line_1_60' title="bbox 260 4070 1836 4143; baseline -0.004 -14"><span class='ocrx_word' id='word_1_451' title='bbox 260 4078 431 4140; x_wconf 89' lang='lat' dir='ltr'><strong>tibus,</strong></span> <span class='ocrx_word' id='word_1_452' title='bbox 479 4089 600 4143; x_wconf 64' lang='lat' dir='ltr'><strong>qua</strong></span> <span class='ocrx_word' id='word_1_453' title='bbox 650 4072 855 4126; x_wconf 82' lang='lat' dir='ltr'><strong>faciunt</strong></span> <span class='ocrx_word' id='word_1_454' title='bbox 901 4071 1134 4128; x_wconf 73' lang='lat' dir='ltr'><strong>fructum</strong></span> <span class='ocrx_word' id='word_1_455' title='bbox 1198 4070 1337 4139; x_wconf 85' lang='lat' dir='ltr'><strong>ejus,</strong></span> <span class='ocrx_word' id='word_1_456' title='bbox 1392 4071 1534 4126; x_wconf 88' lang='lat' dir='ltr'><strong>sicut</strong></span> <span class='ocrx_word' id='word_1_457' title='bbox 1576 4070 1836 4123; x_wconf 88' lang='lat' dir='ltr'><strong>Dominus</strong></span> 
     </span>
    </p>
   </div>
   <div class='ocr_carea' id='block_1_61' title="bbox 263 4162 1836 4233">
    <p class='ocr_par' dir='ltr' id='par_1_61' title="bbox 263 4162 1836 4233">
     <span class='ocr_line' id='line_1_61' title="bbox 263 4162 1836 4233; baseline -0.003 -14"><span class='ocrx_word' id='word_1_458' title='bbox 263 4167 403 4221; x_wconf 86' lang='lat' dir='ltr'><strong>Dens</strong></span> <span class='ocrx_word' id='word_1_459' title='bbox 435 4167 774 4220; x_wconf 86' lang='lat' dir='ltr'><strong>exercituum</strong></span> <span class='ocrx_word' id='word_1_460' title='bbox 820 4164 1032 4219; x_wconf 90' lang='lat' dir='ltr'><strong>locutus</strong></span> <span class='ocrx_word' id='word_1_461' title='bbox 1069 4172 1155 4219; x_wconf 91' lang='lat' dir='ltr'><strong>est</strong></span> <span class='ocrx_word' id='word_1_462' title='bbox 1182 4177 1277 4233; x_wconf 90' lang='lat' dir='ltr'><strong>per</strong></span> <span class='ocrx_word' id='word_1_463' title='bbox 1305 4176 1494 4217; x_wconf 87' lang='lat' dir='ltr'><strong>omnes</strong></span> <span class='ocrx_word' id='word_1_464' title='bbox 1546 4162 1836 4230; x_wconf 83' lang='lat' dir='ltr'><strong>prophetas</strong></span> 
     </span>
    </p>
   </div>
   <div class='ocr_carea' id='block_1_62' title="bbox 260 4272 410 4312">
    <p class='ocr_par' dir='ltr' id='par_1_62' title="bbox 260 4272 410 4312">
     <span class='ocr_line' id='line_1_62' title="bbox 260 4272 410 4312; baseline -0.007 0"><span class='ocrx_word' id='word_1_465' title='bbox 260 4272 410 4312; x_wconf 68' lang='lat' dir='ltr'><strong>SUOS.</strong></span> 
     </span>
    </p>
   </div>
   <div class='ocr_carea' id='block_1_63' title="bbox 328 4365 1835 4440">
    <p class='ocr_par' dir='ltr' id='par_1_63' title="bbox 328 4365 1835 4440">
     <span class='ocr_line' id='line_1_63' title="bbox 328 4365 1835 4440; baseline -0.003 -18"><span class='ocrx_word' id='word_1_466' title='bbox 328 4369 512 4440; x_wconf 73' lang='lat' dir='ltr'><strong>(Yers.</strong></span> <span class='ocrx_word' id='word_1_467' title='bbox 543 4367 687 4438; x_wconf 73' lang='grc'><strong>4-6.)</strong></span> <span class='ocrx_word' id='word_1_468' title='bbox 729 4387 748 4420; x_wconf 83' lang='lat' dir='ltr'><strong>t</strong></span> <span class='ocrx_word' id='word_1_469' title='bbox 788 4367 854 4422; x_wconf 81' lang='lat' dir='ltr'><strong>Et</strong></span> <span class='ocrx_word' id='word_1_470' title='bbox 908 4371 1012 4423; x_wconf 89' lang='lat' dir='ltr'><strong>erit</strong></span> <span class='ocrx_word' id='word_1_471' title='bbox 1066 4369 1119 4423; x_wconf 88' lang='lat' dir='ltr'><strong>in</strong></span> <span class='ocrx_word' id='word_1_472' title='bbox 1173 4369 1261 4424; x_wconf 89' lang='lat' dir='ltr'><strong>die</strong></span> <span class='ocrx_word' id='word_1_473' title='bbox 1310 4367 1418 4433; x_wconf 89' lang='lat' dir='ltr'><strong>illa,</strong></span> <span class='ocrx_word' id='word_1_474' title='bbox 1469 4365 1835 4421; x_wconf 88' lang='lat' dir='ltr'><strong>attenuabitur</strong></span> 
     </span>
    </p>
   </div>
   <div class='ocr_carea' id='block_1_64' title="bbox 1933 2158 3510 2232">
    <p class='ocr_par' dir='ltr' id='par_1_64' title="bbox 1933 2158 3510 2232">
     <span class='ocr_line' id='line_1_64' title="bbox 1933 2158 3510 2232; baseline -0.004 -12"><span class='ocrx_word' id='word_1_475' title='bbox 1933 2165 2126 2220; x_wconf 88' lang='lat' dir='ltr'><strong>salvati</strong></span> <span class='ocrx_word' id='word_1_476' title='bbox 2166 2163 2368 2218; x_wconf 73' lang='lat' dir='ltr'><strong>iuerint</strong></span> <span class='ocrx_word' id='word_1_477' title='bbox 2419 2179 2436 2217; x_wconf 91' lang='lat'>:</span> <span class='ocrx_word' id='word_1_478' title='bbox 2469 2171 2525 2216; x_wconf 89' lang='lat' dir='ltr'><strong>et</strong></span> <span class='ocrx_word' id='word_1_479' title='bbox 2563 2162 2700 2217; x_wconf 89' lang='lat' dir='ltr'><strong>sicut</strong></span> <span class='ocrx_word' id='word_1_480' title='bbox 2737 2163 2985 2216; x_wconf 80' lang='lat' dir='ltr'><strong>excussio</strong></span> <span class='ocrx_word' id='word_1_481' title='bbox 3014 2161 3168 2216; x_wconf 74' lang='lat' dir='ltr'><strong>oliva:</strong></span> <span class='ocrx_word' id='word_1_482' title='bbox 3211 2159 3320 2232; x_wconf 79' lang='grc' dir='ltr'><strong>[ΑΙ.</strong></span> <span class='ocrx_word' id='word_1_483' title='bbox 3353 2158 3510 2230; x_wconf 68' lang='grc' dir='ltr'><strong>οιεαι]</strong></span> 
     </span>
    </p>
   </div>
   <div class='ocr_carea' id='block_1_65' title="bbox 1935 2254 3514 2322">
    <p class='ocr_par' dir='ltr' id='par_1_65' title="bbox 1935 2254 3514 2322">
     <span class='ocr_line' id='line_1_65' title="bbox 1935 2254 3514 2322; baseline -0.004 -10"><span class='ocrx_word' id='word_1_484' title='bbox 1935 2259 2188 2319; x_wconf 87' lang='lat' dir='ltr'><strong>duarum,</strong></span> <span class='ocrx_word' id='word_1_485' title='bbox 2235 2263 2331 2308; x_wconf 87' lang='lat' dir='ltr'><strong>aut</strong></span> <span class='ocrx_word' id='word_1_486' title='bbox 2385 2254 2550 2308; x_wconf 88' lang='lat' dir='ltr'><strong>trium</strong></span> <span class='ocrx_word' id='word_1_487' title='bbox 2610 2254 2902 2317; x_wconf 88' lang='lat' dir='ltr'><strong>olivarum,</strong></span> <span class='ocrx_word' id='word_1_488' title='bbox 2966 2254 3080 2308; x_wconf 85' lang='lat' dir='ltr'><strong>sive</strong></span> <span class='ocrx_word' id='word_1_489' title='bbox 3133 2263 3367 2322; x_wconf 86' lang='lat' dir='ltr'><strong>quatuor</strong></span> <span class='ocrx_word' id='word_1_490' title='bbox 3416 2262 3514 2306; x_wconf 88' lang='lat' dir='ltr'><strong>aut</strong></span> 
     </span>
    </p>
   </div>
   <div class='ocr_carea' id='block_1_66' title="bbox 1933 2342 3514 2421">
    <p class='ocr_par' dir='ltr' id='par_1_66' title="bbox 1933 2342 3514 2421">
     <span class='ocr_line' id='line_1_66' title="bbox 1933 2342 3514 2421; baseline -0.006 -17"><span class='ocrx_word' id='word_1_491' title='bbox 1933 2351 2195 2421; x_wconf 90' lang='lat' dir='ltr'><strong>quinque.</strong></span> <span class='ocrx_word' id='word_1_492' title='bbox 2231 2349 2462 2414; x_wconf 85' lang='lat' dir='ltr'><strong>Quando</strong></span> <span class='ocrx_word' id='word_1_493' title='bbox 2503 2347 2644 2402; x_wconf 91' lang='lat' dir='ltr'><strong>enim</strong></span> <span class='ocrx_word' id='word_1_494' title='bbox 2701 2347 2848 2400; x_wconf 89' lang='lat' dir='ltr'><strong>venit</strong></span> <span class='ocrx_word' id='word_1_495' title='bbox 2899 2347 3178 2415; x_wconf 87' lang='lat' dir='ltr'><strong>percussio</strong></span> <span class='ocrx_word' id='word_1_496' title='bbox 3211 2345 3388 2414; x_wconf 79' lang='lat' dir='ltr'><strong>populi</strong></span> <span class='ocrx_word' id='word_1_497' title='bbox 3413 2342 3514 2396; x_wconf 76' lang='lat' dir='ltr'><strong>Ju-</strong></span> 
     </span>
    </p>
   </div>
   <div class='ocr_carea' id='block_1_67' title="bbox 1934 2435 3514 2508">
    <p class='ocr_par' dir='ltr' id='par_1_67' title="bbox 1934 2435 3514 2508">
     <span class='ocr_line' id='line_1_67' title="bbox 1934 2435 3514 2508; baseline -0.004 -12"><span class='ocrx_word' id='word_1_498' title='bbox 1934 2443 2194 2504; x_wconf 71' lang='lat' dir='ltr'><strong>daaorum,</strong></span> <span class='ocrx_word' id='word_1_499' title='bbox 2226 2439 2364 2494; x_wconf 88' lang='lat' dir='ltr'><strong>oliva</strong></span> <span class='ocrx_word' id='word_1_500' title='bbox 2419 2439 2510 2493; x_wconf 88' lang='lat' dir='ltr'><strong>illa</strong></span> <span class='ocrx_word' id='word_1_501' title='bbox 2567 2438 2745 2508; x_wconf 91' lang='lat' dir='ltr'><strong>populi</strong></span> <span class='ocrx_word' id='word_1_502' title='bbox 2795 2437 2984 2502; x_wconf 85' lang='lat' dir='ltr'><strong>Israel,</strong></span> <span class='ocrx_word' id='word_1_503' title='bbox 3030 2452 3150 2505; x_wconf 70' lang='lat' dir='ltr'><strong>quae</strong></span> <span class='ocrx_word' id='word_1_504' title='bbox 3196 2436 3296 2492; x_wconf 90' lang='lat' dir='ltr'><strong>sub</strong></span> <span class='ocrx_word' id='word_1_505' title='bbox 3329 2435 3514 2506; x_wconf 79' lang='lat' dir='ltr'><strong>Moyse</strong></span> 
     </span>
    </p>
   </div>
   <div class='ocr_carea' id='block_1_68' title="bbox 1935 2525 3514 2594">
    <p class='ocr_par' dir='ltr' id='par_1_68' title="bbox 1935 2525 3514 2594">
     <span class='ocr_line' id='line_1_68' title="bbox 1935 2525 3514 2594; baseline -0.004 -9"><span class='ocrx_word' id='word_1_506' title='bbox 1935 2538 2194 2585; x_wconf 80' lang='lat' dir='ltr'><strong>sexcenta</strong></span> <span class='ocrx_word' id='word_1_507' title='bbox 2246 2528 2411 2582; x_wconf 86' lang='lat' dir='ltr'><strong>millia</strong></span> <span class='ocrx_word' id='word_1_508' title='bbox 2449 2528 2635 2583; x_wconf 89' lang='lat' dir='ltr'><strong>habuit</strong></span> <span class='ocrx_word' id='word_1_509' title='bbox 2674 2539 3004 2582; x_wconf 88' lang='lat' dir='ltr'><strong>armatorum</strong></span> <span class='ocrx_word' id='word_1_510' title='bbox 3040 2525 3232 2594; x_wconf 69' lang='lat' dir='ltr'><strong>(Nam.</strong></span> <span class='ocrx_word' id='word_1_511' title='bbox 3258 2525 3434 2594; x_wconf 76' lang='lat' dir='ltr'><strong>xxvi),</strong></span> <span class='ocrx_word' id='word_1_512' title='bbox 3456 2535 3514 2579; x_wconf 91' lang='lat' dir='ltr'><strong>et</strong></span> 
     </span>
    </p>
   </div>
   <div class='ocr_carea' id='block_1_69' title="bbox 1934 2618 3514 2686">
    <p class='ocr_par' dir='ltr' id='par_1_69' title="bbox 1934 2618 3514 2686">
     <span class='ocr_line' id='line_1_69' title="bbox 1934 2618 3514 2686; baseline -0.006 -8"><span class='ocrx_word' id='word_1_513' title='bbox 1934 2622 2036 2678; x_wconf 88' lang='lat' dir='ltr'><strong>sub</strong></span> <span class='ocrx_word' id='word_1_514' title='bbox 2071 2621 2262 2684; x_wconf 88' lang='lat' dir='ltr'><strong>David,</strong></span> <span class='ocrx_word' id='word_1_515' title='bbox 2301 2629 2622 2674; x_wconf 87' lang='lat' dir='ltr'><strong>numerante</strong></span> <span class='ocrx_word' id='word_1_516' title='bbox 2651 2618 2810 2683; x_wconf 86' lang='lat' dir='ltr'><strong>Joab,</strong></span> <span class='ocrx_word' id='word_1_517' title='bbox 2857 2619 3308 2674; x_wconf 82' lang='lat' dir='ltr'><strong>innumerabilem</strong></span> <span class='ocrx_word' id='word_1_518' title='bbox 3340 2632 3514 2686; x_wconf 86' lang='lat' dir='ltr'><strong>popu-</strong></span> 
     </span>
    </p>
   </div>
   <div class='ocr_carea' id='block_1_70' title="bbox 1932 2708 3516 2784">
    <p class='ocr_par' dir='ltr' id='par_1_70' title="bbox 1932 2708 3516 2784">
     <span class='ocr_line' id='line_1_70' title="bbox 1932 2708 3516 2784; baseline -0.007 -14"><span class='ocrx_word' id='word_1_519' title='bbox 1932 2715 2042 2770; x_wconf 87' lang='lat' dir='ltr'><strong>lum</strong></span> <span class='ocrx_word' id='word_1_520' title='bbox 2075 2711 2161 2784; x_wconf 79' lang='grc' dir='ltr'><strong>(ΙΙ</strong></span> <span class='ocrx_word' id='word_1_521' title='bbox 2195 2711 2322 2782; x_wconf 82' lang='lat' dir='ltr'><strong>Reg.</strong></span> <span class='ocrx_word' id='word_1_522' title='bbox 2353 2717 2525 2778; x_wconf 79' lang='lat' dir='ltr'><strong>xxiv),</strong></span> <span class='ocrx_word' id='word_1_523' title='bbox 2575 2712 2665 2764; x_wconf 79' lang='lat' dir='ltr'><strong>vix</strong></span> <span class='ocrx_word' id='word_1_524' title='bbox 2714 2724 2920 2780; x_wconf 88' lang='lat' dir='ltr'><strong>paucos</strong></span> <span class='ocrx_word' id='word_1_525' title='bbox 2952 2708 3156 2762; x_wconf 81' lang='lat' dir='ltr'><strong>fructus</strong></span> <span class='ocrx_word' id='word_1_526' title='bbox 3191 2708 3390 2762; x_wconf 67' lang='lat' dir='ltr'><strong>oderre</strong></span> <span class='ocrx_word' id='word_1_527' title='bbox 3417 2723 3516 2774; x_wconf 84' lang='lat' dir='ltr'><strong>po-</strong></span> 
     </span>
    </p>
   </div>
   <div class='ocr_carea' id='block_1_71' title="bbox 1936 2798 3514 2859">
    <p class='ocr_par' dir='ltr' id='par_1_71' title="bbox 1936 2798 3514 2859">
     <span class='ocr_line' id='line_1_71' title="bbox 1936 2798 3514 2859; baseline -0.004 0"><span class='ocrx_word' id='word_1_528' title='bbox 1936 2807 2036 2859; x_wconf 91' lang='lat' dir='ltr'><strong>tuit</strong></span> <span class='ocrx_word' id='word_1_529' title='bbox 2102 2803 2336 2858; x_wconf 88' lang='lat' dir='ltr'><strong>Domino</strong></span> <span class='ocrx_word' id='word_1_530' title='bbox 2397 2800 2664 2856; x_wconf 88' lang='lat' dir='ltr'><strong>Salvatori</strong></span> <span class='ocrx_word' id='word_1_531' title='bbox 2710 2817 2726 2856; x_wconf 88' lang='lat'><strong>:</strong></span> <span class='ocrx_word' id='word_1_532' title='bbox 2775 2800 2914 2854; x_wconf 87' lang='lat' dir='ltr'><strong>duas</strong></span> <span class='ocrx_word' id='word_1_533' title='bbox 2955 2799 3128 2854; x_wconf 82' lang='lat' dir='ltr'><strong>olivas</strong></span> <span class='ocrx_word' id='word_1_534' title='bbox 3181 2798 3405 2852; x_wconf 84' lang='lat' dir='ltr'><strong>Paulum</strong></span> <span class='ocrx_word' id='word_1_535' title='bbox 3456 2807 3514 2852; x_wconf 89' lang='lat' dir='ltr'><strong>et</strong></span> 
     </span>
    </p>
   </div>
   <div class='ocr_carea' id='block_1_72' title="bbox 1932 2888 3510 2957">
    <p class='ocr_par' dir='ltr' id='par_1_72' title="bbox 1932 2888 3510 2957">
     <span class='ocr_line' id='line_1_72' title="bbox 1932 2888 3510 2957; baseline -0.004 -9"><span class='ocrx_word' id='word_1_536' title='bbox 1932 2894 2254 2957; x_wconf 87' lang='lat' dir='ltr'><strong>Barnabam,</strong></span> <span class='ocrx_word' id='word_1_537' title='bbox 2303 2901 2360 2948; x_wconf 88' lang='lat' dir='ltr'><strong>et</strong></span> <span class='ocrx_word' id='word_1_538' title='bbox 2406 2901 2518 2948; x_wconf 79' lang='lat' dir='ltr'><strong>tres</strong></span> <span class='ocrx_word' id='word_1_539' title='bbox 2573 2892 2743 2946; x_wconf 91' lang='lat' dir='ltr'><strong>olivas</strong></span> <span class='ocrx_word' id='word_1_540' title='bbox 2779 2892 3002 2946; x_wconf 82' lang='lat' dir='ltr'><strong>Petrum</strong></span> <span class='ocrx_word' id='word_1_541' title='bbox 3041 2900 3095 2944; x_wconf 92' lang='lat' dir='ltr'><strong>et</strong></span> <span class='ocrx_word' id='word_1_542' title='bbox 3139 2888 3401 2944; x_wconf 71' lang='lat' dir='ltr'><strong>lacobnm</strong></span> <span class='ocrx_word' id='word_1_543' title='bbox 3450 2899 3510 2942; x_wconf 88' lang='lat' dir='ltr'><strong>et</strong></span> 
     </span>
    </p>
   </div>
   <div class='ocr_carea' id='block_1_73' title="bbox 1930 2980 3511 3055">
    <p class='ocr_par' dir='ltr' id='par_1_73' title="bbox 1930 2980 3511 3055">
     <span class='ocr_line' id='line_1_73' title="bbox 1930 2980 3511 3055; baseline -0.006 -14"><span class='ocrx_word' id='word_1_544' title='bbox 1930 2985 2194 3041; x_wconf 82' lang='lat' dir='ltr'><strong>Joannem</strong></span> <span class='ocrx_word' id='word_1_545' title='bbox 2229 2983 2370 3055; x_wconf 76' lang='lat' dir='ltr'><strong>(Aet.</strong></span> <span class='ocrx_word' id='word_1_546' title='bbox 2409 2983 2558 3054; x_wconf 71' lang='lat' dir='ltr'><strong>sm),</strong></span> <span class='ocrx_word' id='word_1_547' title='bbox 2586 2985 2679 3053; x_wconf 88' lang='lat' dir='ltr'><strong>qui</strong></span> <span class='ocrx_word' id='word_1_548' title='bbox 2724 2993 2778 3038; x_wconf 91' lang='lat' dir='ltr'><strong>et</strong></span> <span class='ocrx_word' id='word_1_549' title='bbox 2833 2983 2891 3038; x_wconf 88' lang='lat' dir='ltr'><strong>in</strong></span> <span class='ocrx_word' id='word_1_550' title='bbox 2939 2991 3122 3037; x_wconf 85' lang='lat' dir='ltr'><strong>monte</strong></span> <span class='ocrx_word' id='word_1_551' title='bbox 3153 2980 3511 3049; x_wconf 56' lang='lat' dir='ltr'><strong>trauslignra-</strong></span> 
     </span>
    </p>
   </div>
   <div class='ocr_carea' id='block_1_74' title="bbox 1857 3071 3510 3170">
    <p class='ocr_par' dir='ltr' id='par_1_74' title="bbox 1857 3071 3510 3170">
     <span class='ocr_line' id='line_1_74' title="bbox 1857 3071 3510 3170; baseline -0.005 -37"><span class='ocrx_word' id='word_1_552' title='bbox 1857 3107 1902 3170; x_wconf 71' lang='grc' dir='ltr'><strong>ο</strong></span> <span class='ocrx_word' id='word_1_553' title='bbox 1932 3087 2044 3134; x_wconf 90' lang='lat' dir='ltr'><strong>tum</strong></span> <span class='ocrx_word' id='word_1_554' title='bbox 2079 3077 2364 3132; x_wconf 86' lang='lat' dir='ltr'><strong>Dominum</strong></span> <span class='ocrx_word' id='word_1_555' title='bbox 2417 3085 2846 3148; x_wconf 80' lang='lat' dir='ltr'><strong>conspexerunt,</strong></span> <span class='ocrx_word' id='word_1_556' title='bbox 2879 3085 2936 3129; x_wconf 90' lang='lat' dir='ltr'><strong>et</strong></span> <span class='ocrx_word' id='word_1_557' title='bbox 2983 3075 3049 3130; x_wconf 90' lang='lat' dir='ltr'><strong>ad</strong></span> <span class='ocrx_word' id='word_1_558' title='bbox 3102 3071 3510 3145; x_wconf 78' lang='lat' dir='ltr'><strong>arcbisyuagogi</strong></span> 
     </span>
    </p>
   </div>
   <div class='ocr_carea' id='block_1_75' title="bbox 1938 3164 3507 3238">
    <p class='ocr_par' dir='ltr' id='par_1_75' title="bbox 1938 3164 3507 3238">
     <span class='ocr_line' id='line_1_75' title="bbox 1938 3164 3507 3238; baseline -0.002 -15"><span class='ocrx_word' id='word_1_559' title='bbox 1938 3172 2104 3224; x_wconf 79' lang='lat' dir='ltr'><strong>ﬁliam</strong></span> <span class='ocrx_word' id='word_1_560' title='bbox 2153 3169 2233 3224; x_wconf 86' lang='lat' dir='ltr'><strong>ire</strong></span> <span class='ocrx_word' id='word_1_561' title='bbox 2277 3185 2401 3225; x_wconf 89' lang='lat' dir='ltr'><strong>cum</strong></span> <span class='ocrx_word' id='word_1_562' title='bbox 2448 3170 2676 3225; x_wconf 88' lang='lat' dir='ltr'><strong>Domino</strong></span> <span class='ocrx_word' id='word_1_563' title='bbox 2722 3179 3032 3225; x_wconf 88' lang='lat' dir='ltr'><strong>meruerunt</strong></span> <span class='ocrx_word' id='word_1_564' title='bbox 3077 3167 3296 3238; x_wconf 76' lang='lat' dir='ltr'><strong>(Matth.</strong></span> <span class='ocrx_word' id='word_1_565' title='bbox 3348 3164 3507 3234; x_wconf 88' lang='lat' dir='ltr'><strong>xvtt).</strong></span> 
     </span>
    </p>
   </div>
   <div class='ocr_carea' id='block_1_76' title="bbox 1935 3257 3513 3330">
    <p class='ocr_par' dir='ltr' id='par_1_76' title="bbox 1935 3257 3513 3330">
     <span class='ocr_line' id='line_1_76' title="bbox 1935 3257 3513 3330; baseline -0.004 -15"><span class='ocrx_word' id='word_1_566' title='bbox 1935 3263 2179 3328; x_wconf 86' lang='lat' dir='ltr'><strong>Quatuor</strong></span> <span class='ocrx_word' id='word_1_567' title='bbox 2224 3273 2398 3316; x_wconf 88' lang='lat' dir='ltr'><strong>autem</strong></span> <span class='ocrx_word' id='word_1_568' title='bbox 2424 3271 2477 3316; x_wconf 87' lang='lat' dir='ltr'><strong>et</strong></span> <span class='ocrx_word' id='word_1_569' title='bbox 2506 3263 2742 3330; x_wconf 89' lang='lat' dir='ltr'><strong>quinque</strong></span> <span class='ocrx_word' id='word_1_570' title='bbox 2763 3262 2918 3316; x_wconf 69' lang='lat' dir='ltr'><strong>olivae</strong></span> <span class='ocrx_word' id='word_1_571' title='bbox 2956 3261 3192 3330; x_wconf 88' lang='lat' dir='ltr'><strong>reliquos</strong></span> <span class='ocrx_word' id='word_1_572' title='bbox 3215 3273 3410 3313; x_wconf 88' lang='lat' dir='ltr'><strong>novem</strong></span> <span class='ocrx_word' id='word_1_573' title='bbox 3431 3257 3513 3310; x_wconf 78' lang='lat' dir='ltr'><strong>fa-</strong></span> 
     </span>
    </p>
   </div>
   <div class='ocr_carea' id='block_1_77' title="bbox 1934 3351 3511 3422">
    <p class='ocr_par' dir='ltr' id='par_1_77' title="bbox 1934 3351 3511 3422">
     <span class='ocr_line' id='line_1_77' title="bbox 1934 3351 3511 3422; baseline -0.002 -15"><span class='ocrx_word' id='word_1_574' title='bbox 1934 3355 2084 3408; x_wconf 90' lang='lat' dir='ltr'><strong>ciunt</strong></span> <span class='ocrx_word' id='word_1_575' title='bbox 2127 3352 2422 3422; x_wconf 89' lang='lat' dir='ltr'><strong>apostolos,</strong></span> <span class='ocrx_word' id='word_1_576' title='bbox 2457 3353 2512 3409; x_wconf 91' lang='lat' dir='ltr'><strong>in</strong></span> <span class='ocrx_word' id='word_1_577' title='bbox 2567 3353 2764 3420; x_wconf 90' lang='lat' dir='ltr'><strong>quibus</strong></span> <span class='ocrx_word' id='word_1_578' title='bbox 2812 3353 2963 3407; x_wconf 71' lang='lat' dir='ltr'><strong>Judze</strong></span> <span class='ocrx_word' id='word_1_579' title='bbox 3003 3352 3300 3422; x_wconf 87' lang='lat' dir='ltr'><strong>proditoris</strong></span> <span class='ocrx_word' id='word_1_580' title='bbox 3332 3351 3511 3405; x_wconf 89' lang='lat' dir='ltr'><strong>locum</strong></span> 
     </span>
    </p>
   </div>
   <div class='ocr_carea' id='block_1_78' title="bbox 1935 3443 3514 3512">
    <p class='ocr_par' dir='ltr' id='par_1_78' title="bbox 1935 3443 3514 3512">
     <span class='ocr_line' id='line_1_78' title="bbox 1935 3443 3514 3512; baseline -0.003 -14"><span class='ocrx_word' id='word_1_581' title='bbox 1935 3443 2192 3500; x_wconf 73' lang='lat' dir='ltr'><strong>Ilattbias</strong></span> <span class='ocrx_word' id='word_1_582' title='bbox 2222 3444 2478 3507; x_wconf 83' lang='lat' dir='ltr'><strong>obtinuit,</strong></span> <span class='ocrx_word' id='word_1_583' title='bbox 2510 3444 2599 3512; x_wconf 87' lang='lat' dir='ltr'><strong>qni</strong></span> <span class='ocrx_word' id='word_1_584' title='bbox 2660 3445 2848 3512; x_wconf 83' lang='lat' dir='ltr'><strong>utique</strong></span> <span class='ocrx_word' id='word_1_585' title='bbox 2901 3459 3001 3512; x_wconf 89' lang='lat' dir='ltr'><strong>pro</strong></span> <span class='ocrx_word' id='word_1_586' title='bbox 3045 3443 3363 3498; x_wconf 85' lang='lat' dir='ltr'><strong>diversitate</strong></span> <span class='ocrx_word' id='word_1_587' title='bbox 3392 3455 3514 3510; x_wconf 82' lang='lat' dir='ltr'><strong>gra-</strong></span> 
     </span>
    </p>
   </div>
   <div class='ocr_carea' id='block_1_79' title="bbox 1937 3532 3514 3603">
    <p class='ocr_par' dir='ltr' id='par_1_79' title="bbox 1937 3532 3514 3603">
     <span class='ocr_line' id='line_1_79' title="bbox 1937 3532 3514 3603; baseline -0.004 -14"><span class='ocrx_word' id='word_1_588' title='bbox 1937 3535 2155 3597; x_wconf 89' lang='lat' dir='ltr'><strong>tiarum,</strong></span> <span class='ocrx_word' id='word_1_589' title='bbox 2185 3549 2303 3602; x_wconf 65' lang='lat' dir='ltr'><strong>quae</strong></span> <span class='ocrx_word' id='word_1_590' title='bbox 2335 3533 2492 3588; x_wconf 87' lang='lat' dir='ltr'><strong>nobis</strong></span> <span class='ocrx_word' id='word_1_591' title='bbox 2514 3535 2692 3603; x_wconf 85' lang='lat' dir='ltr'><strong>ignota</strong></span> <span class='ocrx_word' id='word_1_592' title='bbox 2719 3543 2825 3596; x_wconf 90' lang='lat' dir='ltr'><strong>est,</strong></span> <span class='ocrx_word' id='word_1_593' title='bbox 2849 3532 2904 3586; x_wconf 92' lang='lat' dir='ltr'><strong>in</strong></span> <span class='ocrx_word' id='word_1_594' title='bbox 2929 3542 3166 3602; x_wconf 87' lang='lat' dir='ltr'><strong>quatuor</strong></span> <span class='ocrx_word' id='word_1_595' title='bbox 3195 3541 3247 3584; x_wconf 87' lang='lat' dir='ltr'><strong>et</strong></span> <span class='ocrx_word' id='word_1_596' title='bbox 3274 3533 3514 3602; x_wconf 85' lang='lat' dir='ltr'><strong>quinque</strong></span> 
     </span>
    </p>
   </div>
   <div class='ocr_carea' id='block_1_80' title="bbox 1934 3623 3512 3696">
    <p class='ocr_par' dir='ltr' id='par_1_80' title="bbox 1934 3623 3512 3696">
     <span class='ocr_line' id='line_1_80' title="bbox 1934 3623 3512 3696; baseline -0.006 -13"><span class='ocrx_word' id='word_1_597' title='bbox 1934 3628 2110 3683; x_wconf 85' lang='lat' dir='ltr'><strong>olivas</strong></span> <span class='ocrx_word' id='word_1_598' title='bbox 2139 3625 2377 3696; x_wconf 88' lang='lat' dir='ltr'><strong>separati</strong></span> <span class='ocrx_word' id='word_1_599' title='bbox 2406 3635 2553 3691; x_wconf 88' lang='lat' dir='ltr'><strong>sunt,</strong></span> <span class='ocrx_word' id='word_1_600' title='bbox 2599 3633 2658 3676; x_wconf 90' lang='lat' dir='ltr'><strong>ut</strong></span> <span class='ocrx_word' id='word_1_601' title='bbox 2693 3623 3104 3696; x_wconf 84' lang='lat' dir='ltr'><strong>Evangeliornm</strong></span> <span class='ocrx_word' id='word_1_602' title='bbox 3140 3637 3420 3676; x_wconf 88' lang='lat' dir='ltr'><strong>numerum</strong></span> <span class='ocrx_word' id='word_1_603' title='bbox 3457 3629 3512 3673; x_wconf 86' lang='lat' dir='ltr'><strong>et</strong></span> 
     </span>
    </p>
   </div>
   <div class='ocr_carea' id='block_1_81' title="bbox 1933 3711 3514 3787">
    <p class='ocr_par' dir='ltr' id='par_1_81' title="bbox 1933 3711 3514 3787">
     <span class='ocr_line' id='line_1_81' title="bbox 1933 3711 3514 3787; baseline -0.006 -14"><span class='ocrx_word' id='word_1_604' title='bbox 1933 3719 2094 3787; x_wconf 88' lang='lat' dir='ltr'><strong>Legis</strong></span> <span class='ocrx_word' id='word_1_605' title='bbox 2122 3721 2176 3772; x_wconf 89' lang='lat' dir='ltr'><strong>in</strong></span> <span class='ocrx_word' id='word_1_606' title='bbox 2198 3733 2254 3771; x_wconf 90' lang='lat' dir='ltr'><strong>se</strong></span> <span class='ocrx_word' id='word_1_607' title='bbox 2276 3717 2549 3770; x_wconf 85' lang='lat' dir='ltr'><strong>volumina</strong></span> <span class='ocrx_word' id='word_1_608' title='bbox 2576 3717 3032 3778; x_wconf 86' lang='lat' dir='ltr'><strong>demonstrarent,</strong></span> <span class='ocrx_word' id='word_1_609' title='bbox 3063 3713 3217 3783; x_wconf 86' lang='lat' dir='ltr'><strong>quasi</strong></span> <span class='ocrx_word' id='word_1_610' title='bbox 3248 3711 3514 3782; x_wconf 59' lang='lat' dir='ltr'><strong>pradica-</strong></span> 
     </span>
    </p>
   </div>
   <div class='ocr_carea' id='block_1_82' title="bbox 1933 3806 3044 3876">
    <p class='ocr_par' dir='ltr' id='par_1_82' title="bbox 1933 3806 3044 3876">
     <span class='ocr_line' id='line_1_82' title="bbox 1933 3806 3044 3876; baseline -0.004 -12"><span class='ocrx_word' id='word_1_611' title='bbox 1933 3819 2082 3864; x_wconf 88' lang='lat' dir='ltr'><strong>tores</strong></span> <span class='ocrx_word' id='word_1_612' title='bbox 2112 3808 2393 3876; x_wconf 78' lang='lat' dir='ltr'><strong>utriusque</strong></span> <span class='ocrx_word' id='word_1_613' title='bbox 2414 3806 2764 3862; x_wconf 76' lang='lat' dir='ltr'><strong>lustr-umenti</strong></span> <span class='ocrx_word' id='word_1_614' title='bbox 2808 3807 2952 3876; x_wconf 81' lang='lat' dir='ltr'><strong>(Act.</strong></span> <span class='ocrx_word' id='word_1_615' title='bbox 2981 3807 3044 3875; x_wconf 85' lang='lat' dir='ltr'><strong>l).</strong></span> 
     </span>
    </p>
   </div>
   <div class='ocr_carea' id='block_1_83' title="bbox 2006 3918 3515 3993">
    <p class='ocr_par' dir='ltr' id='par_1_83' title="bbox 2006 3918 3515 3993">
     <span class='ocr_line' id='line_1_83' title="bbox 2006 3918 3515 3993; baseline -0.006 -15"><span class='ocrx_word' id='word_1_616' title='bbox 2006 3923 2162 3993; x_wconf 78' lang='lat'><strong>281</strong></span> <span class='ocrx_word' id='word_1_617' title='bbox 2195 3920 2372 3991; x_wconf 81' lang='lat' dir='ltr'><strong>(Vers.</strong></span> <span class='ocrx_word' id='word_1_618' title='bbox 2404 3922 2458 3986; x_wconf 89' lang='lat'><strong>7,</strong></span> <span class='ocrx_word' id='word_1_619' title='bbox 2490 3920 2566 3990; x_wconf 85' lang='lat'><strong>8.)</strong></span> <span class='ocrx_word' id='word_1_620' title='bbox 2599 3938 2617 3971; x_wconf 72' lang='grc' dir='ltr'><strong>ι</strong></span> <span class='ocrx_word' id='word_1_621' title='bbox 2652 3920 2707 3973; x_wconf 92' lang='lat' dir='ltr'><strong>ln</strong></span> <span class='ocrx_word' id='word_1_622' title='bbox 2738 3921 2826 3974; x_wconf 89' lang='lat' dir='ltr'><strong>die</strong></span> <span class='ocrx_word' id='word_1_623' title='bbox 2856 3920 2947 3973; x_wconf 89' lang='lat' dir='ltr'><strong>illa</strong></span> <span class='ocrx_word' id='word_1_624' title='bbox 2978 3918 3326 3973; x_wconf 90' lang='lat' dir='ltr'><strong>inclinabitur</strong></span> <span class='ocrx_word' id='word_1_625' title='bbox 3349 3918 3515 3971; x_wconf 82' lang='lat' dir='ltr'><strong>homo</strong></span> 
     </span>
    </p>
   </div>
   <div class='ocr_carea' id='block_1_84' title="bbox 1935 4007 3513 4071">
    <p class='ocr_par' dir='ltr' id='par_1_84' title="bbox 1935 4007 3513 4071">
     <span class='ocr_line' id='line_1_84' title="bbox 1935 4007 3513 4071; baseline -0.006 0"><span class='ocrx_word' id='word_1_626' title='bbox 1935 4019 2002 4071; x_wconf 88' lang='lat' dir='ltr'><strong>ad</strong></span> <span class='ocrx_word' id='word_1_627' title='bbox 2060 4014 2320 4070; x_wconf 83' lang='lat' dir='ltr'><strong>faetorem</strong></span> <span class='ocrx_word' id='word_1_628' title='bbox 2372 4029 2578 4068; x_wconf 90' lang='lat' dir='ltr'><strong>suum:</strong></span> <span class='ocrx_word' id='word_1_629' title='bbox 2622 4021 2675 4065; x_wconf 87' lang='lat' dir='ltr'><strong>et</strong></span> <span class='ocrx_word' id='word_1_630' title='bbox 2723 4013 2867 4066; x_wconf 89' lang='lat' dir='ltr'><strong>oculi</strong></span> <span class='ocrx_word' id='word_1_631' title='bbox 2919 4011 2985 4065; x_wconf 89' lang='lat' dir='ltr'><strong>ad</strong></span> <span class='ocrx_word' id='word_1_632' title='bbox 3037 4009 3294 4064; x_wconf 85' lang='lat' dir='ltr'><strong>Sanctum</strong></span> <span class='ocrx_word' id='word_1_633' title='bbox 3348 4007 3513 4062; x_wconf 86' lang='lat' dir='ltr'><strong>Israel</strong></span> 
     </span>
    </p>
   </div>
   <div class='ocr_carea' id='block_1_85' title="bbox 1935 4098 3508 4176">
    <p class='ocr_par' dir='ltr' id='par_1_85' title="bbox 1935 4098 3508 4176">
     <span class='ocr_line' id='line_1_85' title="bbox 1935 4098 3508 4176; baseline -0.005 -14"><span class='ocrx_word' id='word_1_634' title='bbox 1935 4108 2248 4176; x_wconf 62' lang='lat' dir='ltr'><strong>respiciant.</strong></span> <span class='ocrx_word' id='word_1_635' title='bbox 2281 4105 2349 4159; x_wconf 81' lang='lat' dir='ltr'><strong>Et</strong></span> <span class='ocrx_word' id='word_1_636' title='bbox 2382 4119 2490 4158; x_wconf 92' lang='lat' dir='ltr'><strong>non</strong></span> <span class='ocrx_word' id='word_1_637' title='bbox 2539 4103 2890 4159; x_wconf 82' lang='lat' dir='ltr'><strong>inclinabitur</strong></span> <span class='ocrx_word' id='word_1_638' title='bbox 2933 4104 2999 4157; x_wconf 88' lang='lat' dir='ltr'><strong>ad</strong></span> <span class='ocrx_word' id='word_1_639' title='bbox 3032 4103 3248 4166; x_wconf 88' lang='lat' dir='ltr'><strong>altaria,</strong></span> <span class='ocrx_word' id='word_1_640' title='bbox 3271 4117 3392 4169; x_wconf 70' lang='lat' dir='ltr'><strong>qua:</strong></span> <span class='ocrx_word' id='word_1_641' title='bbox 3427 4098 3508 4154; x_wconf 81' lang='lat' dir='ltr'><strong>fe-</strong></span> 
     </span>
    </p>
   </div>
   <div class='ocr_carea' id='block_1_86' title="bbox 1937 4196 3513 4268">
    <p class='ocr_par' dir='ltr' id='par_1_86' title="bbox 1937 4196 3513 4268">
     <span class='ocr_line' id='line_1_86' title="bbox 1937 4196 3513 4268; baseline -0.001 -14"><span class='ocrx_word' id='word_1_642' title='bbox 1937 4210 2129 4254; x_wconf 87' lang='lat' dir='ltr'><strong>cerunt</strong></span> <span class='ocrx_word' id='word_1_643' title='bbox 2155 4216 2354 4256; x_wconf 75' lang='lat' dir='ltr'><strong>manus-</strong></span> <span class='ocrx_word' id='word_1_644' title='bbox 2372 4198 2511 4268; x_wconf 82' lang='lat' dir='ltr'><strong>cj&#39;us,</strong></span> <span class='ocrx_word' id='word_1_645' title='bbox 2550 4209 2603 4254; x_wconf 89' lang='lat' dir='ltr'><strong>et</strong></span> <span class='ocrx_word' id='word_1_646' title='bbox 2635 4214 2756 4268; x_wconf 70' lang='lat' dir='ltr'><strong>qua:</strong></span> <span class='ocrx_word' id='word_1_647' title='bbox 2789 4199 2994 4266; x_wconf 84' lang='lat' dir='ltr'><strong>operati</strong></span> <span class='ocrx_word' id='word_1_648' title='bbox 3020 4209 3144 4252; x_wconf 88' lang='lat' dir='ltr'><strong>sunt</strong></span> <span class='ocrx_word' id='word_1_649' title='bbox 3175 4197 3328 4267; x_wconf 84' lang='lat' dir='ltr'><strong>digiti</strong></span> <span class='ocrx_word' id='word_1_650' title='bbox 3355 4196 3472 4264; x_wconf 87' lang='lat' dir='ltr'><strong>ejus</strong></span> <span class='ocrx_word' id='word_1_651' title='bbox 3494 4213 3513 4252; x_wconf 84' lang='lat'><strong>;</strong></span> 
     </span>
    </p>
   </div>
   <div class='ocr_carea' id='block_1_87' title="bbox 1938 4288 3518 4360">
    <p class='ocr_par' dir='ltr' id='par_1_87' title="bbox 1938 4288 3518 4360">
     <span class='ocr_line' id='line_1_87' title="bbox 1938 4288 3518 4360; baseline -0.003 -15"><span class='ocrx_word' id='word_1_652' title='bbox 1938 4309 2043 4347; x_wconf 89' lang='lat' dir='ltr'><strong>non</strong></span> <span class='ocrx_word' id='word_1_653' title='bbox 2079 4294 2370 4360; x_wconf 86' lang='lat' dir='ltr'><strong>respicient</strong></span> <span class='ocrx_word' id='word_1_654' title='bbox 2410 4291 2559 4344; x_wconf 87' lang='lat' dir='ltr'><strong>lucos</strong></span> <span class='ocrx_word' id='word_1_655' title='bbox 2605 4301 2657 4344; x_wconf 90' lang='lat' dir='ltr'><strong>et</strong></span> <span class='ocrx_word' id='word_1_656' title='bbox 2695 4290 2940 4344; x_wconf 85' lang='lat' dir='ltr'><strong>delubra.</strong></span> <span class='ocrx_word' id='word_1_657' title='bbox 2979 4308 2998 4340; x_wconf 74' lang='grc' dir='ltr'><strong><em>ι</em></strong></span> <span class='ocrx_word' id='word_1_658' title='bbox 3040 4289 3094 4342; x_wconf 93' lang='lat' dir='ltr'><strong>ln</strong></span> <span class='ocrx_word' id='word_1_659' title='bbox 3147 4288 3239 4342; x_wconf 90' lang='lat' dir='ltr'><strong>illo</strong></span> <span class='ocrx_word' id='word_1_660' title='bbox 3275 4298 3518 4355; x_wconf 85' lang='lat' dir='ltr'><strong>tempore</strong></span> 
     </span>
    </p>
   </div>
   <div class='ocr_carea' id='block_1_88' title="bbox 1939 4377 3517 4450">
    <p class='ocr_par' dir='ltr' id='par_1_88' title="bbox 1939 4377 3517 4450">
     <span class='ocr_line' id='line_1_88' title="bbox 1939 4377 3517 4450; baseline 0.001 -19"><span class='ocrx_word' id='word_1_661' title='bbox 1939 4382 2156 4450; x_wconf 79' lang='lat' dir='ltr'><strong>quando</strong></span> <span class='ocrx_word' id='word_1_662' title='bbox 2185 4383 2252 4434; x_wconf 90' lang='lat' dir='ltr'><strong>de</strong></span> <span class='ocrx_word' id='word_1_663' title='bbox 2288 4381 2487 4450; x_wconf 87' lang='lat' dir='ltr'><strong>populo</strong></span> <span class='ocrx_word' id='word_1_664' title='bbox 2518 4381 2703 4443; x_wconf 88' lang='lat' dir='ltr'><strong>Israel,</strong></span> <span class='ocrx_word' id='word_1_665' title='bbox 2748 4381 2834 4435; x_wconf 93' lang='lat' dir='ltr'><strong>cui</strong></span> <span class='ocrx_word' id='word_1_666' title='bbox 2866 4382 3016 4450; x_wconf 90' lang='lat' dir='ltr'><strong>prius</strong></span> <span class='ocrx_word' id='word_1_667' title='bbox 3057 4380 3360 4443; x_wconf 88' lang='lat' dir='ltr'><strong>dicebatur,</strong></span> <span class='ocrx_word' id='word_1_668' title='bbox 3397 4377 3517 4433; x_wconf 84' lang='lat' dir='ltr'><strong>Oli-</strong></span> 
     </span>
    </p>
   </div>
   <div class='ocr_carea' id='block_1_89' title="bbox 259 4457 3516 4540">
    <p class='ocr_par' dir='ltr' id='par_1_89' title="bbox 259 4457 3516 4540">
     <span class='ocr_line' id='line_1_89' title="bbox 259 4457 3516 4540; baseline -0.002 -11"><span class='ocrx_word' id='word_1_669' title='bbox 259 4462 423 4530; x_wconf 66' lang='grc' dir='ltr'><strong>ειοτίθ</strong></span> <span class='ocrx_word' id='word_1_670' title='bbox 453 4458 645 4522; x_wconf 52' lang='lat' dir='ltr'><strong>“mlh</strong></span> <span class='ocrx_word' id='word_1_671' title='bbox 682 4469 735 4514; x_wconf 68' lang='grc' dir='ltr'><strong>ει</strong></span> <span class='ocrx_word' id='word_1_672' title='bbox 759 4462 984 4528; x_wconf 67' lang='lat' dir='ltr'><strong>Pingues</strong></span> <span class='ocrx_word' id='word_1_673' title='bbox 1007 4475 1200 4514; x_wconf 62' lang='lat' dir='ltr'><strong>carnes</strong></span> <span class='ocrx_word' id='word_1_674' title='bbox 1227 4460 1344 4530; x_wconf 71' lang='lat' dir='ltr'><strong>eius</strong></span> <span class='ocrx_word' id='word_1_675' title='bbox 1377 4459 1655 4513; x_wconf 62' lang='lat' dir='ltr'><strong>‘abescem</strong></span> <span class='ocrx_word' id='word_1_676' title='bbox 1687 4459 1728 4512; x_wconf 62' lang='grc' dir='ltr'><strong>⁵ο</strong></span> <span class='ocrx_word' id='word_1_677' title='bbox 1757 4457 1821 4513; x_wconf 64' lang='lat' dir='ltr'><strong>El</strong></span> <span class='ocrx_word' id='word_1_678' title='bbox 1857 4457 1900 4512; x_wconf 70' lang='grc' dir='ltr'><strong>θ</strong></span> <span class='ocrx_word' id='word_1_679' title='bbox 1931 4491 2046 4526; x_wconf 74' lang='lat' dir='ltr'><strong>nam</strong></span> <span class='ocrx_word' id='word_1_680' title='bbox 2076 4471 2408 4540; x_wconf 75' lang='lat' dir='ltr'><strong>frnctiferam</strong></span> <span class='ocrx_word' id='word_1_681' title='bbox 2462 4475 2661 4526; x_wconf 77' lang='lat' dir='ltr'><strong>vocavit</strong></span> <span class='ocrx_word' id='word_1_682' title='bbox 2703 4482 2750 4524; x_wconf 85' lang='lat' dir='ltr'><strong>te</strong></span> <span class='ocrx_word' id='word_1_683' title='bbox 2801 4471 3054 4525; x_wconf 78' lang='lat' dir='ltr'><strong>Dominus</strong></span> <span class='ocrx_word' id='word_1_684' title='bbox 3083 4471 3221 4524; x_wconf 76' lang='lat' dir='ltr'><strong>Deus</strong></span> <span class='ocrx_word' id='word_1_685' title='bbox 3256 4480 3375 4524; x_wconf 79' lang='lat' dir='ltr'><strong>(nus</strong></span> <span class='ocrx_word' id='word_1_686' title='bbox 3400 4469 3516 4540; x_wconf 84' lang='lat' dir='ltr'><strong>(Je-</strong></span> 
     </span>
    </p>
   </div>
   <div class='ocr_carea' id='block_1_90' title="bbox 258 4550 1834 4622">
    <p class='ocr_par' dir='ltr' id='par_1_90' title="bbox 258 4550 1834 4622">
     <span class='ocr_line' id='line_1_90' title="bbox 258 4550 1834 4622; baseline -0.003 -16"><span class='ocrx_word' id='word_1_687' title='bbox 258 4555 360 4607; x_wconf 85' lang='lat' dir='ltr'><strong>erit</strong></span> <span class='ocrx_word' id='word_1_688' title='bbox 388 4554 530 4607; x_wconf 87' lang='lat' dir='ltr'><strong>sicut</strong></span> <span class='ocrx_word' id='word_1_689' title='bbox 562 4567 896 4622; x_wconf 74' lang='lat' dir='ltr'><strong>congregans</strong></span> <span class='ocrx_word' id='word_1_690' title='bbox 938 4552 988 4604; x_wconf 92' lang='lat' dir='ltr'><strong>in</strong></span> <span class='ocrx_word' id='word_1_691' title='bbox 1039 4566 1216 4605; x_wconf 85' lang='lat' dir='ltr'><strong>messe</strong></span> <span class='ocrx_word' id='word_1_692' title='bbox 1267 4553 1412 4619; x_wconf 88' lang='lat' dir='ltr'><strong>quod</strong></span> <span class='ocrx_word' id='word_1_693' title='bbox 1461 4550 1739 4612; x_wconf 88' lang='lat' dir='ltr'><strong>restiterit,</strong></span> <span class='ocrx_word' id='word_1_694' title='bbox 1779 4557 1834 4602; x_wconf 91' lang='lat' dir='ltr'><strong>ct</strong></span> 
     </span>
    </p>
   </div>
   <div class='ocr_carea' id='block_1_91' title="bbox 260 4644 1833 4714">
    <p class='ocr_par' dir='ltr' id='par_1_91' title="bbox 260 4644 1833 4714">
     <span class='ocr_line' id='line_1_91' title="bbox 260 4644 1833 4714; baseline -0.001 -16"><span class='ocrx_word' id='word_1_695' title='bbox 260 4646 542 4699; x_wconf 83' lang='lat' dir='ltr'><strong>brachium</strong></span> <span class='ocrx_word' id='word_1_696' title='bbox 583 4644 704 4712; x_wconf 90' lang='lat' dir='ltr'><strong>ejns</strong></span> <span class='ocrx_word' id='word_1_697' title='bbox 737 4646 914 4713; x_wconf 87' lang='lat' dir='ltr'><strong>spicas</strong></span> <span class='ocrx_word' id='word_1_698' title='bbox 964 4645 1120 4714; x_wconf 82' lang='lat' dir='ltr'><strong>leget,</strong></span> <span class='ocrx_word' id='word_1_699' title='bbox 1169 4653 1221 4698; x_wconf 92' lang='lat' dir='ltr'><strong>et</strong></span> <span class='ocrx_word' id='word_1_700' title='bbox 1266 4645 1369 4698; x_wconf 86' lang='lat' dir='ltr'><strong>erit</strong></span> <span class='ocrx_word' id='word_1_701' title='bbox 1414 4645 1554 4699; x_wconf 88' lang='lat' dir='ltr'><strong>sicut</strong></span> <span class='ocrx_word' id='word_1_702' title='bbox 1585 4657 1833 4711; x_wconf 79' lang='lat' dir='ltr'><strong>quaerens</strong></span> 
     </span>
    </p>
   </div>
   <div class='ocr_carea' id='block_1_92' title="bbox 257 4734 1834 4805">
    <p class='ocr_par' dir='ltr' id='par_1_92' title="bbox 257 4734 1834 4805">
     <span class='ocr_line' id='line_1_92' title="bbox 257 4734 1834 4805; baseline -0.002 -16"><span class='ocrx_word' id='word_1_703' title='bbox 257 4738 440 4805; x_wconf 82' lang='lat' dir='ltr'><strong>spicas</strong></span> <span class='ocrx_word' id='word_1_704' title='bbox 471 4737 525 4789; x_wconf 92' lang='lat' dir='ltr'><strong>in</strong></span> <span class='ocrx_word' id='word_1_705' title='bbox 558 4737 695 4788; x_wconf 88' lang='lat' dir='ltr'><strong>valle</strong></span> <span class='ocrx_word' id='word_1_706' title='bbox 718 4735 1005 4804; x_wconf 71' lang='lat' dir='ltr'><strong>Itapbaim.</strong></span> <span class='ocrx_word' id='word_1_707' title='bbox 1041 4734 1209 4804; x_wconf 79' lang='grc'><strong>280</strong></span> <span class='ocrx_word' id='word_1_708' title='bbox 1234 4735 1297 4788; x_wconf 86' lang='lat' dir='ltr'><strong>Et</strong></span> <span class='ocrx_word' id='word_1_709' title='bbox 1328 4736 1659 4802; x_wconf 86' lang='lat' dir='ltr'><strong>relinquetur</strong></span> <span class='ocrx_word' id='word_1_710' title='bbox 1695 4735 1748 4786; x_wconf 90' lang='lat' dir='ltr'><strong>in</strong></span> <span class='ocrx_word' id='word_1_711' title='bbox 1767 4747 1834 4787; x_wconf 88' lang='lat' dir='ltr'><strong>eo</strong></span> 
     </span>
    </p>
   </div>
   <div class='ocr_carea' id='block_1_93' title="bbox 260 4829 1834 4894">
    <p class='ocr_par' dir='ltr' id='par_1_93' title="bbox 260 4829 1834 4894">
     <span class='ocr_line' id='line_1_93' title="bbox 260 4829 1834 4894; baseline -0.001 -12"><span class='ocrx_word' id='word_1_712' title='bbox 260 4831 401 4883; x_wconf 85' lang='lat' dir='ltr'><strong>sicut</strong></span> <span class='ocrx_word' id='word_1_713' title='bbox 432 4845 709 4894; x_wconf 78' lang='lat' dir='ltr'><strong>racemus,</strong></span> <span class='ocrx_word' id='word_1_714' title='bbox 739 4841 794 4884; x_wconf 93' lang='lat' dir='ltr'><strong>et</strong></span> <span class='ocrx_word' id='word_1_715' title='bbox 840 4831 981 4884; x_wconf 83' lang='lat' dir='ltr'><strong>sicut</strong></span> <span class='ocrx_word' id='word_1_716' title='bbox 1022 4831 1272 4884; x_wconf 86' lang='lat' dir='ltr'><strong>excussio</strong></span> <span class='ocrx_word' id='word_1_717' title='bbox 1301 4829 1454 4884; x_wconf 78' lang='lat' dir='ltr'><strong>oliva:</strong></span> <span class='ocrx_word' id='word_1_718' title='bbox 1490 4831 1713 4883; x_wconf 86' lang='lat' dir='ltr'><strong>duarqu</strong></span> <span class='ocrx_word' id='word_1_719' title='bbox 1745 4839 1834 4881; x_wconf 86' lang='lat' dir='ltr'><strong>aut</strong></span> 
     </span>
    </p>
   </div>
   <div class='ocr_carea' id='block_1_94' title="bbox 262 4920 1834 4988">
    <p class='ocr_par' dir='ltr' id='par_1_94' title="bbox 262 4920 1834 4988">
     <span class='ocr_line' id='line_1_94' title="bbox 262 4920 1834 4988; baseline -0.001 -16"><span class='ocrx_word' id='word_1_720' title='bbox 262 4921 427 4974; x_wconf 89' lang='lat' dir='ltr'><strong>trium</strong></span> <span class='ocrx_word' id='word_1_721' title='bbox 453 4922 717 4974; x_wconf 89' lang='lat' dir='ltr'><strong>olivarum</strong></span> <span class='ocrx_word' id='word_1_722' title='bbox 751 4921 802 4973; x_wconf 91' lang='lat' dir='ltr'><strong>in</strong></span> <span class='ocrx_word' id='word_1_723' title='bbox 855 4923 1168 4974; x_wconf 87' lang='lat' dir='ltr'><strong>summitate</strong></span> <span class='ocrx_word' id='word_1_724' title='bbox 1219 4921 1380 4983; x_wconf 89' lang='lat' dir='ltr'><strong>rami,</strong></span> <span class='ocrx_word' id='word_1_725' title='bbox 1441 4920 1553 4973; x_wconf 83' lang='lat' dir='ltr'><strong>sive</strong></span> <span class='ocrx_word' id='word_1_726' title='bbox 1603 4929 1834 4988; x_wconf 85' lang='lat' dir='ltr'><strong>quatuor</strong></span> 
     </span>
    </p>
   </div>
   <div class='ocr_carea' id='block_1_95' title="bbox 264 5007 1833 5079">
    <p class='ocr_par' dir='ltr' id='par_1_95' title="bbox 264 5007 1833 5079">
     <span class='ocr_line' id='line_1_95' title="bbox 264 5007 1833 5079; baseline -0.002 -16"><span class='ocrx_word' id='word_1_727' title='bbox 264 5021 354 5064; x_wconf 91' lang='lat' dir='ltr'><strong>aut</strong></span> <span class='ocrx_word' id='word_1_728' title='bbox 381 5009 624 5079; x_wconf 84' lang='lat' dir='ltr'><strong>quinque</strong></span> <span class='ocrx_word' id='word_1_729' title='bbox 654 5009 708 5062; x_wconf 89' lang='lat' dir='ltr'><strong>in</strong></span> <span class='ocrx_word' id='word_1_730' title='bbox 738 5010 1112 5064; x_wconf 84' lang='lat' dir='ltr'><strong>cacuminibus</strong></span> <span class='ocrx_word' id='word_1_731' title='bbox 1139 5009 1257 5076; x_wconf 87' lang='lat' dir='ltr'><strong>ejus</strong></span> <span class='ocrx_word' id='word_1_732' title='bbox 1290 5009 1501 5062; x_wconf 77' lang='lat' dir='ltr'><strong>fructus</strong></span> <span class='ocrx_word' id='word_1_733' title='bbox 1527 5008 1665 5073; x_wconf 87' lang='lat' dir='ltr'><strong>ejus,</strong></span> <span class='ocrx_word' id='word_1_734' title='bbox 1700 5007 1833 5060; x_wconf 87' lang='lat' dir='ltr'><strong>dicit</strong></span> 
     </span>
    </p>
   </div>
   <div class='ocr_carea' id='block_1_96' title="bbox 265 5099 1834 5168">
    <p class='ocr_par' dir='ltr' id='par_1_96' title="bbox 265 5099 1834 5168">
     <span class='ocr_line' id='line_1_96' title="bbox 265 5099 1834 5168; baseline -0.001 -13"><span class='ocrx_word' id='word_1_735' title='bbox 265 5103 528 5156; x_wconf 85' lang='lat' dir='ltr'><strong>Dominus</strong></span> <span class='ocrx_word' id='word_1_736' title='bbox 565 5100 709 5156; x_wconf 84' lang='lat' dir='ltr'><strong>Deus</strong></span> <span class='ocrx_word' id='word_1_737' title='bbox 752 5101 936 5156; x_wconf 86' lang='lat' dir='ltr'><strong>Israel.</strong></span> <span class='ocrx_word' id='word_1_738' title='bbox 985 5121 1003 5152; x_wconf 87' lang='lat' dir='ltr'><strong>s</strong></span> <span class='ocrx_word' id='word_1_739' title='bbox 1047 5099 1333 5154; x_wconf 82' lang='lat' dir='ltr'><strong>Postouam</strong></span> <span class='ocrx_word' id='word_1_740' title='bbox 1381 5099 1622 5167; x_wconf 69' lang='lat' dir='ltr'><strong>reliquiae</strong></span> <span class='ocrx_word' id='word_1_741' title='bbox 1661 5099 1834 5168; x_wconf 57' lang='lat' dir='ltr'><strong>Syriae</strong></span> 
     </span>
    </p>
   </div>
   <div class='ocr_carea' id='block_1_97' title="bbox 330 5305 1832 5378">
    <p class='ocr_par' dir='ltr' id='par_1_97' title="bbox 330 5305 1832 5378">
     <span class='ocr_line' id='line_1_97' title="bbox 330 5305 1832 5378; baseline -0.003 -14"><span class='ocrx_word' id='word_1_742' title='bbox 330 5315 347 5344; x_wconf 76' lang='grc'>³</span> <span class='ocrx_word' id='word_1_743' title='bbox 394 5311 514 5366; x_wconf 91' lang='lat' dir='ltr'><strong>Duo</strong></span> <span class='ocrx_word' id='word_1_744' title='bbox 547 5310 718 5364; x_wconf 89' lang='lat' dir='ltr'><strong>nostri</strong></span> <span class='ocrx_word' id='word_1_745' title='bbox 754 5322 910 5372; x_wconf 85' lang='lat' dir='ltr'><strong>mss.,</strong></span> <span class='ocrx_word' id='word_1_746' title='bbox 957 5310 1214 5378; x_wconf 82' lang='lat' dir='ltr'><strong>myrieon,</strong></span> <span class='ocrx_word' id='word_1_747' title='bbox 1251 5307 1343 5360; x_wconf 90' lang='lat' dir='ltr'><strong>alii</strong></span> <span class='ocrx_word' id='word_1_748' title='bbox 1369 5319 1537 5375; x_wconf 88' lang='lat' dir='ltr'><strong>penes</strong></span> <span class='ocrx_word' id='word_1_749' title='bbox 1579 5305 1832 5360; x_wconf 82' lang='lat' dir='ltr'><strong>Martian.</strong></span> 
     </span>
    </p>
   </div>
   <div class='ocr_carea' id='block_1_98' title="bbox 261 5380 761 5450">
    <p class='ocr_par' dir='ltr' id='par_1_98' title="bbox 261 5380 761 5450">
     <span class='ocr_line' id='line_1_98' title="bbox 261 5380 761 5450; baseline -0.008 -13"><span class='ocrx_word' id='word_1_750' title='bbox 261 5380 470 5446; x_wconf 56' lang='lat' dir='ltr'><strong>Graece,</strong></span> <span class='ocrx_word' id='word_1_751' title='bbox 506 5380 761 5450; x_wconf 77' lang='grc' dir='ltr'><strong>μυρῐκον.</strong></span> 
     </span>
    </p>
   </div>
   <div class='ocr_carea' id='block_1_99' title="bbox 331 5445 1836 5516">
    <p class='ocr_par' dir='ltr' id='par_1_99' title="bbox 331 5445 1836 5516">
     <span class='ocr_line' id='line_1_99' title="bbox 331 5445 1836 5516; baseline -0.004 -11"><span class='ocrx_word' id='word_1_752' title='bbox 331 5458 351 5485; x_wconf 81' lang='grc'>³</span> <span class='ocrx_word' id='word_1_753' title='bbox 392 5445 679 5516; x_wconf 68' lang='grc' dir='ltr'><strong>δέτᾶμῐιιηι</strong></span> <span class='ocrx_word' id='word_1_754' title='bbox 727 5449 1083 5505; x_wconf 65' lang='lat' dir='ltr'><strong>Alexandriae.</strong></span> <span class='ocrx_word' id='word_1_755' title='bbox 1138 5446 1228 5500; x_wconf 85' lang='lat' dir='ltr'><strong>Sic</strong></span> <span class='ocrx_word' id='word_1_756' title='bbox 1281 5446 1464 5513; x_wconf 84' lang='lat' dir='ltr'><strong>legunt</strong></span> <span class='ocrx_word' id='word_1_757' title='bbox 1502 5460 1632 5500; x_wconf 87' lang='lat' dir='ltr'><strong>mss.</strong></span> <span class='ocrx_word' id='word_1_758' title='bbox 1663 5445 1836 5500; x_wconf 76' lang='lat' dir='ltr'><strong>nostri</strong></span> 
     </span>
    </p>
   </div>
   <div class='ocr_carea' id='block_1_100' title="bbox 263 5516 1836 5589">
    <p class='ocr_par' dir='ltr' id='par_1_100' title="bbox 263 5516 1836 5589">
     <span class='ocr_line' id='line_1_100' title="bbox 263 5516 1836 5589; baseline -0.006 -12"><span class='ocrx_word' id='word_1_759' title='bbox 263 5523 497 5580; x_wconf 83' lang='lat' dir='ltr'><strong>codices.</strong></span> <span class='ocrx_word' id='word_1_760' title='bbox 535 5530 592 5572; x_wconf 90' lang='lat' dir='ltr'><strong>ut</strong></span> <span class='ocrx_word' id='word_1_761' title='bbox 621 5522 867 5589; x_wconf 87' lang='lat' dir='ltr'><strong>quinque</strong></span> <span class='ocrx_word' id='word_1_762' title='bbox 904 5535 1042 5588; x_wconf 86' lang='lat' dir='ltr'><strong>quos</strong></span> <span class='ocrx_word' id='word_1_763' title='bbox 1089 5517 1458 5589; x_wconf 57' lang='lat' dir='ltr'><strong>exl’lorentia</strong></span> <span class='ocrx_word' id='word_1_764' title='bbox 1497 5517 1687 5589; x_wconf 74' lang='lat' dir='ltr'><strong>habuit</strong></span> <span class='ocrx_word' id='word_1_765' title='bbox 1721 5516 1836 5589; x_wconf 75' lang='lat' dir='ltr'><strong>illa-</strong></span> 
     </span>
    </p>
   </div>
   <div class='ocr_carea' id='block_1_101' title="bbox 263 5585 1835 5656">
    <p class='ocr_par' dir='ltr' id='par_1_101' title="bbox 263 5585 1835 5656">
     <span class='ocr_line' id='line_1_101' title="bbox 263 5585 1835 5656; baseline -0.005 -11"><span class='ocrx_word' id='word_1_766' title='bbox 263 5593 448 5645; x_wconf 74' lang='lat' dir='ltr'><strong>rianus</strong></span> <span class='ocrx_word' id='word_1_767' title='bbox 471 5585 689 5651; x_wconf 74' lang='lat' dir='ltr'><strong>Victor;</strong></span> <span class='ocrx_word' id='word_1_768' title='bbox 715 5585 968 5644; x_wconf 61' lang='lat' dir='ltr'><strong>Erasmus</strong></span> <span class='ocrx_word' id='word_1_769' title='bbox 1007 5588 1133 5656; x_wconf 75' lang='lat' dir='ltr'><strong>legit</strong></span> <span class='ocrx_word' id='word_1_770' title='bbox 1165 5586 1375 5653; x_wconf 81' lang='lat' dir='ltr'><strong>Serapis</strong></span> <span class='ocrx_word' id='word_1_771' title='bbox 1402 5585 1452 5637; x_wconf 78' lang='lat' dir='ltr'><strong>in</strong></span> <span class='ocrx_word' id='word_1_772' title='bbox 1486 5585 1835 5650; x_wconf 76' lang='lat' dir='ltr'><strong>Alexandria,</strong></span> 
     </span>
    </p>
   </div>
   <div class='ocr_carea' id='block_1_102' title="bbox 232 5656 1838 5725">
    <p class='ocr_par' dir='ltr' id='par_1_102' title="bbox 232 5656 1838 5725">
     <span class='ocr_line' id='line_1_102' title="bbox 232 5656 1838 5725; baseline -0.005 -10"><span class='ocrx_word' id='word_1_773' title='bbox 232 5675 388 5725; x_wconf 80' lang='lat' dir='ltr'><strong>-etc.,</strong></span> <span class='ocrx_word' id='word_1_774' title='bbox 412 5671 520 5713; x_wconf 87' lang='lat' dir='ltr'><strong>etc.</strong></span> <span class='ocrx_word' id='word_1_775' title='bbox 552 5657 909 5712; x_wconf 69' lang='lat' dir='ltr'><strong>Mssrus.-—</strong></span> <span class='ocrx_word' id='word_1_776' title='bbox 957 5659 1028 5714; x_wconf 89' lang='lat' dir='ltr'><strong>De</strong></span> <span class='ocrx_word' id='word_1_777' title='bbox 1067 5657 1312 5722; x_wconf 72' lang='lat' dir='ltr'><strong>Serapio,</strong></span> <span class='ocrx_word' id='word_1_778' title='bbox 1359 5657 1499 5725; x_wconf 75' lang='lat' dir='ltr'><strong>quod</strong></span> <span class='ocrx_word' id='word_1_779' title='bbox 1548 5656 1838 5708; x_wconf 84' lang='lat' dir='ltr'><strong>celeberri-</strong></span> 
     </span>
    </p>
   </div>
   <div class='ocr_carea' id='block_1_103' title="bbox 263 5723 1837 5798">
    <p class='ocr_par' dir='ltr' id='par_1_103' title="bbox 263 5723 1837 5798">
     <span class='ocr_line' id='line_1_103' title="bbox 263 5723 1837 5798; baseline -0.004 -13"><span class='ocrx_word' id='word_1_780' title='bbox 263 5723 409 5785; x_wconf 81' lang='lat' dir='ltr'><strong>mum</strong></span> <span class='ocrx_word' id='word_1_781' title='bbox 441 5738 559 5785; x_wconf 86' lang='lat' dir='ltr'><strong>erat</strong></span> <span class='ocrx_word' id='word_1_782' title='bbox 589 5729 926 5785; x_wconf 73' lang='lat' dir='ltr'><strong>Alexandria:</strong></span> <span class='ocrx_word' id='word_1_783' title='bbox 959 5728 1237 5798; x_wconf 82' lang='lat' dir='ltr'><strong>templum,</strong></span> <span class='ocrx_word' id='word_1_784' title='bbox 1272 5727 1395 5780; x_wconf 79' lang='lat' dir='ltr'><strong>vide</strong></span> <span class='ocrx_word' id='word_1_785' title='bbox 1415 5723 1700 5798; x_wconf 78' lang='lat' dir='ltr'><strong>Theophili</strong></span> <span class='ocrx_word' id='word_1_786' title='bbox 1729 5728 1837 5794; x_wconf 72' lang='lat' dir='ltr'><strong>Sy-</strong></span> 
     </span>
    </p>
   </div>
   <div class='ocr_carea' id='block_1_104' title="bbox 1937 4561 3514 4632">
    <p class='ocr_par' dir='ltr' id='par_1_104' title="bbox 1937 4561 3514 4632">
     <span class='ocr_line' id='line_1_104' title="bbox 1937 4561 3514 4632; baseline -0.002 -15"><span class='ocrx_word' id='word_1_787' title='bbox 1937 4582 2068 4617; x_wconf 83' lang='lat' dir='ltr'><strong>rem.</strong></span> <span class='ocrx_word' id='word_1_788' title='bbox 2094 4581 2170 4628; x_wconf 78' lang='lat' dir='ltr'><strong>xi,</strong></span> <span class='ocrx_word' id='word_1_789' title='bbox 2209 4564 2295 4632; x_wconf 68' lang='lat' dir='ltr'><strong>lii)</strong></span> <span class='ocrx_word' id='word_1_790' title='bbox 2331 4578 2346 4616; x_wconf 91' lang='lat'><strong>:</strong></span> <span class='ocrx_word' id='word_1_791' title='bbox 2377 4571 2430 4618; x_wconf 91' lang='lat' dir='ltr'><strong>et</strong></span> <span class='ocrx_word' id='word_1_792' title='bbox 2465 4563 2532 4618; x_wconf 89' lang='lat' dir='ltr'><strong>de</strong></span> <span class='ocrx_word' id='word_1_793' title='bbox 2568 4578 2675 4630; x_wconf 84' lang='lat' dir='ltr'><strong>quo</strong></span> <span class='ocrx_word' id='word_1_794' title='bbox 2725 4563 2779 4617; x_wconf 89' lang='lat' dir='ltr'><strong>in</strong></span> <span class='ocrx_word' id='word_1_795' title='bbox 2819 4562 3047 4617; x_wconf 87' lang='lat' dir='ltr'><strong>Psalmis</strong></span> <span class='ocrx_word' id='word_1_796' title='bbox 3075 4563 3345 4630; x_wconf 71' lang='lat' dir='ltr'><strong>legimus:</strong></span> <span class='ocrx_word' id='word_1_797' title='bbox 3385 4561 3514 4614; x_wconf 79' lang='lat' dir='ltr'><strong>Filii</strong></span> 
     </span>
    </p>
   </div>
   <div class='ocr_carea' id='block_1_105' title="bbox 1937 4655 3518 4709">
    <p class='ocr_par' dir='ltr' id='par_1_105' title="bbox 1937 4655 3518 4709">
     <span class='ocr_line' id='line_1_105' title="bbox 1937 4655 3518 4709; baseline -0.001 -2"><span class='ocrx_word' id='word_1_798' title='bbox 1937 4658 2012 4708; x_wconf 79' lang='lat' dir='ltr'><strong>tui</strong></span> <span class='ocrx_word' id='word_1_799' title='bbox 2050 4657 2185 4708; x_wconf 84' lang='lat' dir='ltr'><strong>sicut</strong></span> <span class='ocrx_word' id='word_1_800' title='bbox 2245 4655 2462 4708; x_wconf 75' lang='lat' dir='ltr'><strong>novella:</strong></span> <span class='ocrx_word' id='word_1_801' title='bbox 2513 4657 2775 4709; x_wconf 78' lang='lat' dir='ltr'><strong>olivarum</strong></span> <span class='ocrx_word' id='word_1_802' title='bbox 2827 4657 2880 4708; x_wconf 84' lang='lat' dir='ltr'><strong>in</strong></span> <span class='ocrx_word' id='word_1_803' title='bbox 2930 4656 3150 4708; x_wconf 83' lang='lat' dir='ltr'><strong>circuitu</strong></span> <span class='ocrx_word' id='word_1_804' title='bbox 3187 4670 3377 4707; x_wconf 73' lang='lat' dir='ltr'><strong>mensa:</strong></span> <span class='ocrx_word' id='word_1_805' title='bbox 3411 4663 3518 4706; x_wconf 69' lang='lat' dir='ltr'><strong>tua:</strong></span> 
     </span>
    </p>
   </div>
   <div class='ocr_carea' id='block_1_106' title="bbox 1940 4745 3510 4818">
    <p class='ocr_par' dir='ltr' id='par_1_106' title="bbox 1940 4745 3510 4818">
     <span class='ocr_line' id='line_1_106' title="bbox 1940 4745 3510 4818; baseline -0.004 -17"><span class='ocrx_word' id='word_1_806' title='bbox 1940 4747 2114 4818; x_wconf 83' lang='lat' dir='ltr'><strong>(Psal.</strong></span> <span class='ocrx_word' id='word_1_807' title='bbox 2147 4763 2348 4808; x_wconf 80' lang='lat' dir='ltr'><strong>cxxvu,</strong></span> <span class='ocrx_word' id='word_1_808' title='bbox 2382 4747 2459 4815; x_wconf 84' lang='grc'><strong>⁸5),</strong></span> <span class='ocrx_word' id='word_1_809' title='bbox 2496 4763 2591 4816; x_wconf 84' lang='lat' dir='ltr'><strong>pro</strong></span> <span class='ocrx_word' id='word_1_810' title='bbox 2621 4747 2864 4801; x_wconf 85' lang='lat' dir='ltr'><strong>siccitate</strong></span> <span class='ocrx_word' id='word_1_811' title='bbox 2894 4747 3079 4816; x_wconf 73' lang='lat' dir='ltr'><strong>gratia:</strong></span> <span class='ocrx_word' id='word_1_812' title='bbox 3096 4745 3390 4812; x_wconf 85' lang='lat' dir='ltr'><strong>spiritualis</strong></span> <span class='ocrx_word' id='word_1_813' title='bbox 3424 4745 3510 4796; x_wconf 86' lang='lat' dir='ltr'><strong>vix</strong></span> 
     </span>
    </p>
   </div>
   <div class='ocr_carea' id='block_1_107' title="bbox 1939 4835 3518 4907">
    <p class='ocr_par' dir='ltr' id='par_1_107' title="bbox 1939 4835 3518 4907">
     <span class='ocr_line' id='line_1_107' title="bbox 1939 4835 3518 4907; baseline -0.004 -15"><span class='ocrx_word' id='word_1_814' title='bbox 1939 4841 2074 4893; x_wconf 86' lang='lat' dir='ltr'><strong>duas</strong></span> <span class='ocrx_word' id='word_1_815' title='bbox 2110 4840 2303 4902; x_wconf 80' lang='lat' dir='ltr'><strong>olivas,</strong></span> <span class='ocrx_word' id='word_1_816' title='bbox 2339 4850 2393 4892; x_wconf 89' lang='lat' dir='ltr'><strong>ct</strong></span> <span class='ocrx_word' id='word_1_817' title='bbox 2425 4848 2558 4903; x_wconf 89' lang='lat' dir='ltr'><strong>tres,</strong></span> <span class='ocrx_word' id='word_1_818' title='bbox 2590 4848 2682 4891; x_wconf 86' lang='lat' dir='ltr'><strong>aut</strong></span> <span class='ocrx_word' id='word_1_819' title='bbox 2719 4849 2974 4907; x_wconf 90' lang='lat' dir='ltr'><strong>quatuor,</strong></span> <span class='ocrx_word' id='word_1_820' title='bbox 3010 4846 3100 4890; x_wconf 85' lang='lat' dir='ltr'><strong>aut</strong></span> <span class='ocrx_word' id='word_1_821' title='bbox 3143 4837 3380 4904; x_wconf 85' lang='lat' dir='ltr'><strong>quinque</strong></span> <span class='ocrx_word' id='word_1_822' title='bbox 3413 4835 3518 4886; x_wconf 88' lang='lat' dir='ltr'><strong>Do-</strong></span> 
     </span>
    </p>
   </div>
   <div class='ocr_carea' id='block_1_108' title="bbox 1941 4924 3513 4997">
    <p class='ocr_par' dir='ltr' id='par_1_108' title="bbox 1941 4924 3513 4997">
     <span class='ocr_line' id='line_1_108' title="bbox 1941 4924 3513 4997; baseline -0.005 -13"><span class='ocrx_word' id='word_1_823' title='bbox 1941 4931 2120 4984; x_wconf 90' lang='lat' dir='ltr'><strong>minus</strong></span> <span class='ocrx_word' id='word_1_824' title='bbox 2147 4929 2394 4983; x_wconf 89' lang='lat' dir='ltr'><strong>esuricns</strong></span> <span class='ocrx_word' id='word_1_825' title='bbox 2431 4931 2714 4997; x_wconf 82' lang='lat' dir='ltr'><strong>repererit,</strong></span> <span class='ocrx_word' id='word_1_826' title='bbox 2766 4928 3094 4982; x_wconf 88' lang='lat' dir='ltr'><strong>subintrabit</strong></span> <span class='ocrx_word' id='word_1_827' title='bbox 3127 4926 3364 4994; x_wconf 83' lang='lat' dir='ltr'><strong>gentium</strong></span> <span class='ocrx_word' id='word_1_828' title='bbox 3399 4924 3513 4992; x_wconf 89' lang='lat' dir='ltr'><strong>ple-</strong></span> 
     </span>
    </p>
   </div>
   <div class='ocr_carea' id='block_1_109' title="bbox 1939 5015 3514 5090">
    <p class='ocr_par' dir='ltr' id='par_1_109' title="bbox 1939 5015 3514 5090">
     <span class='ocr_line' id='line_1_109' title="bbox 1939 5015 3514 5090; baseline -0.006 -13"><span class='ocrx_word' id='word_1_829' title='bbox 1939 5023 2150 5088; x_wconf 79' lang='lat' dir='ltr'><strong>n&#39;tudo,</strong></span> <span class='ocrx_word' id='word_1_830' title='bbox 2182 5032 2237 5076; x_wconf 90' lang='lat' dir='ltr'><strong>et</strong></span> <span class='ocrx_word' id='word_1_831' title='bbox 2267 5035 2610 5090; x_wconf 82' lang='lat' dir='ltr'><strong>nequaquam</strong></span> <span class='ocrx_word' id='word_1_832' title='bbox 2655 5021 2720 5072; x_wconf 88' lang='lat' dir='ltr'><strong>ad</strong></span> <span class='ocrx_word' id='word_1_833' title='bbox 2766 5020 2906 5073; x_wconf 84' lang='lat' dir='ltr'><strong>idola</strong></span> <span class='ocrx_word' id='word_1_834' title='bbox 2966 5015 3298 5078; x_wconf 84' lang='lat' dir='ltr'><strong>mannfacta,</strong></span> <span class='ocrx_word' id='word_1_835' title='bbox 3329 5021 3420 5070; x_wconf 88' lang='lat' dir='ltr'><strong>sed</strong></span> <span class='ocrx_word' id='word_1_836' title='bbox 3446 5017 3514 5069; x_wconf 89' lang='lat' dir='ltr'><strong>ad</strong></span> 
     </span>
    </p>
   </div>
   <div class='ocr_carea' id='block_1_110' title="bbox 1938 5106 3513 5175">
    <p class='ocr_par' dir='ltr' id='par_1_110' title="bbox 1938 5106 3513 5175">
     <span class='ocr_line' id='line_1_110' title="bbox 1938 5106 3513 5175; baseline -0.006 -6"><span class='ocrx_word' id='word_1_837' title='bbox 1938 5115 2105 5169; x_wconf 87' lang='lat' dir='ltr'><strong>Deum</strong></span> <span class='ocrx_word' id='word_1_838' title='bbox 2167 5128 2324 5168; x_wconf 86' lang='lat' dir='ltr'><strong>suum</strong></span> <span class='ocrx_word' id='word_1_839' title='bbox 2374 5111 2724 5166; x_wconf 83' lang='lat' dir='ltr'><strong>inclinabitur</strong></span> <span class='ocrx_word' id='word_1_840' title='bbox 2797 5119 2852 5163; x_wconf 89' lang='lat' dir='ltr'><strong>et</strong></span> <span class='ocrx_word' id='word_1_841' title='bbox 2895 5107 3193 5175; x_wconf 71' lang='lat' dir='ltr'><strong>respiciens</strong></span> <span class='ocrx_word' id='word_1_842' title='bbox 3251 5106 3513 5161; x_wconf 70' lang='lat' dir='ltr'><strong>Sanctum</strong></span> 
     </span>
    </p>
   </div>
   <div class='ocr_carea' id='block_1_111' title="bbox 1939 5314 3509 5384">
    <p class='ocr_par' dir='ltr' id='par_1_111' title="bbox 1939 5314 3509 5384">
     <span class='ocr_line' id='line_1_111' title="bbox 1939 5314 3509 5384; baseline 0.001 -15"><span class='ocrx_word' id='word_1_843' title='bbox 1939 5316 2186 5369; x_wconf 85' lang='lat' dir='ltr'><strong>nodicam</strong></span> <span class='ocrx_word' id='word_1_844' title='bbox 2242 5314 2413 5383; x_wconf 85' lang='lat' dir='ltr'><strong>Epist.</strong></span> <span class='ocrx_word' id='word_1_845' title='bbox 2455 5314 2599 5367; x_wconf 90' lang='lat' dir='ltr'><strong>inter</strong></span> <span class='ocrx_word' id='word_1_846' title='bbox 2659 5314 3108 5384; x_wconf 81' lang='lat' dir='ltr'><strong>llieronymianas</strong></span> <span class='ocrx_word' id='word_1_847' title='bbox 3157 5316 3246 5376; x_wconf 75' lang='lat'><strong>92.</strong></span> <span class='ocrx_word' id='word_1_848' title='bbox 3279 5334 3425 5371; x_wconf 88' lang='lat' dir='ltr'><strong>num.</strong></span> <span class='ocrx_word' id='word_1_849' title='bbox 3453 5317 3509 5379; x_wconf 81' lang='grc'><strong>5,</strong></span> 
     </span>
    </p>
   </div>
   <div class='ocr_carea' id='block_1_112' title="bbox 1937 5385 3514 5452">
    <p class='ocr_par' dir='ltr' id='par_1_112' title="bbox 1937 5385 3514 5452">
     <span class='ocr_line' id='line_1_112' title="bbox 1937 5385 3514 5452; baseline 0.001 -13"><span class='ocrx_word' id='word_1_850' title='bbox 1937 5396 1988 5439; x_wconf 85' lang='lat' dir='ltr'><strong>ct</strong></span> <span class='ocrx_word' id='word_1_851' title='bbox 2013 5401 2130 5452; x_wconf 64' lang='lat' dir='ltr'><strong>quae</strong></span> <span class='ocrx_word' id='word_1_852' title='bbox 2159 5385 2210 5437; x_wconf 90' lang='lat' dir='ltr'><strong>in</strong></span> <span class='ocrx_word' id='word_1_853' title='bbox 2238 5400 2358 5436; x_wconf 88' lang='lat' dir='ltr'><strong>eum</strong></span> <span class='ocrx_word' id='word_1_854' title='bbox 2396 5386 2574 5436; x_wconf 83' lang='lat' dir='ltr'><strong>locutu</strong></span> <span class='ocrx_word' id='word_1_855' title='bbox 2624 5394 2966 5452; x_wconf 81' lang='lat' dir='ltr'><strong>annotatnus.</strong></span> <span class='ocrx_word' id='word_1_856' title='bbox 3012 5385 3084 5439; x_wconf 84' lang='lat' dir='ltr'><strong>De</strong></span> <span class='ocrx_word' id='word_1_857' title='bbox 3119 5386 3300 5439; x_wconf 80' lang='lat' dir='ltr'><strong>Martia</strong></span> <span class='ocrx_word' id='word_1_858' title='bbox 3354 5385 3514 5442; x_wconf 67' lang='lat' dir='ltr'><strong>Gazae</strong></span> 
     </span>
    </p>
   </div>
   <div class='ocr_carea' id='block_1_113' title="bbox 1937 5451 3366 5521">
    <p class='ocr_par' dir='ltr' id='par_1_113' title="bbox 1937 5451 3366 5521">
     <span class='ocr_line' id='line_1_113' title="bbox 1937 5451 3366 5521; baseline 0.001 -12"><span class='ocrx_word' id='word_1_859' title='bbox 1937 5454 2081 5509; x_wconf 88' lang='lat' dir='ltr'><strong>idolo</strong></span> <span class='ocrx_word' id='word_1_860' title='bbox 2112 5455 2343 5507; x_wconf 80' lang='lat' dir='ltr'><strong>diximus</strong></span> <span class='ocrx_word' id='word_1_861' title='bbox 2375 5455 2440 5505; x_wconf 67' lang='lat' dir='ltr'><strong>at!</strong></span> <span class='ocrx_word' id='word_1_862' title='bbox 2471 5452 2637 5505; x_wconf 84' lang='lat' dir='ltr'><strong>Vitam</strong></span> <span class='ocrx_word' id='word_1_863' title='bbox 2671 5451 2725 5503; x_wconf 87' lang='lat' dir='ltr'><strong>S.</strong></span> <span class='ocrx_word' id='word_1_864' title='bbox 2753 5452 3063 5521; x_wconf 71' lang='lat' dir='ltr'><strong>Hilarionis,</strong></span> <span class='ocrx_word' id='word_1_865' title='bbox 3094 5472 3243 5510; x_wconf 88' lang='lat' dir='ltr'><strong>num.</strong></span> <span class='ocrx_word' id='word_1_866' title='bbox 3278 5458 3366 5511; x_wconf 71' lang='grc'><strong>14.</strong></span> 
     </span>
    </p>
   </div>
   <div class='ocr_carea' id='block_1_114' title="bbox 2008 5523 2979 5588">
    <p class='ocr_par' dir='ltr' id='par_1_114' title="bbox 2008 5523 2979 5588">
     <span class='ocr_line' id='line_1_114' title="bbox 2008 5523 2979 5588; baseline 0.003 -15"><span class='ocrx_word' id='word_1_867' title='bbox 2008 5525 2032 5553; x_wconf 88' lang='grc'><em>³</em></span> <span class='ocrx_word' id='word_1_868' title='bbox 2071 5523 2240 5577; x_wconf 77' lang='lat' dir='ltr'><strong>V&#39;atic.</strong></span> <span class='ocrx_word' id='word_1_869' title='bbox 2275 5523 2508 5588; x_wconf 66' lang='lat' dir='ltr'><strong>reliquiis</strong></span> <span class='ocrx_word' id='word_1_870' title='bbox 2537 5538 2712 5573; x_wconf 84' lang='lat' dir='ltr'><strong>eorum</strong></span> <span class='ocrx_word' id='word_1_871' title='bbox 2737 5523 2850 5588; x_wconf 81' lang='lat' dir='ltr'><strong>qui,</strong></span> <span class='ocrx_word' id='word_1_872' title='bbox 2874 5536 2979 5578; x_wconf 85' lang='lat' dir='ltr'><strong>etc.</strong></span> 
     </span>
    </p>
   </div>
   <div class='ocr_carea' id='block_1_115' title="bbox 2011 5592 3511 5666">
    <p class='ocr_par' dir='ltr' id='par_1_115' title="bbox 2011 5592 3511 5666">
     <span class='ocr_line' id='line_1_115' title="bbox 2011 5592 3511 5666; baseline 0.005 -21"><span class='ocrx_word' id='word_1_873' title='bbox 2011 5592 2238 5666; x_wconf 10' lang='lat' dir='ltr'><strong>‘gldetu,</strong></span> <span class='ocrx_word' id='word_1_874' title='bbox 2271 5593 2551 5666; x_wconf 78' lang='lat' dir='ltr'><strong>_et_pi_ngne</strong></span> <span class='ocrx_word' id='word_1_875' title='bbox 2587 5593 2766 5645; x_wconf 75' lang='lat' dir='ltr'><strong>carnis</strong></span> <span class='ocrx_word' id='word_1_876' title='bbox 2799 5594 2914 5660; x_wconf 81' lang='lat' dir='ltr'><strong>ejus</strong></span> <span class='ocrx_word' id='word_1_877' title='bbox 2963 5595 3206 5666; x_wconf 80' lang='lat' dir='ltr'><strong>tabescet,</strong></span> <span class='ocrx_word' id='word_1_878' title='bbox 3244 5596 3511 5666; x_wconf 76' lang='lat' dir='ltr'><strong>quemad-</strong></span> 
     </span>
    </p>
   </div>
   <div class='ocr_carea' id='block_1_116' title="bbox 1942 5662 3096 5720">
    <p class='ocr_par' dir='ltr' id='par_1_116' title="bbox 1942 5662 3096 5720">
     <span class='ocr_line' id='line_1_116' title="bbox 1942 5662 3096 5720; baseline 0.002 -2"><span class='ocrx_word' id='word_1_879' title='bbox 1942 5663 2160 5718; x_wconf 86' lang='lat' dir='ltr'><strong>modum</strong></span> <span class='ocrx_word' id='word_1_880' title='bbox 2189 5672 2242 5716; x_wconf 84' lang='lat' dir='ltr'><strong>ct</strong></span> <span class='ocrx_word' id='word_1_881' title='bbox 2268 5662 2499 5716; x_wconf 69' lang='lat' dir='ltr'><strong>inferius</strong></span> <span class='ocrx_word' id='word_1_882' title='bbox 2527 5670 2843 5717; x_wconf 81' lang='lat' dir='ltr'><strong>constanter</strong></span> <span class='ocrx_word' id='word_1_883' title='bbox 2877 5663 3096 5720; x_wconf 86' lang='lat' dir='ltr'><strong>retinet.</strong></span> 
     </span>
    </p>
   </div>
  </div>
