3898 6184
452 272 553 344 251

1635 281 1693 342 S.
1739 282 2046 342 EUSEBII
2091 282 2539 346 Ill-EBONYMI

3608 285 3716 351 252

455 389 646 454 Israel,
701 396 755 444 et
788 386 928 444 'aras
979 390 1242 458 lucosque
1294 402 1359 443 ac
1406 388 1633 449 delubra
1662 402 2031 453 oonteument,
2060 395 2110 453 Α
2135 403 2406 461 cognoscet
2442 409 2560 448 eum
2581 393 2608 445 ?
2642 390 2829 448 Dicam
2877 407 3006 463 ergo
3044 393 3190 462 quod
3235 396 3495 466 proposui
3526 414 3546 456 :
3578 398 3715 468 Quia

452 482 693 537 scientes
722 481 849 536 illud
894 483 1198 548 scriptum:
1226 479 1411 538 Omnis
1442 481 1713 551 plantatio
1740 500 1901 553 quam
1931 500 2032 540 non

450 574 718 642 plantasit
783 573 1003 629 scelestis
1040 572 1225 638 Pater,
1264 573 1625 631 eradicabitur
1675 575 1902 646 (Matth.
1942 592 2030 646 xv,

458 666 574 733 15).

526 756 705 824 (Vers.
731 755 782 818 9,
823 756 980 827 10.)‹
1014 756 1070 811 ln
1095 757 1183 812 die
1209 756 1299 811 illa
1344 767 1506 814 erunt
1531 757 1784 813 civitates
1817 760 2035 817 fortitu-

452 848 597 903 dinis
630 849 745 917 ejus
799 850 1070 904 derelicta:
1127 850 1271 905 sicut
1320 861 1500 905 aratra
1534 860 1588 906 et
1650 862 1888 921 segetes,
1913 870 2035 921 qua:

455 940 727 995 derelicta:
767 952 891 995 sunt
938 956 967 993 a
1020 941 1157 996 facie
1211 942 1447 1006 ﬁliorum
1479 940 1665 998 lsrael.
1707 944 1776 997 Et
1804 945 1909 998 erit
1943 946 2038 999 de-

457 1041 626 1090 serta,
654 1033 779 1097 quia
825 1032 988 1085 oblita
1058 1047 1119 1086 es
1183 1031 1277 1086 Dei
1334 1032 1635 1086 Salvatoris
1678 1033 1775 1095 tui,
1803 1045 1858 1087 et
1881 1032 2036 1087 fortis

454 1120 717 1188 adjutoris
750 1122 824 1175 tui
855 1137 959 1175 non
993 1138 1051 1175 es
1082 1124 1386 1177 neci-niam.
1422 1143 1440 1175 ι
1483 1121 1624 1177 LXX
1653 1142 1666 1175 :
1695 1142 1712 1174 t
1740 1121 1799 1176 In
1828 1124 1915 1177 die
1943 1125 2032 1178 illa

452 1224 612 1266 erunt
652 1215 903 1267 civitates
952 1222 1058 1269 tua:
1095 1213 1388 1275 derelictae,
1442 1217 1583 1269 sicut
1622 1216 2037 1281 dereliqucrnnt

449 1301 751 1357 Amorrhaai
782 1317 839 1359 et
872 1304 1017 1358 Ενωί
1051 1321 1080 1358 a
1118 1305 1257 1359 faeie
1304 1306 1536 1359 ﬁliorum
1570 1308 1754 1360 Israel.
1790 1308 1852 1359 Et
1872 1318 2034 1361 erttut

451 1394 707 1457 desertze,
735 1397 860 1462 quia
888 1396 1226 1464 dereliquisti
1277 1398 1442 1450 Deum
1482 1396 1822 1452 Salvatorcm
1855 1409 2029 1464 tuum,

452 1495 507 1539 et
531 1486 745 1539 Domini
778 1487 1119 1541 auxiliatoris
1152 1487 1227 1540 tui
1254 1502 1361 1541 non
1391 1501 1451 1541 es
1486 1490 1793 1544 recordata.
1830 1509 1847 1540 t
1891 1490 2034 1555 Quo-

454 1578 615 1631 modo
665 1580 765 1630 sub
818 1576 997 1648 Moyse
1029 1589 1082 1633 et
1115 1578 1246 1633 Jesu
1287 1578 1399 1633 tilio
1428 1580 1598 1646 Nave,
1653 1582 1950 1636 Amorrhari
1981 1594 2035 1638 et

451 1667 618 1731 Evaai,
646 1670 760 1723 sive
794 1681 1002 1723 cauerat
1032 1681 1222 1741 gentes
1268 1686 1388 1740 quae
1422 1671 1747 1728 habitabant
1788 1675 1841 1729 in
1886 1685 2029 1729 terra

447 1760 916 1828 repromissionis,
950 1762 1356 1831 dereliquerunt
1389 1780 1663 1830 vomeres,
1692 1774 1749 1821 et
1792 1778 2027 1837 segetes,

449 1857 507 1903 et
531 1863 758 1903 acervos
797 1852 848 1904 in
880 1853 1046 1919 agris,
1086 1864 1248 1922 atque
1278 1854 1550 1918 fugerunt,
1582 1869 1649 1907 ne
1691 1855 1759 1910 ab
1785 1856 2030 1912 hostibus

448 1953 889 2010 occuparentur:
923 1945 1003 1998 sic
1066 1950 1213 2001 terra
1256 1943 1468 2011 Iudaea,
1524 1956 1580 2000 et
1632 1962 1822 2002 omnes
1864 1948 2029 2003 urbes

450 2032 600 2086 illius
628 2034 1054 2101 rubustissimae,
1102 2034 1366 2090 Romanis
1408 2034 1650 2090 Judaeum
1693 2038 2031 2092 vastantibus

454 2132 511 2178 et
545 2123 921 2179 obsidentibus
950 2124 1275 2191 Jerusalem,
1302 2142 1330 2179 a
1359 2128 1473 2182 suis
1508 2126 1904 2183 habitatoribus
1932 2129 2029 2183 (le-

456 2217 658 2270 relietaa
690 2227 838 2271 sunt.
861 2216 927 2271 Et
960 2217 1019 2271 lit
1050 2220 1377 2289 apostropha
1407 2220 1475 2274 ad
1503 2220 1671 2288 ipsam
1704 2228 1903 2276 terram
1932 2219 2030 2276 Ju-

452 2309 600 2369 datae,
632 2309 685 2361 id
737 2321 842 2372 est,
884 2311 951 2363 ad
1010 2326 1105 2364 eos
1152 2311 1241 2379 qui
1289 2310 1607 2365 habitabant
1644 2312 1698 2367 in
1727 2312 1817 2367 illa
1850 2326 1865 2365 :
1903 2312 2030 2369 Ha'e

451 2410 632 2452 autem
692 2400 943 2455 universa
1005 2415 1260 2469 perpessa
1313 2416 1396 2462 es,
1438 2402 1565 2468 quia
1617 2401 1785 2456 oblita
1834 2417 1894 2457 es
1932 2401 2027 2457 Dei

451 2491 754 2547 Salvatoris
803 2494 901 2558 tui,
950 2493 1042 2562 qui
1087 2494 1478 2559 interpretatur
1504 2492 1679 2555 Iesus,
1716 2507 1878 2562 quem
1931 2492 2029 2548 tibi

450 2594 737 2639 venturum
806 2584 895 2638 lex
943 2595 998 2638 et
1029 2584 1545 2654 propltettejjugiter
1589 2584 2030 2639 nuntiabantzet

446 2676 608 2731 fortis
675 2677 938 2746 adjutoris
996 2678 1101 2739 tui,
1154 2679 1248 2745 qui
1312 2689 1436 2730 tuus
1489 2691 1704 2744 semper
1733 2675 2029 2745 opitulator

448 2769 572 2834 luit,
604 2785 707 2821 non
742 2785 805 2823 es
838 2770 1145 2823 recordata.
1173 2768 1348 2823 Causa
1380 2782 1514 2837 ergo
1558 2768 1895 2821 desertarum
1938 2784 2028 2822 ur-

448 2862 594 2915 bium
627 2859 824 2914 Iudaeae
862 2862 1059 2913 oblivio
1100 2857 1398 2913 Salvatoris
1433 2868 1538 2921 est,
1588 2859 1678 2926 qui
1733 2859 1785 2912 iu
1825 2859 2030 2927 princi-

449 2954 540 3022 pio
568 2954 730 3017 huius
775 2953 1052 3020 propheta:
1100 2952 1313 3004 dixerat
1339 2965 1355 3002 :
1386 2950 1562 3004 Israel
1599 2966 1680 3005 me
1704 2967 1806 3005 non
1837 2967 2030 3022 cogno-

449 3047 543 3109 vit,
575 3054 624 3099 et
651 3047 873 3115 populus
896 3060 1037 3097 meus
1075 3040 1189 3112 [AL
1221 3041 1330 3115 me]
1370 3059 1472 3096 non
1504 3043 1782 3099 intellexit.

506 3129 689 3202 (Vers.
721 3132 835 3201 Η.)
879 3150 900 3183 ι
957 3130 1248 3200 Propterea
1305 3132 1578 3199 plantahis
1635 3132 2023 3200 plantatiouem

450 3228 686 3289 ﬁdelem,
715 3235 769 3278 et
801 3237 1022 3291 germen
1053 3222 1286 3277 alienum
1320 3222 1643 3276 seminabis.
1665 3222 1723 3276 In
1758 3222 1844 3278 die
1874 3225 2028 3292 plan-

448 3322 671 3375 tatiouis
697 3318 860 3388 282
893 3325 998 3373 ture
1035 3314 1311 3380 labrusca,
1341 3324 1395 3369 et
1443 3328 1604 3370 mane
1636 3330 1820 3393 semen
1871 3324 2024 3372 tuum

447 3413 662 3470 llorebit
701 3427 717 3478 ;
756 3413 933 3465 ablata
984 3418 1071 3462 est
1124 3408 1316 3463 messis
1366 3408 1422 3462 in
1469 3407 1557 3461 die
1589 3406 1944 3473 baereditatis,
1971 3418 2027 3464 et

449 3507 656 3562 dolebit
687 3505 946 3575 graviter.
980 3521 1002 3554 s
1040 3500 1179 3556 LXX
1217 3517 1233 3556 :
1272 3518 1295 3552 ι
1329 3500 1456 3554 Ideo
1501 3498 1770 3569 plantabis
1808 3498 2025 3569 planta-

448 3602 650 3654 tionem
679 3598 977 3658 inﬁdelem,
1020 3604 1304 3665 et‘setuen
1350 3591 1590 3656 inlidele,
1619 3602 1676 3644 et
1724 3591 1776 3645 in
1806 3592 1895 3646 die
1918 3604 2026 3659 qua

447 3691 797 3761 plautaveris,
826 3688 1058 3744 errabis.
1105 3684 1165 3740 Si
1211 3695 1393 3738 autem
1447 3697 1605 3737 mane
1651 3683 2021 3749 seminaveris,

444 3784 662 3839 ﬂorebit
695 3783 749 3834 in
786 3793 1017 3834 messem
1051 3779 1104 3831 in
1128 3776 1215 3831 die
1244 3776 1610 3838 hereditatis}
1641 3775 1855 3842 quando
1883 3774 2027 3828 sicut

444 3884 598 3946 pater
625 3872 863 3927 hominis
892 3872 982 3923 dat
1012 3867 1389 3923 hmrcditatem
1438 3866 1562 3921 [iliis
1596 3867 1730 3921 suis.
1770 3884 1787 3916 ι
1827 3864 1930 3920 l’ro
1959 3879 2026 3918 eo

444 3964 592 4036 quod
629 3979 728 4019 nos
752 3964 905 4033 juxta
932 3960 1181 4028 Aquilam
1209 3969 1261 4011 et
1281 3958 1667 4028 Symmachum
1692 3966 1745 4011 et
1770 3955 1906 4009 LXX
1936 3958 2024 4009 in-

446 4059 728 4127 terpretati
759 4070 969 4119 sumus,
997 4054 1052 4105 in
1080 4052 1162 4105 die
1197 4051 1551 4115 hmreditatis,
1582 4049 1725 4117 quod
1758 4047 2025 4103 llebraice

445 4151 646 4206 dicitur
682 4163 808 4203 mou
859 4162 1066 4201 sensu
1099 4127 1257 4212 (ﬁbri:
1280 4144 1446 4210 ονει),
1474 4141 1577 4211 legi
1629 4150 1803 4219 potest
1836 4142 1887 4193 ln
1915 4138 2023 4195 ﬂe-

446 4243 656 4305 braico,
687 4242 744 4295 in
783 4240 868 4293 die
893 4241 1141 4307 pessima.
1184 4235 1249 4291 Et
1284 4251 1379 4305 pro
1431 4250 1496 4290 eo
1530 4234 1692 4303 quod
1728 4231 1921 4302 Aquila
1969 4241 2025 4288 et

447 4332 753 4389 Tlteodotio
786 4332 1120 4401 interpretati
1161 4336 1311 4391 sunt,
1364 4337 1414 4381 et
1463 4327 1655 4380 dolebit
1679 4326 1835 4380 homo
1869 4341 1889 4380 :
1921 4341 2022 4381 nos

445 4425 592 4479 docti
626 4425 693 4477 ab
742 4396 1003 4480 Hebraeis.
1059 4434 1159 4489 pro
1211 4418 1429 4473 homine
1484 4418 1573 4487 qui
1617 4417 1795 4487 lingua
1829 4432 2015 4471 eorum
2046 4396 2100 4457 Ῐ)

444 4516 647 4571 dicitur
694 4528 826 4569 suos
863 4512 904 4577 ⁸,
948 4510 1286 4579 interpretati
1331 4525 1518 4566 sumus
1566 4525 1699 4565 auus
1733 4509 1940 4580 (mn),
1970 4509 2025 4567 id

446 4619 554 4672 esi,
587 4608 837 4677 grai-iter.
895 4604 969 4660 De
1010 4603 1167 4672 cujus
1210 4602 1358 4657 verbi
1410 4602 1789 4672 ambiguitate,
1823 4604 1869 4655 si
1903 4602 2025 4655 vita:

438 4702 608 4772 hujus
635 4697 871 4769 spatium
902 4694 1069 4751 fuerit
1102 4698 1144 4763 ',
1177 4694 1232 4750 in
1272 4693 1508 4751 Ieremia
1546 4693 1760 4763 plenius
1792 4693 2025 4748 dissere-

446 4809 588 4860 mus,
631 4791 721 4848 ubi
746 4789 903 4859 juxta
948 4785 1094 4844 LXX
1130 4787 1334 4843 dicitur
1372 4804 1387 4842 :
1421 4784 1491 4841 Et
1513 4787 1671 4840 homo
1689 4797 1788 4854 est,
1824 4795 1870 4841 et
1909 4787 2026 4857 quis

518 4998 537 5029 ⁸
574 4996 667 5051 Sic
691 5009 819 5049 vero
845 4991 1185 5060 postmodum
1226 4988 1522 5046 edisseruit
1565 4990 1618 5044 in
1663 4987 1871 5060 Jerem.
1902 5003 2022 5060 cap.

448 5082 581 5126 xvtt.
603 5067 681 5130 9;
718 5084 737 5117 ε
770 5058 1003 5122 Verbum
1041 5062 1363 5117 Hebraicum
1397 5074 1531 5114 suos
1573 5070 1805 5130 quatuor
1819 5058 2026 5130 litteris

422 5127 729 5210 .scrilitur,
782 5151 973 5210 aeoru,
1026 5142 1258 5210 elusus,
1294 5142 1349 5184 et
1378 5145 1503 5210 vso,
1547 5142 1600 5183 et
1630 5144 1733 5184 sm.
1773 5127 1831 5210 Si
1861 5129 2027 5198 igitur

448 5206 661 5271 legatur
695 5219 843 5267 suos,
881 5206 1045 5258 homo
1071 5201 1272 5256 dicitur
1306 5216 1322 5268 ;
1356 5203 1398 5254 si
1433 5211 1787 5271 alllelnANUS,
1820 5201 2024 5271 inseru-

451 5269 617 5329 tJbile
646 5275 761 5328 sive
795 5274 1163 5340 desperabile;
1200 5287 1268 5327 eo
1324 5274 1465 5340 quod
1519 5270 1698 5324 nullus
1729 5284 1825 5323 cor
1852 5269 2029 5324 homi-

448 5361 580 5400 num
607 5344 780 5397 valeat
812 5345 1071 5398 invenire.
1117 5363 1176 5396 »ι

522 5417 542 5447 ³
583 5413 643 5469 Si
671 5415 806 5482 uiuo
842 5414 995 5482 hujus
1038 5415 1269 5482 spatium
1317 5412 1495 5481 fuerit.
1520 5481 1523 5482 ν
1553 5409 1915 5482 Hieronymus
1970 5411 2024 5465 in

449 5498 614 5554 caput
640 5469 1556 5559 xvrrlcre'miae,'vers._§l,'disserit
1574 5481 1640 5559 de
1675 5469 2028 5559 aliibiguitate

452 5550 613 5623 hujus
658 5555 810 5611 verbi
863 5553 1049 5607 dit-ens
1090 5569 1105 5607 :
1150 5572 1167 5604 t
1233 5551 1463 5608 Verbum
1515 5550 1835 5605 llebraieutn
1892 5565 2026 5604 suos

451 5624 913 5701 (μιειιιὲρῌῖιιει-ἱβ
948 5624 1227 5686 scribitur,
1266 5638 1457 5701 tuseu,
1487 5634 1550 5701 et
1573 5636 1698 5685 sua,
1734 5631 1940 5701 el.VAU,
1968 5629 2025 5675 et

453 5710 560 5754 stu.
597 5696 654 5753 Si
688 5697 855 5766 igitur
887 5695 1096 5765 legatur
1131 5708 1283 5762 suos,
1309 5695 1472 5750 homo
1503 5693 1702 5748 dicitur
1722 5706 1739 5757 ;
1762 5693 1805 5744 si
1841 5700 2021 5745 autem

2136 484 2304 537 oblita
2331 498 2411 547 es,
2462 492 2608 537 terra
2642 482 2850 549 .ludaea,
2914 484 3008 538 Dei
3053 484 3352 541 Salvatoris
3390 489 3489 550 tui,
3521 500 3577 543 et
3601 493 3715 563 ejus

2137 574 2228 641 qui
2253 573 2351 628 tibi
2380 588 2600 643 semper
2624 574 2853 644 prmbuit
2882 574 3281 641 fortitudinem,
3307 594 3408 630 non
3438 596 3498 634 es
3532 597 3712 639 recor-

2136 664 2299 729 data;
2359 673 2645 733 propterea
2706 664 2978 733 plantabis
3044 667 3261 734 quidem
3328 668 3712 735 plantationem

2138 755 2367 823 ﬁdelem,
2408 755 2547 820 sive,
2589 766 2649 809 ut
2675 756 2866 825 Aquila
2919 768 2974 810 et
3021 754 3321 813 Theodotio
3375 760 3715 830 interpretati

2138 852 2288 904 sunt,
2322 843 2649 923 pulchram;
2684 854 2776 899 aut
2808 855 2865 899 ut
2895 845 3276 915 Symmachus,
3307 849 3523 914 bonum,
3550 868 3718 916 unum

2140 933 2306 987 Deum
2332 936 2677 1004 przedicans;
2716 938 2808 989 sed
2855 951 3079 1005 germen
3113 936 3354 992 alienum
3394 942 3717 1018 setni‘nabis,

2139 1040 2245 1079 non
2271 1021 2538 1105 recipiens
2561 1024 2800 1092 Patrem,
2839 1027 2964 1094 quia
2998 1042 3101 1083 non
3135 1028 3330 1094 recipis
3365 1034 3588 1096 ιπίιλυιη,
3614 1040 3719 1107 Qui

2137 1116 2281 1167 enim
2316 1116 2490 1170 credit
2522 1118 2572 1169 in
2605 1116 2841 1177 Patrem,
2880 1118 3129 1175 creditet
3164 1120 3216 1179 in
3247 1124 3464 1181 Filium.
3500 1129 3557 1183 Et
3591 1134 3715 1202 quia

2138 1222 2365 1275 germen
2400 1208 2636 1263 alienum
2698 1209 3046 1275 blasphemiae
3093 1226 3282 1270 contra
3340 1218 3524 1275 Iesum
3556 1226 3719 1277 semis

2085 1307 2093 1314 '
2139 1301 2276 1353 uasti
2309 1300 2361 1353 in
2406 1300 2696 1371 synagogis
2756 1301 2991 1369 Satanae,
3030 1308 3147 1362 ideo
3197 1325 3303 1362 non
3355 1313 3717 1371 rindemiahis

2137 1408 2321 1457 uvam,
2350 1393 2445 1447 sed
2479 1393 2810 1449 labruscam.
2837 1397 3081 1468 Cumque
3114 1402 3286 1470 visum
3321 1404 3479 1461 fuerit
3524 1406 3718 1461 ﬂorere

2137 1499 2358 1549 germen
2390 1491 2567 1553 tuum,
2608 1495 2661 1539 et
2691 1486 2924 1554 aliquam
2958 1489 3157 1543 habere
3187 1492 3399 1559 pietatis
3443 1498 3715 1565 umbram,

2134 1570 2259 1624 dum
2285 1571 2534 1627 homines
2574 1574 2643 1628 ab
2672 1574 2830 1630 idolis
2866 1577 3141 1644 retrahis;
3183 1590 3360 1635 tamen
3395 1587 3616 1651 quando
3648 1586 3717 1641 ad

2138 1663 2346 1719 fructus
2384 1666 2601 1721 veneris
2656 1668 2991 1739 colligendos
3045 1672 3097 1724 in
3131 1673 3216 1726 die
3254 1674 3589 1731 hafreditatis
3620 1681 3717 1734 doc

2137 1757 2270 1810 lebis
2308 1758 2569 1829 graviter,
2617 1773 2848 1815 cernens
2898 1763 3133 1830 gentium
3168 1769 3428 1833 populum
3462 1770 3560 1822 t'bi
3599 1786 3718 1828 esse

2137 1846 2438 1912 prmlatum.
2492 1844 2644 1902 Unde
2686 1856 2741 1902 et
2786 1850 3077 1917 Apostolus
3128 1853 3369 1920 loquitur
3411 1872 3426 1910 :
3473 1857 3715 1915 Tristitia

2135 1937 2265 1991 milii
2307 1949 2384 1991 est
2425 1955 2640 2008 magna,
2697 1951 2744 1993 et
2809 1942 3106 1997 indesinens
3164 1944 3317 1998 dolor
3380 1949 3528 2001 cordi
3578 1967 3710 2005 meo.

2134 2028 2396 2096 Optabam
2431 2033 2566 2083 enim
2599 2047 2692 2100 ego
2725 2035 2833 2100 ipse
2862 2037 3142 2089 anathema
3170 2054 3281 2091 esse
3305 2056 3336 2090 α
3371 2040 3589 2095 Christo
3616 2060 3708 2111 pro

2134 2120 2388 2190 fratribus
2420 2112 2576 2189 'meis,
2628 2126 2721 2191 qui
2755 2136 2876 2179 sunt
2915 2130 3132 2197 cognati.
3158 2132 3258 2183 mei
3275 2130 3440 2199 juxta
3470 2150 3709 2201 carnem,

2133 2211 2226 2281 qui
2249 2222 2369 2264 sunt
2408 2210 2693 2278 Israelitw,
2733 2232 2957 2285 quorum
2994 2231 3067 2271 est
3116 2221 3330 2289 adoptio
3377 2224 3633 2291 ﬁliorum,
3661 2234 3712 2280 et

2133 2300 2413 2369 legislutio,
2449 2313 2498 2358 et
2528 2306 2724 2375 gloria,
2768 2317 2817 2361 et
2851 2317 3240 2374 testamentum,
3270 2325 3315 2364 et
3345 2316 3714 2383 repromissio-

2131 2408 2221 2447 nes
2267 2408 2288 2448 :
2320 2411 2542 2465 quorum
2621 2409 2823 2468 patres,
2882 2410 2935 2455 et
2980 2413 3174 2457 ea'tera
3223 2403 3396 2472 (Rom.
3456 2425 3530 2469 η,
3570 2409 3711 2473 2-5].

2133 2486 2287 2552 Quod
2320 2504 2425 2542 non
2453 2491 2630 2544 solum
2684 2490 2910 2555 Paulus.
2952 2497 3046 2549 sed
3080 2505 3135 2551 et
3166 2498 3346 2551 omnis
3380 2510 3609 2553 sanctus
3636 2504 3710 2556 lo-

2131 2579 2339 2646 quitur,
2383 2580 2572 2635 volens
2622 2597 2743 2636 cum
2793 2584 2961 2638 ramis
3004 2585 3223 2639 oleastri
3274 2590 3439 2641 etiam
3475 2592 3709 2646 radit-em

2130 2668 2335 2725 salvam
2367 2685 2506 2727 esse.
2538 2673 2839 2728 Haereditas
2869 2688 3048 2730 autem
3084 2678 3173 2731 illa
3221 2688 3330 2740 est,
3357 2696 3518 2748 quam
3552 2699 3583 2735 a
3612 2683 3715 2736 Do-

2130 2763 2274 2817 mino
2302 2765 2706 2834 consequimur,
2769 2767 2933 2841 283
2985 2769 3053 2823 de
3097 2786 3199 2839 qua
3251 2771 3545 2841 Apostolus
3592 2780 3710 2830 ait:

2129 2851 2427 2909 Diuisiones
2470 2865 2646 2910 autem
2689 2858 2986 2926 gratiarum
3022 2870 3169 2922 sunt,
3224 2863 3364 2916 idem
3397 2862 3507 2934 [AL
3542 2862 3714 2939 otius]

2128 2954 2305 2997 autem
2334 2946 2571 3014 spiritus,
2599 2956 2649 2999 et
2677 2947 2957 3003 divisiones
2985 2953 3417 3020 ministeriorum,
3449 2957 3583 3009 idem
3607 2973 3712 3009 au-

2052 3071 2099 3131 c
2132 3048 2235 3092 tem
2264 3039 2524 3096 Dominus
2552 3060 2572 3098 :
2609 3052 2661 3098 et
2687 3045 2967 3099 divisiones
2996 3048 3363 3114 operationum
3390 3060 3537 3113 sunt,
3574 3051 3714 3104 idem

2129 3140 2302 3184 autem
2335 3132 2501 3200 Deus,
2530 3136 2622 3203 qui
2660 3146 2912 3203 operatur
2957 3140 3139 3191 omnia
3166 3138 3221 3193 in
3251 3139 3511 3194 omnibus.
3550 3141 3715 3197 Mire-

2130 3230 2218 3276 tur
2246 3224 2539 3292 quispiam,
2597 3243 2697 3281 cur
2753 3242 2853 3295 pro
2907 3228 3339 3295 plantationibus
3384 3233 3626 3298 pulchris
3658 3245 3715 3290 et

2129 3314 2309 3378 bouis,
2349 3317 2496 3385 quod
2545 3318 2732 3388 Aquila
2777 3327 2832 3373 et
2887 3318 3189 3374 Theodotio
3242 3335 3307 3376 ac
3353 3321 3714 3393 Symmachus

2128 3406 2468 3476 interpretati
2513 3422 2662 3473 sunt,
2699 3411 2909 3478 ﬁdelem
2955 3413 3341 3480 plantationem
3386 3416 3709 3472 dixerimus.

2128 3498 2364 3554 Verbum
2393 3499 2720 3557 Hebraicum
2750 3518 3020 3561 uenustus
3051 3489 3327 3573 (ενάω).
3352 3506 3400 3559 si
3426 3522 3521 3575 per
3541 3524 3709 3567 at.er

2128 3590 2361 3646 litteram
2406 3594 2700 3659 scribatur,
2745 3597 2996 3662 πιστοὺς,
3044 3597 3096 3652 id
3145 3608 3249 3663 est,
3296 3598 3476 3666 ﬁdeles
3508 3613 3707 3654 sonat:

2127 3680 2175 3735 si
2208 3695 2337 3734 vero
2360 3696 2454 3751 per
2498 3698 2608 3746 am,
2625 3694 2680 3738 et
2725 3685 2939 3739 dicatur
2976 3701 3249 3741 NEAIIENIII
3282 3691 3570 3757 (unum),
3598 3690 3712 3760 put-

2127 3770 2311 3825 cltram
2333 3771 2627 3841 signiﬁcat.
2676 3773 2831 3828 Unde
2879 3785 2935 3827 et
2988 3773 3201 3840 Noemi,
3245 3793 3366 3846 qua:
3394 3779 3496 3832 hac
3529 3781 3709 3834 littera

2124 3860 2333 3929 scripta
2380 3870 2489 3926 est,
2536 3862 2780 3930 loquitur
2825 3865 2875 3917 in
2905 3864 3051 3920 Ruth
3083 3867 3239 3935 (Cap.
3273 3884 3312 3934 ι,
3340 3870 3436 3938 20)
3479 3886 3494 3927 ;
3536 3869 3712 3924 Nolite

2126 3968 2208 4007 me
2237 3968 2425 4009 uocare
2476 3969 2642 4009 NOBII
2688 3957 2897 4025 omni,
2934 3958 3002 4026 idj
3026 3967 3110 4013 est
3156 3960 3454 4028 pulchram,
3491 3963 3587 4017 sed
3617 3977 3712 4017 ro-

2124 4055 2245 4101 εειιθ
2275 4059 2361 4101 me
2392 4061 2661 4100 amaram.

2197 4137 2395 4208 (Vera.
2457 4137 2526 4193 12
2573 4154 2729 4209 seqq.
2783 4139 2834 4210 )t
2901 4140 2995 4196 Vae
3029 4141 3322 4199 multitudo
3380 4143 3709 4214 populorum

2124 4227 2442 4294 multorum,
2471 4240 2531 4284 ut
2559 4230 2852 4286 multitudo
2880 4234 3048 4288 maris
3074 4235 3349 4298 sonantis,
3376 4244 3433 4289 et
3493 4237 3701 4291 tumul-

2127 4332 2215 4379 tus
2241 4323 2545 4391 turbarum,
2610 4324 2755 4380 sicut
2804 4328 3014 4383 sonitus
3046 4326 3068 4358 ⁸
3096 4342 3361 4398 aquarum
3415 4327 3713 4382 nmltarum

2125 4416 2418 4471 satiabunt.
2444 4415 2638 4489 Populi
2662 4418 2804 4473 sicut
2838 4419 3127 4475 multitudo
3150 4434 3414 4489 aquarqu
3441 4421 3715 4476 inundan-

2127 4509 2262 4564 tium
2291 4510 2563 4565 sonabunt
2595 4526 2611 4565 :
2637 4519 2691 4565 et
2716 4511 3022 4580 increpabit
3051 4523 3277 4578 eum,et
3303 4512 3472 4584 fugiet
3496 4514 3713 4582 procul,

2125 4611 2181 4657 et
2208 4603 2451 4672 rapietur
2470 4601 2615 4657 sicut
2641 4602 2819 4673 pulvis
2849 4602 3115 4658 montium
3144 4616 3176 4657 a
3224 4602 3367 4657 l‘acie
3431 4604 3601 4664 venti.
3664 4612 3717 4656 et

2125 4694 2270 4750 sicut
2300 4693 2461 4749 turbo
2488 4706 2676 4748 coram
2702 4702 3045 4765 tempestate.
3066 4693 3124 4747 in
3166 4701 3411 4761 tempore
3441 4707 3715 4758 vesperae,

2125 4795 2182 4843 et
2206 4800 2334 4843 ecce
2352 4784 2589 4842 turbatio
2619 4802 2638 4842 :
2674 4786 2733 4842 in
2750 4787 3038 4853 matutino,
3055 4797 3247 4842 etnon
3275 4783 3562 4840 subsistet.
3587 4781 3718 4837 llam

2128 5007 2283 5061 anus,
2307 4991 2664 5064 inscrutabile
2695 4994 2811 5050 sive
2841 4991 3215 5064 desperabile;
3251 5005 3322 5047 eo
3345 4990 3486 5064 quod
3521 4991 3715 5064 nullus

2127 5079 2226 5120 cor
2270 5060 2550 5118 hominum
2584 5064 2763 5118 valeat
2800 5060 3048 5121 invenire
3062 5080 3078 5131 ;
3110 5082 3129 5115 ι
3163 5078 3296 5117 mss.
3328 5063 3383 5116 in
3437 5061 3539 5115 hoc
3590 5060 3717 5113 loco

2127 5134 2414 5212 lsaim-pro
2440 5149 2573 5187 anus
2603 5133 2787 5204 legunt
2818 5151 2948 5188 unos
2975 5136 3103 5212 ;set_l
3131 5133 3513 5212 apud_ve.teres
3533 5144 3567 5180 o
3594 5140 3653 5181 et
3680 5146 3716 5181 υ

2128 5205 2439 5286 promiscue
2459 5203 2879 5286 .usurpata_su_nt
2926 5215 3033 5258 tam
3087 5205 3140 5256 in
3179 5203 3715 5286 (scriptione,quatn

2128 5270 2182 5331 in
2217 5270 2678 5343 pronuntiatione.
2713 5273 2880 5327 llodie
2931 5289 3147 5343 quoque
3177 5270 3316 5325 Galli
3357 5279 3719 5343 pronuntiant

2128 5361 2163 5396 ιι
2193 5337 2348 5413 quasi
2381 5342 2776 5413 diphthongum
2808 5360 2874 5397 ou
2899 5358 2920 5397 :
2949 5337 3025 5397 al.
3060 5337 3392 5402 Dominous';
3422 5337 3483 5391 G.
3520 5338 3717 5390 Domi-

2131 5410 2253 5467 nus.
2301 5410 2598 5474 Maurum,
2650 5410 2740 5480 (iui
2804 5427 2859 5465 ιιι
2914 5430 2978 5469 ex
3047 5415 3295 5483 sequenti
3354 5424 3474 5466 nota
3531 5419 3715 5476 patet,

2128 5484 2291 5553 plane
2316 5483 2559 5538 Valat’sio
2595 5492 2887 5537 con-enLt.
3042 5551 3075 5553 η
3122 5552 3127 5553 ν
3528 5528 3556 5553 ζ

2202 5552 2225 5641 ξ
2254 5551 2457 5607 Victor.
2491 5592 2506 5619 ,
2540 5555 2677 5608 sicut
2707 5555 2933 5621 sonitus,
2954 5568 3019 5609 ex
3039 5551 3412 5641 “ebulum;
3442 5561 3491 5605 et
3511 5551 3717 5608 Graeco

2128 5622 2345 5695 ὴχήσει.
