3898 6184
178 238 291 311 253

700 242 1195 305 COMMENTAB.
1244 244 1328 306 ΙΝ
1370 245 1637 308 lSAIAM
1675 242 2140 309 PROPHE'I‘AM
2182 249 2334 310 UB.
2367 250 2503 323 VII,
2532 250 2704 316 CAP.
2737 251 2960 315 XVIII.

3342 252 3453 318 254

179 362 270 408 est
309 364 438 418 pars
466 364 679 416 eorum,
705 354 797 418 qui
831 360 1182 409 vastaverunt
1205 369 1329 417 nos.
1364 364 1420 409 et
1458 369 1582 411 sors
1641 355 1774 409 diri-
1802 363 1848 421 Α
1880 364 2030 411 trans
2056 373 2180 412 eum
2209 377 2224 414 :
2256 375 2391 430 gens
2407 363 2615 432 absque
2640 376 2758 432 spe,
2820 372 2875 417 et
2912 360 3260 426 conculcata,
3307 377 3451 419 nunc

178 443 449 511 pientiutn
474 456 594 499 nos.
622 460 643 494 ι
669 441 845 511 Supra
876 443 1111 515 legimus
1139 446 1242 501 sub
1262 448 1484 501 nomine
1501 446 1772 511 Damasci,

175 521 526 588 vocationem
551 533 819 603 gentium,
866 543 923 590 et
947 534 1308 601 abjectiouem
1340 534 1673 604 Iudaeorum,
1721 546 1776 592 ct

173 639 279 693 per
303 624 601 693 apostolos.
628 633 790 693 atque
820 625 874 680 in
898 627 1179 695 apostolis,
1228 642 1530 695 paucorum
1579 629 1650 684 de
1680 626 1774 682 Ju-

171 717 312 771 dcis
336 716 678 771 credentium
708 716 1066 771 electionem.
1105 715 1171 771 Et
1238 719 1495 789 quoniam
1528 720 1595 771 ad
1617 733 1773 773 coru-

174 809 527 879 paratiouem
555 808 720 862 totius
762 807 949 864 mundi
979 820 1034 863 et
1064 810 1449 865 universarqu
1501 809 1769 878 gentium,

175 916 350 969 parva
385 915 512 971 pars
544 899 727 968 populi
776 901 1009 955 credidit
1064 901 1396 967 Christiani,
1451 903 1519 956 de
1575 900 1771 968 quibus

175 1006 348 1060 supra
378 993 581 1045 dictum
598 1002 715 1047 est:
738 989 806 1045 Et
823 991 1065 1059 reliquie:
1089 990 1261 1060 Syria:
1276 995 1408 1049 sicut
1432 993 1605 1063 gloria
1623 993 1770 1061 ﬁlia-

174 1097 302 1133 rum
337 1078 514 1135 Israel
569 1091 723 1135 erunt
761 1079 957 1149 (Multi
1004 1081 1150 1134 enim
1184 1080 1416 1150 (Matth.
1476 1096 1608 1146 χιιι,
1658 1080 1766 1150 14)

176 1171 385 1233 vocati.
403 1173 560 1236 pauci
591 1187 711 1225 vero
735 1170 908 1239 electi)
937 1188 954 1237 ;
982 1182 1040 1226 et
1070 1189 1088 1226 :
1122 1171 1246 1226 Non
1272 1180 1351 1227 est
1374 1173 1611 1227 omnium
1635 1172 1766 1239 ﬁdes

175 1262 272 1333 (ΙΙ
307 1260 611 1326 Titan-tn,
638 1262 674 1316 2
700 1263 720 1329 )
755 1279 770 1316 :
802 1277 949 1319 nunc
968 1273 1370 1332 consequenter
1394 1262 1628 1317 infertur
1655 1276 1765 1316 non

175 1352 464 1422 planctus,
488 1351 585 1406 sed
613 1366 693 1407 ea:
717 1351 805 1405 his
834 1352 1086 1422 gentibus
1127 1367 1249 1420 qua:
1304 1352 1528 1412 credere
1575 1351 1764 1413 uolue-

177 1452 327 1498 runt.
357 1452 412 1496 et
429 1451 728 1509 persecuta:
749 1452 878 1495 sunt
901 1441 1162 1511 populum
1183 1439 1579 1497 Christianum.
1600 1441 1766 1497 Corn-

177 1543 564 1602 paranturque
591 1532 857 1586 undarum
920 1531 1155 1586 molibus
1177 1539 1235 1586 et
1287 1530 1538 1587 frementi
1602 1532 1760 1597 mari,

172 1630 236 1679 et
267 1632 538 1692 quantum
562 1621 620 1677 in
650 1637 712 1677 se
734 1630 841 1688 est,
875 1630 1074 1679 cuncta
1112 1622 1424 1697 opprimere
1490 1631 1545 1676 et
1598 1635 1762 1676 occu-
1814 1643 1831 1655 υ

1876 448 2096 503 ﬂumina
2136 459 2295 506 terra;
2320 454 2497 509 omnis
2526 454 2668 527 sicut
2699 454 2852 525 regio
2890 470 3010 525 quae
3036 456 3313 511 habitatur
3337 454 3449 525 [ΔΙ.

1876 539 2269 612 habitabitur];
2315 541 2654 600 habitabitur
2703 546 2853 615 regio
2906 560 3120 610 eorum,
3179 546 3452 614 quomodo

1874 629 1919 683 si
1939 631 2154 697 signum
2173 632 2240 685 de
2270 641 2456 687 monte
2475 634 2735 700 elevatur,
2759 645 2815 690 et
2840 637 2979 691 tuba:
3004 651 3099 689 vox
3119 636 3383 689 audiatur.
3424 651 3446 684 ι

1875 717 2175 788 Utramque
2192 721 2489 776 editionem
2504 723 2656 791 posui
2682 724 2735 779 in
2762 726 3042 794 prophetia
3060 722 3450 780 obscurissima

1879 823 1947 863 ne
1978 808 2107 877 quid
2154 810 2457 865 volentibus
2510 812 2810 881 intelligere
2862 815 3004 882 quod
3033 816 3294 881 scriptum
3335 821 3442 875 est,

1872 900 2066 955 deesse
2099 898 2363 957 videatur.
2390 902 2667 970 Simulque
2696 903 3046 961 vehementer
3062 903 3301 957 admiror
3330 917 3447 968 eos,

1870 995 1963 1062 qui
1992 992 2152 1048 fidem
2189 1004 2457 1058 nostram,
2494 1005 2545 1050 et
2577 1010 2730 1066 spem
2767 993 3136 1051 Christianam
3172 996 3449 1049 arbitran-

1871 1096 1977 1147 tur,
1999 1084 2347 1154 simplicitate
2374 1086 2845 1157 co:ttontant,£quia
2864 1087 3125 1155 scriptum
3157 1098 3234 1141 est
3254 1102 3269 1142 :
3289 1085 3449 1138 Man-

1869 1174 2051 1229 datum
2104 1176 2198 1230 Dei
2235 1178 2467 1230 lucidum
2522 1178 2832 1235 illuminans
2887 1177 3062 1232 oculos
3089 1175 3266 1249 (Psal.
3295 1192 3445 1239 xvm,

1867 1262 1901 1316 9
1924 1264 1968 1333 ):
1988 1279 2090 1318 nec
2113 1264 2232 1335 plus
2255 1265 2455 1319 debere
2484 1279 2584 1320 nos
2602 1280 2864 1334 quaerere,
2883 1280 3045 1333 quam
3074 1275 3129 1317 ut
3164 1265 3448 1332 fiant,quae
3478 1258 3484 1264 ’

1865 1362 2129 1421 praecepta
2147 1356 2432 1420 sunt,3cum
2449 1352 2651 1408 idcirco
2669 1364 2722 1410 et
2739 1355 2915 1409 omnis
2938 1354 3237 1421 Scriptura,
3253 1363 3307 1408 et
3325 1368 3450 1422 pro-

1863 1447 2043 1515 phetae
2068 1445 2378 1515 specialiter
2394 1445 2697 1503 futurorum
2721 1446 3232 1517 mystcriisinvoluti
3257 1444 3449 1510 sint,ut

1864 1549 2162 1609 provocent
2174 1538 2337 1609 285
2352 1555 2450 1615 nos
2472 1540 2536 1593 ad
2566 1539 2974 1608 intelligentiam
2995 1548 3048 1590 et
3070 1537 3137 1591 ad
3158 1536 3284 1591 illud
3302 1534 3444 1604 quod

1867 1633 1919 1687 in
1942 1631 2228 1705 Evangelio
2251 1633 2448 1693 dicitur
2470 1649 2484 1689 :
2503 1632 2691 1696 Petite,
2720 1642 2768 1685 et
2788 1632 3057 1702 accipietis
3081 1645 3099 1684 :
3126 1630 3367 1700 quiet-ite,
3386 1638 3443 1682 et

173 1730 313 1785 pare
335 1714 598 1783 cupienti.
626 1712 908 1768 Sonabant
937 1714 1083 1769 enim
1118 1714 1308 1787 populi
1358 1712 1759 1796 inspectaculis

1864 1723 2137 1778 invenietis
2153 1741 2173 1779 :
2190 1724 2418 1792 pulsate,
2440 1733 2492 1778 et
2515 1725 2781 1792 aperietur
2800 1725 2966 1777 nobis.
2989 1723 3124 1789 Quia
3151 1721 3445 1793 ergojuxta

172 1804 472 1861 theatralis
512 1804 760 1867 luxuriae.
800 1814 854 1858 et
907 1803 1293 1871 amphitheatri
1330 1802 1670 1867 crudelitate,
1702 1809 1761 1857 et

174 1896 320 1953 circi
338 1895 640 1960 furoribus.
663 1895 808 1953 sicut
823 1894 1040 1951 sonitus
1061 1909 1328 1965 aquarum
1353 1893 1758 1960 inundantium,

183 1989 411 2059 quando
439 2002 678 2043 consona
745 1986 1043 2055 impietatis
1081 2000 1215 2043 voce
1272 1986 1671 2056 blaspltemant,
1706 1993 1757 2038 et

180 2082 380 2136 dicunt
399 2077 739 2134 Christianos
752 2086 819 2133 ad
844 2079 1035 2132 leones
1064 2087 1119 2134 et
1148 2077 1351 2133 bestias
1399 2075 1592 2146 projici
1636 2076 1678 2147 ³,
1704 2085 1759 2129 et

174 2182 383 2228 caetera
418 2169 815 2239 hujuscemodi.
849 2169 956 2225 Sed
985 2169 1094 2225 illis
1137 2169 1309 2225 instar
1341 2168 1508 2223 maris
1526 2160 1759 2220 furenti-

176 2265 309 2330 bus,
337 2260 644 2330 increpabit
666 2258 925 2315 Dominus
940 2269 1217 2317 auctorem
1237 2260 1521 2319 seditionis
1544 2273 1755 2323 eorum,
1806 2286 1809 2291 ~

178 2367 234 2411 et
266 2356 481 2423 fugabit
507 2369 629 2409 eum
659 2370 689 2409 a
724 2368 823 2411 suo
850 2353 1067 2424 p0pulo.
1094 2353 1163 2409 Et
1192 2357 1331 2408 sicut
1371 2352 1547 2422 pulvis
1581 2362 1757 2406 motus

179 2450 238 2504 in
269 2448 571 2512 montibus,
620 2461 825 2518 quanto
876 2446 1146 2505 excelsior
1195 2457 1301 2513 est,
1352 2456 1503 2500 tanto
1561 2444 1757 2499 fortius

178 2539 351 2611 ω
382 2540 713 2610 rapitur;et
743 2539 886 2595 sicut
910 2538 1087 2603 turbo,
1147 2537 1239 2605 qui
1291 2537 1360 2593 de
1415 2546 1558 2591 terra
1622 2550 1757 2591 con-

172 2637 379 2701 surgit.
416 2631 597 2687 subita
625 2637 948 2699 tempestate
994 2630 1170 2685 fertur
1199 2630 1251 2684 in
1286 2628 1542 2694 sublime,
1597 2627 1668 2681 ita
1702 2638 1759 2681 et

179 2726 273 2780 ille
291 2734 501 2792 raptus,
528 2738 561 2776 a
594 2721 685 2776 Dei
720 2722 920 2792 populo
978 2721 1326 2791 separabitur
1351 2736 1416 2776 ac
1449 2720 1639 2790 fugiet,
1687 2734 1758 2774 ne

177 2816 233 2869 in
261 2813 495 2882 abyssos
516 2812 809 2880 relegetur.
841 2811 1087 2881 Cumque
1107 2813 1223 2866 dies
1268 2809 1758 2866 consummationis

172 2908 489 2971 advenerit,
524 2906 666 2975 quod
730 2904 1124 2973 interpretatur
1169 2916 1417 2972 vespera,
1468 2911 1595 2955 tunc
1653 2901 1759 2953 erit

172 2998 442 3060 turbatio,
475 3010 575 3051 sua
599 3004 821 3066 peccata
873 2994 1170 3051 noscentis.
1199 2992 1265 3048 Et
1294 2994 1346 3048 in
1371 3004 1614 3063 tempore
1642 3005 1759 3044 ma—

174 3093 381 3156 anno,
404 3091 493 3144 die
543 3088 796 3143 videlicet
859 3087 1294 3151 resurrectionis,
1336 3100 1443 3140 non
1475 3082 1753 3144 subsistet,

170 3185 318 3255 quod
339 3181 488 3237 LXX
510 3179 931 3247 transtulerunt,
954 3194 1057 3237 non
1075 3180 1197 3233 erit.
1219 3177 1274 3233 Si
1295 3187 1473 3231 autem
1494 3189 1597 3228 non
1627 3174 1753 3239 erit,

174 3274 307 3345 quid
341 3270 769 3340 respondebunt,
799 3270 892 3339 qui
944 3267 1162 3324 diabolo
1194 3269 1322 3322 dant
1346 3265 1755 3336 paenitentiam,

170 3376 230 3421 et
265 3365 347 3420 illi
368 3372 635 3434 quantum
673 3359 728 3415 in
755 3374 816 3415 se
838 3368 947 3429 est,
976 3358 1417 3428 archangelicuut
1482 3355 1756 3426 fastigium

170 3454 553 3528 pollicentur?
609 3452 741 3511 Hice
770 3462 846 3509 est
877 3467 1002 3522 pars
1049 3467 1251 3518 eorum,
1295 3449 1384 3520 qui
1417 3456 1757 3503 uastaverunt

168 3569 289 3616 au.
328 3560 380 3607 et
408 3564 523 3604 sors
557 3547 920 3616 diripientium
957 3561 1077 3599 nos.
1118 3544 1244 3601 Haec
1280 3543 1365 3598 vel
1414 3540 1646 3613 populus
1674 3539 1758 3593 lo-

168 3646 360 3717 quitur
382 3640 751 3707 Christianus,
772 3639 855 3695 vel
883 3637 1142 3708 propheta
1171 3652 1239 3693 ex
1277 3649 1507 3706 persona
1525 3634 1751 3688 creden-

176 3743 247 3793 tis
272 3734 489 3806 populi,
521 3733 665 3803 quod
728 3730 1014 3787 interitum
1055 3729 1451 3799 sempiternum
1493 3739 1758 3797 persecu-

176 3840 324 3887 tores
346 3842 540 3885 eorum
571 3825 808 3881 habituri
837 3823 969 3888 sint,
1026 3822 1117 3892 qui
1153 3821 1380 3883 exsiliis,
1411 3818 1757 3885 carceribus,

180 3921 457 3979 bonorum
537 3915 1030 3987 proscriptionibus
1084 3924 1477 3982 oppresserunt
1539 3922 1763 3967 sanctos

175 4011 293 4077 Dei,
319 4020 378 4066 et
397 4018 604 4064 aeterna
638 4006 898 4079 supplicia
922 4004 1224 4077 possessnri
1254 4015 1400 4061 sunt.

243 4103 430 4175 (Cap.
456 4098 875 4155 XVIII—Vere.
913 4097 937 4151 l
976 4097 1179 4167 seqq.)
1212 4114 1234 4147 ι
1274 4095 1364 4151 Va;
1420 4104 1580 4151 terrai
1604 4109 1783 4167 cyrn--

171 4194 296 4251 itan
325 4194 567 4259 alarum,
594 4205 717 4261 qua
769 4200 854 4246 est
884 4199 1036 4249 trans
1063 4187 1283 4243 ﬂumina
1318 4186 1630 4257 Ethiopim.
1664 4178 1759 4257 qui

173 4285 342 4341 mittit
366 4285 426 4341 in
448 4288 587 4342 mari
612 4286 844 4355 legatos,
908 4291 965 4341 et
1022 4284 1075 4339 in
1138 4283 1284 4338 vasis
1342 4281 1531 4355 papyri
1592 4296 1761 4352 super

1866 1815 2150 1877 historiam
2175 1826 2230 1869 et
2253 1815 2303 1869 id
2323 1816 2468 1884 quod
2489 1815 2542 1870 in
2567 1815 2794 1870 llcbra’o
2817 1816 3143 1880 continetur,
3171 1815 3224 1867 itt
3259 1813 3448 1882 quinto

1862 1909 2003 1963 libro
2026 1907 2276 1977 exposui,
2303 1923 2450 1962 nunc
2484 1909 2609 1978 quid
2638 1904 2932 1974 miltijusta
2958 1922 3236 1975 anagogen
3254 1902 3446 1957 videa-

1870 2009 1985 2065 tur,
2022 1999 2350 2058 edisseram.
2383 2000 2632 2057 Prudens
2667 1999 2902 2053 forsitan
2956 1998 3129 2052 lector
3184 1997 3445 2067 inquirat,

1860 2093 1988 2162 quid
2018 2091 2125 2151 sibi
2164 2093 2295 2145 velit
2319 2091 2371 2144 in
2411 2089 2657 2155 Visions,
2694 2089 2780 2145 vel
2814 2088 2991 2143 Onerc
3024 2087 3295 2152 Damasci,
3333 2087 3449 2140 ala-

1863 2200 1982 2239 rum
2007 2183 2313 2255 cymbalum
2342 2192 2608 2238 etctctera
2645 2197 2767 2252 quae
2789 2190 3115 2250 sequuntur.
3146 2181 3446 2247 Postquam

1859 2273 1926 2327 de
1942 2272 2222 2327 vocatione
2238 2275 2475 2342 gentium
2498 2273 2696 2329 dictum
2715 2282 2816 2338 est,
2837 2273 2904 2327 de
2921 2272 3223 2343 objectione
3238 2269 3265 2325 ,Ι
3276 2270 3451 2322 miro.

1858 2379 2002 2427 rum.
2034 2374 2088 2416 et
2110 2363 2374 2418 electione
2403 2378 2613 2428 eorum,
2649 2365 2738 2434 qui
2772 2379 2866 2434 per
2888 2363 3163 2433 apostolos
3201 2361 3453 2415 credide-

1860 2459 2009 2515 runt,
2039 2458 2092 2511 et
2107 2462 2292 2520 postea
2319 2451 2385 2505 dc
2407 2452 2643 2521 gentium
2663 2453 3001 2506 multitudine
3015 2461 3069 2507 et
3089 2451 3450 2520 persecutori—

1859 2541 1983 2606 bus,
2011 2541 2104 2611 qui
2132 2543 2297 2596 maris
2315 2541 2570 2598 ﬂuctibus
2592 2544 2887 2613 comparati
2923 2552 3071 2608 sunt,
3092 2541 3442 2606 sequebatur.

1860 2642 1921 2691 ut
1936 2632 2005 2688 de
2024 2633 2320 2688 Itaaresibus
2340 2649 2574 2705 quoque,
2594 2638 2613 2666 ²
2637 2650 2755 2704 quae
2776 2633 3065 2689 Ecclesium
3092 2640 3447 2694 vexaverant,

1860 2732 1916 2782 et
1952 2726 2231 2795 hucusque
2248 2727 2602 2797 papulantur,
2621 2741 2802 2781 sermo
2824 2726 3183 2799 propheticus
3224 2724 3444 2779 nuutia-

1864 2826 1974 2883 ret,
2003 2817 2118 2889 qui,
2171 2817 2478 2873 dormiente
2540 2818 2954 2888 patrefamilias,
2998 2819 3206 2886 inagro
3259 2816 3446 2870 Eccle-

1863 2911 1962 2965 sia:
2021 2910 2590 2980 superseminaverunt
2646 2910 2855 2964 zizania
2898 2908 3128 2982 (Matth.
3180 2907 3343 2977 xm).
3380 2904 3446 2959 Et

1868 2999 2127 3055 dicuntur
2162 2999 2495 3070 cymbalum,
2529 3000 2852 3053 cbaritatem
2879 2999 2968 3052 Dei
2999 3015 3103 3052 non
3162 2998 3442 3058 habentes,

1856 3089 2013 3161 juxta
2048 3090 2177 3145 illud
2208 3089 2455 3159 Apostoli
2488 3106 2504 3145 2
2560 3088 2621 3144 Si
2655 3090 2843 3160 linguis
2878 3089 3147 3142 hominum
3179 3087 3365 3157 loquar
3394 3093 3446 3139 et

1859 3179 2164 3250 angelorum
2192 3216 2207 3244 ,
2237 3180 2548 3235 clturitatem
2604 3190 2779 3234 autem
2833 3196 2936 3233 non
2997 3177 3237 3241 habeam,
3263 3177 3434 3248 factus

1856 3289 1970 3327 sunt
1985 3272 2123 3326 velut
2141 3287 2211 3326 trs
2227 3287 2419 3327 sonans
2435 3282 2525 3326 aut
2543 3271 2833 3342 cymbalum
2856 3271 3082 3324 tinnieus
3107 3267 3158 3339 (1
3182 3268 3303 3323 Cor.
3327 3284 3443 3333 xm,

1863 3365 1888 3429 1
1921 3364 1964 3434 ).
1990 3361 2057 3418 Et
2086 3378 2193 3421 non
2223 3363 2394 3417 solum
2423 3363 2729 3434 cymbalum
2758 3376 2922 3415 rauco
2983 3375 3327 3429 concrepans
3351 3376 3442 3412 so-

1868 3453 2009 3520 nitu,
2043 3455 2138 3509 sed
2169 3464 2387 3523 propter
2419 3453 2696 3508 levitatem
2723 3453 2996 3509 sermonis
3027 3451 3261 3514 itaretici
3294 3450 3447 3503 indi-

1867 3560 2024 3600 vcrsa
2058 3545 2356 3611 currentis,
2385 3544 2590 3599 alarum
2646 3543 2950 3616 cymbalum
2994 3542 3268 3607 dicuntur,
3304 3540 3444 3605 sive,

1858 3633 2016 3707 juxta
2052 3635 2428 3707 Septuaginta,
2458 3634 2559 3690 ala:
2585 3635 2823 3699 nauium,
2864 3632 2953 3703 qui
3000 3642 3191 3702 magna
3253 3632 3448 3684 merci-

1869 3726 2048 3783 ntoula
2080 3726 2492 3797 promittentes,
2520 3726 2776 3793 navigant
2810 3724 2862 3778 in
2886 3723 3066 3777 saeculi
3102 3721 3259 3776 istius
3312 3720 3445 3773 ﬂuc-

1864 3818 2032 3875 tibus.
2069 3819 2194 3873 Alas
2228 3829 2410 3872 autem
2436 3820 2675 3880 navium,
2716 3816 2833 3871 vela
2861 3815 3059 3886 quibus
3104 3814 3446 3882 suspendun-

1866 3921 1955 3965 tur
2012 3922 2068 3965 et
2114 3912 2425 3979 trahuntur,
2472 3910 2736 3979 intellige.
2767 3907 2833 3962 Et
2883 3903 3110 3978 pulchre
3149 3906 3263 3959 alas
3307 3904 3444 3957 dixit

1863 4008 2082 4058 navium
2123 3997 2350 4058 {omnis
2385 4002 2529 4056 enim
2561 4000 2844 4055 haereticus
2885 3997 3170 4069 pollicetur
3202 3995 3443 4059 excelsa,

1873 4105 1929 4150 et
1965 4110 2087 4148 cum
2119 4095 2233 4148 alas
2260 4094 2461 4148 habere
2491 4107 2549 4148 se
2567 4093 2759 4160 iactet,
2793 4100 2971 4144 tamen
2998 4088 3169 4143 haeret
3199 4086 3251 4140 in
3284 4085 3447 4139 salsis

1863 4185 2143 4251 ﬂuetibus,
2175 4195 2230 4240 et
2256 4185 2444 4256 procul
2470 4200 2574 4240 non
2604 4186 2806 4240 recedit
2831 4199 2859 4236 a
2883 4191 3049 4245 terra,
3080 4180 3133 4233 in
3162 4176 3449 4248 medioque

1863 4293 2028 4335 cursu
2058 4278 2263 4349 patitur
2302 4286 2524 4347 repente
2558 4275 2916 4347 naufragium.
2944 4272 3100 4331 Unde
3134 4270 3323 4341 Aquila
3349 4284 3449 4337 pro

172 4390 381 4445 aquas;
412 4375 509 4440 ite.
538 4375 713 4447 angeli
767 4375 1007 4438 veloces.
1036 4377 1102 4430 ad
1135 4384 1352 4443 gentem
1412 4372 1751 4437 convulsam,
1778 4379 1834 4441 ι)
1868 4369 2139 4442 cymbalo,
2196 4369 2434 4423 umbram
2479 4368 2708 4433 alarum,
2768 4366 3157 4435 interpretatus
3197 4372 3302 4425 est,
3338 4376 3446 4415 non

172 4472 227 4519 et
249 4464 604 4521 dilaceratam
634 4480 652 4532 ;
683 4465 749 4519 ad
786 4464 1039 4534 populum
1074 4464 1412 4532 horribilem,
1442 4475 1564 4534 post
1588 4478 1752 4534 quem

171 4571 282 4613 non
309 4566 398 4613 est
421 4556 564 4611 alius
596 4573 615 4625 ς
649 4556 713 4611 ad
739 4566 952 4627 gentem
975 4563 1401 4625 exspectantem,
1430 4563 1751 4625 exspectan-

173 4657 279 4702 tem
301 4657 356 4702 et
372 4645 770 4714 conculcatam,
785 4647 940 4714 cujus
954 4644 1299 4716 diripuerunt
1314 4645 1535 4700 numina
1550 4654 1751 4701 terram

173 4737 317 4806 ejus.
343 4736 549 4793 Omnes
576 4737 914 4793 habitatores
982 4736 1156 4798 orbis.
1214 4737 1309 4806 qui
1374 4738 1665 4792 moramini
1696 4736 1751 4792 in

176 4841 495 4894 terrmcum
526 4828 796 4884 elevatum
834 4828 996 4884 fuerit
1059 4830 1271 4897 signum
1327 4832 1380 4884 in
1446 4829 1747 4893 montibus.

172 4921 842 4991 videbitisetclangorem
869 4920 1011 4976 tubae
1043 4920 1293 4976 audietis.
1334 4940 1353 4973 ι
1391 4920 1528 4975 LXX
1566 4938 1581 4977 :
1616 4939 1634 4974 ι
1665 4920 1756 4978 Vat

173 5023 338 5069 terra
370 5013 592 5066 navium
620 5010 829 5065 alarum
859 5020 1012 5066 trans
1042 5011 1265 5065 flumina
1313 5011 1624 5081 JEtltiopize,
1659 5013 1754 5083 qui

174 5101 347 5159 mittis
382 5102 436 5156 in
467 5101 601 5156 mari
634 5100 871 5167 obsides,
906 5110 960 5155 et
986 5101 1245 5170 epistolas
1296 5103 1534 5157 biblinas
1590 5117 1757 5173 super

175 5206 400 5264 aquam.
434 5193 597 5247 ibunt
640 5191 785 5247 enim
834 5193 1007 5247 nuntii
1038 5192 1184 5250 leves
1214 5195 1279 5247 ad
1315 5204 1528 5264 gentem
1577 5190 1758 5249 excel-

179 5300 323 5352 sam,
357 5296 411 5342 et
436 5284 787 5355 peregrinum
819 5284 1073 5355 populum
1113 5297 1171 5341 et
1198 5288 1519 5357 pessiruum,
1548 5288 1638 5357 qui
1672 5298 1757 5343 cst

241 5438 472 5494 'Verha
496 5445 545 5491 et
602 5436 797 5491 bestias
850 5436 1038 5506 projici
1065 5437 1117 5491 in
1170 5437 1347 5492 Vario.
1408 5440 1630 5503 rectius,
1696 5449 1756 5496 ttt

173 5510 417 5569 videtur,
443 5524 549 5561 non
576 5517 732 5561 sunt.
751 5506 1021 5562 Solemnis
1049 5509 1161 5561 lucc
1192 5517 1312 5562 erat
1336 5511 1617 5577 gentilium
1650 5526 1753 5565 vox

174 5581 230 5634 in
262 5576 674 5648 amphitheatro
700 5590 762 5633 ac
789 5578 957 5643 circo,
979 5577 1270 5633 Christiani
1294 5576 1362 5632 ad
1394 5580 1587 5635 (caries.
1625 5581 1755 5637 Vide

174 5648 591 5705 Terlmlianttm.

1855 4462 2000 4516 enim
2029 4461 2230 4518 habent
2259 4463 2397 4528 alas,
2424 4461 2519 4517 sed
2550 4459 2759 4514 alarum
2781 4456 3229 4514 simulitudiucm.
3260 4452 3449 4521 Quod-

1853 4567 1958 4623 que
1976 4553 2158 4620 infert,
2180 4570 2296 4620 qua:
2319 4564 2395 4608 est
2424 4559 2568 4607 trans
2593 4551 2813 4622 ﬂumina
2827 4548 3137 4615 zEtltiopiaz,
3154 4547 3256 4600 hoc
3278 4543 3449 4612 signi-

1860 4644 2010 4706 ficat,
2050 4646 2192 4714 quod
2244 4645 2521 4715 impietate
2563 4658 2661 4698 sua
2707 4655 2898 4697 omnes
2929 4641 3148 4695 vincant
3180 4634 3443 4691 ltreretici.

1868 4740 2031 4799 Verbi
2058 4741 2231 4809 gratia
2260 4736 2434 4793 :Dicit
2464 4735 2731 4806 Epicurus
2758 4750 2864 4790 non
2882 4728 3444 4792 esseProviderrtiam,

1854 4844 1909 4891 et
1922 4832 2249 4902 voluptatem
2276 4831 2573 4885 maximum
2592 4828 2817 4883 bonum.
2838 4822 3252 4893 Comparatione
3280 4819 3445 4888 hujus

1858 4924 2177 4981 sceleratior
2207 4921 2444 4977 Marcion
2469 4931 2524 4975 et
2545 4936 2734 4976 omnes
2756 4915 3018 4978 haeretici,
3039 4913 3134 4979 qui
3171 4911 3335 4967 Vetus
3358 4913 3446 4966 la-

1855 5027 2045 5073 cerant
2069 5014 2500 5071 Tcstamentum.
2526 5013 2659 5067 Cum
2691 5014 2831 5064 enim
2859 5006 3119 5075 recipiant
3141 5003 3447 5058 Providen-

1858 5110 2011 5177 tiam,
2036 5116 2298 5163 accusant
2328 5105 2666 5167 Creatorem,
2709 5111 2763 5153 et
2796 5107 3046 5153 asserunt
3080 5111 3204 5151 eum
3236 5096 3288 5148 in
3322 5094 3442 5163 ple-

1855 5197 2039 5267 risque
2065 5196 2323 5267 operibus
2339 5208 2578 5255 erras~e,
2612 5202 2666 5246 et
2697 5202 2800 5243 non
2828 5189 2898 5240 ita
2923 5187 3141 5251 fecisse,
3176 5195 3235 5240 ιιι
3262 5184 3445 5241 facere

1858 5290 2135 5346 debuerat.
2163 5288 2244 5345 Ad
2276 5304 2435 5360 quam
2466 5289 2610 5342 enim
2661 5284 2949 5339 utilitatem
3001 5282 3284 5337 hominum
3329 5294 3444 5334 sero

1928 5452 1950 5483 '
1985 5449 2180 5502 Desuo
2215 5447 2366 5502 addit
2397 5444 2603 5500 Victor.
2668 5458 2878 5507 eorum,
2934 5449 2994 5494 ut
3045 5453 3240 5492 sensus
3294 5434 3442 5506 (ait)

1856 5530 2119 5587 congruat
2155 5534 2278 5572 cum
2306 5516 2584 5588 sequenti,
2609 5515 2700 5584 qui
2732 5513 3040 5582 dormiente,
3072 5521 3179 5565 etc.
3220 5550 3236 5577 ,
3259 5521 3443 5577 super-

1857 5591 2264 5644 seminaverunt.
