3898 6184
470 300 580 366 255

1662 306 1727 365 8.
1767 304 2079 364 EUSEBII
2122 304 2563 364 ΗΙΕΒΟΝῩΜΙ

3654 300 3756 365 256

469 423 686 493 petitus,
712 419 979 492 scorpios,
1032 421 1362 485 crocodilos,
1402 430 1454 475 et
1479 422 1708 490 pulices,
1732 423 2062 490 cimicesqne
2086 422 2322 485 Atium,
2349 434 2404 477 et
2453 423 2645 478 bestiis
2707 433 2891 488 terrae,
2921 432 2978 478 et
3018 430 3212 477 aestate
3273 431 3536 492 perpetua
3601 436 3758 479 erunt

467 523 523 567 et
549 514 753 567 culices
777 516 1054 584 pertinere
1085 514 1221 568 ?lsti
1253 528 1386 583 ergo
1409 514 1577 585 286
1626 524 1777 568 trans
1832 513 2053 567 ﬂumina

469 603 765 675 Ethiopize
791 618 937 671 sunt,
969 617 1021 661 et
1050 608 1277 661 mittunt
1313 607 1365 659 in
1399 607 1533 660 mari
1570 607 1730 674 hujus
1763 607 1944 660 srcculi
1981 607 2057 660 le-

469 706 652 766 gatos,
682 696 732 750 id
774 707 858 752 est
891 697 1182 765 discipulos
1223 713 1376 764 suos,
1408 699 1499 766 qui
1533 714 1725 752 eorum
1774 710 2057 766 portantes

472 787 773 853 volumina,
800 799 946 843 recte
972 805 1098 843 vasa
1128 790 1338 859 papyri,
1360 790 1412 844 id
1447 801 1530 844 est
1554 790 1859 853 chartacia,
1889 805 2053 858 super

474 894 647 945 aquas
703 889 924 949 portare
988 883 1261 945 dicuntur,
1315 897 1437 951 qua:
1485 881 1740 937 delentur
1774 883 2054 937 velociter.

475 970 630 1025 Sicut
655 974 798 1026 enim
831 973 953 1027 libri
976 973 1131 1040 juxta
1165 991 1337 1042 aquas
1393 983 1448 1027 et
1493 975 1751 1030 humores
1809 976 1920 1030 cito
1965 976 2063 1030 ob-

473 1074 792 1126 scurantur,
825 1066 1074 1118 delentur
1124 1074 1179 1118 et
1236 1077 1463 1132 pereunt
1492 1081 1508 1119 :
1539 1065 1612 1118 ita
1663 1080 1843 1119 sermo
1871 1079 2057 1119 eorum

473 1165 640 1224 atque
664 1157 933 1217 doctrina,
959 1173 1084 1210 cum
1118 1159 1172 1211 in
1197 1159 1467 1224 principio
1493 1159 1726 1227 aliquam
1751 1160 1864 1213 visa
1902 1158 2063 1212 fuerit

474 1244 848 1301 fortitudinem
877 1247 1183 1315 possidere,
1209 1251 1507 1316 pertransit
1535 1248 1832 1304 etlabitur.
1864 1249 2056 1316 Itaque

476 1350 576 1404 per
601 1337 830 1389 ironiam
863 1336 1062 1390 dicitur
1097 1339 1163 1391 ad
1199 1353 1293 1392 eos
1329 1355 1343 1392 :
1381 1336 1426 1393 Ο
1452 1340 1624 1408 angeli
1658 1339 2060 1400 haereticorum,

477 1426 555 1480 ite
604 1427 842 1481 veloces.
891 1427 1041 1493 Quos
1084 1431 1274 1483 beatus
1327 1409 1604 1498 apostolus
1653 1430 1848 1483 Paulus
1904 1429 2069 1483 falsos

477 1521 775 1586 apostolos,
818 1521 1098 1589 operarios
1159 1521 1518 1585 frudulentos,
1553 1524 1644 1592 qui
1699 1523 1752 1576 in
1789 1522 2066 1590 aposmlos

477 1612 682 1666 Christi
704 1614 1172 1685 transtigurentur,
1194 1615 1424 1684 appellat
1449 1613 1535 1675 (11
1557 1613 1682 1669 Cor.
1704 1616 1802 1682 at).
1821 1614 1882 1667 Et
1905 1615 1977 1668 ite
1999 1616 2065 1667 ad

477 1713 692 1769 gentem
711 1705 952 1760 avulsam
971 1706 1350 1771 etlaceratam,
1380 1707 1621 1759 avulsam
1657 1721 1687 1759 a
1722 1705 1852 1768 Deo,
1884 1715 1936 1759 et
1959 1708 2069 1760 hae-

2160 529 2325 584 super
2357 530 2485 569 eum
2518 514 2790 577 volucres,
2820 524 2876 569 et
2913 529 3106 570 omnes
3138 517 3328 570 bestia:
3392 527 3558 570 terra:
3601 531 3762 586 super

2158 605 2308 659 illum
2346 606 2686 661 hiemabant.
2740 607 2798 660 ln
2832 616 3084 675 tempore
3113 607 3210 660 illo
3258 606 3545 661 deferetur
3565 623 3760 662 munus

2158 696 2390 752 Dmnino
2412 699 2752 752 exercituum
2792 716 2820 750 a
2850 699 3046 765 populo
3083 699 3298 752 divulso
3345 711 3400 752 et
3430 699 3757 766 dilacerate,

2158 804 2186 840 a
2213 790 2408 856 populo
2428 791 2698 853 horribili,
2717 800 2844 858 post
2871 806 3032 859 quem
3049 806 3156 845 non
3187 790 3292 845 fuit
3318 791 3482 856 alius,
3509 807 3539 843 a
3602 803 3758 860 gente

2159 886 2540 946 exspectante,
2566 887 2923 947 exspectante
2957 888 3012 932 et
3037 879 3386 945 conculcata,
3419 881 3546 946 cuju
3566 898 3595 935 s
3631 882 3761 936 diri-

2161 970 2380 1037 puerint
2408 969 2629 1023 ﬂumina
2659 982 2864 1025 terram
2883 971 3028 1039 ejus,
3053 974 3119 1025 ad
3145 973 3324 1026 locum
3383 973 3628 1027 nominis
3661 975 3760 1029 Do-

2163 1063 2294 1116 mini
2315 1064 2654 1117 exercituum
2688 1075 2930 1119 montem
2962 1065 3118 1118 Sion.
3149 1083 3168 1117 ι
3217 1065 3478 1131 Quiescit
3502 1077 3559 1120 et
3608 1082 3756 1120 com-

2163 1156 2458 1224 templatur
2485 1154 2626 1209 Deus
2665 1157 2864 1208 inloco
2891 1170 3009 1221 sun,
3076 1157 3214 1218 sive,
3255 1157 3410 1225 juxta
3473 1158 3754 1225 Aquilam,

2164 1247 2219 1299 in
2244 1247 2603 1312 ﬁrmamento,
2652 1247 2704 1300 id
2737 1257 2843 1311 est,
2876 1248 2930 1300 in
2958 1248 3226 1312 Ecclesia,
3284 1250 3353 1302 de
3401 1265 3510 1316 qua
3563 1250 3758 1304 Paulus

2166 1339 2445 1404 apostolus
2477 1337 2716 1406 loquitur
2745 1354 2760 1390 :
2798 1336 3063 1390 Columna
3108 1349 3158 1391 et
3187 1340 3590 1405 ﬁrmamentum
3626 1344 3758 1396 ueri-

2169 1431 2290 1480 tatis
2331 1427 2393 1493 (Ι
2416 1427 2549 1480 Tim.
2573 1443 2652 1492 Ill,
2687 1428 2811 1498 l5).
2852 1427 3264 1495 Contemplator
3303 1439 3487 1483 autem
3524 1445 3591 1484 ea
3629 1433 3760 1499 :quze

2170 1519 2310 1573 fiunt
2338 1520 2391 1573 in
2417 1519 2695 1585 Ecclesia;
2726 1531 2781 1576 et
2813 1521 2978 1574 sicuti
3018 1522 3317 1574 meridiana
3349 1521 3440 1574 lux
3476 1521 3626 1574 clara
3655 1532 3759 1584 est,

2171 1614 2242 1668 ita
2279 1615 2528 1668 universa
2564 1615 2861 1683 perlustrat
2893 1633 2908 1670 :
2943 1617 3098 1685 juxta
3134 1616 3263 1669 illud
3297 1617 3444 1684 quod
3475 1617 3526 1669 in
3551 1617 3760 1671 decimo

2172 1715 2363 1760 octavo
2395 1705 2612 1760 Psalmo
2634 1709 2933 1761 secundum
2981 1722 3260 1776 anagogcn
3317 1709 3386 1762 de
3438 1710 3555 1763 sole
3599 1708 3760 1776 justi-

474 1797 771 1852 reticorutn
805 1800 1080 1854 morsibus
1107 1800 1391 1854 laniatum.
1425 1799 1506 1852 Ad
1541 1799 1795 1868 populum
1828 1799 2064 1852 horribi-
2099 1787 2141 1842 Β
2174 1799 2259 1852 tiae
2277 1797 2475 1852 dicitur
2507 1815 2522 1852 :
2554 1797 2666 1851 Nec
2688 1811 2761 1853 est
2797 1801 2888 1868 qui
2928 1817 2984 1854 se
3015 1801 3300 1854 abscondat
3337 1819 3368 1854 α
3427 1803 3610 1854 calore
3649 1803 3758 1859 eius

474 1885 581 1940 lem
605 1904 621 1954 ;
653 1889 786 1942 nihil
810 1889 954 1942 enim
978 1890 1294 1942 horribilius
1311 1888 1670 1958 blasphemia,
1688 1903 1808 1956 qua:
1826 1889 1975 1956 pottit
1999 1888 2052 1940 itt

477 1977 758 2031 excelsum
792 1992 854 2031 os
873 1993 1055 2032 suum.
1081 1977 1379 2046 Postquem
1408 1993 1513 2032 non
1537 1988 1619 2032 est
1638 1978 1773 2032 alter
1802 1978 2060 2046 p0pulus:

479 2082 641 2122 omne
657 2069 854 2138 quippe
879 2080 1183 2139 peccatum,
1209 2081 1579 2139 comparatum
1601 2071 1970 2139 blasphcmite,
1992 2071 2066 2126 le-

479 2161 604 2216 vius
622 2172 725 2217 est.
748 2162 978 2219 Gentem
1003 2177 1249 2234 exspecta
1261 2173 1428 2230 ntem,
1449 2175 1848 2233 exspectantem
1867 2177 1920 2220 et
1935 2182 2065 2222 con-

483 2249 777 2309 culcatam.
809 2252 942 2307 Nam
979 2269 1171 2309 omnes
1198 2255 1438 2311 haeretici
1473 2256 1576 2309 sibi
1604 2256 1849 2310 emlestia
1879 2271 2064 2324 repro-

484 2343 802 2407 mittunt,ct
826 2347 1423 2417 pollicenturingentia,
1445 2359 1498 2404 et
1540 2360 1717 2402 tamen
1755 2365 1784 2402 a
1805 2350 2065 2404 daemoni-

480 2434 582 2489 bus
627 2437 1035 2493 conculcantur.
1081 2440 1246 2509 Cujus
1295 2450 1495 2494 terram
1519 2440 2059 2510 diripueruutllumi-

485 2543 704 2599 na,qua:
730 2545 836 2584 non
855 2530 922 2584 de
947 2532 1085 2585 caelo
1106 2533 1311 2586 habent
1332 2546 1523 2601 aquas,
1543 2532 1634 2586 sed
1654 2534 1719 2586 de
1744 2542 1909 2586 terra.
1929 2532 2063 2598 Quis

479 2620 624 2675 enim
650 2622 872 2692 angelus
888 2633 992 2687 est,
1017 2639 1135 2692 qua:
1155 2633 1402 2677 extrema
1422 2624 1662 2678 solitudo
1683 2634 1973 2688 terrarum,
1993 2625 2060 2679 ad

479 2727 770 2782 quamnon
807 2713 1057 2768 turbidus
1089 2715 1468 2770 hereticorum
1523 2731 1703 2770 sermo
1743 2717 2063 2784 perveniat?

479 2801 669 2873 Itaque
721 2817 913 2860 omnes
942 2806 1034 2872 qui
1095 2805 1422 2859 habitantet
1475 2817 1764 2860 morantur
1818 2808 1872 2860 in
1925 2809 2060 2861 orhe

479 2905 776 2962 terrarum,
810 2897 876 2950 ad
914 2896 1292 2951 haereticorum
1344 2897 1585 2968 signum,
1615 2898 1760 2966 quod
1812 2900 1971 2967 quasi
2003 2899 2057 2952 in

479 2988 756 3042 montibus
773 2986 1040 3043 elevatqu
1061 2998 1170 3052 est,
1199 2989 1414 3060 erigunt
1431 2988 1619 3050 oculos
1639 3004 1791 3054 suos,
1821 2998 1876 3043 et
1902 2991 2056 3044 elan-

479 3091 664 3147 gorem
706 3082 868 3146 tubae,
899 3082 947 3134 id
971 3091 1077 3144 est,
1105 3083 1365 3134 doctrina:
1382 3095 1594 3144 eorum,
1653 3084 1900 3137 audiunt.
1933 3081 2059 3137 llmc

477 3166 627 3231 iuxta
666 3167 1012 3224 llebraicum.
1055 3172 1322 3225 Lazterum
1375 3172 1671 3225 secundum
1708 3170 1848 3225 LXX
1909 3173 2060 3241 plan-

479 3271 678 3332 guntur
709 3262 1378 3332 alaehaereticorunyqum
1430 3264 1606 3317 instar
1675 3265 1894 3317 navium
1959 3279 2059 3332 per

480 3367 635 3407 mare
670 3353 832 3422 hujus
855 3355 1038 3408 saeculi
1104 3354 1353 3419 volitant,
1396 3363 1450 3410 et
1508 3355 1845 3425 impietatem
1897 3372 2060 3424 supe-

480 3456 604 3501 rant
639 3447 1003 3511 ethnicorum,
1047 3463 1184 3514 quos
1239 3462 1382 3501 nunc
1435 3445 1726 3518 IEthiopes
1780 3447 2062 3518 Scriptura

480 3538 826 3606 cognominat
861 3553 877 3592 :
909 3548 964 3591 et
993 3539 1194 3592 dicitur
1225 3541 1291 3593 ad
1316 3539 1620 3592 doctrinam
1665 3554 1851 3594 eorum
1899 3552 2062 3610 atque

481 3644 786 3684 sermonem
811 3645 826 3684 :
849 3628 948 3695 Qui
982 3630 1153 3684 mittis
1186 3631 1238 3683 iu
1262 3631 1396 3684 mari
1439 3631 1599 3697 hujus
1629 3633 1808 3685 saeculi
1867 3631 2059 3698 libros,

481 3719 699 3774 obsides
726 3719 1099 3789 perversitatis
1129 3728 1254 3788 tua,
1282 3731 1336 3775 et
1359 3721 1618 3791 epistolas
1648 3722 1714 3776 ad
1783 3723 2063 3793 deripien-

485 3809 583 3863 dos
613 3825 727 3875 eos,
762 3811 850 3880 qui
878 3809 1069 3866 lecturi
1102 3820 1251 3866 sunt.
1296 3811 1536 3881 Pergunt
1594 3814 1770 3866 nuntii
1829 3815 1972 3868 leves
1995 3816 2061 3867 ad

479 3911 694 3970 gentem
733 3901 1027 3967 excelsam,
1054 3915 1108 3957 et
1143 3905 1482 3974 peregrinum
1535 3907 1816 3975 populum,
1859 3915 1913 3960 et
1949 3921 2068 3976 pes-

479 3993 701 4046 simum.
729 3991 922 4048 Nullus
938 3995 1083 4048 enim
1113 3997 1606 4051 ecclesiasticarum
1647 4007 1858 4052 tantum
1895 4001 2065 4053 habet

482 4083 648 4138 studii
682 4085 735 4139 itt
766 4085 928 4151 bono,
950 4096 1210 4156 quantum
1242 4088 1481 4143 haeretici
1503 4089 1556 4141 in
1578 4089 1738 4155 malo,
1765 4091 1894 4145 etin
1926 4106 2068 4146 eose

485 4177 702 4231 lucrum
734 4186 924 4247 putant
972 4182 1254 4249 consequi,
1285 4182 1330 4234 si
1371 4181 1507 4234 alios
1542 4181 1833 4249 decipiant,
1873 4193 1930 4237 et
1965 4184 2065 4252 ipsi

483 4268 680 4335 perditi
713 4279 938 4324 creteros
961 4271 1207 4340 perdant.
1231 4269 1376 4326 Gens
1407 4283 1582 4325 autem
1607 4284 1830 4327 vocatur
1851 4274 2066 4328 excelsa

483 4371 702 4430 propter
732 4362 1040 4430 superbiam
1089 4379 1103 4417 :
1135 4372 1189 4417 et
1229 4365 1509 4433 peregrina
1556 4375 1611 4418 et
1651 4371 1907 4434 pessima,
1939 4370 2065 4436 quia

2173 1889 2373 1957 (Psal.
2406 1905 2562 1953 xvnt,
2594 1891 2625 1943 7
2658 1893 2698 1960 ).
2730 1889 2796 1944 Et
2841 1892 3116 1959 quomodo
3175 1893 3348 1946 nubes
3388 1893 3530 1946 roris
3592 1895 3644 1945 in
3677 1895 3758 1944 die

2175 1981 2389 2046 messis,
2419 1982 2554 2036 etin
2621 1979 2849 2037 ferventi
2893 1993 3090 2037 astate
3151 1985 3465 2054 gratissima
3513 1997 3620 2050 est,
3683 1986 3757 2037 sic

2173 2071 2434 2127 Dominus
2457 2071 2792 2128 habitatores
2823 2072 3084 2129 Ecclesiae
3144 2090 3254 2129 sua:
3284 2077 3593 2146 refrigerat,
3652 2091 3755 2145 quo

2171 2174 2447 2236 praesente
2481 2173 2680 2219 cuncta
2711 2165 3029 2220 florescunt.
3079 2167 3149 2222 Et
3198 2179 3495 2235 antequam
3551 2178 3757 2234 tempus

2171 2258 2661 2313 consummationis
2677 2257 2954 2323 adveniat,
2977 2261 3102 2329 quia
3131 2275 3279 2314 nunc
3310 2275 3374 2314 ex
3395 2272 3549 2330 parte
3567 2261 3757 2330 cngno-

2173 2351 2381 2406 scimus
2443 2360 2500 2404 et
2553 2365 2620 2404 ex
2683 2362 2838 2420 parte
2894 2353 3302 2420 pr0phetamus,
3344 2355 3494 2406 multi
3535 2354 3757 2423 perfecti

2178 2442 2538 2512 reperientur,
2566 2443 2632 2496 de
2660 2444 2857 2512 quibus
2896 2445 3190 2511 Apostolus
3252 2444 3492 2512 loquitur
3522 2461 3538 2496 :
3590 2443 3755 2508 Quot-

2173 2545 2297 2603 quot
2378 2536 2595 2605 perfecti
2668 2536 2763 2590 hoc
2824 2537 3112 2590 sentiamus
3171 2535 3431 2606 (Philipp.
3494 2537 3754 2605 ιη,15).

2170 2625 2484 2682 Ratnusculi
2510 2637 2712 2693 autem,
2744 2629 2834 2698 qui
2860 2628 3080 2684 inutiles
3137 2637 3298 2691 sunt,
3331 2627 3562 2681 falcibus
3621 2643 3754 2697 prte-

2170 2719 2459 2785 cideutur,
2497 2719 2711 2774 dicente
2770 2721 2825 2773 in
2878 2719 3178 2788 Evangelio
3247 2718 3529 2774 Salvatore
3578 2737 3591 2772 :
3641 2718 3753 2788 Ego

2169 2826 2286 2863 sum
2337 2811 2455 2864 uitis
2485 2829 2630 2876 vera,
2668 2823 2715 2866 et
2743 2811 2906 2865 Pater
2939 2827 3082 2864 meus
3115 2811 3349 2880 agricola
3379 2819 3476 2863 est.
3534 2809 3753 2862 Omnem

2167 2904 2436 2972 palmitem
2470 2905 2521 2956 in
2547 2920 2627 2958 mc
2658 2921 2761 2957 non
2821 2905 3076 2973 ferentem
3132 2903 3390 2970 fructum,
3445 2902 3590 2955 tollet
3617 2919 3757 2965 eum,

2167 3007 2214 3049 et
2276 3011 2479 3072 omnem
2504 2997 2592 3065 qui
2621 2998 2722 3064 fert
2738 2998 2990 3066 fructum,
3019 2996 3267 3064 purgabit
3317 3010 3457 3060 cum,
3521 3005 3577 3046 ut
3613 2996 3752 3061 [ruc-

2173 3098 2282 3140 lltm
2343 3089 2462 3156 plus
2502 3089 2693 3156 afferat
2721 3086 2923 3155 (Joan.
2990 3103 3077 3151 xv;
3112 3087 3203 3153 2).
3238 3086 3302 3140 Et
3361 3101 3482 3154 qua:
3532 3086 3752 3153 praecisa

2171 3181 2396 3247 fuerint,
2468 3185 2849 3252 relinquentur
2912 3181 3106 3236 avibus
3158 3181 3424 3234 montium
3475 3189 3531 3232 et
3572 3177 3755 3231 bestiis

2167 3282 2348 3328 terrae.
2376 3275 2612 3335 Avibus,-
2630 3273 2917 3344 qttzejuxta
2939 3275 3080 3326 viam
3114 3273 3378 3326 seminata
3403 3272 3751 3340 popuiantur,

2166 3373 2221 3417 et
2255 3364 2466 3428 bestiis,
2494 3364 2694 3433 quibus
2730 3364 2963 3419 traditur
2981 3363 3161 3416 anima
3196 3361 3471 3430 288nm
3492 3359 3752 3437 conﬁtens

2169 3453 2365 3523 Deum,
2407 3456 2480 3510 ita
2518 3467 2572 3509 ut
2595 3458 2684 3526 qui
2715 3470 2743 3508 a
2769 3456 2992 3509 Domino
3022 3455 3276 3524 praecisus
3313 3451 3477 3506 fuerit
3504 3459 3562 3505 et
3587 3448 3752 3516 abjecc

2168 3557 2274 3608 tus,
2295 3557 2348 3602 et
2374 3548 2442 3602 de
2476 3563 2702 3616 corpore
2733 3547 2900 3612 illius,
2925 3548 3068 3616 quod
3122 3556 3204 3598 est
3235 3542 3504 3607 Ecclesia,
3542 3555 3751 3609 separa-

2171 3650 2275 3704 tus,
2314 3649 2423 3693 tam
2457 3638 2509 3692 in
2546 3648 2730 3693 aestate
2747 3653 2910 3707 quam
2953 3638 3006 3690 in
3037 3638 3235 3698 hieme,
3277 3641 3381 3691 hoc
3403 3646 3510 3698 est,
3535 3635 3589 3688 in
3634 3648 3752 3702 pro-

2169 3730 2344 3800 speris
2369 3739 2426 3785 et
2470 3731 2735 3794 adversis,
2773 3730 3052 3783 volucrum
3091 3739 3145 3780 ct
3187 3728 3485 3780 bestiarum
3547 3725 3750 3778 mansio

2171 3823 2259 3876 sit.
2297 3822 2449 3875 Sicut
2475 3830 2652 3876 autem
2682 3823 2734 3874 hi
2768 3821 3100 3889 quiinutiles
3153 3829 3279 3873 Sunt
3331 3828 3387 3872 et
3433 3817 3747 3872 infructuosi

2171 3913 2226 3968 in
2253 3912 2515 3977 Ecclesia,
2542 3922 2894 3983 amputantur
2913 3921 2967 3965 et
2989 3911 3366 3979 projiciuntur,
3396 3925 3466 3964 ne
3487 3910 3748 3962 modicum

2174 4005 2504 4060 fermentum
2535 4016 2699 4060 totam
2739 4020 2972 4059 massam
2987 4013 3304 4072 corrumpat
3334 4020 3350 4058 ι
3381 4004 3464 4058 sic
3505 4012 3751 4057 econtra-

2171 4101 2256 4152 rio
2290 4098 2405 4152 ﬁeri
2437 4107 2634 4167 potest,
2665 4098 2836 4166 utqui
2867 4098 3123 4151 haeretico
3170 4097 3387 4151 fuerant
3429 4112 3615 4150 errore
3663 4097 3755 4148 de-

2171 4190 2336 4257 cepti,
2368 4187 2608 4241 etavulsi
2630 4203 2657 4240 a
2691 4187 2919 4240 Domino
2947 4195 3110 4254 atque
3132 4185 3374 4248 lacerati,
3399 4184 3754 4238 ethorribiles

2173 4282 2243 4336 ob
2262 4279 2678 4348 blasphemiam,
2703 4278 3013 4346 frustraque
3047 4276 3328 4331 mendacia
3351 4279 3749 4345 praestolantes,

2174 4381 2230 4426 et
2259 4369 2565 4425 conculcati
2594 4384 2621 4421 δ
2660 4368 3028 4430 daemonibus,
3087 4377 3141 4421 et
3193 4381 3224 4420 a
3285 4367 3537 4420 ﬂuviisin
3575 4376 3756 4436 partes

482 4453 655 4507 aliena
690 4469 718 4506 a
755 4451 861 4506 Deo
884 4465 986 4508 est.
1023 4453 1156 4508 Vere
1182 4471 1314 4525 gens
1347 4459 1464 4511 sine
1495 4472 1609 4525 spe,
1654 4471 1708 4512 et
1730 4461 2076 4532 conculcata,
2115 4479 2162 4538 υ
2191 4465 2367 4518 varias
2391 4462 2654 4531 dissipati,
2678 4475 2799 4515 cum
2840 4460 3111 4513 recordati
3146 4458 3348 4512 fuerint
3382 4458 3476 4510 Dei
3529 4460 3635 4524 sui,
3705 4466 3758 4510 et

481 4543 646 4614 287
667 4545 823 4614 cujus
849 4543 1068 4600 (lumina
1090 4545 1269 4601 intota
1299 4557 1439 4603 terra
1468 4549 1750 4604 imitantur
1772 4550 2064 4607 habitatio-

481 4652 607 4692 nem
649 4635 926 4702 Ecclesia),
963 4648 1020 4692 ut
1053 4639 1332 4693 inveniant
1373 4641 1474 4695 sibi
1495 4641 1792 4709 hospitium
1817 4646 2070 4713 etregio-

483 4730 702 4796 nem,in
725 4745 828 4799 qua
885 4730 1094 4786 elevent
1126 4731 1336 4801 signum
1364 4734 1624 4787 dsctrimu
1684 4749 1820 4801 sum,
1888 4733 2071 4806 inqua

485 4822 894 4892 Scripturarum
922 4824 1175 4892 clangunt
1198 4826 1323 4878 tuba
1366 4825 1406 4878 ¹.

553 4913 752 4986 (Vers.
789 4914 1042 4986 dseqq.)
1072 4933 1090 4967 α
1125 4914 1262 4982 Quia
1310 4917 1427 4972 huic
1476 4915 1608 4970 dicit
1659 4915 1924 4975 Dominus
2004 4921 2071 4975 ad

484 5019 591 5071 tne,
615 5007 915 5074 quiescam,
947 5019 1002 5062 et
1041 5009 1398 5062 considerabo
1446 5009 1496 5061 itt
1540 5008 1661 5062 loco
1720 5025 1841 5064 tneo
1876 5028 1891 5066 z
1929 5012 2074 5067 sicut

489 5097 789 5151 meridiana
815 5101 904 5154 lux
927 5101 1074 5154 clara
1097 5113 1203 5166 est,
1230 5110 1283 5154 ct
1307 5102 1455 5155 sicut
1489 5103 1661 5157 nubes
1715 5105 1852 5158 roris
1877 5107 1928 5156 in
1980 5105 2068 5159 die

489 5189 706 5243 messis.
735 5192 874 5245 Ante
893 5209 1123 5247 messem
1159 5192 1305 5247 enim
1336 5204 1482 5248 totus
1505 5192 1766 5260 efﬂoruit,
1793 5203 1846 5248 et
1872 5195 2071 5248 innua-

491 5289 608 5334 tura
644 5281 909 5350 perfectio
934 5287 1352 5352 germin.:hit,et
1383 5287 1748 5354 prmcidentur
1770 5289 2068 5342 ramusculi

487 5372 609 5442 ejus
635 5372 866 5428 falcibus
908 5391 922 5436 ;
954 5385 1008 5431 et
1032 5395 1150 5447 qua:
1184 5380 1440 5434 derelicta
1485 5377 1711 5446 fuerint,
1749 5379 2074 5434 abscindeno

491 5469 980 5532 tttr,excutientur.
1014 5471 1075 5527 Et
1112 5474 1490 5543 relinquentur
1519 5475 1682 5530 simul
1709 5475 1902 5529 avibus
1921 5491 2072 5530 mou-

566 5610 580 5641 ⁸
613 5609 783 5683 Ϋαιὶο.
822 5654 836 5679 ,
865 5621 914 5683 et
957 5613 1112 5680 quasi
1150 5612 1551 5682 Scripturarum
1622 5615 1872 5683 clangunt
1920 5615 2069 5667 tuba.

567 5683 588 5709 ²
621 5680 709 5736 Ste
737 5699 839 5752 ope
879 5682 1043 5754 Valte.
1078 5701 1176 5738 tus.
1199 5680 1551 5739 enicttdatnus
1601 5680 1775 5754 ἄρμᾰ,
1806 5685 1948 5752 quod
1985 5696 2072 5738 est

495 5765 648 5817 onus,
678 5769 774 5823 pro
812 5769 918 5824 quo
948 5753 1139 5810 vitiose
1177 5755 1377 5810 lectum
1423 5766 1508 5810 est
1551 5753 1820 5810 haetcuus
1861 5757 2066 5825 ὅραμα,

2183 4553 2474 4624 magistros
2504 4553 2771 4621 pessimos
2829 4550 3240 4618 dereliqueriut,
3277 4547 3510 4602 offerant
3569 4564 3758 4600 munus

2180 4647 2410 4700 Domino
2442 4645 2808 4706 exercituum,
2844 4660 2948 4695 non
2990 4641 3120 4694 alihi
3155 4643 3258 4693 nisi
3297 4641 3350 4694 in
3384 4651 3567 4693 monte
3603 4640 3757 4704 Sion,

2175 4747 2229 4791 et
2256 4738 2307 4789 in
2338 4736 2580 4806 specula,
2612 4737 2754 4802 quod
2792 4737 3175 4800 interpretatur
3235 4734 3495 4786 Ecclesia.
3536 4732 3759 4785 Brevius

2175 4831 2426 4892 dicimus,
2450 4829 2574 4897 quia
2602 4829 2653 4881 in
2679 4828 2816 4880 libro
2866 4826 3263 4897 explanationis
3295 4825 3569 4878 historica:
3592 4825 3757 4877 multa

2172 4919 2284 4992 jam
2327 4921 2582 4975 diximus.

2247 5012 2398 5084 (Cap.
2436 5009 2582 5064 XIX.
2622 5041 2690 5051 —
2721 5009 2878 5066 Vers.
2924 5010 2999 5078 1.)
3039 5009 3184 5064 Onus
3237 5007 3479 5077 .Egypti.
3515 5007 3762 5077 Symma-

2174 5106 2310 5162 chus
2355 5117 2408 5158 et
2459 5103 2761 5157 Tltcutlotio
2810 5121 2823 5156 :
2887 5104 3190 5172 Assumptio
3250 5099 3491 5170 .Egypti.
3549 5098 3693 5151 LXX
3747 5116 3761 5150 :

2180 5199 2320 5254 Visio
2347 5196 2589 5265 zEgypli.
2637 5197 2737 5251 Ubi
2787 5198 2840 5249 in
2893 5196 3118 5249 Hebraeo
3162 5195 3424 5260 scriptum
3467 5202 3548 5248 est
3594 5206 3764 5246 nassa

2177 5309 2405 5349 ussnam
2435 5295 2656 5362 (Dium
2677 5289 2862 5357 sum),
2892 5289 3034 5356 quod
3054 5302 3152 5340 nos
3177 5286 3520 5352 interpretati
3544 5297 3763 5346 sumus,

2177 5385 2323 5440 Onus
2374 5386 2451 5439 vel
2505 5386 2707 5452 pondus
2739 5382 2960 5451 zEgypli
2995 5396 3013 5432 :
3051 5393 3149 5447 pro
3190 5394 3299 5448 quo
3347 5377 3538 5447 Aquila
3574 5386 3759 5428 trans-

2177 5478 2296 5532 tulit
2338 5478 2491 5547 ἅρμα
2537 5479 2552 5508 ¹
2594 5476 2895 5543 Αἰγύπτου,
2950 5487 3241 5544 possumus
3311 5469 3495 5524 dicere
3533 5467 3604 5520 ab
3666 5483 3757 5531 eo,

2177 5615 2318 5682 quod
2355 5615 2607 5668 visionem
2655 5625 2836 5668 sonat.
2885 5613 2990 5668 Sed
3045 5623 3097 5668 et
3136 5613 3365 5667 Drusius
3420 5611 3628 5680 pridem
3686 5612 3762 5664 ita

2177 5681 2465 5738 monuerat
2493 5685 2907 5739 rescribendum
2946 5695 3058 5738 tum
3106 5685 3230 5737 aliis
3273 5681 3341 5738 de
3372 5681 3574 5742 causis,
3634 5696 3763 5735 cum

2178 5757 2468 5826 praecipue,
2518 5757 2660 5826 quod
2721 5755 2894 5826 magis
2951 5757 3016 5810 ad
3073 5755 3283 5824 Aquila:
3320 5753 3625 5822 ingenium,
3665 5751 3762 5821 qui
