3972 6198
201 315 318 377 257

712 313 1206 375 COMMENTAR.
1249 313 1331 375 IN
1376 311 1635 372 ISAIAM
1680 310 2140 374 PROPHETAM
2185 311 2336 374 LIB.
2376 311 2509 379 VlI,
2550 311 2712 372 CAP.
2743 313 2901 374 XIX.

3351 307 3462 373 258

197 431 352 498 quod
388 429 542 482 tollat
578 427 866 498 propheta,
891 435 946 480 et
967 433 1146 494 portet
1173 424 1358 494 jugnm
1395 425 1630 489 Domini,
1656 440 1777 479 eum
1812 435 1854 488 Α
1884 433 1968 478 est
2002 425 2285 486 tribulam,
2327 425 2442 478 sive
2465 424 2535 476 cd
2553 427 2854 494 angustiam
2880 423 3137 492 ndigens.
3166 419 3259 476 Est
3284 428 3462 474 tamen

199 522 486 576 exstitisse
518 521 869 588 condignum,
908 519 999 587 qui
1039 517 1376 587 prophetiam
1411 517 1630 586 IEgypll
1665 534 1785 572 cer-

199 624 384 678 neret,
417 613 534 667 sive
568 621 828 681 portaret.
863 609 1019 664 Unde
1064 609 1232 663 miror
1265 608 1404 662 LXX
1439 620 1492 662 et
1524 612 1574 662 in
1616 608 1786 679 Baby-

200 703 332 756 Ioue
388 720 488 772 pro
547 706 774 771 pondere
833 704 1216 770 interpretatos
1267 701 1559 761 visionem;
1606 713 1661 754 et
1731 703 1782 752 in

203 793 568 859 Philisthiim,
593 803 647 848 et
672 793 848 855 Moab,
876 801 931 845 et
955 792 1234 853 Datnasco,
1274 792 1598 854 verbum;et
1642 806 1785 846 nunc

202 885 258 938 in
297 884 535 955 {Egypto
563 886 854 938 versionem
876 901 895 947 ;
942 898 1065 938 cum
1105 882 1154 934 in
1188 881 1412 936 Hebraeo
1444 883 1496 936 in
1533 885 1784 938 omnibus

204 977 295 1029 his
343 990 453 1028 non
497 977 710 1029 verbum
741 987 788 1028 et
832 975 984 1036 visio,
1018 973 1110 1028 sed
1155 988 1315 1028 nassa
1348 976 1559 1040 (seu),
1598 975 1648 1028 id
1677 985 1780 1038 est,

204 1081 363 1129 onus,
392 1066 700 1134 pondusque
744 1074 997 1132 ponatur.
1032 1065 1186 1129 Quod
1210 1074 1390 1118 autem
1423 1063 1784 1134 Symmachus

201 1165 262 1210 et
297 1156 597 1211 Theodotio
628 1157 844 1225 λῆμμα,
883 1154 936 1208 id
983 1165 1086 1217 est,
1128 1158 1534 1218 assumptionem
1571 1172 1786 1225 semper

205 1247 552 1315 interpretati
607 1257 754 1309 sunt,
816 1248 917 1300 hoc
966 1249 1109 1301 scire
1169 1249 1452 1309 debemus,
1508 1250 1784 1317 accepisse

206 1339 530 1403 prophetam
592 1351 622 1388 a
684 1335 913 1390 Domino
985 1337 1212 1404 gratiam
1293 1337 1664 1404 spiritualem,
1728 1347 1786 1393 ιιι

207 1427 426 1497 Egypti
461 1439 804 1482 sacramenta
842 1438 1218 1496 cognosceret,
1249 1429 1363 1482 sive
1383 1428 1555 1482 oculis
1588 1431 1785 1483 mentis

203 1523 500 1588 aspiceret,
558 1531 615 1571 ut
655 1519 790 1573 LXX
846 1521 1264 1574 transtulerunt.
1313 1519 1429 1574 Non
1463 1531 1548 1576 est
1601 1532 1780 1576 autem

203 1611 475 1681 Egyptus
507 1613 611 1664 ista
648 1626 808 1678 quam
840 1609 1010 1664 Judaei
1059 1620 1271 1679 putant,
1305 1613 1445 1665 sicut
1486 1613 1784 1668 arbitratus

203 1716 291 1759 est
319 1704 620 1772 Josephus,
675 1703 764 1771 qui
815 1703 866 1755 in
923 1703 1076 1758 libris
1109 1705 1511 1773 Antiquitatum
1570 1707 1778 1758 refert:

1890 513 2195 578 sciendum,
2227 515 2390 568 multa
2433 513 2632 571 Oneris
2677 515 2934 586 Egyptii,
2975 513 3058 568 vel
3103 510 3359 571 Visionis,
3391 508 3462 561 ad

1888 605 2106 676 Egypti
2153 606 2486 676 provinciam
2545 609 2840 676 pertinere,
2891 621 3012 676 quae
3067 617 3241 672 usque
3296 601 3463 655 hodie

1890 697 2166 751 habitatur
2215 708 2269 751 et
2329 699 2592 753 cernitur.
2646 698 2752 753 Sed
2804 709 2859 754 et
2909 700 2962 752 itt
3013 698 3116 751 hoc
3144 706 3194 748 et
3233 694 3285 747 in
3337 691 3461 746 aliis

1893 784 2298 856 Scripturarum
2353 789 2483 843 locis
2536 789 2795 860 pleraque
2850 799 3148 857 ponuntur,
3191 799 3311 852 quae
3352 796 3461 836 non

1887 889 2108 948 possent
2149 890 2294 933 stare
2320 880 2473 948 juxta
2508 880 2791 934 historiam
2828 897 2844 934 :
2895 890 2954 934 ut
3000 893 3181 933 rerum
3215 874 3461 930 nece-ssi-

1887 981 1997 1026 tate
2035 986 2296 1040 cogamur
2320 972 2568 1027 altiorem
2598 973 3010 1041 intelligentiam
3042 982 3302 1040 quaerere.

1957 1063 2138 1134 (Vers.
2173 1065 2195 1117 I
2233 1064 2412 1134 seqq.)
2463 1082 2483 1114 ‹
2531 1065 2669 1118 Ecce
2707 1065 2965 1117 Dominus
3000 1067 3255 1116 ascendet
3295 1075 3463 1130 super

1886 1155 2087 1208 nubem
2134 1153 2328 1216 levem,
2380 1161 2436 1207 et
2469 1153 2799 1223 ingredietur
2822 1152 3134 1222 Egyptum,
3185 1163 3240 1206 et
3273 1167 3460 1207 move-

1889 1247 2088 1298 buntur
2121 1245 2233 1316 [ΑΙ.
2265 1245 2777 1317 commovebuntur]
2821 1249 3108 1299 simulacra
3150 1246 3390 1314 Aigypti,
3427 1261 3455 1298 a

1888 1335 2023 1388 l'ncie
2054 1336 2198 1402 ejus,—
2219 1348 2272 1388 et
2315 1351 2410 1389 cor
2461 1336 2676 1406 :Egypti
2711 1339 2955 1390 tabescet
2992 1337 3043 1388 in
3098 1343 3276 1389 medio
3319 1338 3459 1406 ejus.

1889 1426 1951 1478 Et
1971 1441 2300 1481 concurrere
2322 1425 2516 1480 faciam
2543 1428 2827 1499 {Egyplios
2852 1431 3116 1482 adversus
3146 1426 3455 1498 Egyptios,

1884 1527 1938 1572 et
1969 1519 2230 1588 pugnabit
2260 1519 2342 1572 vir
2371 1531 2559 1573 contra
2593 1519 2818 1572 fratrem
2851 1535 3032 1582 suum,
3069 1531 3122 1574 et
3159 1521 3240 1572 i'ir
3267 1530 3458 1575 contra

1885 1609 2120 1661 amicum
2153 1623 2332 1670 suum,
2356 1608 2552 1664 civitas
2582 1613 2874 1665 adversum
2903 1610 3201 1674 civitatem,
3233 1625 3461 1675 regnum

1888 1701 2146 1753 adversus
2182 1713 2430 1767 regnum.
2470 1699 2536 1752 Et
2582 1700 2955 1767 disrumpetur
2984 1703 3214 1769 spiritus
3242 1699 3463 1770 Egypti

202 1792 400 1848 Oniam
438 1792 780 1846 sacerdotem
825 1790 978 1843 Isaiae
1012 1790 1264 1856 implesse
1294 1791 1640 1851 vaticinium,
1673 1800 1729 1845 ut
1765 1791 1781 1820 ⁸
1820 1778 1859 1833 Β
1888 1789 1942 1842 in
1982 1791 2281 1844 visceribus
2305 1791 2422 1858 ejus
2451 1807 2465 1844 :
2505 1803 2559 1846 et
2597 1793 2880 1845 consilium
2915 1793 3032 1859 ejus
3067 1793 3414 1861 prmeipitabo
3443 1809 3459 1846 :

205 1887 260 1940 in
296 1885 571 1938 territorio
605 1883 1014 1951 Heliopolitano,
1050 1884 1193 1951 quod
1230 1881 1467 1954 (Egyptii
1495 1883 1664 1953 289
1693 1901 1784 1936 νο-

209 1977 310 2045 μὸν
340 1986 538 2028 voeant
560 1977 608 2034 ',
641 1983 944 2027 exstrueret
989 1974 1244 2043 templum
1272 1976 1337 2026 ad
1366 1974 1781 2027 similitudinem

207 2066 416 2133 Templi
451 2065 570 2125 Dei.
605 2073 662 2118 et
698 2064 890 2116 altare.
915 2061 1044 2116 Esto
1071 2064 1238 2126 enim,
1273 2063 1642 2116 concedamus
1669 2063 1784 2116 haec

209 2159 348 2211 dicta
382 2159 450 2209 de
503 2156 638 2209 Onia
675 2164 728 2208 et
754 2154 909 2208 altari
942 2153 1084 2222 quod
1130 2155 1182 2208 in
1217 2153 1452 2224 Egypto
1485 2155 1782 2220 exstruxit,

211 2265 330 2318 qua:
352 2259 517 2304 erunt
563 2250 803 2317 quinque
833 2249 1108 2311 c'txitates,
1158 2263 1279 2316 qua:
1311 2248 1368 2302 in
1416 2247 1651 2316 Egypto
1703 2249 1784 2303 lo-

211 2352 452 2410 quantur
489 2341 668 2410 lingua
701 2339 1054 2396 Chananitica
1088 2355 1106 2393 :
1137 2355 1203 2394 ex
1247 2341 1441 2408 quibus
1476 2355 1580 2394 una
1625 2340 1783 2409 juxta

213 2433 355 2487 LXX
405 2432 712 2502 appellatur
745 2431 970 2484 Ἀσεδέκ
1013 2431 1215 2499 :juxta
1257 2432 1393 2486 alios
1439 2433 1780 2502 interpretes,

209 2528 395 2579 civitas
417 2540 518 2578 ηις
551 2525 665 2578 sive
689 2539 842 2586 Artes,
880 2524 962 2576 vel
1000 2524 1181 2575 civitas
1210 2523 1334 2576 solis
1357 2525 1382 2576 ?
1432 2523 1498 2577 Et
1526 2526 1651 2593 quis
1679 2525 1784 2578 erit

211 2617 312 2670 iste
339 2617 606 2677 salvator,
652 2616 746 2684 qui
778 2615 972 2668 missus
1023 2625 1106 2666 est
1133 2612 1422 2684 Egyptiis,
1455 2626 1515 2668 ut
1549 2615 1783 2671 salvaret

210 2723 326 2770 eos,
358 2718 413 2761 et
443 2705 728 2760 Dominum
769 2717 1156 2774 cOgnoseerent
1195 2705 1431 2775 Egyptii
1465 2707 1528 2760 ’?
1564 2709 1784 2777 quando

211 2802 500 2852 coluerunt
545 2811 667 2851 eum
712 2797 765 2849 in
812 2797 1004 2850 hostiis
1055 2805 1108 2849 et
1152 2797 1489 2863 muneribus,
1548 2811 1604 2854 et
1659 2811 1781 2854 vota

215 2889 527 2944 solverunt?
563 2890 779 2956 quando
811 2887 1073 2956 percussit
1104 2888 1367 2942 Dominus
1399 2887 1692 2960 [Egyptqu
1729 2900 1783 2947 et

212 2983 426 3036 sanavit
471 2981 632 3035 eam?
675 2981 729 3035 iit
773 2995 880 3049 quo
933 2992 1175 3049 tempore
1228 2981 1426 3035 factum
1483 2985 1782 3052 poterimus

210 3077 430 3135 docere,
463 3083 522 3126 ιιι
552 3073 714 3126 fuerit
736 3073 819 3124 via
846 3075 912 3126 de
946 3071 1178 3142 ,λεωριο
1207 3072 1261 3125 in
1297 3075 1572 3144 Assyrios,
1611 3084 1665 3130 et
1697 3076 1782 3130 in-

211 3167 474 3221 traverint
505 3164 712 3235 Assyrii
746 3165 798 3217 in
829 3162 1142 3234 Egyptum,
1170 3173 1224 3218 et
1253 3162 1493 3236 {Egyptii
1517 3167 1568 3220 itt
1610 3168 1774 3238 Assy-

210 3264 321 3313 rios
347 3275 364 3322 ;
409 3270 467 3311 et
495 3256 785 3312 servierint
814 3253 1056 3326 Egyptii
1103 3253 1318 3311 Assur?
1351 3256 1582 3322 Quando
1611 3257 1780 3312 Israel

209 3359 402 3404 tertius
443 3352 498 3403 in
550 3347 788 3417 .‘Egypto
838 3347 971 3414 fuit;
1036 3359 1092 3402 et
1135 3350 1275 3418 apttd
1335 3348 1587 3416 Assyrios
1621 3349 1778 3416 quasi

211 3442 519 3495 benedictio
541 3443 592 3492 in
624 3441 798 3494 medio
831 3449 989 3494 terra:
1021 3458 1036 3494 :
1067 3441 1142 3494 ita
1164 3451 1223 3494 ιιι
1247 3440 1506 3496 Dominus
1532 3441 1775 3496 diceret:

215 3532 532 3588 Benedictus
570 3531 790 3599 populus
822 3547 965 3585 meus
1001 3531 1246 3605 Egypti,
1284 3540 1332 3584 et
1371 3549 1500 3598 opus
1529 3547 1778 3585 manuum

215 3638 453 3676 mearum
495 3622 782 3692 Assyrius?
814 3620 939 3676 Haec
968 3621 1033 3674 ad
1060 3621 1360 3690 {Egyptum
1400 3622 1581 3684 istam,
1615 3635 1776 3690 quam

210 3714 378 3769 Judaei
423 3715 716 3780 aestimant,
766 3727 872 3767 non
930 3711 1206 3781 pertinere
1258 3713 1601 3780 perspicuum
1666 3723 1775 3767 est.

211 3806 394 3873 Itaque
429 3806 605 3859 locmn
647 3805 810 3858 istum
849 3818 1012 3872 quem
1049 3801 1358 3868 incolimus,
1410 3815 1465 3856 et
1510 3807 1775 3857 tnundum

207 3899 296 3966 qui
349 3898 401 3950 in
456 3895 692 3964 maligno
757 3896 963 3966 positus
1007 3905 1111 3960 eat,
1158 3893 1448 3964 [Egyplttm
1489 3910 1780 3964 possumus

207 3991 502 4060 appellare,
565 3989 797 4043 maxime
857 3991 983 4059 quia
1037 4003 1266 4043 nasum
1320 3990 1585 4059 (av-im),
1633 3992 1777 4060 quod

210 4084 408 4137 dicttur
458 4079 746 4151 Egyptus,
808 4081 1201 4151 interpretatur
1250 4081 1580 4137 ἐκθλίϐουσα
1635 4084 1676 4146 ’⁸,
1723 4085 1777 4138 id

211 4243 353 4309 ipsas
381 4242 544 4294 etiam
573 4237 926 4309 etymologias
959 4239 1179 4292 amabat
1227 4239 1557 4308 exprimere,
1605 4242 1777 4296 inter-

211 4308 444 4380 pretatio
486 4313 577 4363 illa
607 4308 699 4363 sit.
741 4308 925 4380 Reque
966 4309 1081 4377 ipsa
1123 4310 1272 4380 addit
1307 4309 1774 4374 Montl'aucunius,

181 4377 288 4435 "sic
314 4390 577 4451 perpetuo
622 4389 838 4451 vertere
860 4377 1131 4451 Aquilam,
1166 4379 1258 4432 ubi
1280 4389 1422 4438 Nm
1457 4382 1678 4450 legitur,
1718 4392 1777 4434 nt

1887 1890 1942 1934 et
2005 1881 2420 1950 interrogabunt
2474 1883 2769 1937 simulacra
2795 1898 2891 1937 sua
2937 1884 3100 1953 290
3141 1896 3194 1937 et
3249 1884 3463 1938 divinos

1887 1988 2035 2037 suos,
2064 1983 2118 2026 et
2146 1973 2438 2043 Pythones,
2465 1982 2519 2028 et
2541 1975 2799 2028 hariolos.
2828 1975 2891 2028 Et
2923 1975 3132 2028 tradam
3163 1974 3462 2046 Egyptum

1887 2061 1942 2116 in
1979 2078 2169 2117 manus
2207 2065 2554 2117 dominorum
2596 2064 2919 2128 crudelium,
2951 2073 3005 2118 et
3028 2080 3122 2118 rex
3170 2065 3328 2118 fortis
3360 2067 3462 2120 do-

1886 2152 2184 2206 minabitur
2217 2167 2431 2218 eorum,
2469 2154 2544 2206 ait
2577 2151 2836 2208 Dominus
2867 2153 3009 2209 Deus
3037 2155 3401 2212 exercituum.
3438 2172 3458 2206 ι

1885 2242 2151 2314 Pleraque
2199 2249 2268 2300 de
2315 2245 2605 2315 prophetia
2655 2244 2897 2316 Egypti,
2937 2261 3098 2316 quam
3148 2247 3346 2303 levavit
3380 2249 3464 2303 vel

1885 2336 2022 2390 vidit
2053 2337 2247 2401 Isaias,
2298 2338 2352 2391 in
2405 2337 2666 2392 historica
2715 2337 3100 2408 explanatione
3137 2342 3460 2408 perstrinxi.

1886 2427 2044 2484 Unde
2083 2444 2228 2485 nunc
2251 2429 2408 2496 juxta
2444 2430 2800 2498 tropologiam
2840 2444 3053 2484 summa
3085 2446 3314 2500 quaeque
3343 2447 3466 2485 car-

1887 2523 2061 2588 penda
2091 2529 2237 2576 sunt.
2274 2522 2537 2576 Ascendit
2563 2521 2819 2576 Dominus
2847 2534 3013 2590 super
3038 2522 3232 2575 nubent
3260 2523 3460 2587 levem,

1885 2628 2086 2683 corpus
2119 2623 2318 2668 sanctae
2360 2613 2594 2683 Virginis
2628 2612 2834 2676 Mariae.
2868 2615 3010 2682 quod
3049 2613 3197 2668 nullo
3233 2613 3457 2670 humani

1884 2705 2110 2760 seminis
2144 2706 2384 2776 pondere
2412 2714 2810 2776 praegravatum
2831 2715 2916 2762 est
2947 2724 2960 2759 :
2987 2705 3240 2762 velcerte
3263 2722 3464 2776 corpus

1885 2813 2064 2862 suum,
2107 2800 2254 2868 quod
2297 2799 2363 2853 de
2411 2797 2616 2868 Spiritu
2651 2805 2848 2851 sancto
2894 2807 3218 2868 conceptum
3263 2807 3364 2854 est.
3398 2797 3465 2854 Et

1885 2890 2165 2957 ingressus
2189 2894 2346 2943 estin
2370 2888 2660 2961 Egyptum
2702 2890 2864 2959 hujus
2894 2891 3116 2959 mundi;
3169 2894 3465 2961 statimque

1883 2983 2067 3036 omnia
2125 2981 2344 3053 Egypti
2400 2984 2692 3039 simulacra
2744 2995 3014 3040 commota
3051 2996 3179 3040 sunt
3225 3004 3240 3041 :
3298 2989 3373 3042 ita
3406 2997 3466 3044 ut

1884 3075 2241 3130 divinationes
2264 3086 2322 3130 et
2349 3077 2602 3130 universa
2637 3076 2784 3131 fraus
2819 3078 3163 3144 idololatriae,
3206 3095 3326 3150 quae
3359 3081 3457 3136 de-

1887 3181 2103 3235 ceptum
2127 3155 2438 3239 possidebat
2467 3169 2674 3235 orbem,
2701 3185 2762 3226 se
2787 3171 3017 3226 fractam
3036 3187 3161 3227 esse
3185 3174 3412 3229 sentiret
3445 3191 3461 3228 :

1890 3257 2158 3310 intantum
2192 3271 2248 3311 ut
2277 3259 2416 3326 magi
2456 3259 2524 3314 de
2548 3257 2772 3314 Oriente
2802 3262 2948 3316 docti
2971 3262 2992 3293 ⁸
3033 3278 3063 3317 a
3101 3263 3462 3332 daatnonibus,

1885 3349 1969 3402 vel
2009 3349 2164 3418 juxta
2200 3349 2540 3417 prophetiam
2585 3350 2802 3406 Balaam
2843 3353 3030 3424 (Num.
3069 3355 3218 3424 xxiv)
3257 3357 3464 3412 intelli-

1885 3453 2074 3510 gentes
2105 3451 2286 3496 natum
2326 3434 2524 3498 Filium
2556 3445 2675 3510 Dei,
2725 3449 2818 3516 qui
2850 3463 3065 3502 omnem
3106 3450 3242 3505 attis
3269 3465 3459 3506 eorum

1883 3535 2191 3590 destrueret
2225 3545 2570 3603 potestatem,
2591 3539 2841 3591 venerint
2868 3537 3163 3603 Bethleem,
3194 3552 3247 3593 et
3277 3551 3464 3595 osten-

1885 3630 2046 3683 dente
2073 3629 2249 3695 stella,
2283 3630 2638 3684 adoraverint
2658 3646 2887 3701 puerum
2923 3633 3144 3702 (Matth.
3193 3635 3277 3704 tt).
3310 3635 3465 3690 Tunc

1885 3733 1982 3772 cor
2031 3719 2251 3792 Ευριί
2307 3736 2470 3774 omne
2513 3723 2816 3788 contabuit,
2865 3736 2922 3777 et
2968 3724 3209 3796 δεδι-βαι
3267 3739 3461 3782 contra

1885 3810 2172 3883 Egyptios
2207 3823 2587 3876 surrexerunt,
2639 3813 2816 3882 juxta
2847 3817 2976 3869 illud
3009 3819 3151 3884 quod
3199 3819 3463 3873 Dominus

1887 3906 2128 3973 loquitur
2156 3905 2211 3958 in
2235 3904 2528 3974 Evangelio
2571 3923 2585 3959 :
2619 3905 2796 3960 Nolite
2823 3917 3016 3978 putare
3049 3910 3174 3977 quia
3199 3912 3313 3964 veni
3343 3913 3466 3964 utit-

1884 4006 1994 4051 tere
2029 4013 2211 4066 parem
2254 4012 2410 4062 super
2436 4007 2634 4052 terram
2667 4013 2687 4053 :
2717 4015 2822 4054 non
2856 4001 2976 4055 veni
3004 4018 3184 4072 pacem
3231 4005 3458 4067 mittere,

1881 4089 1972 4142 sed
2025 4089 2283 4159 gladium.
2343 4088 2471 4143 Veni
2507 4091 2647 4144 enim
2698 4090 2934 4146 dividere
2977 4093 3241 4147 Itonainem
3271 4105 3459 4150 contra

1887 4270 2112 4323 regnum
2155 4256 2207 4309 in
2241 4255 2432 4326 viginti
2485 4257 2755 4325 satrapias
2785 4257 2987 4316 divisit,
3035 4267 3091 4312 et
3131 4257 3185 4311 in
3230 4259 3454 4315 totidem

1887 4340 2096 4385 nomos,
2129 4327 2180 4379 id
2209 4325 2616 4396 est’regiones;
2663 4327 2862 4395 quibus
2907 4328 3000 4396 qui
3040 4342 3309 4393 praeerant
3354 4346 3458 4384 no-

1888 4396 2121 4465 niarchte
2148 4397 2484 4448 dicebantur.
2520 4393 2705 4465 Itaque
2729 4393 2941 4450 tractus
2965 4398 3082 4450 sive
3112 4400 3452 4454 territorium

212 4446 328 4537 cap.
353 4446 492 4537 xixt
519 4448 776 4501 Proverb.
803 4458 859 4537 et
890 4446 1043 4537 Isaia:
1070 4463 1163 4528 xxt
1190 4461 1245 4502 et
1276 4465 1407 4537 xxttt
1435 4446 1601 4530 atque
1621 4453 1772 4537 alibi,

1887 4446 2334 4537 iratissumis
2383 4446 2532 4537 sit.
2551 4446 2765 4537 ἆόεὶδξ
2783 4446 2931 4520 ita;
2966 4446 3324 4537 irarézia'rt',‘
3343 4446 3458 4525 "(.131

213 4517 301 4573 ubi
345 4521 502 4587 ἅρμα
557 4531 771 4587 semper
819 4517 1022 4587 legitur
1068 4517 1119 4570 in
1174 4517 1570 4586 probatissitn'is
1617 4521 1771 4575 libris

211 4600 368 4658 atque
384 4584 696 4658 cedicibus.
728 4584 868 4650 Quin
888 4584 1068 4658 etiam
1096 4584 1200 4658 hoc
1230 4590 1346 4656 ipse
1374 4598 1603 4644 testatur
1645 4590 1773 4645 Ilie-

217 4656 331 4727 ren.
391 4662 445 4710 in
489 4660 593 4711 line
639 4657 760 4708 libri
800 4656 996 4727 quarti
1047 4656 1099 4709 itt
1147 4656 1351 4711 Jeretn.
1397 4673 1519 4727 cap.
1572 4676 1706 4714 χχιιι
1750 4679 1766 4715 ι

222 4746 239 4800 t
275 4726 536 4788 Verbum,
565 4728 763 4793 inquit,
795 4726 1121 4800 Ilebraicum
1162 4741 1353 4792 IASSA,
1377 4726 1572 4798 Aquila
1596 4732 1772 4800 ἅρμα,

217 4798 265 4851 id
296 4809 401 4859 est,
431 4812 564 4850 ortus
596 4807 641 4848 et
669 4797 874 4861 pondus
903 4797 1314 4864 interpretatur.
1358 4815 1378 4848 ι

286 4868 302 4898 ⁸
341 4869 472 4920 Vide
517 4865 828 4935 Αιιιὶῳιὶιιζ
872 4865 966 4918 lib.
1003 4881 1120 4929 xm,
1175 4881 1297 4935 cap.
1338 4869 1394 4935 5,
1447 4884 1599 4924 num.
1630 4871 1683 4935 l,
1721 4873 1776 4926 itt

216 4953 445 5006 eumque
474 4938 652 5006 iocum
675 4932 759 4988 de
793 4932 930 4987 Onia
980 4932 1263 5006 doctorum
1322 4932 1566 4993 virorum
1597 4932 1776 4996 notas.

282 5011 301 5038 ³
327 5003 482 5071 Quod
529 5003 750 5073 Egypti
771 5006 933 5072 νομὸν
970 5015 1178 5059 vocant.
1204 5005 1282 5059 Ex
1316 5007 1416 5063 hoc
1439 5009 1561 5064 loco
1589 5026 1778 5065 emen-

219 5079 384 5131 danda
412 5087 496 5149 est
513 5075 812 5149 annotatio
833 5084 886 5129 et
903 5076 1261 5149 corrigendus
1285 5089 1579 5132 contextus
1612 5096 1777 5149 supe-

220 5163 324 5200 rtor
357 5148 466 5200 col.
506 5145 630 5207 le,
657 5144 803 5206 ittit.,
830 5155 885 5218 et
909 5145 1214 5218 legendum,
1262 5163 1392 5215 quas
1417 5151 1639 5218 νομούς,
1667 5144 1777 5205 etc.

219 5219 325 5270 Etsi
359 5219 504 5270 enim
532 5218 755 5268 Judices
787 5217 890 5268 dici
924 5217 1132 5282 possint
1167 5216 1364 5284 Nonii;
1395 5216 1572 5273 verior
1601 5233 1778 5274 tamen

217 5298 444 5356 apparet
493 5286 820 5356 signiﬁcatio
857 5299 1019 5352 quam
1068 5289 1284 5341 obtinet
1338 5292 1476 5354 apud
1527 5300 1780 5344 auctores

214 5355 409 5410 nomen
441 5357 697 5428 ’γομόςη
721 5355 898 5422 Nepai.
931 5359 1100 5424 igitur
1126 5368 1282 5410 erant
1336 5357 1554 5428 Aﬂgypti
1587 5363 1780 5428 praele-

213 5438 400 5480 ctum.
440 5421 590 5478 Unde
626 5425 764 5476 Plin.
801 5421 896 5479 tib.
936 5421 988 5489 v',
1023 5438 1143 5494 cap.
1193 5429 1245 5489 9,
1288 5429 1356 5482 de
1395 5421 1670 5484 Thebaide
1699 5431 1779 5483 lo-

216 5510 405 5564 quens,
447 5494 739 5557 Dttn‘ditur,
773 5498 964 5562 inquit,
1012 5498 1064 5546 in
1093 5499 1437 5564 praefecturas
1469 5501 1782 5567 oppidorum

218 5571 367 5634 (quas
425 5581 608 5619 nemos
656 5574 865 5633 coeant)
904 5566 1210 5627 duodecim.
1249 5566 1542 5634 Diodorus,
1598 5573 1689 5624 lib.
1721 5586 1778 5636 tt,

216 5636 510 5706 Agyptum
543 5640 595 5688 in
625 5651 718 5687 sex
760 5648 811 5688 et
855 5638 1073 5704 triginta
1117 5652 1306 5690 notnos
1351 5640 1555 5693 divisit.
1612 5641 1783 5695 Hero-

217 5710 367 5762 down
391 5721 586 5761 nemos
609 5715 663 5761 ct
684 5708 948 5776 satrapias
981 5721 1079 5774 pro
1104 5711 1292 5763 eodem
1318 5711 1520 5778 posuit,
1553 5722 1606 5766 et
1633 5712 1782 5768 Darii

1877 4536 2044 4588 Unias
2071 4535 2342 4588 exstruxit
2372 4535 2652 4601 templum.
2678 4535 2956 4592 MARTIAN.

1947 4604 1968 4678 ξ
2006 4604 2282 4678 [aticmet
2315 4602 2569 4678 Dominus
2604 4617 2936 4674 cognosceret
2960 4605 3278 4678 Egyptum.

1877 4744 1909 4796 6
1950 4672 1971 4703 ⁵
2006 4673 2387 4728 Ἐκθλίϐουσα.
2421 4675 2552 4732 Mss.
2584 4672 2760 4730 codic.
2795 4679 2875 4731 sic
2902 4672 3123 4748 legunt";
3161 4681 3314 4740 editi,
3347 4678 3462 4732 6).!-

1912 4760 2068 4796 ουσα.

1912 4760 2068 4796 cuca.

1950 4813 1972 4844 ⁸
2015 4812 2411 4885 Ρειι-ἱτιμζιιιιηι,
2451 4825 2548 4870 aut
2577 4813 2936 4871 luculentior:
2976 4817 3207 4871 inferius
3246 4817 3298 4885 in
3332 4829 3457 4885 cap.

1877 4899 2040 4955 vatu
2073 4894 2090 4938 :
2131 4902 2150 4936 ι
2195 4883 2356 4955 Magi,
2383 4887 2581 4955 inquit,
2615 4901 2682 4940 ex
2707 4885 2932 4940 Oriente
2958 4883 3458 4941 veneruntDomiiii

1879 4954 2093 5008 stellam
2136 4969 2196 5008 se
2227 4954 2428 5010 vidisse
2457 4954 2704 5010 dicentes
2733 4958 2812 5008 vel
2837 4973 2900 5010 ex
2931 4958 3065 5009 artis
3092 4957 3341 5014 scientia,
3367 4957 3456 5008 vel

1881 5039 1953 5077 ex
1987 5024 2248 5093 vaticinio
2293 5023 2510 5078 Balaam
2541 5026 2817 5093 prOphetae
2871 5028 2953 5079 sui
2989 5026 3081 5093 qui
3119 5026 3170 5076 in
3204 5024 3460 5080 Numeris

1879 5093 2093 5147 dixerat
2124 5109 2138 5146 :
2167 5092 2381 5146 Orietur
2410 5095 2564 5147 stella
2582 5092 2861 5158 ex’Jacob,
2881 5107 2925 5147 et
2953 5092 3101 5148 homo
3122 5095 3185 5147 de
3212 5094 3401 5148 Israel.
3434 5113 3452 5145 ι

1881 5164 2014 5228 Quae
2062 5180 2126 5216 ex
2168 5163 2510 5218 Tertulliano
2568 5166 2662 5216 lib.
2718 5166 2782 5217 de
2829 5165 3150 5218 ldololatria
3208 5167 3460 5218 videatur

1882 5232 2156 5306 didicisse,
2189 5236 2300 5296 ubi,
2335 5252 2372 5306 At
2413 5234 2677 5306 Scientia,
2712 5235 2907 5306 inquit,
2950 5237 3052 5288 ista
3086 5238 3190 5306 (se.
3225 5235 3460 5306 astrolo-

1882 5304 2022 5371 gica)
2049 5317 2217 5370 usque
2238 5307 2304 5356 ad
2332 5297 2682 5372 Evangelium
2709 5297 2807 5355 l'mi
2835 5297 3115 5370 concessa,
3150 5317 3202 5357 ut
3238 5305 3461 5358 Christo

1882 5374 2049 5431 edito.
2086 5387 2243 5425 nemo
2285 5373 2481 5444 exinde
2531 5375 2873 5444 nativitatem
2926 5375 3154 5444 alicujus
3204 5376 3269 5428 de
3319 5374 3460 5429 cmlo

1884 5444 2292 5509 interpretetur.
2351 5459 2369 5490 ι
2423 5441 2693 5512 Caeterum
2742 5443 2911 5496 multo
2957 5441 3160 5512 aequior
3215 5455 3460 5498 veterum

1883 5515 2112 5582 aliorum
2163 5512 2502 5582 I’atrumde
2554 5509 2724 5580 Magis
2775 5514 2962 5581 opinio
3019 5509 3122 5578 est,
3173 5529 3290 5582 qua:
3338 5514 3459 5567 illos

1887 5580 2048 5634 tradit
2109 5582 2328 5652 probos,
2360 5580 2506 5634 viros
2577 5580 2891 5643 exstitisse,
2940 5584 3031 5652 qui
3085 5580 3289 5652 absque
3341 5582 3461 5650 lege

1885 5655 2091 5718 scripta
2125 5666 2187 5702 ac
2230 5651 2541 5704 Iudaeorum
2579 5651 2969 5714 caeremoniis,
2995 5654 3061 5706 ad
3093 5651 3218 5708 .lobi
3264 5653 3457 5718 instar,

1887 5721 2077 5784 Deum,
2113 5736 2142 5774 a
2178 5736 2284 5790 quo
2309 5720 2572 5775 admoniti
2602 5732 2746 5788 sunt,
2773 5725 3092 5777 adorabunt.
