3972 6198
463 347 570 410 259

1647 342 1708 402 S.
1753 341 2064 402 EUSEBII
2104 338 2543 403 HIERONYMI

3610 335 3736 397 EGO

460 471 668 528 patrem
748 471 922 520 ruunt,
990 464 1038 510 et
1098 454 1265 523 ﬁliam
1332 462 1516 508 contra
1584 463 1806 506 matrem
1866 469 2037 516 suam,
2068 462 2197 522 Aet
2255 458 2368 525 ipse
2422 454 2545 509 fons
2583 451 2868 507 fluviorum
2921 451 3162 507 omnium
3213 449 3480 517 diabolus,
3531 467 3559 504 a
3606 465 3740 522 quo

464 558 517 603 et
579 560 773 601 nurum
830 555 1016 597 contra
1069 559 1280 596 socrum
1349 559 1501 595 suam
1561 542 1798 610 (Matth.
1847 561 1916 608 x,
1972 544 2041 597 54

466 638 666 708 seqq.).
708 637 785 692 Eo
833 648 1071 703 tempore
1131 644 1186 689 et
1231 634 1360 686 illud
1411 635 1680 698 expletum
1732 645 1818 688 est
1863 652 1877 688 :
1934 634 2047 688 Ini-

469 730 592 782 mici
635 727 858 779 hominis
915 724 1186 778 domestici
1233 723 1346 788 ejus
1379 723 1567 792 (Misit.
1599 739 1694 790 vn,
1724 726 1803 794 6).
1841 724 1910 780 Et
1946 739 2045 793 ρυ-

470 820 656 890 guabit
694 819 775 871 vir
805 828 991 871 contra
1029 815 1251 869 fratrem
1285 830 1464 878 suum,
1489 825 1544 868 et
1569 816 1650 868 vir
1681 826 1870 870 contra
1906 815 2045 870 anti-

470 929 597 968 cum
646 926 826 966 suum.
860 909 1102 964 Fuerunt
1147 909 1293 962 enim
1335 908 1386 962 in
1444 921 1547 962 una
1587 907 1748 961 domo
1783 906 2045 974 separati,

473 1005 583 1060 duo
619 1014 810 1058 contra
847 1012 979 1063 tres.
1031 1011 1084 1053 et
1133 1009 1242 1054 tres
1296 1007 1488 1054 contra
1531 1000 1685 1062 duos,
1735 1006 1788 1052 et
1839 995 2046 1050 divisus

474 1104 561 1150 est
615 1106 770 1164 pater
815 1104 1005 1147 contra
1063 1091 1261 1153 ﬁlium,
1312 1100 1366 1144 et
1403 1089 1548 1144 illius
1590 1099 1780 1143 contra
1815 1096 2045 1156 patrem,

472 1189 670 1242 civitas
729 1185 994 1239 advetsus
1048 1182 1346 1246 civitatem,
1409 1192 1465 1236 et
1516 1195 1742 1250 regnum
1779 1183 2046 1235 adversus

474 1296 725 1350 regnum,
777 1295 961 1334 eorum
1025 1279 1115 1346 qui
1175 1290 1283 1330 non
1329 1274 1701 1341 crediderunt,
1757 1274 2047 1329 adverSum

474 1388 569 1430 eos
615 1372 709 1440 qui
757 1370 1123 1430 crediderunt,
1165 1368 1254 1422 vel
1305 1376 1452 1422 certe
1495 1381 1702 1433 eorum,
1743 1367 1837 1437 qui
1871 1367 2052 1421 credi-

477 1466 696 1526 derunt,
725 1463 999 1530 proximos
1029 1475 1157 1514 suos
1193 1461 1404 1513 salvare
1438 1458 1792 1526 cupientium.
1827 1455 1894 1512 Et
1935 1457 2048 1511 dis-

479 1565 674 1623 ruptus
723 1562 804 1607 est
855 1551 1077 1620 spiritus
1107 1549 1330 1620 Egypti
1392 1550 1445 1603 in
1473 1549 1775 1606 visceribus
1822 1549 1957 1611 suis,
1990 1556 2053 1603 ut

480 1657 824 1712 nequaquam
859 1642 1004 1708 paria
1044 1640 1345 1705 sentirent;
1391 1639 1484 1692 sed
1540 1638 1818 1710 spirituali
1849 1647 2044 1693 contra

479 1750 539 1791 se
562 1735 738 1804 gladio
769 1733 1026 1802 separati,
1062 1745 1222 1784 omne
1273 1729 1566 1784 consilium
1613 1744 1768 1784 suum
1800 1729 2052 1798 ρι’ωοίρὶ-

2143 549 2394 601 oriuntur
2442 547 2694 600 universa
2734 544 3036 611 mendacia,
3087 544 3424 600 desolabitur
3472 562 3486 598 :
3538 546 3610 598 ita
3657 555 3737 598 ut.

2144 635 2397 690 deficiant
2446 645 2642 689 caetera
2688 635 2907 688 flumina
2953 643 3006 688 et
3035 635 3158 699 rivi,
3210 637 3303 705 qui
3363 635 3429 690 de
3485 636 3732 691 turbidis

2146 725 2248 779 Nili
2278 726 2430 794 aquis
2463 725 2842 795 implebantur.
2869 725 3124 781 Calamus
3153 740 3367 796 quoque
3415 736 3465 779 et
3515 726 3733 794 juncus

2147 822 2310 872 nimia
2351 819 2598 872 siccitate
2625 829 2902 872 arescent.
2934 817 3039 874 Pro
3073 819 3242 888 junco
3277 834 3538 888 papyrum
3574 814 3726 869 LXX

2149 910 2578 972 transtulerunt,
2621 909 2685 963 de
2715 923 2824 978 quo
2864 911 3056 965 charta
3102 910 3182 975 fit,
3217 910 3475 964 addentes
3510 911 3576 961 de
3621 923 3734 962 suo

2146 998 2267 1054 uchi
2297 999 2463 1053 viride
2487 1000 2531 1066 ',
2560 1001 2704 1068 quod
2737 1001 2789 1054 in
2824 1000 3088 1055 llebraico
3116 1014 3224 1054 non
3269 999 3518 1055 habetur.
3550 998 3730 1053 Curu-

2147 1105 2254 1158 que
2282 1094 2352 1146 ab
2375 1090 2602 1146 eruditis
2644 1103 2967 1161 quaererem,
3001 1092 3129 1160 quid
3178 1092 3267 1146 hic
3289 1106 3471 1145 sermo
3515 1089 3731 1160 signiﬁ-

2149 1193 2322 1246 caret,
2353 1183 2559 1247 audivi,
2581 1184 2648 1239 ab
2668 1183 2936 1254 [Egyptiis
2954 1183 3058 1238 hoc
3080 1186 3298 1239 nomine
3320 1184 3501 1254 lingua
3527 1199 3727 1238 eorum

2147 1289 2310 1329 omne
2361 1275 2502 1344 quod
2545 1276 2598 1328 in
2647 1275 2844 1344 palude
2896 1276 3081 1330 virens
3140 1276 3383 1330 nascitur
3439 1277 3726 1344 appellari.

2149 1366 2402 1423 Calamus
2442 1376 2624 1421 autem
2681 1367 2838 1437 juxta
2884 1368 3240 1438 tmpologiam
3287 1377 3370 1422 est
3412 1382 3590 1422 sermo
3623 1384 3729 1420 va-

2149 1471 2305 1519 cuus,
2331 1467 2384 1512 et
2412 1457 2543 1511 nihil
2571 1459 2624 1512 in
2649 1473 2710 1512 se
2745 1459 2981 1511 solidum
3018 1459 3220 1513 habens
3248 1475 3262 1512 :
3287 1467 3343 1514 et
3371 1473 3599 1528 papyrus
3630 1457 3726 1527 qui

2151 1549 2370 1604 videtur
2426 1549 2643 1619 quidem
2707 1550 2909 1604 habere
2974 1548 3283 1616 medullam,
3348 1557 3403 1602 et
3460 1562 3568 1602 non
3642 1556 3731 1602 est

2150 1655 2379 1706 vacuus,
2420 1649 2476 1695 et
2507 1651 2688 1697 tamen
2741 1643 2947 1712 fragilis
3001 1654 3104 1704 est,
3135 1640 3295 1711 292
3328 1641 3545 1710 citoque
3577 1656 3731 1694 mar-

2153 1733 2341 1787 cescit.
2373 1731 2578 1787 Omnes
2602 1747 2819 1802 qunque
2841 1733 2966 1796 rivi,
2991 1731 3236 1787 arefacta
3255 1734 3490 1786 rivorum
3520 1732 3727 1801 capite,

481 1836 646 1879 tattnn
679 1839 798 1896 esse
816 1831 1253 1890 cognoscerent:
1292 1831 1347 1876 et
1389 1822 1740 1876 nihilominus
1781 1822 1833 1874 in
1865 1835 2053 1875 errore
2082 1820 2129 1880 B
2155 1823 2528 1888 siccabuntur,
2577 1832 2633 1877 et
2673 1823 2935 1894 quidquid
2988 1823 3137 1890 prius
3197 1823 3351 1890 aquis
3397 1823 3729 1892 irrigatiatur

480 1919 712 1988 pristino
740 1925 1137 1989 permanentes,
1189 1915 1238 1966 bi
1275 1914 1370 1981 qui
1409 1912 1529 1966 fidei
1569 1913 1854 1967 veritatem
1889 1911 2048 1983 291

479 2010 757 2076 suscipere
808 2007 1120 2067 noluerunt,
1179 2004 1580 2071 interrogarent
1636 2003 1952 2067 simulacra,
2001 2011 2055 2054 et

480 2100 697 2151 divinos
723 2111 876 2160 suos,
918 2104 972 2148 ct
995 2094 1291 2164 Pythonas,
1323 2104 1377 2146 et
1405 2093 1670 2148 harioios.
1702 2092 1947 2162 Cumque
1979 2091 2053 2144 illi

485 2191 590 2245 hoc
631 2186 877 2251 fecerint,
907 2186 1166 2240 Dominus
1214 2184 1436 2238 tradidit
1473 2199 1569 2239 eos
1601 2185 1654 2238 in
1690 2198 1854 2238 manu
1882 2182 2057 2237 domi-

486 2297 680 2336 norum
725 2279 1050 2342 crudelium,
1082 2279 1236 2348 juxta
1272 2277 1402 2332 illud
1451 2276 1812 2346 apostolicum
1856 2293 1872 2332 :
1911 2276 2053 2342 Quos

486 2373 683 2428 tradidi
715 2372 954 2436 Satanaz,
984 2382 1041 2423 ut
1070 2371 1273 2424 discant
1309 2368 1410 2423 non
1440 2368 1802 2435 blasphemus
1831 2367 1884 2438 (1
1916 2368 2054 2422 Tim.

486 2482 526 2529 ι,
575 2464 698 2534 20);
731 2479 839 2532 quo
891 2464 1152 2516 servitute
1184 2461 1480 2515 durissima
1523 2460 1788 2529 Oppressi,
1842 2460 1910 2514 ad
1942 2461 2054 2514 cleo

487 2555 884 2610 tuentissimum
938 2552 1224 2606 Dominum
1291 2559 1657 2605 revertantur.
1717 2549 2058 2618 Pulchreque

485 2647 760 2702 daemones
787 2645 1032 2700 crudeles
1061 2645 1310 2700 dominos
1331 2651 1510 2711 vocat,
1539 2642 1735 2711 quibus
1764 2642 1898 2696 nihil
1935 2657 2059 2696 cru-

485 2742 659 2794 delius
699 2749 804 2794 est.
847 2737 962 2792 Rex
1013 2752 1229 2806 quoque
1274 2736 1452 2799 fortis,
1511 2736 1605 2805 qui
1677 2736 1931 2790 dominus
1977 2748 2060 2788 est

484 2846 700 2892 eorum,
732 2829 1014 2899 perspicue
1062 2828 1311 2883 diabolus
1339 2827 1680 2896 intelligitur,
1713 2843 1875 2898 quem
1913 2839 1972 2881 et
2003 2827 2057 2880 in

486 2921 782 2990 Evangelio
827 2921 1086 2974 Dominus
1141 2929 1340 2972 sortem
1388 2927 1570 2984 vocat,
1620 2934 1729 2988 quo
1787 2919 1970 2974 vincto
2007 2928 2062 2974 et

487 3027 768 3084 oppresso,
803 3026 935 3066 vasa
955 3013 1150 3064 domus
1174 3009 1291 3078 ejus
1319 3019 1374 3065 et
1408 3013 1590 3080 praeda
1617 3011 1893 3082 diripitur.

562 3102 743 3173 (Vers.
789 3102 824 3156 5
865 3101 1044 3170 seqq.)
1103 3119 1123 3152 ι
1165 3100 1232 3155 Et
1272 3112 1484 3155 arescet
1520 3116 1657 3167 aqua
1705 3103 1770 3157 de
1814 3104 1975 3167 mari,
2009 3112 2063 3156 ct

490 3194 688 3251 ﬂuvius
738 3193 1067 3248 desolabitur
1129 3203 1291 3261 atque
1341 3192 1656 3258 siccabitur,
1701 3204 1755 3248 et
1798 3193 2052 3248 deficient

493 3284 734 3345 ﬂumina,
789 3283 1210 3348 attenuabuutur
1248 3292 1304 3335 et
1355 3282 1706 3337 siccabuntur
1763 3284 1860 3338 rivi
1895 3299 2060 3355 agge-

495 3393 637 3431 rum.
685 3374 939 3429 Calamus
992 3383 1046 3428 et
1097 3375 1296 3444 juncus
1352 3384 1656 3430 utareescet
1707 3392 1720 3430 :
1767 3376 2062 3431 uudabitur

494 3467 679 3521 alveus
713 3465 812 3520 rivi
840 3479 870 3517 a
906 3464 1056 3520 fonte
1089 3480 1215 3532 suo,
1237 3476 1291 3520 et
1325 3467 1505 3520 omnis
1543 3465 1810 3522 sementis
1855 3470 2062 3538 irrigua

2153 1912 2442 1984 Egyptiis,
2500 1915 2825 1979 arefactum,
2879 1929 2985 1969 non
3031 1916 3182 1969 erit:
3223 1916 3295 1969 ita
3344 1924 3403 1970 ut
3463 1925 3730 1970 mret-eant

2156 2004 2373 2075 Egypti
2415 2007 2710 2074 piscatores
2761 2008 2853 2076 qui
2891 2006 3049 2061 valde
3081 2007 3338 2060 contrarii
3375 2017 3501 2062 sunt
3549 2009 3726 2072 pisca-

2157 2099 2365 2151 toribus
2386 2096 2620 2163 Domini,
2654 2106 2711 2151 et
2734 2097 2956 2166 lugeant
2978 2096 3069 2166 qui
3105 2097 3390 2152 mittebant
3422 2099 3641 2152 hamum
3675 2100 3730 2152 in

2156 2187 2379 2256 flumen,
2424 2199 2479 2245 et
2511 2189 2891 2258 expandebant
2929 2197 3042 2243 rete
3092 2205 3259 2260 super
3305 2191 3501 2246 faciem
3549 2205 3730 2261 aquas.

2157 2278 2259 2345 Qui
2284 2279 2526 2349 singulos
2549 2293 2798 2349 quosque
2831 2280 3130 2346 decipiunt,
3169 2284 3388 2334 hamum
3419 2281 3643 2335 mittunt
3679 2281 3732 2335 in

2158 2386 2328 2441 «quas
2370 2371 2644 2428 turbidas.
2681 2373 2783 2438 Qui
2827 2380 3014 2426 autem
3049 2372 3235 2441 plures
3261 2372 3444 2439 simul,
3476 2373 3550 2426 ita
3582 2385 3642 2426 ut
3680 2374 3736 2428 in

2158 2463 2450 2536 synagogis
2483 2464 2701 2518 Satanae
2738 2463 3027 2532 loquantur
3049 2464 3289 2534 publice,
3323 2475 3376 2520 et
3408 2466 3732 2534 populorum

2159 2558 2431 2610 abducant
2482 2569 2694 2626 greges,
2749 2555 2840 2609 isti
2895 2565 3009 2611 rete
3066 2571 3233 2626 super
3284 2571 3454 2626 aquas
3512 2557 3740 2613 mittunt

2159 2644 2457 2715 Egyptias.
2489 2643 2906 2698 Confundentur
2941 2643 3104 2698 etiam
3139 2643 3190 2696 hi
3233 2645 3323 2712 qui
3363 2643 3738 2709 cperabantur

2162 2736 2351 2799 linum,
2383 2742 2444 2789 ut
2491 2743 2674 2790 vestes
2719 2733 2965 2788 facerent
2999 2736 3376 2799 sacerdotum;
3431 2736 3740 2803 plectentes

2163 2828 2312 2892 illud,
2340 2837 2395 2881 et
2419 2835 2663 2880 texentes
2698 2825 2921 2882 subtilia
2958 2842 2973 2881 :
3005 2825 3145 2893 quod
3187 2826 3405 2894 proprie
3451 2827 3518 2878 ad
3558 2825 3738 2879 diale-

2163 2922 2422 2999 uigorem
2472 2931 2644 2974 artem
2692 2921 2946 2988 pertinet.
2989 2919 3093 2973 Pro
3143 2919 3456 2983 subtilibus,
3519 2917 3740 2987 byrsam

2162 3007 2302 3061 LXX
2334 3009 2750 3074 transtulerunt,
2785 3010 2929 3079 quod
2975 3019 3030 3062 et
3062 3011 3239 3079 ipsum
3287 3011 3338 3061 itt
3387 3012 3738 3063 sacerdotum

2169 3098 2407 3155 vestibus
2437 3101 2659 3154 texitur.
2685 3099 2953 3169 Quodque
2977 3102 3228 3169 sequitur
3267 3116 3283 3155 :
3325 3098 3386 3154 Et
3420 3108 3573 3153 erunt
3609 3100 3745 3152 irri-

2164 3209 2270 3261 gua
2299 3193 2411 3261 ejus
2444 3193 2748 3261 flaccentia,
2782 3209 2959 3246 omnes
2988 3193 3076 3261 qui
3109 3193 3374 3262 faciebant
3406 3191 3629 3246 lacunas
3671 3194 3744 3245 ad

2170 3286 2452 3354 capiendos
2485 3287 2674 3351 pisces,
2708 3288 2808 3340 boc
2834 3286 3125 3356 significat,
3152 3288 3292 3352 quod
3315 3300 3503 3339 omnes
3527 3284 3746 3338 insidiae

2164 3379 2381 3450 Egypti
2436 3381 2767 3448 piscatorum
2817 3381 3166 3432 destruantur
3210 3392 3264 3434 et
3316 3389 3564 3447 pereant.
3625 3377 3738 3432 Pro

2168 3471 2374 3524 lacunis
2396 3483 2517 3538 quae
2558 3470 2754 3525 fiebant
2785 3471 2850 3522 ad
2882 3472 3178 3538 capiendos
3219 3471 3418 3540 pisces,
3451 3471 3593 3538 quod
3639 3484 3747 3526 nos

496 3559 827 3613 siccabitur:
856 3567 1065 3612 arescet
1085 3568 1140 3611 et
1163 3573 1264 3612 non
1295 3557 1418 3613 erit.
1451 3555 1517 3612 Et
1557 3559 1861 3614 moerebuut
1888 3561 2066 3628 pisca-
2161 3561 2314 3629 juxta
2339 3575 2556 3615 sensum
2587 3561 2927 3630 interpretati
2959 3577 3170 3625 sumus,
3202 3570 3254 3615 et
3288 3563 3341 3616 in
3367 3561 3654 3625 llcbraico,
3687 3571 3748 3617 et

497 3665 664 3716 tores,
689 3660 743 3706 et
790 3651 1050 3720 lugebuut
1094 3666 1286 3705 omnes
1327 3651 1606 3706 mittentes
1637 3651 1694 3704 in
1737 3650 1939 3706 ﬂumen
1971 3653 2068 3706 ha-

501 3760 670 3810 mum,
711 3752 764 3798 et
814 3743 1183 3812 expandentes
1215 3749 1326 3797 rete
1372 3757 1538 3811 super
1581 3741 1776 3798 faciem
1812 3759 1986 3812 aquae,
2013 3754 2068 3798 et

497 3842 770 3891 arescent.
812 3832 880 3888 Et
937 3832 1345 3888 confundantur
1376 3835 1466 3903 qui
1513 3843 1814 3904 operantur
1868 3835 2061 3895 linum.

501 3929 798 3994 plectentes
822 3934 876 3979 et
907 3933 1155 3980 texentes
1185 3925 1429 3991 subtilia,
1455 3935 1507 3980 et
1535 3936 1696 3982 erunt
1719 3929 1922 3997 irrigua
1953 3928 2072 3995 ejus

501 4016 804 4078 flacceutia,
828 4029 1020 4069 omnes
1043 4015 1131 4084 qui
1155 4013 1428 4069 iaciebant
1450 4015 1672 4070 lacunas
1689 4020 1756 4071 ad
1776 4018 2073 4087 capiendos

504 4110 701 4176 pisces.
736 4107 896 4160 Stulti
929 4106 1200 4173 principes
1221 4105 1454 4170 Taneos,
1478 4108 1751 4175 sapientes
1773 4109 2074 4164 consiliarii

501 4197 716 4252 Pharao
747 4199 1012 4251 dederunt
1038 4198 1321 4250 consilium
1350 4197 1634 4266 insipiens.
1675 4218 1694 4250 ι
1721 4199 1948 4265 Quando
1981 4218 2074 4256 rex

501 4289 682 4353 fortis,
709 4293 875 4342 durus
905 4288 1220 4342 doariuatus
1243 4289 1257 4318 ¹
1294 4287 1460 4342 fuerit
1497 4289 1550 4342 in
1579 4287 1837 4361 Egypto,
1865 4303 2078 4348 arescet

501 4383 680 4433 omnis
703 4379 949 4433 doctrina
980 4388 1036 4432 et
1064 4379 1403 4446 pulchritudo
1424 4379 1753 4451 eloquentia:
1776 4384 2072 4452 saecularis,

583 4557 908 4621 ‘Martiau.,
967 4556 1252 4612 damnatus
1290 4575 1308 4612 :
1368 4560 1544 4616 Vatic.
1589 4577 1714 4628 ms.,
1771 4565 2073 4619 nominatus

506 4633 719 4700 legunt,
745 4632 934 4683 vitiose
961 4641 1205 4696 uterque.
1239 4629 1344 4683 Nos
1365 4633 1469 4686 levi
1497 4632 1656 4686 unius
1685 4634 1933 4689 litterulae
1965 4654 2077 4690 ωη-

519 4705 725 4771 tatione
770 4700 1148 4771 rescripsimus
1179 4700 1480 4754 dominatus
1513 4705 1582 4756 ad
1628 4706 1927 4771 superioris
1959 4721 2078 4761 ver-

506 4771 666 4826 siculi
699 4770 752 4829 4,
789 4784 948 4842 quem
1003 4766 1223 4820 Hieron.
1277 4772 1486 4842 alludit,
1541 4766 1758 4826 sensum
1789 4815 1804 4842 ,
1842 4773 2078 4829 Tradam

507 4842 802 4912 /Egyptum
828 4840 896 4912 riu
920 4855 1114 4912 manus
1156 4841 1486 4894 dominorum
1538 4840 1854 4910 crudelium,
1899 4855 1951 4898 et
1981 4861 2080 4901 rea:

504 4909 660 4980 fortia
693 4909 1053 4980 dominabitur
1087 4925 1288 4963 eorum.

581 4983 601 5012 ²
629 4982 757 5034 Aetii
787 4981 968 5032 viride.
999 4979 1093 5050 llic
1123 4994 1338 5046 quoque
1373 4981 1689 5050 confingunt
1731 4992 1940 5038 veteres
1965 4987 2080 5039 edi-

508 5053 691 5105 tiones
725 5052 934 5104 Erasini
967 5060 1019 5102 et
1043 5047 1271 5121 Mariam
1309 5047 1804 5118 vocabttla'Grteca,
1837 5070 2074 5121 quorum

506 5135 789 5188 nunquam
857 5120 1105 5173 meminit
1160 5117 1538 5188 Hieronymus,
1609 5134 1665 5174 ut
1715 5117 1872 5175 [idern
1914 5129 2075 5180 nobis

508 5190 1067 5264 taciunt_e_x_entplaria
1090 5190 1459 5264 utanuscripta
1491 5191 1762 5264 universa,
1779 5205 1941 5262 atque
1969 5197 2083 5264 ipsa

510 5261 680 5335 editio
723 5256 1296 5335 LXX_i_ittcrpt'_etuttt,_
1433 5275 1538 5328 qua
1592 5261 1820 5329 legimus
1851 5256 1914 5332 ’ἢ
1954 5256 2082 5335 "Axi.

510 5344 578 5382 το
610 5330 838 5396 χλωρῶν,
877 5328 927 5380 id
951 5339 1055 5391 est,
1087 5328 1217 5381 Aelii
1249 5330 1415 5381 viride
1454 5345 1472 5382 :
1501 5345 1619 5397 qua:
1649 5328 1776 5383 sunt
1808 5328 2082 5401 ipsissiuia

518 5407 703 5472 verna_
732 5401 978 5472 codicum
1029 5415 1167 5472 tns's.
1221 5401 1345 5472 aelii
1376 5401 1574 5462 viride;
1611 5416 1716 5454 non
1767 5414 1824 5454 ut
1877 5407 2085 5472 lingunt

511 5469 645 5541 editi
676 5466 881 5541 ἄχυρον
909 5466 1224 5541 ῖὸ-χζωρόν.
1259 5469 1428 5522 l’orre
1457 5472 1586 5524 Aelii
1613 5486 1810 5524 nomen
1850 5466 2081 5541 pust-tum

519 5539 714 5608 legitur
745 5535 883 5604 apud
920 5535 1060 5589 LXX
1089 5540 1220 5591 Gen.
1256 5553 1328 5604 LI,
1358 5541 1443 5604 l8,
1483 5555 1580 5594 nec
1629 5542 1789 5593 aliain
1835 5535 1999 5598 habet
2031 5547 2084 5598 in

517 5624 588 5680 eo
620 5609 738 5661 loco
784 5609 1230 5680 significationem
1283 5620 1477 5676 praeter
1527 5611 1614 5664 hic
1645 5613 1987 5680 subjunctam
2019 5618 2086 5667 ab

522 5678 876 5747 Hieronymo.
935 5679 1135 5732 COnl'er
1185 5691 1471 5746 utrumque
1529 5678 1842 5744 locunt,'ut
1905 5686 2086 5739 discas

530 5748 672 5818 apud
706 5748 994 5819 Aigyptios
1022 5747 1272 5816 paludem
1313 5758 1553 5804 vocatum
1593 5754 1766 5808 fumat:
1793 5754 1944 5820 Aelii,
1989 5771 2088 5812 nec

2103 4499 2158 4559 Ι)

2170 3656 2221 3706 in
2255 3655 2468 3708 cunctis
2501 3652 2916 3722 interpretibus,
2947 3654 3001 3707 in
3033 3653 3154 3708 loco
3191 3654 3418 3724 piscium
3461 3663 3749 3723 ponuntur

2169 3747 2384 3811 animae,
2438 3754 2498 3798 ut
2544 3746 2611 3799 ab
2661 3747 2886 3801 historia
2920 3747 3204 3801 trahantur
3235 3747 3303 3802 ad
3355 3748 3746 3817 tropologiaiu,

2170 3840 2312 3904 quod
2337 3836 2589 3892 videlicet
2618 3837 2708 3892 isti
2735 3837 3057 3906 piscatores,
3077 3839 3169 3909 qui
3212 3838 3484 3894 faciebant
3515 3837 3748 3894 lacunas

2171 3941 2226 3983 et
2257 3931 2466 3993 foveas,
2501 3929 2570 3982 ad
2597 3929 2702 3983 hoc
2726 3927 2981 3994 fecerint,
3019 3933 3306 3983 utanimas
3339 3930 3391 3983 in
3414 3931 3492 3984 eis
3522 3929 3752 3998 decipe-

2174 4031 2318 4076 rent.
2342 4019 2652 4075 Notandum
2689 4023 2833 4088 quod
2855 4036 2954 4090 pro
2982 4022 3191 4077 lacunis
3221 4020 3360 4076 LXX
3382 4022 3540 4087 ζύθον
3563 4031 3755 4077 trans-

2175 4114 2436 4178 tulerunt,
2497 4117 2641 4182 quod
2705 4128 2875 4181 genus
2930 4124 3016 4169 est
3067 4115 3301 4184 potionis
3367 4131 3431 4170 ex
3495 4116 3750 4186 frugibus

2175 4219 2428 4275 aquaque
2471 4205 2806 4274 confectum,
2833 4216 2886 4260 et
2926 4206 3082 4277 vulgo
3129 4208 3182 4261 in
3222 4209 3499 4271 Dalmatia!
3528 4205 3753 4263 Panno-

2177 4296 2386 4365 uitaque
2437 4297 2769 4366 provinciis,
2835 4299 3019 4368 gentili
3087 4299 3427 4370 barbaroque
3487 4317 3744 4358 sermone

2177 4389 2478 4458 appellatur
2515 4389 2758 4444 sabulum
2789 4391 2834 4444 ³.
2865 4389 2981 4446 Hoc
3020 4393 3257 4448 maxime
3280 4403 3504 4448 utuntur
3545 4392 3754 4464 Egyp-

2181 4571 2483 4645 culpanflos
2540 4572 2768 4645 forsitan
2822 4571 2966 4645 LXX
3013 4575 3134 4627 loco
3173 4579 3400 4628 recitato
3451 4575 3758 4645 Ceneseos,

2178 4641 2334 4764 Ἡμιδί
2383 4639 2648 4697 Hebraice
2693 4643 2920 4712 legerint
2975 4651 3080 4704 ints
3117 4645 3246 4699 Aclti
3299 4661 3395 4714 pro
3435 4655 3536 4706 insi
3587 4639 3758 4703 uoltu;

2234 4725 2448 4765 ARTIAN.

2353 4781 2418 4832 Et
2453 4791 2580 4834 vero
2611 4789 2784 4856 κω,
2806 4781 3024 4850 juncus,
3059 4793 3113 4856 et
3139 4794 3241 4845 mat
3285 4784 3421 4840 aclm
3464 4801 3560 4854 pro
3591 4802 3763 4856 syno-

2178 4851 2354 4924 nymis
2402 4863 2731 4924 usurpautttr
2759 4850 2882 4905 Job.
2912 4869 3027 4924 Vill,
3059 4854 3144 4924 li.
3196 4859 3277 4906 An
3327 4850 3516 4918 crescat
3553 4850 3760 4924 juncus

2089 4930 2092 4932 '
2179 4925 2291 4998 sine
2313 4920 2445 4998 luto,
2470 4929 2515 4998 et
2540 4920 2675 4998 uehit
2707 4924 2818 4974 sine
2846 4919 3030 4998 aqua?
3063 4923 3234 4998 Grtcei
3264 4924 3512 4998 fecerunt
3546 4919 3634 4998 ἆχε
3669 4929 3770 4981 vel

2180 4991 2326 5061 ἄχει,
2374 4997 2430 5061 ut
2473 4990 2700 5043 Genesis
2731 5007 2842 5056 XLI,
2883 4990 2937 5058 ‘2,
2971 4995 3034 5047 de
3068 4997 3247 5048 vaccis
3289 4990 3615 5061 Pharaonis,
3639 4998 3765 5049 ἐϐό-

2184 5055 2470 5129 σᾶέοντοηὲν
2512 5061 2590 5128 τῷ
2640 5063 2781 5128 ἄχει,
2823 5055 3174 5129 pascebantur
3204 5069 3255 5116 in
3289 5065 3405 5115 ucltt'
3439 5081 3456 5118 :
3491 5055 3764 5123 llebraice

2182 5137 2340 5188 Nl'lll.
2375 5126 2475 5206 llic
2494 5126 2636 5206 fero
2668 5126 2772 5206 luci
2800 5126 2859 5182 ea.
2893 5134 2985 5199 ἁλι
3016 5135 3076 5185 τὸ
3099 5134 3308 5201 χλωρὸν
3341 5137 3450 5186 πᾶν
3479 5135 3538 5186 τὸ
3567 5137 3766 5206 κύκλῳ

2183 5198 2756 5274 πᾳταμοῦιμηιῲηιίῳ
2790 5217 2894 5274 n_o_u
2927 5198 3028 5261 Tm
3065 5198 3246 5264 habet,
3283 5206 3373 5257 sed
3424 5215 3588 5268 mnu,
3632 5198 3767 5274 grai

2184 5272 2398 5345 miueta.
2434 5268 2693 5345 plartian.
2729 5272 2778 5345 in
2825 5269 3151 5345 Hieronymo
3202 5283 3325 5342 post
3361 5290 3520 5331 voces
3555 5277 3618 5328 de
3635 5268 3764 5345 'quo

2184 5341 2371 5413 charta
2419 5338 2502 5406 ﬁt,
2538 5342 2800 5408 expuuxit
2854 5338 3170 5413 istasfquaa
3202 5338 3272 5394 'in
3319 5347 3589 5413 prioribus
3635 5338 3761 5398 edi-

2186 5410 2428 5483 ttonibtts
2471 5413 2828 5483 habebantur,
2882 5411 3132 5464 addentes
3185 5413 3247 5464 de
3305 5410 3399 5466 suo
3437 5417 3641 5483 ἄχυρον
3690 5418 3761 5469 τὸ

2186 5478 2420 5554 lampas,
2457 5495 2596 5554 quas
2619 5482 2932 5535 maluissent
2975 5495 3185 5536 tantum
3209 5478 3512 5548 emendati,
3548 5478 3614 5540 ac
3650 5488 3762 5554 legi

2188 5547 2395 5619 ἄχει-τὸ
2423 5547 2651 5619 χλωρόν.

2258 5618 2279 5648 ⁸
2314 5615 2637 5693 Hau'dAujale
2667 5622 2733 5677 ab
2756 5620 2984 5678 Hebraeo
3036 5633 3152 5684 uno
3178 5661 3192 5685 ,
3237 5623 3377 5692 quod
3408 5633 3492 5680 est
3551 5636 3760 5693 potare,

2191 5703 2390 5742 nomen
2444 5688 2701 5744 Sabatum
2733 5694 3041 5746 deduxeris.
3085 5688 3350 5746 Caeterum
3385 5699 3452 5748 de
3481 5688 3572 5749 illo
3629 5688 3768 5750 Ant;

2191 5763 2405 5818 utiunus
2433 5760 2801 5826 Marcellinus,
2836 5763 2929 5817 ιιι).
2991 5778 3113 5817 ιινι
3146 5776 3158 5816 :
3213 5783 3229 5814 ι
3267 5765 3383 5832 list,
3419 5768 3615 5836 inquit,
3659 5767 3766 5818 Su-
