3972 6198
444 299 556 363 263

1626 309 1685 366 s.
1729 307 2043 369 ausam:
2081 272 2522 370 rtmnoxvm

3603 309 3716 376 εσι

449 413 594 481 quod
647 413 699 467 in
743 413 974 486 zEgypto
1008 431 1113 471 non
1163 417 1339 472 solum
1387 432 1546 489 caput
1577 422 1740 493 295
1771 425 1910 477 desit
1961 432 2014 475 et
2047 431 2086 485 Α
2123 439 2226 476 non
2272 435 2482 491 tangere
2541 421 2594 488 (I
2620 420 2741 478 Cor.
2774 422 2912 492 vn);
2948 421 3042 478 sed
3077 423 3380 479 econtrario
3419 425 3719 496 iungamur

448 507 644 570 cauda,
680 507 773 562 sed
813 520 868 562 et
897 524 1054 564 senes
1084 518 1140 565 et.
1166 513 1339 580 pueri,
1385 512 1433 565 id
1471 521 1574 576 est,
1612 524 1666 568 et
1700 516 2021 585 principium

448 609 505 654 et
541 600 683 655 linis.

522 692 699 761 (Vers.
732 693 818 758 {6,
851 692 1011 762 ‘17.)s
1051 696 1110 748 In
1164 695 1253 750 die
1310 695 1401 750 illa
1434 699 1540 752 erit
1570 699 1837 771 Egyptus
1869 704 2022 772 quasi

453 784 724 847 mulieres,
755 793 808 838 et
838 785 1095 853 stupebit,
1126 796 1182 840 et
1217 788 1428 843 timebit
1471 805 1499 843 a
1537 790 1673 845 facie
1701 795 2024 846 commetie-

451 872 538 922 nis
569 886 757 925 manus
786 873 994 926 Domini
1026 877 1385 940 exercituum,
1433 894 1592 946 quam
1631 880 1745 948 ipse
1775 883 2023 937 movebit

449 980 610 1030 super
635 981 776 1017 eain.
806 965 872 1018 Et
905 967 1006 1021 erit
1043 979 1183 1021 terra
1215 968 1350 1023 Jnda
1400 969 1632 1042 [Egypto
1673 975 1722 1026 in
1759 974 2022 1029 festivita-

452 1064 594 1118 tom;
629 1056 807 1109 omnis
839 1058 926 1118 qui
966 1058 1112 1113 illius
1143 1059 1305 1114 fuerit
1356 1066 1693 1130 recordatus,
1731 1068 1954 1134 pavebit
1989 1083 2020 1122 a

450 1146 588 1199 l'arie
623 1147 836 1200 consilii
894 1149 1105 1203 Domini
1151 1155 1506 1217 exercituum,
1541 1160 1683 1225 quod
1720 1157 1833 1226 ipse
1868 1161 2022 1229 cogi-

450 1237 583 1289 tavit
617 1253 781 1305 super
834 1255 974 1295 eam.
1017 1261 1035 1292 ι
1087 1245 1146 1295 In
1178 1244 1276 1306 illo
1329 1256 1591 1316 tempore,
1625 1249 1724 1302 hoc
1746 1251 1910 1314 enim,
1966 1265 2023 1306 ut

447 1328 642 1381 crebro
671 1329 938 1394 diximus,
985 1332 1254 1400 significat
1291 1336 1429 1396 dies,
1491 1340 1710 1406 quando
1743 1341 2023 1396 miscuerit

449 1416 710 1472 Dominus
744 1422 990 1487 spiritum
1020 1426 1221 1479 erroris
1251 1437 1413 1494 atque
1448 1430 1753 1500 vertiginis,
1807 1443 1862 1485 nt
1895 1449 2024 1487 evo-

449 1519 564 1563 mat
586 1511 854 1581 Egyptus
873 1514 1054 1569 vinum
1087 1517 1401 1583 draconum,
1426 1530 1481 1574 et
1506 1521 1740 1577 furorem
1773 1523 2019 1592 aspidum

451 1602 829 1669 insanabilem,
869 1608 1170 1674 intelligens
1228 1625 1468 1664 errorem
1507 1628 1662 1666 suum
1702 1625 1755 1668 ct
1784 1616 2023 1670 ebrieta-

453 1702 557 1744 tem
584 1694 893 1761 pristinam,
925 1696 1192 1767 IEgyptus
1223 1700 1436 1755 timebit
1469 1705 1622 1772 quasi
1669 1707 1881 1771 mulier,
1908 1723 2014 1762 non

2138 513 2431 574 meretrici,
2469 521 2642 566 tactus
2691 521 2878 564 noster
2927 512 3168 580 loquitur
3200 513 3379 582 lingua
3431 512 3717 585 Egyptian.

2135 603 2230 658 S’n
2262 613 2440 658 autem
2467 603 2775 658 econtrario
2817 603 3216 660 elevaverimus
3246 605 3435 659 oculos
3467 617 3716 669 nostros,

2130 704 2184 747 et
2212 694 2507 749 viderimus
2535 698 2674 763 quod
2709 698 2958 767 regiones
2988 699 3101 769 jam
3160 701 3294 755 albae
3349 701 3459 752 sint
3488 700 3554 754 ad
3589 714 3758 758 πιθα.

2135 784 2376 848 tendum,
2411 794 2464 840 et
2491 800 2828 856 nequaquam
2872 791 3024 843 curvi
3059 787 3323 844 fuerimus
3372 792 3427 844 in
3481 803 3712 860 terram,

2142 875 2236 929 scd
2293 875 2448 944 juxta
2501 879 2869 948 evangelicam
2927 879 3231 946 mulierem,
3279 897 3400 951 qua:
3433 882 3615 936 decem
3648 892 3716 937 et

2130 979 2253 1023 octo
2279 973 2434 1025 annis
2465 974 2661 1027 coelum
2699 975 2940 1042 aspicere
2979 991 3083 1030 non
3140 986 3347 1046 poterat
3375 976 3530 1047 (Luc.
3557 975 3712 1049 xm),

2131 1061 2521 1115 elevaverimus
2571 1063 2760 1119 oculos
2816 1074 3034 1119 nostros
3080 1077 3134 1121 et
3193 1068 3510 1135 dixerimus,
3541 1069 3618 1123 Ad
3637 1070 3714 1122 de

2130 1147 2298 1202 levavi
2322 1149 2499 1203 oculos
2531 1168 2693 1213 meos,
2715 1155 2805 1220 qui
2842 1155 3050 1208 habitas
3068 1157 3121 1209 in
3148 1156 3294 1210 costis
3322 1156 3496 1226 (Psal.
3528 1173 3736 1230 CXXII,"

2135 1241 2210 1307 i),
2243 1242 2434 1296 oculus
2475 1252 2658 1298 noster
2680 1252 2732 1297 et
2774 1245 2923 1300 visus
2985 1248 3222 1316 loquitur
3280 1248 3456 1318 lingua
3485 1249 3675 1302 Cbana

2133 1331 2320 1384 nitide.
2355 1332 2412 1384 Si
2439 1319 2950 1390 circumciderimus
2974 1351 3137 1392 aures
3176 1348 3412 1404 nostras,
3430 1350 3485 1393 et
3512 1341 3708 1396 audie-

2131 1422 2302 1476 rimus
2345 1423 2630 1478 Dominum
2659 1425 3007 1495 loquentem:
3060 1427 3164 1494 Qui
3209 1430 3361 1484 habet
3401 1448 3554 1486 aures
3601 1449 3708 1485 ait-

2129 1514 2304 1566 diendi
2327 1516 2514 1567 audiat
2548 1515 2702 1585 (Luc.
2732 1533 2850 1582 viti,
2885 1517 2964 1586 8),
2992 1519 3211 1574 auditus
3243 1529 3424 1575 noster
3458 1523 3706 1588 loquitur

2130 1602 2309 1670 lingua
2363 1605 2744 1660 Chananitide.
2786 1606 2889 1672 Qui
2937 1609 3171 1676 potuerit
3221 1623 3422 1679 sponso
3471 1610 3700 1671 dicere:

2127 1692 2256 1748 Post
2299 1704 2352 1749 te
2398 1697 2451 1749 in
2511 1699 2722 1752 odorem
2773 1711 3153 1770 unguentorum
3178 1712 3390 1755 tuorum
3441 1704 3705 1756 currimus

449 1779 644 1834 timore
671 1781 910 1850 fortuito,
952 1787 1045 1854 qui
1074 1787 1204 1843 viris
1232 1790 1480 1845 accidere
1528 1796 1833 1860 consuevit,
1877 1811 2008 1864 quos

2118 1784 2293 1853 (Cant.
2323 1800 2359 1849 I,
2385 1786 2464 1851 3),
2511 1796 2564 1842 et
2596 1805 2610 1842 :
2643 1785 2840 1842 Christi
2874 1791 3036 1845 bonus
3074 1794 3204 1846 odor
3237 1809 3420 1847 sumus
3471 1794 3524 1846 in
3554 1794 3704 1848 omni

446 1887 552 1925 non
579 1883 726 1926 amat
756 1876 1037 1946 Aigyplus,
1076 1879 1169 1932 sed
1213 1879 1443 1934 suﬂ‘ocat
1481 1890 1536 1936 et
1591 1884 1849 1939 interficit
1873 1861 2013 1952 {sed
2057 1861 2104 1888 ‘

449 1961 641 2015 timore
688 1962 945 2031 femineo,
1000 1983 1135 2036 quas
1185 1972 1332 2026 solas
1375 1972 1487 2026 vult
1538 1972 1756 2030 Pharao
1811 1979 2012 2032 vivere.

444 2048 682 2106 Timebit
713 2066 891 2108 autem
921 2060 1365 2128 commotionem,
1414 2064 1528 2117 sive
1576 2065 1864 2122 elatiOnem
1898 2083 2015 2121 ma-

446 2158 549 2197 nus
595 2143 834 2210 Domini,
878 2163 972 2216 per
1020 2164 1180 2219 quam
1236 2154 1500 2222 supplicia
1547 2156 2013 2224 demonstrantur,

443 2249 608 2301 quam
638 2240 872 2292 movebit
901 2247 956 2293 et
986 2241 1239 2310 elevabit,
1276 2257 1334 2300 ut
1390 2247 1662 2315 percutiat
1694 2247 2010 2319 Egyptum.

443 2324 599 2380 Tunc
641 2338 780 2382 terra
804 2327 960 2395 Juda,
991 2334 1042 2387 id
1079 2343 1162 2388 est
1217 2338 1445 2392 scientia
1475 2338 1906 2409 Scripturarum,
1927 2343 2012 2398 lex

441 2429 498 2471 et
547 2420 847 2488 prophetae,
896 2423 1183 2494 Evangelia
1234 2439 1288 2481 et
1321 2434 1685 2498 apostolorum
1735 2433 2012 2505 Epistola,

440 2517 601 2561 erunt
652 2508 880 2581 A‘ngpto
927 2515 982 2568 in
1036 2515 1409 2586 festivitatem,
1456 2523 1501 2578 si
1529 2538 1625 2580 eas
1654 2527 2011 2596 cognoverit;

443 2598 527 2651 vel
558 2599 610 2650 in
646 2600 924 2668 timorem,
974 2605 1019 2658 si
1055 2611 1460 2677 comparatione
1490 2614 1748 2669 doctrina:
1776 2628 1832 2670 et
1873 2617 2016 2672 veri-

443 2691 570 2744 tatis
606 2705 794 2746 earum
845 2709 904 2749 se
953 2696 1280 2754 intellexerit
1337 2705 1594 2761 habuisse
1645 2709 2012 2765 mendacium.

442 2781 636 2835 Omnis
659 2784 753 2870 qui
807 2784 967 2852 huius
1013 2797 1173 2844 terra:
1205 2791 1372 2848 fuerit
1423 2801 1765 2864 recordatus,
1795 2804 2014 2870 pavebit

441 2886 508 2926 eo
542 2863 763 2940 μενῶ-θ.
817 2879 910 2946 qui
958 2880 1102 2934 ducit
1137 2882 1204 2937 ad
1256 2885 1418 2941 vitam
1451 2902 1468 2943 :
1497 2863 1823 2957 Principium
1871 2893 2011 2948 enim

439 2963 717 3030 sapientiae
746 2967 904 3020 timor
967 2963 1188 3022 Domini
1210 2971 1392 3042 (Prov.
1418 2989 1496 3038 ix,
1532 2975 1640 3046 l0).
1677 2977 1743 3033 Et
1768 2981 1871 3035 hoc
1907 2996 2010 3036 non

439 3053 616 3104 solum
654 3052 707 3106 in
738 3059 1212 3113 consummatione
1257 3063 1465 3138 mundi,
1513 3065 1607 3119 sed
1656 3066 1711 3120 in
1757 3070 2008 3136 priesenti

2120 1875 2343 1942 Ioco(Il
2371 1876 2496 1933 Cor.
2522 1895 2581 1942 tt,
2614 1880 2726 1951 15),
2758 1882 2918 1951 hujus
2943 1884 3204 1938 odoratus
3250 1884 3489 1954 loquitur
3517 1885 3698 1954 lingua

2120 1967 2509 2024 Cbananitide.
2545 1969 2752 2026 Gustus
2785 1989 3004 2044 quc-que
3041 1974 3093 2028 in
3127 1977 3322 2029 bonam
3359 1986 3569 2044 partem
3602 1990 3698 2032 ac-

2117 2058 2321 2127 cipitur
2352 2060 2471 2129 ejus
2500 2062 2591 2131 qui
2621 2064 2858 2118 comedit
2887 2080 3078 2134 panem
3105 2066 3174 2121 de
3196 2065 3335 2120 etelo
3363 2067 3698 2126 descendem-

2119 2158 2250 2214 tem,
2291 2164 2481 2220 panem
2514 2154 2693 2207 vivum
2727 2163 2908 2208 etnon
2938 2167 3232 2222 mortuum,
3256 2164 3312 2211 et
3343 2158 3494 2212 audit
3524 2158 3653 2212 illud
3683 2181 3698 2214 :

2117 2238 2331 2295 Gustate
2385 2252 2432 2295 et
2485 2245 2653 2299 videte
2685 2262 2842 2316 quam
2889 2249 3066 2302 suavis
3103 2262 3179 2302 est
3233 2249 3488 2304 Dominus
3521 2251 3698 2318 (Psal.

2119 2347 2316 2399 xxxm,
2345 2333 2425 2403 9).
2457 2336 2638 2389 statim
2671 2333 2915 2407 loquitur
2945 2339 3124 2410 lingua
3165 2338 3550 2397 Chananitide.
3575 2342 3692 2396 Sed

2116 2431 2172 2476 et
2206 2415 2389 2480 tactus.
2419 2427 2719 2494 spiritualis
2749 2439 2852 2488 est.
2895 2432 2963 2484 de
2995 2447 3102 2500 quo
3130 2430 3370 2487 Joannes
3418 2434 3698 2502 apostolus

2118 2515 2244 2568 ait:
2290 2513 2484 2569 Manus
2539 2529 2734 2572 nostrw
2797 2519 3145 2592 palpaverunt
3229 2524 3293 2577 de
3357 2521 3522 2578 Verbo
3571 2525 3698 2578 vita:

2116 2603 2166 2674 (1
2191 2603 2354 2659 Joan.
2408 2623 2446 2671 t,
2489 2609 2577 2673 i);
2629 2619 2682 2662 et
2722 2611 2814 2679 qui
2848 2612 2951 2666 [ide
2990 2614 3162 2681 tangit
3197 2610 3402 2678 Iesum,
3433 2614 3506 2667 ita
3537 2622 3595 2666 ut
3625 2613 3697 2668 de

2116 2711 2184 2751 eo
2216 2695 2467 2751 Salvator
2496 2701 2667 2767 possit
2697 2700 2883 2756 dicere
2919 2718 2935 2759 :
2992 2702 3180 2774 Tetigit
3212 2720 3291 2758 me
3345 2704 3556 2774 aliquis,
3591 2720 3692 2775 ego

2114 2785 2253 2839 enim
2279 2787 2388 2841 scio
2423 2789 2663 2843 virtutem
2685 2793 2854 2848 exisse
2885 2794 2949 2848 de
2981 2810 3062 2849 me
3111 2794 3263 2864 (Luc.
3297 2811 3416 2863 vttt,
3457 2797 3569 2859 46).
3596 2796 3690 2850 Di-

2117 2877 2354 2933 dicimus
2395 2891 2596 2949 quanta
2642 2883 2778 2937 bona
2821 2885 3022 2940 tribuat
3078 2888 3287 2941 elevata
3336 2903 3528 2944 manus
3581 2888 3690 2943 Do-

2117 2967 2283 3033 mini;
2340 2983 2652 3035 quaeramus
2681 2989 2852 3042 quare
2889 2991 2994 3030 non
3054 2978 3232 3048 lingua
3292 2978 3539 3046 Hebraa,
3593 2985 3691 3036 sed

2119 3060 2302 3130 lingua
2334 3062 2694 3120 Cbananitide
2720 3067 3013 3136 loquantur
3040 3071 3281 3141 quinque
3310 3070 3526 3142 Egypti
3554 3074 3693 3128 civi-

441 3159 658 3213 (ιιιοροε
703 3156 947 3216 tempore
1001 3151 1250 3220 accipere
1285 3137 1604 3223 possumus;
1652 3159 1797 3227 quod
1835 3161 2010 3215 eccie.
2043 3137 2089 3198 C
2121 3159 2281 3205 tates.
2308 3154 2387 3205 Ad
2418 3157 2562 3222 quod
2595 3157 2669 3209 ita
2693 3158 3022 3224 respondere
3045 3137 3365 3216 conabimur
3388 3137 3688 3217 t-Iiebrwus

439 3233 719 3288 siasticum
747 3238 943 3298 virum,
975 3246 1028 3292 et
1056 3239 1324 3297 doctrinis
1368 3245 1680 3301 cmlestibus
1709 3249 2007 3313 eruditum,

435 3325 616 3379 omnis
647 3326 937 3382 hereticus
981 3331 1186 3398 timeat,
1219 3344 1273 3388 et
1303 3337 1372 3390 ad
1411 3333 1839 3412 recgrdatioriem
1867 3340 2012 3396 illius

443 3426 728 3474 terreatur.
748 3417 985 3475 Timebit
1037 3435 1216 3478 autem
1257 3437 1312 3480 et
1339 3428 1554 3497 pavebit
1585 3431 1874 3486 consilium
1905 3431 2012 3487 Do-

438 3509 594 3566 mini.
616 3512 760 3578 quod
792 3527 960 3582 super
996 3512 1284 3586 [Egyptum
1327 3521 1512 3574 mundi
1548 3521 1704 3576 istius
1734 3523 2009 3594 cogitavit.

439 3598 663 3671 Singula
688 3604 924 3661 breviter
945 3611 1388 3678 transcurrimus,
1406 3622 1466 3667 ut
1500 3615 1566 3668 ad
1598 3615 1799 3684 reliqua
1832 3627 2013 3673 trans-

434 3708 649 3749 eamus.

509 3779 688 3850 (Vers.
722 3784 832 3856 i8.)
871 3805 888 3839 ι
924 3787 981 3844 1η
1034 3790 1120 3845 die
1151 3791 1242 3846 illa
1274 3805 1436 3850 erunt
1463 3797 1704 3868 quinque
1753 3802 2007 3860 civitates

436 3869 494 3924 in
527 3880 672 3928 terra
710 3873 951 3947 1Egypti,
988 3878 1271 3950 loquentes
1301 3884 1481 3955 lingua
1531 3888 1922 3957 Cliananitide,
1953 3903 2007 3949 et

433 3963 676 4031 iurantes
725 3982 820 4034 per
864 3969 1148 4027 Dominum
1199 3978 1581 4045 exercituum;
1621 3979 1816 4036 civitas
1866 3985 1997 4039 solis

437 4059 720 4113 vocabitur
783 4076 907 4116 una.
938 4080 959 4114 ›
1020 4062 1244 4120 Multum
1283 4071 1502 4137 prodest
1552 4085 1746 4128 manus
1788 4073 2002 4131 Domini

435 4147 642 4203 elevata
683 4151 797 4205 sive
850 4167 1119 4209 commota
1161 4171 1324 4227 super
1380 4160 1696 4230 IEgyptum,
1745 4176 1804 4220 ut
1859 4175 2000 4223 terra

438 4235 587 4292 inda:
615 4240 686 4295 sit
719 4242 766 4296 ei
802 4243 854 4296 in
889 4246 1164 4310 timorem,
1188 4259 1243 4300 et
1270 4249 1468 4313 omnis,
1498 4251 1588 4318 qui
1641 4252 1784 4308 illius
1821 4269 1997 4311 recor.

436 4330 595 4384 datus
625 4332 809 4398 fuerit,
841 4336 1240 4404 pertremiscat.
1273 4336 1332 4392 ιιι
1363 4341 1456 4394 illo
1481 4351 1722 4412 tempore
1761 4346 2000 4416 quinque

430 4421 690 4477 civitates
720 4425 771 4477 in
798 4434 940 4480 terra
956 4426 1176 4498 Egypti
1204 4431 1491 4500 loquentur
1513 4434 1690 4503 lingua
1716 4434 1995 4503 Chanaan,

430 4529 569 4582 quas
629 4518 872 4589 plerique
927 4533 1238 4577 nostrorum
1285 4527 1522 4597 quinque
1573 4543 1764 4584 sensus
1796 4531 1999 4585 intelli-

429 4615 587 4674 gunt,
617 4609 813 4674 visum,
855 4613 1124 4679 auditum,
1177 4617 1484 4684 odoratum,
1539 4635 1751 4690 gustum
1797 4631 1854 4674 et
1892 4631 2007 4675 tac-

430 4706 568 4754 tum.
604 4699 829 4766 Quando
880 4705 1125 4762 videmus
1183 4709 1461 4765 mulierem
1515 4716 1577 4766 ad
1615 4716 2006 4784 concupiscen-

425 4793 578 4858 dum,
611 4793 776 4866 296
811 4798 956 4853 visus
1005 4810 1192 4856 noster
1234 4806 1475 4874 loquitur
1504 4809 1686 4879 lingua
1726 4809 2000 4880 Egyptia.

425 4883 655 4950 Quando
688 4889 933 4945 audimus
980 4891 1242 4961 judicium
1293 4900 1574 4963 sanguinis
1598 4943 1614 4965 ,
1650 4902 1863 4956 dicente
1901 4902 2004 4956 Do-

431 4978 614 5034 mino;
659 4966 1060 5051 Non’susripies
1111 4987 1433 5042 auditionem
1478 5006 1667 5044 vanam
1723 4991 1832 5061 (IV
1868 4993 1996 5062 Reg.

432 5084 533 5133 sit,
557 5071 822 5139 2!,juztu
846 5073 1043 5143 LXX),
1069 5078 1286 5134 auditus
1317 5093 1498 5136 noster
1547 5085 1786 5154 loquitur
1818 5087 1999 5156 lingua

425 5160 698 5230 Egyptia.
749 5164 973 5229 Quando
1029 5169 1332 5224 secundum
1393 5176 1710 5242 prOphetam
1765 5181 1998 5234 vivimus

429 5254 487 5307 in
521 5256 750 5320 deliciis,
791 5267 848 5311 et
900 5261 1144 5329 jacenms
1194 5277 1356 5334 super
1387 5267 1560 5323 [cetos
1591 5272 1886 5335 eburneos,
1946 5283 2000 5326 et

425 5345 618 5413 primis
649 5345 824 5418 [forte
872 5353 1122 5424 optimis]
1179 5358 1432 5426 ungimur
1462 5364 1776 5430 unguentis,
1799 5367 1992 5419 odora-

426 5447 514 5491 tus
539 5441 977 5508 noSterloquitur
1017 5447 1194 5516 lingua
1226 5449 1502 5521 Egyptia.
1535 5454 1766 5517 Quando
1802 5467 1989 5508 venter

422 5540 608 5589 noster
628 5533 760 5588 deus
798 5543 880 5589 cst
905 5535 1155 5606 (Philipp.
1187 5544 1292 5614 ιιι),
1331 5557 1521 5614 gustus
1541 5559 1722 5602 noster
1755 5551 1996 5620 loquitur

423 5623 605 5692 lingua
664 5626 936 5698 Egyptia.
990 5629 1044 5685 Si
1097 5649 1202 5686 non
1261 5637 1595 5692 audierimus
1651 5641 1802 5702 illud,
1852 5643 1993 5710 quod

421 5719 713 5784 Apostolus
777 5723 1013 5791 loquitur
1052 5739 1065 5778 :
1111 5727 1311 5782 Bonum
1370 5734 1442 5784 est
1484 5733 1681 5786 homini
1722 5735 1990 5788 mulierem

2119 3245 2386 3314 περάτην,
2453 3247 2505 3301 id
2552 3258 2656 3314 est,
2712 3251 3048 3306 transitorem
3106 3264 3284 3320 sonat,
3335 3257 3426 3326 qui
3460 3257 3687 3312 deloco

2119 3339 2318 3392 transit
2350 3338 2415 3392 ad
2451 3339 2652 3394 locum.
2678 3340 2816 3411 Ergo
2850 3352 2906 3398 et
2937 3358 3037 3398 nos
3069 3345 3197 3399 licet
3226 3348 3398 3401 sancti
3422 3348 3686 3414 quamdiu

2113 3429 2170 3504 in
2223 3427 2456 3500 IEgypto
2488 3447 2700 3498 sumus,
2748 3446 2804 3489 et
2861 3437 2911 3488 in
2952 3437 3107 3492 istius
3160 3438 3345 3492 mundi
3395 3455 3684 3496 versamur

2117 3523 2381 3588 tenebris,
2414 3538 2518 3578 non
2543 3540 2834 3594 possumus
2867 3527 3007 3598 loqui
3059 3529 3237 3598 lingua
3294 3529 3539 3598 Hebraea,
3589 3535 3684 3590 sed

2116 3615 2300 3688 lingua
2329 3617 2710 3684 Cbananitide,
2744 3638 2864 3692 quae
2909 3624 3050 3680 inter
3095 3625 3404 3698 Egyptiam
3462 3640 3515 3685 et
3570 3629 3683 3686 He-

2114 3709 2311 3763 brteam
2345 3711 2516 3765 media
2557 3723 2660 3779 est,
2685 3724 2737 3768 et
2762 3713 3000 3772 Hebraeae
3029 3733 3224 3790 magna
3249 3737 3314 3776 ex
3354 3735 3509 3792 parte
3552 3740 3684 3781 con-

2112 3800 2258 3856 ﬁnis.
2291 3801 2564 3858 Chanaam
2615 3806 3006 3874 interpretatur
3038 3814 3190 3881 quasi
3219 3817 3522 3881 commotio,
3561 3820 3680 3874 sive

2109 3899 2264 3965 quasi
2311 3899 2645 3965 respondens.
2676 3900 2838 3971 297
2871 3903 3099 3968 Quando
3139 3905 3301 3975 igitur
3334 3911 3398 3965 ab
3439 3909 3682 3983 Egypto

2112 3993 2435 4057 recedimus,
2467 4006 2520 4048 et
2551 3997 2705 4051 exire
2743 3998 2994 4054 volumus
3026 4002 3091 4055 de
3131 4014 3398 4071 poteState
3428 4007 3678 4063 Pharao-

2111 4085 2218 4151 nis,
2255 4086 2330 4142 ita
2375 4098 2434 4142 ut
2483 4097 2623 4144 terra
2677 4104 2858 4148 nostra
2909 4107 2962 4151 et
3001 4101 3273 4158 confessio
3329 4102 3676 4161 formidolosa

2109 4181 2180 4234 sit
2230 4178 2502 4250 Egypto;
2539 4189 2668 4238 tunc
2708 4201 2985 4243 movemur
3011 4201 3064 4245 et
3093 4197 3243 4262 quasi
3287 4198 3677 4265 respondemus

2108 4273 2317 4328 Domini
2356 4276 2643 4342 voluntati,
2669 4287 2724 4334 et
2747 4289 2950 4348 tamen,
2981 4283 3104 4353 quia
3135 4286 3315 4342 adhuc
3337 4289 3390 4342 in
3419 4293 3675 4360 praesenti

2105 4365 2304 4420 saeculo
2337 4381 2546 4433 sumus,
2604 4370 2780 4442 lingua
2817 4373 3042 4430 Hebraea
3074 4378 3305 4433 necdum
3341 4381 3490 4451 loqui
3549 4400 3674 4452 pos-

2105 4471 2311 4512 sumus.
2347 4459 2606 4530 Quodque
2635 4464 2880 4532 sequitur
2914 4483 2928 4521 :
2958 4466 3154 4523 Jurare
3189 4473 3414 4542 quinque
3440 4475 3676 4530 civitates

2111 4567 2202 4618 per
2258 4551 2542 4607 Dominum
2599 4560 2942 4626 exercituum,
3009 4565 3110 4619 hoc
3170 4567 3460 4637 signiﬁcat,
3526 4572 3674 4641 quod

2111 4646 2272 4699 etiam
2305 4648 2389 4701 hic
2424 4650 2583 4715 positi
2610 4667 2947 4723 nequaquam
2977 4657 3302 4726 daemonum,
3341 4667 3434 4717 sed
3469 4665 3557 4718 Dei
3586 4681 3680 4720 rev

2111 4739 2394 4793 cordemur
2419 4742 2824 4810 omnipotentis.
2853 4746 2925 4802 De
2956 4750 3039 4804 liis
3061 4753 3303 4822 quinque
3332 4755 3675 4821 civitatibus,

2109 4844 2233 4883 cum
2265 4831 2492 4884 aliarum
2527 4842 2759 4901 quatuor
2790 4841 2949 4893 tacita
3009 4841 3119 4896 sint
3149 4845 3392 4911 nomina,
3429 4862 3536 4902 una
3585 4848 3678 4904 di-

2108 4921 2250 4974 citur
2277 4924 2401 4975 solis
2419 4925 2626 4990 civitas,
2669 4943 2788 4996 quae
2835 4931 2963 4985 mihi
2997 4933 3209 4988 videtur
3241 4936 3434 4990 referri
3467 4938 3533 4991 ad
3588 4941 3680 4992 vi-

2108 5026 2249 5066 sum.
2280 5012 2432 5067 Sicut
2467 5017 2608 5068 enim
2661 5029 2716 5071 ut
2766 5019 3011 5076 videatur
3043 5026 3257 5090 civitas,
3298 5028 3411 5083 sole
3450 5039 3504 5083 et
3535 5031 3664 5084 luna

2108 5103 2345 5174 indiget;
2373 5105 2444 5157 ita
2470 5117 2526 5159 ut
2559 5109 2701 5163 oculi
2739 5114 2907 5166 nostri
2938 5113 3330 5184 illuminentur,
3365 5120 3672 5190 indigemus

2107 5193 2220 5248 sole
2255 5195 2503 5263 iustitiae.

2175 5285 2354 5353 (Vers.
2391 5289 2597 5359 l9-Ql.)
2632 5308 2649 5341 ι
2684 5291 2740 5343 In
2783 5294 2871 5348 die
2916 5295 3004 5349 illa
3034 5297 3139 5351 erit
3171 5299 3343 5356 altare
3373 5301 3583 5356 Domini
3617 5305 3673 5359 in

2105 5379 2280 5432 medio
2311 5393 2466 5434 teme
2493 5381 2740 5451 Egypti,
2759 5393 2812 5437 ct
2843 5386 3031 5441 titulus
3050 5389 3208 5457 juxta
3237 5393 3525 5447 terminum
3545 5394 3674 5461 ejus

2104 5469 2335 5524 Domini.
2370 5471 2433 5526 Et
2484 5479 2588 5529 erit
2617 5477 2672 5529 itt
2703 5480 2918 5546 signum
2971 5491 3026 5533 et
3066 5485 3117 5535 in
3151 5485 3517 5539 testiinonium
3566 5487 3672 5542 Do-

2103 5564 2246 5614 mino
2277 5553 2613 5619 exercituum
2649 5569 2701 5620 in
2732 5578 2871 5622 terra
2911 5569 3147 5642 ZEgypti.
3180 5572 3671 5631 Clamabunteniut

2101 5658 2164 5707 ad
2195 5656 2480 5711 Dominum
2517 5677 2544 5712 a
2577 5660 2714 5714 facie
2755 5664 3111 5729 tribulantis;
3140 5675 3193 5720 et
3219 5668 3400 5723 mittet
3435 5668 3518 5724 eis
3548 5668 3673 5723 Sal-

2102 5759 2366 5816 vatorcm,
2417 5761 2471 5807 et
2525 5767 2984 5825 propugnatorem
3043 5761 3134 5828 qui
3188 5760 3383 5818 liberet
3433 5779 3526 5819 eos
3559 5775 3578 5828 ς
3615 5773 3672 5818 et
