3972 6198
286 287 414 354 265

831 289 1330 352 COMMENTAR.
1369 291 1450 352 IN
1496 291 1766 353 ISAIAM
1805 292 2285 355 PROPIIETAM
2327 295 2482 357 LIB.
2525 295 2661 362 VII.
2702 297 2864 361 CAP.
2911 299 3073 360 XIX.

3471 302 3580 363 Q66

292 410 657 472 cognoscetur
709 400 970 457 Dominus
997 403 1065 455 ab
1101 402 1354 473 zEgyptO.
1393 423 1410 453 ι
1465 403 1874 472 Consequenter
1902 418 1952 473 Α
1980 406 2211 460 dolorem
2247 406 2520 460 vulnerum
2548 425 2779 464 meorum
2831 412 3153 465 addiderunt
3185 415 3354 479 (Psal.
3386 427 3580 473 vatiio

289 501 364 549 ad
392 495 446 551 id
471 496 614 566 quod
660 501 824 565 slipra
859 495 1107 548 dixerat:
1140 492 1206 547 In
1237 495 1319 547 die
1351 495 1444 547 illa
1477 508 1630 549 erunt
1661 497 1891 565 quinque

292 591 536 642 ciritates
570 589 623 640 in
676 599 818 640 terra
859 586 1083 655 Afgypti
1120 585 1384 654 loquentes
1450 587 1631 653 lingua
1671 586 1888 641 Chana-

294 682 508 734 nitide:
541 679 843 747 etjurantes
895 694 987 744 per
1018 677 1297 730 Dominum
1331 679 1682 738 exercituum.
1743 694 1887 731 nunc

295 774 566 826 infertur:
604 770 721 823 Erit
754 771 924 823 altare
956 768 1167 822 Domini
1192 769 1244 820 in
1273 769 1440 821 medio
1467 779 1620 822 terra:
1639 769 1884 839 rEgypti,

295 866 446 930 quod
479 861 646 918 Onias
692 862 991 916 secundum
1026 859 1319 931 Josepbum
1349 863 1591 931 (Antiqq.
1640 863 1732 915 lib.
1764 879 1884 923 xm,

296 972 424 1024 Cap.
461 957 540 1022 6).
577 955 714 1008 male
771 954 1078 1024 intelligens
1137 953 1363 1020 implere
1417 964 1650 1006 conatus
1684 961 1789 1007 est.
1824 953 1888 1006 Et

301 1049 495 1102 titulus
535 1046 751 1099 Domini
781 1047 1068 1100 continens
1106 1045 1434 1111 passionem,
1478 1046 1533 1097 in
1582 1060 1688 1113 quo
1738 1046 1880 1099 scri-

297 1152 458 1210 ptum
483 1152 564 1193 est
587 1137 870 1192 Hebraicis
899 1138 1115 1200 litteris,
1135 1136 1360 1197 Grzecis.
1383 1145 1435 1190 et
1455 1136 1666 1190 Latinis
1696 1137 1888 1193 :Jesus

303 1229 626 1284 Nazarenus
655 1229 1061 1282 rexJuda'orum
1099 1228 1278 1298 (Ioan.
1313 1244 1422 1292 χιιι,
1449 1229 1563 1296 19),
1601 1231 1652 1283 in
1676 1231 1886 1298 signum

299 1323 518 1387 Crucis,
553 1332 606 1375 et
663 1321 716 1374 in
777 1320 1140 1373 testimonium
1178 1320 1556 1373 universarum
1622 1322 1884 1389 gentium,

305 1431 431 1486 quae
474 1430 619 1470 nunc
672 1413 943 1486 Egyptus
1003 1412 1375 1482 appellantur.
1405 1413 1648 1482 Cumque
1701 1429 1888 1480 perse-

305 1508 458 1562 cutio
491 1506 724 1561 creverit
774 1519 803 1557 a
842 1506 978 1558 facie
1029 1504 1402 1558 tribulantium
1440 1506 1675 1558 neminis
1729 1506 1887 1560 Cl.ri-

307 1599 498 1664 stiani,
548 1608 676 1652 tunc
739 1597 1054 1652 clamabunt
1121 1597 1171 1649 in
1231 1597 1485 1652 cordibus
1538 1598 1696 1651 suis:
1738 1599 1886 1651 Abba

309 1687 663 1756 Pa'er(Rom.
691 1703 811 1748 vui,
833 1687 940 1756 IS).
972 1687 1036 1742 Et
1069 1690 1243 1741 mittet
1266 1687 1528 1741 Dominus
1551 1689 1883 1742 exercituum

1994 497 2110 566 27).
2128 500 2183 551 Si
2206 513 2333 566 ergo
2349 504 2567 569 proprio
2585 503 2694 556 lilio
2709 519 2811 556 non
2834 507 3091 572 pepercit,
3110 506 3203 559 sed
3225 506 3438 562 tradidit
3454 527 3578 564 eum

1997 605 2096 658 pro
2121 590 2296 653 nobis,
2322 601 2378 644 tit
2411 592 2554 646 illius
2596 593 2790 660 livore,
2820 605 2874 649 et
2916 597 3235 654 vulneribus
3256 615 3582 658 sanarentur

1996 681 2173 752 (Rom.
2203 686 2322 753 vin)
2355 699 2370 737 τ
2400 687 2620 739 tradidit
2647 685 2907 741 Dominus
2929 699 2982 742 et
3013 700 3281 762 martyres
3312 695 3576 763 passioni,

1993 771 2086 825 sed
2121 787 2338 825 rursum
2366 789 2458 826 eos
2490 775 2540 826 in
2569 779 2974 832 resurrectione
3009 783 3242 846 sanabit,
3273 795 3332 836 ut
3359 783 3577 839 illorum

1993 861 2311 916 vulneribus
2353 865 2486 918 titles
2530 867 2870 922 credi-mium
2929 871 3300 928 conlirmetur.
3338 874 3491 930 Unde
3521 887 3580 930 et

1996 953 2062 1007 ad
2103 953 2204 1009 Job
2258 956 2516 1012 dicitur:
2568 959 2737 1013 Putas
2813 978 2893 1015 me
2951 964 3048 1016 tibi
3113 965 3271 1019 aliter
3321 970 3578 1034 locutum,

1994 1048 2095 1100 nisi
2133 1059 2187 1100 ut
2231 1066 2510 1117 apparares
2533 1051 2718 1119 justus
2743 1053 2882 1122 (Job.
2909 1074 3094 1121 χχχιιι,
3119 1061 3256 1129 '52)?
3285 1061 3406 1133 Ipse
3428 1065 3574 1118 enim

1994 1141 2234 1194 dolorem
2271 1142 2420 1206 facit,
2445 1155 2498 1198 et
2532 1147 2708 1198 reddit
2732 1149 2975 1216 pristinae
3007 1153 3271 1221 sanitati;
3305 1167 3359 1209 et
3391 1157 3581 1211 visitat

1992 1247 2180 1284 servos
2203 1247 2331 1286 suos
2357 1235 2408 1286 in
2441 1235 2611 1303 virga.
2632 1246 2689 1289 ut
2714 1238 3139 1296 misericordiam
3162 1258 3316 1298 suam
3339 1262 3442 1300 non
3480 1265 3580 1300 au-

1993 1320 2127 1374 lerat
2159 1325 2226 1375 ab
2258 1325 2357 1378 eis.
2385 1322 2543 1381 Unde
2571 1326 2712 1390 ﬁlim,
2742 1340 2793 1383 et
2835 1346 3022 1397 nurus,
3047 1350 3168 1402 qua:
3203 1337 3433 1393 multum
3457 1355 3580 1408 pee-

1991 1423 2274 1478 caverunt,
2307 1429 2362 1470 et
2382 1418 2824 1478 divaricaverunt
2846 1426 3010 1495 pedes
3032 1444 3158 1484 suos
3195 1432 3341 1485 oumi
3399 1443 3579 1487 trans-

1990 1506 2161 1569 eunti,
2198 1521 2305 1561 non
2371 1511 2663 1566 visitantur
2713 1530 2890 1584 neque
2926 1520 3326 1588 corripiuntur,
3363 1523 3580 1580 dicente

1988 1594 2153 1666 299
2181 1597 2406 1653 Domino
2434 1614 2447 1653 :
2486 1600 2606 1656 Non
2631 1606 2849 1661 visitabo
2870 1626 3027 1678 super
3042 1613 3184 1680 [ilias
3214 1625 3432 1677 vestras,
3458 1633 3576 1670 cum

1989 1686 2181 1754 fuerint
2214 1690 2489 1756 fornicata:
2524 1712 2544 1750 :
2577 1708 2623 1749 et
2656 1715 2810 1766 super
2834 1717 2998 1755 nurus
3025 1717 3246 1770 vestras,
3273 1723 3388 1758 cum
3416 1710 3576 1761 adul-

307 1780 668 1840 Salvatorem,
706 1779 758 1830 id
786 1788 887 1839 est,
922 1776 1132 1843 Jesum,
1163 1791 1215 1832 et
1259 1777 1530 1844 .Iudicem,
1564 1779 1646 1832 vel
1682 1794 1878 1847 propu-
1916 1791 1953 1844 υ
1989 1783 2268 1833 tcravetinl
2298 1784 2452 1852 (Osee
2488 1803 2560 1852 iv,
2597 1789 2707 1860 Η).
2751 1793 2994 1847 Perctitit
3013 1811 3141 1865 ergo
3157 1797 3440 1868 {Egyptios
3476 1804 3576 1854 Do-

308 1882 590 1940 gnatorent
625 1869 714 1938 qui
742 1869 1064 1933 libert'teos,
1091 1881 1148 1921 ut
1171 1870 1382 1922 liberati
1410 1879 1746 1938 eugnoscant
1775 1870 1885 1922 Do-

311 1965 545 2029 minum,
609 1973 662 2016 et
720 1963 824 2032 ipsi
865 1972 1270 2030 COgllOSCunlllf
1332 1977 1360 2014 a
1418 1961 1767 2023 Domino;et
1803 1961 1888 2013 tibi

305 2054 928 2120 abtindavitpecc:itutn,
963 2053 1371 2122 superabundet
1404 2053 1579 2122 gratia
1601 2051 1777 2122 (Rom.
1813 2055 1887 2118 v).

307 2146 488 2202 Unum
535 2156 714 2200 autun
767 2146 937 2199 altare
969 2145 1206 2215 Aigypti,
1245 2146 1292 2197 id
1343 2159 1447 2208 εει,
1493 2145 1676 2198 mundi
1732 2145 1890 2199 istius

301 2241 530 2302 dicitur,
576 2248 632 2289 ut
683 2248 874 2290 cuncta
914 2237 1104 2289 altaria
1137 2275 1152 2302 ,
1217 2251 1335 2304 qua:
1375 2247 1562 2289 contra
1633 2237 1891 2289 Ecclesia:

300 2333 597 2400 eriguntur
635 2331 829 2394 altare,
865 2330 1102 2382 sciamus
1129 2343 1248 2382 esse
1299 2344 1403 2381 non
1440 2329 1672 2381 Domini.
1707 2326 1892 2396 Usque

301 2426 372 2479 ad
407 2425 568 2476 linem
608 2425 836 2477 visionis
875 2421 1166 2492 Egyptian.
1203 2421 1256 2474 in
1314 2422 1449 2474 libro
1480 2419 1891 2487 Explauatiouis

304 2517 614 2579 Historiae,
664 2517 790 2585 quia
842 2515 1126 2570 manifesta
1187 2514 1471 2583 prepltetiu
1537 2512 1713 2582 298
1748 2523 1884 2579 erat,

303 2612 547 2664 diximus
579 2609 725 2678 quod
757 2618 950 2664 cuncta
988 2609 1296 2663 referantur
1328 2607 1392 2660 ad
1433 2605 1738 2661 Christum.

378 2701 559 2774 (Veis,
584 2701 701 2764 ἆυ.)
737 2719 756 2752 ι
797 2699 860 2752 Ει
884 2711 1214 2768 cognoscent
1237 2697 1478 2769 Aigyptii
1520 2699 1803 2752 Dominum
1837 2698 1888 2752 in

303 2796 400 2848 die
429 2793 518 2847 illa
550 2807 565 2847 :
601 2803 654 2848 et
703 2793 879 2847 colent
913 2805 1034 2844 eum
1063 2791 1117 2843 in
1154 2790 1364 2855 hostiis,
1403 2802 1454 2843 et
1479 2789 1892 2852 tuuneribns,et

303 2893 430 2938 vota
461 2884 730 2936 vovebunt
769 2882 1016 2945 Dciuino,
1048 2882 1346 2934 etsolvent.
1377 2880 1442 2932 Et
1475 2879 1743 2949 percutiet
1782 2879 1888 2933 Do-

309 2975 492 3028 minus
521 2973 812 3043 ngyptum
872 2972 1050 3042 plaga,
1083 2980 1136 3024 et
1169 2972 1384 3024 sanabit
1414 2987 1533 3024 eam
1568 2986 1582 3024 :
1617 2981 1672 3024 et
1708 2988 1887 3026 rever-

306 3077 495 3122 tentur
522 3067 589 3120 ad
623 3065 932 3126 Dominum,
966 3075 1020 3118 et
1075 3063 1373 3132 placabitur
1433 3067 1532 3128 eis,
1566 3073 1620 3119 et
1668 3064 1886 3118 sanabit

1996 1874 2197 1937 minus,
2229 1891 2331 1928 non
2373 1879 2517 1943 igne,
2551 1897 2654 1934 non
2695 1883 2895 1952 gladio,
2931 1890 3024 1940 sed
3060 1889 3231 1957 virga.
3265 1889 3398 1956 Quis
3430 1899 3571 1947 enim

1993 1960 2134 2013 ﬁlius
2191 1976 2292 2028 est,
2331 1984 2491 2034 quem
2529 1985 2634 2023 non
2671 1974 2886 2027 erudiat
2929 1979 3127 2043 pater?
3165 1977 3230 2032 Ut
3285 1993 3572 2050 postquam

1993 2057 2166 2107 sanati
2213 2057 2435 2124 iuerint,
2472 2077 2823 2118 revertantur
2855 2069 2920 2119 ad
2967 2068 3278 2136 Dominum,
3309 2082 3362 2128 et
3395 2077 3576 2142 place-

1996 2155 2081 2198 tur
2097 2150 2197 2210 eis,
2223 2159 2274 2218 et
2301 2165 2511 2203 rursum
2539 2170 2690 2207 sanet
2713 2171 2830 2210 eos.
2848 2157 3077 2229 Semper
3097 2162 3239 2214 enim
3272 2164 3574 2233 indigemus

1994 2239 2363 2293 misericordia
2398 2245 2511 2306 Dei,
2536 2257 2589 2299 et
2629 2247 2808 2303 nullus
2836 2261 2920 2304 est
2953 2253 3073 2306 linis
3097 2256 3215 2323 ejus
3247 2258 3570 2314 clementiae.

2064 2332 2247 2402 (Vers.
2279 2335 2412 2406 23.)
2458 2358 2474 2389 ι
2507 2340 2562 2392 Itt
2595 2344 2680 2395 d-e
2731 2343 2818 2396 illa
2860 2347 2965 2399 erit
3021 2350 3104 2402 via
3159 2351 3226 2404 de
3260 2352 3492 2424 [Egypto
3521 2358 3573 2410 iu

1992 2425 2248 2497 Assyrios
2289 2447 2302 2484 :
2341 2440 2395 2484 et
2454 2434 2679 2488 intrabit
2741 2439 2997 2508 ASsyrius
3040 2443 3091 2495 iu
3145 2443 3461 2516 zEgyptum,
3520 2462 3576 2504 ct

1994 2516 2279 2590 IEgyptius
2327 2522 2378 2576 in
2416 2527 2714 2596 Assyrios:
2761 2540 2816 2582 et
2846 2534 3082 2587 servient
3118 2534 3357 2606 .Egyptii
3405 2540 3575 2611 Assy-

1993 2611 2108 2664 riis.
2154 2629 2172 2662 ι
2205 2611 2487 2678 Quomodo
2522 2627 2717 2672 c:etera
2752 2637 2874 2689 qua:
2915 2627 3229 2691 prazcedunt
3278 2631 3329 2682 itt
3372 2630 3571 2686 bonam

1993 2715 2198 2769 partem
2227 2706 2493 2761 accidisse
2528 2707 2798 2781 Egyptiis
2837 2713 3358 2785 demonstravimus,
3411 2723 3575 2790 quin-

1993 2809 2096 2859 que
2119 2793 2365 2850 videlicet
2394 2798 2644 2856 civitates
2678 2802 2730 2855 iit
2765 2812 2907 2858 terra
2935 2821 3122 2860 eorum
3152 2809 3438 2878 loquentes
3464 2815 3568 2867 lin-

1991 2898 2092 2952 gua
2123 2883 2504 2955 Cltauanitide,
2532 2901 2586 2944 et
2611 2891 2856 2960 jurautes
2888 2912 2985 2965 per
3014 2897 3302 2955 Dominum
3328 2915 3381 2958 et
3400 2907 3572 2962 altare

1993 2975 2210 3032 Domini
2252 2981 2304 3032 in
2339 2982 2515 3037 medio
2555 2995 2713 3040 terra:
2747 2987 2961 3058 Δίκῃ)ιὶ
2992 2992 3573 3059 ςοιιυρειιιιιη,ειιίιιιο

1995 3065 2126 3128 Iuin.
2190 3079 2245 3123 ct
2307 3074 2698 3135 testiinonium.
2759 3086 2814 3130 et
2847 3079 3087 3147 signum,
3121 3089 3174 3135 et
3216 3084 3571 3154 salvatorem,

303 3175 427 3216 eos.
471 3178 490 3210 ι
536 3159 831 3227 Postquam
880 3157 1236 3224 cognoverint
1283 3154 1526 3227 {Egyptii
1576 3156 1883 3221 Domimuu,
1913 3136 1957 3195 Ο
1989 3157 2079 3226 qui
2114 3158 2369 3215 liberaret
2401 3177 2533 3228 eos;
2566 3175 2619 3219 et
2659 3167 2802 3234 quod
2838 3168 3103 3225 Dominus
3151 3136 3577 3244 cognosceretur

305 3249 496 3303 colent
533 3265 656 3303 eum
690 3251 739 3301 in
775 3248 967 3301 liostiis
1002 3249 1380 3317 spiritualibus
1413 3260 1467 3302 et
1525 3249 1880 3314 muneribus;

305 3351 363 3392 et
389 3347 510 3392 tota
545 3343 814 3392 vovebant
837 3338 1066 3391 Domino
1095 3347 1149 3392 et
1183 3341 1433 3403 solvent;
1470 3351 1523 3392 et
1554 3341 1736 3393 dicent
1761 3356 1884 3392 cum

312 3430 486 3483 David
525 3431 593 3483 'z
650 3427 988 3497 Sacriﬁcium
1051 3430 1157 3483 Ι)εο
1225 3431 1444 3498 spiritus
1495 3431 1884 3484 contribulatus

310 3519 487 3589 (Psal.
528 3519 686 3587 1.,19)
713 3537 726 3584 ;
758 3531 812 3574 et
854 3536 868 3573 :
908 3517 1144 3573 Elevatio
1173 3537 1426 3572 manuum
1453 3537 1689 3573 mearum
1719 3522 1888 3574 sacri-

309 3614 493 3679 ﬁcium
527 3613 870 3680 vespertinum
907 3610 1081 3681 (Psul.
1112 3627 1236 3677 CXL,
1275 3611 1329 3682 2)
1359 3629 1373 3677 ;
1409 3614 1626 3682 quando
1656 3615 1887 3667 creden-

312 3717 394 3760 tes
423 3705 475 3756 iit
530 3703 868 3766 Nazaiaeum,
900 3715 954 3758 et
1014 3705 1113 3772 ipsi
1153 3707 1354 3757 l'uerittt
1389 3703 1664 3768 Ναιῑὲπίυί,
1704 3707 1885 3757 viuum

305 3805 364 3849 et
421 3797 652 3850 sict-rant
717 3811 824 3849 non
894 3795 1138 3850 bibentes
1197 3794 1520 3866 (Nurum),
1563 3807 1616 3850 et
1677 3810 1886 3850 acetum

304 3889 450 3953 quod
483 3884 714 3938 Dontiuo
754 3887 1102 3955 propinatum
1143 3898 1253 3954 est,
1282 3900 1335 3942 et
1370 3905 1706 3958 quaecunque
1757 3889 1891 3942 Iiuut

305 3994 373 4030 ex
407 3991 508 4030 uva
543 3976 905 4032 Sodomitica.
935 3978 1180 4046 Cumque
1218 3991 1338 4034 tota
1366 3983 1724 4049 persolvet-int
1764 3999 1888 4036 cum

307 4070 462 4134 Abel,
493 4080 549 4121 et
574 4074 870 4139 respexerit
903 4085 966 4124 ea
1003 4071 1167 4134 Deus,
1210 4073 1475 4127 invidebit
1508 4074 1675 4127 frater
1720 4075 1893 4142 major

306 4161 469 4226 Cain,
518 4162 580 4214 id
621 4172 733 4227 est,
772 4163 1225 4219 Circuutcisionis
1277 4171 1534 4234 populus,
1567 4175 1622 4221 et
1653 4166 1893 4221 ell'undet

309 4258 628 4322 sanguinem
661 4254 1060 4322 Christianum,
1085 4259 1175 4326 qui
1213 4258 1470 4312 Ciolllabil
1503 4260 1568 4312 ad
1603 4259 1890 4314 Dominum

313 4349 520 4418 (Cenes.
541 4352 614 4415 iv)
638 4365 652 4414 ;
675 4359 728 4403 et
746 4349 949 4404 ideirco
971 4351 1245 4420 egreditur
1269 4367 1298 4404 a
1321 4350 1458 4407 facie
1481 4352 1599 4420 Dei,
1629 4356 1811 4410 dicens
1829 4356 1895 4410 de

1989 3250 2055 3302 ab
2081 3249 2371 3322 Egyptiis,
2424 3266 2479 3309 et
2540 3258 2638 3326 ipsi
2698 3274 3091 3328 cognoscerent
3126 3280 3248 3318 cum
3276 3284 3291 3333 ;
3324 3280 3377 3322 et
3427 3274 3570 3340 quod

1990 3340 2248 3395 oIIerrent
2283 3344 2487 3398 hostias
2512 3356 2567 3399 et
2603 3363 2851 3414 munera,
2895 3362 3084 3406 etvota
3119 3357 3494 3423 persolverent
3517 3371 3576 3415 et

1991 3434 2236 3502 percussi
2279 3449 2630 3502 sanarentur,
2655 3450 2708 3495 et
2753 3456 3156 3499 reverterentur
3171 3450 3236 3501 ad
3256 3449 3570 3518 Dominum,

1990 3535 2041 3580 et
2072 3525 2382 3593 placaretur
2404 3529 2503 3594 eis,
2529 3539 2581 3583 et
2624 3530 2817 3585 iterum
2847 3549 3177 3591 sanarentur
3211 3555 3224 3591 :
3258 3543 3336 3594 sit:
3368 3553 3424 3597 et
3461 3547 3567 3600 lioe

1991 3616 2132 3684 quod
2174 3620 2439 3686 sequitur,
2498 3621 2706 3674 servire
2743 3621 3022 3692 [Egyptios
3085 3629 3337 3698 Assyriis,
3369 3631 3419 3684 in
3478 3633 3562 3686 bo-

1992 3723 2116 3762 nam
2154 3723 2362 3778 partem
2403 3714 2781 3782 accipiendum
2813 3729 2919 3772 est.
2959 3718 3139 3773 Servit
3167 3723 3312 3775 enim
3343 3733 3396 3777 et
3423 3727 3572 3792 Apo-

1991 3801 2159 3856 stolus
2214 3803 2581 3869 credentibus,
2620 3816 2674 3858 ut
2718 3809 2852 3862 lucri
2902 3824 2995 3864 eos
3032 3810 3193 3866 iaciat
3231 3814 3280 3884 (Ι
3313 3815 3436 3869 Cor.
3469 3821 3570 3887 tit}.

1995 3888 2060 3942 Et
2099 3889 2234 3943 Esau
2269 3892 2557 3960 subjicitur
2591 3898 2744 3950 fratri
2772 3915 2871 3953 suo
2895 3899 3061 3956 Jacob
3091 3903 3240 3972 (Gen.
3275 3909 3574 3977 xxxm),ut

1995 3985 2265 4054 particeps
2301 3991 2392 4040 tittt
2430 3988 2867 4046 benedictionum
2891 3993 3030 4060 ejus.
3057 3996 3332 4068 Igiturqui
3361 4003 3572 4071 priores

1994 4073 2058 4126 de
2093 4073 2343 4141 gentibus
2375 4077 2568 4132 salvati
2621 4077 2848 4145 fuerint,
2882 4093 2938 4137 et
2968 4083 3258 4142 habuerint
3304 4090 3358 4142 iit
3393 4106 3452 4146 se
3487 4093 3569 4145 al-

1995 4173 2112 4218 tare
2154 4165 2391 4232 Domini,
2440 4186 2534 4224 eos
2582 4173 2673 4240 qui
2723 4174 2774 4227 in
2815 4175 3014 4230 duritia
3068 4193 3442 4249 perseverant,
3473 4201 3570 4240 sua

1995 4258 2256 4313 servitute
2297 4262 2606 4328 saltablllll,
2653 4277 2706 4320 et
2769 4273 3150 4327 commistione
3203 4291 3268 4330 ac
3312 4279 3573 4334 societate

1995 4360 2204 4409 eorum,
2253 4350 2351 4417 ipsi
2387 4366 2612 4422 pergent
2649 4357 2714 4410 ad
2771 4361 3042 4430 Assyrios,
3087 4374 3144 4417 ttt
3174 4368 3427 4437 Assyrios
3467 4371 3571 4423 dti-

311 4443 597 4495 salvatore
623 4455 640 4497 ;
665 4440 944 4511 Cruciﬁge,
968 4443 1215 4513 cruci/ige
1255 4460 1374 4496 eum
1399 4442 1552 4511 (Luc.
1578 4461 1732 4508 xxiii,
1765 4446 1888 4515 ll);
1927 4484 1968 4537 υ
1998 4450 2123 4492 cant
2150 4441 2216 4493 ad
2247 4441 2573 4512 Aigyptum;
2611 4459 2658 4502 et
2681 4461 2862 4516 postea
2885 4457 3176 4520 possintad
3209 4456 3569 4516 Israeliticqu

311 4545 405 4588 et:
444 4531 558 4586 Nos
589 4549 691 4586 non
731 4533 979 4586 habemus
1011 4551 1179 4602 regem
1237 4536 1338 4588 nisi
1397 4534 1664 4590 Cwsarem
1701 4536 1886 4607 (Joan.

313 4623 576 4694 nx,15).
620 4622 817 4678 Votum
863 4624 1022 4679 oﬂ‘ert
1069 4636 1123 4679 et
1171 4626 1332 4679 solvit
1379 4626 1630 4694 Domino,
1671 4630 1762 4698 qui
1810 4643 1895 4684 est

313 4729 534 4770 sanctus
589 4731 817 4784 corpore
865 4725 918 4769 et
967 4715 1188 4785 spiritu.
1225 4714 1421 4770 Votum
1462 4719 1660 4772 obtulit
1707 4729 1759 4772 et
1790 4719 1892 4773 Za-

314 4812 519 4869 cltams,
555 4811 645 4876 qui
684 4811 914 4861 mediani
954 4820 1161 4877 partem
1192 4812 1510 4863 substantia:
1545 4827 1656 4862 suie
1691 4826 1895 4880 paupe-

319 4902 465 4953 ribus
504 4904 814 4969 repromisit
862 4901 1014 4972 (Luc.
1045 4905 1176 4971 ω).
1213 4904 1504 4968 Quaeritur,
1534 4906 1578 4956 si
1617 4902 1891 4974 Aﬂgyptiis

318 4997 556 5045 salvator
582 5001 636 5046 et
674 5004 1043 5062 propugnator
1071 5003 1156 5048 est
1196 4996 1396 5050 missus
1430 4997 1522 5064 qui
1557 4996 1751 5050 liberet
1791 5010 1888 5051 eos

317 5085 383 5136 de
412 5085 700 5153 angustiis,
725 5087 994 5153 quomodo
1018 5102 1163 5140 nunc
1192 5088 1408 5142 dicatur
1434 5103 1450 5144 :
1481 5087 1747 5142 I’crcutiet
1778 5088 1890 5142 Do-

318 5177 488 5230 minus
537 5174 830 5245 1Eyyptum
879 5179 1085 5248 plaga?
1135 5179 1242 5233 Sed
1280 5181 1688 5236 consideremus
1745 5183 1890 5250 quod

318 5269 604 5336 sequitur:
647 5265 713 5318 Et
743 5270 953 5320 sanabit
979 5286 1117 5323 eam.
1157 5269 1330 5335 Quem
1374 5273 1519 5324 enim
1579 5273 1748 5341 diligit
1783 5277 1889 5326 Do-

320 5362 518 5421 minus,
547 5361 772 5429 corripit
799 5362 986 5431 (llebr.
1011 5363 1132 5431 xu).
1154 5363 1216 5418 Et
1237 5365 1348 5431 ipse
1381 5363 1628 5419 Salvator
1649 5367 1700 5418 iit
1733 5382 1892 5419 Sexa-

313 5456 522 5520 gesinto
555 5466 748 5506 octavo
795 5454 1011 5508 Psalmo
1068 5457 1303 5524 loquitur
1347 5459 1412 5509 ad
1448 5455 1704 5512 Patrem:
1745 5459 1882 5522 Quo-

315 5547 457 5599 niam
475 5557 696 5615 quemtu
715 5550 1042 5614 percussisti,
1061 5550 1160 5616 ipsi
1181 5551 1440 5617 persecuti
1459 5560 1580 5604 sunt
1607 5566 1625 5604 ε
1660 5560 1708 5605 et
1727 5566 1888 5618 super

386 5732 401 5760 ¹
443 5731 587 5796 νειμ,
625 5743 676 5785 ιιι
707 5734 886 5786 dicant
911 5722 1026 5786 cum
1063 5733 1253 5796 David.

643 5829 910 5887 Parnm“
959 5831 1168 5896 XXIV,

1998 4534 2252 4600 pupulum
2277 4540 2579 4603 pervenire.
2621 4541 2699 4594 οι)
2733 4543 2875 4598 lianc
2915 4562 3138 4600 causam
3184 4567 3324 4614 reor,
3361 4564 3412 4606 et
3441 4555 3573 4606 lide-

1996 4627 2100 4678 lem
2128 4629 2408 4683 mttlierem
2438 4633 2646 4686 servire
2673 4636 2790 4688 viro
2821 4638 3046 4704 intideli,
3070 4649 3128 4694 ut
3157 4643 3414 4710 paulatim
3447 4662 3571 4699 eum

1997 4717 2060 4772 tie
2103 4716 2340 4789 Egypto
2385 4730 2438 4776 et
2471 4726 2718 4795 Assyriis
2757 4732 3039 4797 pet-trahat
3071 4737 3135 4786 ad
3162 4731 3426 4788 Judaeam.

2067 4809 2245 4881 (Vers.
2282 4813 2372 4880 25,
2412 4815 2526 4886 26.)
2575 4836 2592 4869 t
2641 4817 2696 4871 Itt
2750 4821 2833 4874 die
2874 4823 2962 4876 illa
3008 4825 3112 4878 erit
3168 4825 3326 4878 Israel
3380 4829 3573 4882 tertius

1991 4901 2250 4973 Aﬂgyptio
2279 4915 2334 4959 et
2364 4909 2606 4978 Assyrio,
2644 4913 2956 4968 benedictio
2983 4915 3037 4968 itt
3063 4917 3239 4989 medio
3269 4929 3447 4982 terrai,
3483 4923 3570 4973 cui

1994 4995 2270 5052 benedixit
2302 4999 2560 5058 Dominus
2581 5007 2940 5072 exercituum,
2966 5007 3158 5062 dicens
3188 5026 3202 5063 :
3240 5007 3570 5069 Benedictus

1991 5091 2222 5160 populus
2272 5109 2424 5149 meus
2450 5095 2690 5167 Egypti,
2734 5109 2787 5152 et
2826 5115 2961 5168 opus
3018 5117 3273 5158 manuum
3324 5123 3568 5162 mearum

1991 5182 2245 5254 ASsyrius
2282 5203 2295 5239 :
2335 5185 2624 5242 litereditas
2655 5202 2833 5244 autem
2891 5207 3008 5245 mea
3071 5193 3256 5249 Israel.
3294 5217 3312 5248 ι
3350 5197 3572 5256 Tertius

1994 5276 2095 5328 erit
2120 5277 2281 5331 Israel
2314 5277 2365 5331 iit
2395 5278 2626 5350 :Egypto
2651 5294 2701 5335 et
2734 5285 2787 5335 iit
2819 5283 3076 5354 Assyriis,
3098 5299 3150 5340 ut
3179 5304 3395 5345 omnem
3422 5308 3571 5347 mas-

1994 5383 2108 5421 sam
2143 5385 2254 5422 sua:
2317 5371 2715 5428 benedictionis
2772 5374 3043 5432 fermento
3077 5381 3325 5446 misceat,
3358 5394 3412 5438 et
3473 5387 3568 5453 qui

1995 5461 2145 5529 prius
2179 5473 2368 5516 contra
2419 5481 2478 5519 se
2511 5466 2785 5522 hostiliter
2814 5471 3174 5540 dissidebant,
3213 5475 3315 5530 hac
3348 5476 3572 5531 benedi-

1997 5554 2191 5609 ctionis
2223 5556 2382 5608 tibula
2417 5559 2784 5629 copulentur;
2817 5561 2979 5634 300
3016 5576 3070 5619 et
3101 5569 3170 5621 sit
3202 5569 3436 5638 populus
3469 5567 3566 5623 Dei
