3898 6184
429 343 533 406 ξϐἴ

1581 326 1639 387 S.
1676 319 1988 384 EUSEBII
2028 313 2478 406 HIERONYM‘I

3578 302 3686 365 268

437 459 719 530 Aigyptus,
751 460 962 521 etopus
993 460 1252 502 manuum
1271 443 1386 514 ejus
1418 441 1694 512 Assyrius,
1719 437 2009 493 haereditas
2036 443 2083 499 Α
2117 434 2276 488 cendi
2303 441 2432 486 sunt
2464 431 2515 484 in
2548 424 2945 497 captivitatcm,
2975 434 3029 477 et
3068 419 3230 476 trium
3256 435 3520 486 annorum
3575 430 3685 476 lor-

432 528 612 604 antem
636 545 753 616 ejus
771 541 957 598 Israel.
985 537 1307 592 Benedictus
1334 541 1416 588 est
1443 531 1730 602 [Egyptius
1753 528 2000 591 Domino,

429 641 556 712 quia
580 635 798 694 lsraelis
826 632 1082 689 societate
1110 624 1470 683 benedicitur.
1493 621 1557 675 Et
1582 636 1719 689 opus
1747 632 2000 672 manuum

430 711 549 802 ejus
569 729 845 799 Assyrius,
868 724 993 794 quia
1023 725 1074 775 in
1102 721 1216 788 ipso
1236 732 1392 772 suant
1413 715 1758 769 clementiam
1782 711 2007 766 demon-

430 825 645 882 stravit.
679 819 844 875 Israel
875 828 1052 872 autem
1072 815 1220 869 solus
1249 819 1426 878 potest
1453 809 1634 864 dicere
1669 823 1685 862 :
1720 809 1859 860 Pars
1887 821 2002 858 mea

432 918 692 972 Dominus
741 911 978 982 (Tltreu.
1031 923 1128 970 ιιι,
1183 905 1324 971 2ί);
1364 902 1456 972 qui
1510 909 1692 954 mente
1744 899 2006 966 conspuit

435 1011 624 1072 Deum,
641 1016 693 1062 ει
719 1005 840 1072 eius
870 999 1163 1055 haereditas
1185 995 1506 1065 appellatur.

506 1101 662 1171 (Cap.
697 1095 816 1152 XX.
851 1123 922 1134 —
943 1092 1102 1147 νει-8.
1133 1090 1155 1142 1
1187 1103 1346 1158 seqq.
1373 1088 1392 1156 )
1429 1105 1448 1137 ι
1479 1087 1634 1138 Anno
1663 1097 1772 1153 quo
1799 1081 2006 1150 ingres-

433 1211 526 1252 sus
546 1201 629 1248 est
649 1191 892 1245 Thartan
916 1187 968 1240 in
993 1188 1220 1238 Azotum
1249 1198 1263 1236 :
1294 1196 1417 1234 cmn
1447 1179 1686 1231 misisset
1713 1189 1838 1229 eum
1873 1177 2006 1226 Sar-

431 1302 535 1357 gon
570 1300 662 1339 rex
696 1280 1070 1352 Assyriorum,
1116 1284 1174 1329 et
1207 1279 1508 1342 pugnasst-t
1535 1277 1724 1323 contra
1749 1267 2004 1326 Azotum,

432 1388 489 1432 et
518 1377 756 1446 cepisset
783 1387 904 1426 eam
948 1386 964 1423 :
997 1374 1053 1423 in
1087 1378 1329 1435 tempore
1353 1363 1444 1418 illo
1478 1362 1688 1415 locutus
1715 1368 1797 1413 est
1825 1357 2008 1410 Domi-

433 1483 537 1523 nus
566 1445 621 1520 in
651 1479 814 1519 manu
835 1461 988 1516 lsaiae
1019 1456 1111 1512 ﬁlii
1133 1457 1323 1518 Amos,
1346 1455 1531 1507 dicens
1557 1467 1571 1504 :
1602 1448 1752 1502 Vade
1779 1457 1827 1501 et
1858 1445 2009 1500 sulve

436 1573 654 1615 saccum
680 1555 748 1611 de
779 1551 976 1607 lumbis
1013 1549 1140 1612 tuis,
1173 1557 1230 1601 et
1262 1545 1617 1599 calciamenta
1655 1553 1744 1594 tua
1783 1539 1910 1594 tolle
1943 1537 2010 1590 de

435 1651 663 1722 pedibus
690 1647 796 1700 tuis
831 1661 846 1700 :
883 1653 936 1697 et
969 1640 1096 1695 fecit
1139 1639 1241 1703 sic,
1273 1639 1476 1689 vadens
1512 1634 1686 1688 nudus
1723 1642 1775 1686 et
1809 1629 2010 1685 discal-

435 1745 635 1797 ciatus.
667 1738 733 1792 Et
756 1735 894 1791 dixit
945 1733 1206 1788 Dominus
1240 1748 1254 1784 ε
1287 1729 1428 1783 sicut
1469 1723 1768 1778 ambulavit
1818 1736 2007 1776 servus

437 1852 588 1890 meus
618 1831 786 1888 Isaias
823 1828 1004 1882 nudus
1035 1834 1088 1878 et
1128 1821 1503 1880 discalciatus,
1541 1816 1702 1867 trium
1735 1826 2002 1866 annorum
2039 1786 2086 1846 Β

435 1942 648 1994 signum
681 1932 737 1976 et
767 1927 1077 1991 portentum
1105 1912 1214 1966 erit
1247 1923 1408 1979 super
1442 1905 1733 1975 .‘Egypttnn
1764 1912 1817 1956 et
1849 1916 2011 1966 super

435 1991 795 2084 AithiOpiam.
831 2011 924 2064 Sic
959 2004 1188 2061 minabit
1219 2018 1310 2055 rex
1346 1998 1693 2068 Assyriorum
1727 1991 2012 2060 captivita-

437 2122 544 2162 tem
579 2083 820 2176 Egypti,
859 2111 914 2155 et
948 2095 1480 2162 transmigrationetn
1507 2086 1817 2154 Ethiopian,
1858 2083 2013 2150 juve-

439 2217 589 2265 ntnn,
611 2173 1122 2259 et'senutn,‘nudatn
1146 2197 1202 2239 et
1228 2182 1623 2242 disc:ilciatam,
1647 2173 2011 2244 discoopertis

439 2294 660 2350 natibus
687 2285 1039 2360 ignominiam
1065 2279 1308 2350 Egypli.
1337 2274 1403 2328 Et
1433 2273 1696 2326 timebunt
1716 2278 1771 2322 et
1793 2265 2017 2320 conluu-

436 2391 634 2441 dentur
668 2358 737 2437 ab
773 2377 1056 2445 IEthiopia
1085 2388 1178 2440 spe
1209 2385 1330 2433 sua,
1373 2376 1427 2419 et
1459 2368 1527 2418 ab
1575 2362 1806 2432 Egypto
1843 2358 2010 2428 gloria

437 2493 557 2533 sua.
580 2476 646 2530 Et
672 2474 813 2527 dicet
838 2471 1112 2523 habitator
1143 2461 1331 2516 insulte
1362 2457 1524 2528 hujus
1555 2456 1606 2506 in
1629 2455 1716 2506 die
1749 2450 1859 2512 illa,
1888 2446 2012 2500 liter.

435 2579 554 2624 erat
586 2579 710 2636 spes
743 2572 926 2616 nostra
953 2558 975 2612 ?
1009 2557 1089 2610 Ad
1116 2571 1252 2625 quos
1283 2551 1622 2620 confugimus
1651 2547 1702 2598 in
1727 2543 2011 2611 auxilium,

437 2672 498 2714 ιιι
549 2659 848 2712 liberarent
905 2667 1006 2705 nos
1048 2667 1074 2702 a
1131 2648 1270 2701 facie
1313 2645 1460 2712 regis
1507 2634 1911 2709 Assyriorum?
1949 2634 2014 2686 Et

436 2750 712 2824 quomodo
741 2746 979 2816 eﬂ'ugere
1014 2739 1312 2811 poterimus
1369 2734 1511 2789 nos?
1548 2751 1566 2783 ι
1608 2733 1714 2784 Pro
1765 2726 2011 2780 Thartan

431 2820 578 2901 LXX
605 2839 884 2896 Tanutltun
910 2832 1302 2889 transtulerunt
1329 2845 1342 2880 :
1379 2837 1542 2893 ctpro
1565 2820 1959 2891 Sargon,Arna
1996 2833 2014 2873 ζ

437 2933 582 3007 quod
621 2931 748 3002 quid
785 2931 1194 2997 interpretetur,
1227 2921 1368 2975 scire
1396 2934 1504 2972 non
1554 2929 1863 2986 possumus.
1896 2911 2008 2966 Ne-

438 3045 545 3100 que
577 3027 721 3082 enim
763 3009 1029 3077 falsorum
1065 3014 1344 3070 nominum
1379 3012 1546 3066 falsas
1583 3021 1872 3076 possumus
1900 3016 2016 3075 ety-

438 3098 702 3194 tiaologias
732 3120 957 3187 lingere.
987 3113 1120 3166 Sunt
1156 3121 1337 3162 autem
1367 3104 1583 3158 numina
1617 3117 1724 3155 nou
1759 3098 2010 3172 Hebraea,

437 3219 534 3276 sed
566 3191 812 3284 Alssyria,
843 3224 874 3262 e
903 3206 1103 3275 quibus
1138 3213 1336 3254 sonare
1371 3192 1724 3264 cognovimus
1759 3191 2017 3253 Tliartan,

441 3324 635 3367 turrem
671 3281 836 3366 dedit,
873 3299 957 3354 vel
990 3295 1315 3365 superﬂuus,
1347 3289 1463 3342 sive
1495 3285 1772 3354 elongans.
1808 3281 2016 3349 Sargon

438 3413 621 3456 autem
652 3399 890 3464 princeps
920 3388 1080 3442 ltorti.
1110 3384 1210 3438 llic
1244 3396 1332 3434 rex
1377 3376 1633 3447 Assyrius
1665 3391 1824 3443 quem
1853 3385 2017 3439 supra

439 3493 670 3564 legimus
709 3499 926 3541 sensum
989 3489 1266 3547 magnum,
1313 3474 1475 3526 habet
1527 3470 1692 3522 duces
1731 3465 2014 3536 plurimos,

439 3558 670 3655 quorum
709 3593 846 3631 unus
878 3583 961 3629 est
993 3570 1267 3631 Thartan,
1294 3565 1470 3619 elatus
1505 3563 1561 3614 iu
1591 3558 1926 3627 superbiam,
1961 3563 2017 3609 et

439 3647 596 3744 limge
627 3667 924 3742 procedens
958 3663 1012 3716 iu
1047 3661 1272 3722 scelere,
1315 3664 1370 3708 et
1409 3650 1639 3720 amplior
1667 3647 1877 3702 caeteris
1913 3659 1930 3700 :
1960 3654 2017 3698 et

440 3737 675 3822 ntitlittir
719 3763 784 3814 ad
838 3751 1255 3824 itupugnnttdam
1301 3747 1558 3807 Azotum,
1589 3756 1708 3812 qua;
1753 3737 2017 3792 Hebraice

439 3859 642 3916 dicitur
675 3867 839 3910 ssnon
874 3847 1097 3920 (Tim)
1130 3845 1174 3909 ⁸,
1205 3849 1259 3896 ει
1314 3841 1726 3904 interpretatur,
1760 3830 1897 3901 ignis
1931 3843 2018 3897 ge-

442 3947 776 4008 nerationis;
815 3919 1199 4009 expugnatque
1230 3933 1338 3984 dus
1371 3929 1514 3998 regis
1545 3925 1754 3996 Assyrii
1802 3937 1898 3976 eos
1923 3919 2014 3989 qui

439 4031 779 4109 generationi
804 4039 858 4084 et
891 4025 1102 4081 libidini
1135 4021 1400 4077 serviunt.
1434 4016 1498 4069 Et
1538 4015 1764 4084 pulchre
1790 4027 1884 4066 rex
1918 4011 2018 4064 As-

445 4127 715 4198 syriorum
746 4121 978 4188 Sargon,
1008 4116 1264 4187 princeps
1295 4112 1605 4171 hortorum,
1629 4104 1829 4158 dicitur
1859 4101 2013 4155 volur

443 4194 578 4285 ptati
624 4224 677 4269 et
725 4214 957 4266 luxuria:
1004 4208 1242 4261 deditus.
1289 4201 1527 4269 Denique
1585 4207 1640 4251 et
1678 4194 1867 4250 Achab
1919 4206 2015 4246 rex

444 4284 844 4365 lsraelvlneatn
891 4300 1106 4358 Nabutb
1159 4305 1376 4351 vertere
1406 4293 1460 4345 in
1500 4293 1715 4343 hortum
1767 4284 2017 4356 cupiebat

447 4401 568 4474 (ιιι
603 4400 732 4469 Reg.
771 4395 908 4466 xxi),
932 4389 1274 4463 301‘qnod
1317 4385 1404 4438 ille
1423 4383 1577 4453 juxta
1607 4380 1747 4448 leges
1776 4375 2019 4445 tropoloc

2109 536 2286 580 menta
2323 524 2530 594 passuri
2563 561 2579 584 ,
2620 525 2686 575 de
2758 518 2961 589 quibus
3018 515 3198 576 anuis,
3263 513 3317 566 in
3348 511 3584 567 Psalmis
3607 513 3684 566 le-

2106 624 2284 688 gimus
2319 634 2334 672 :
2377 615 2614 686 Cogitavi
2649 613 2761 665 dies
2824 611 3097 678 antiquos,
3156 615 3204 659 et
3259 621 3424 658 annos
3464 617 3683 658 tetenios

2107 709 2160 762 in
2188 719 2356 762 meme
2385 705 2547 759 habui
2579 701 2750 773 (Psul.
2789 713 2970 754 Lxxvt.
3029 695 3107 766 ϐ).
3138 694 3268 760 Quae
3294 711 3401 747 non
3431 704 3686 764 putemus

2109 816 2271 871 parva
2305 813 2427 853 esse
2447 795 2733 866 supplicia,
2764 791 2858 846 sed
2893 790 3108 858 magnis
3147 787 3390 856 elongata
3433 788 3687 856 tempori-

2109 894 2232 947 bus.
2267 893 2325 943 In
2359 891 2472 958 ipsa
2506 899 2693 941 autem
2753 881 3067 952 captivitate
3119 886 3173 934 et
3207 878 3688 946 transmigratione

2113 984 2358 1054 1E3ypti,
2391 979 2816 1048 ibuntjnvcnes,
2845 983 2895 1026 et
2929 986 3110 1035 senes,
3138 969 3234 1038 qui
3265 969 3317 1021 in
3352 969 3558 1021 malitia
3604 983 3689 1021 ro—

2113 1075 2285 1132 borati
2316 1082 2460 1138 sunt,
2481 1080 2535 1126 et
2557 1069 2622 1123 ad
2650 1067 2899 1138 perlecta:
2946 1063 3122 1118 artatis
3147 1063 3275 1116 vitia
3299 1069 3686 1130 pervenerunt,

2111 1169 2266 1232 nudi,
2305 1177 2365 1219 ut
2399 1165 2578 1218 omnia
2609 1178 2796 1216 eorum
2833 1160 3048 1214 scelera
3095 1165 3312 1224 pateant
3347 1152 3505 1222 (nihil
3545 1153 3686 1204 enirn

2111 1259 2268 1329 (Luc.
2306 1273 2428 1322 vnt,
2486 1251 2575 1326 l7)
2601 1251 2872 1308 occultum
2910 1251 3051 1320 quod
3081 1265 3186 1303 non
3223 1245 3602 1311 revelabitur),
3636 1251 3688 1295 et

2113 1349 2440 1412 di~-calciati,
2458 1347 2581 1416 quia
2609 1346 2817 1400 Pascha
2842 1343 3050 1397 Domini
3075 1342 3362 1396 comedere
3401 1356 3506 1391 non
3546 1349 3688 1406 pote-

2115 1454 2239 1499 runt
2276 1458 2292 1497 :
2331 1444 2472 1512 quod
2519 1440 2610 1510 qui
2655 1439 2912 1500 comedit,
2958 1437 3232 1491 accinctos
3264 1433 3423 1488 habet
3458 1431 3685 1495 lumbos,

2119 1548 2173 1588 et
2211 1546 2358 1588 tenet
2397 1549 2557 1587 manu
2595 1531 2872 1593 baculum,
2902 1538 2955 1583 et
2992 1524 3236 1582 ealciatis
3289 1536 3398 1579 stat
3436 1523 3682 1594 pedibus,

2113 1645 2181 1681 ne
2212 1643 2308 1696 per
2338 1624 2518 1679 saeculi
2542 1622 2702 1692 hujus
2721 1621 3067 1676 solitudinem
3091 1617 3385 1683 transiens,
3409 1632 3436 1668 a
3465 1629 3684 1683 serpen-

2116 1721 2258 1774 tibus
2284 1718 2594 1770 mordeatur
2613 1712 2808 1782 (Num.
2833 1713 2967 1782 ut).
2985 1709 3138 1764 Tunc
3155 1709 3515 1777 discoopertte
3533 1714 3687 1758 erunt

2117 1821 2269 1862 nates
2296 1823 2507 1871 eorum,
2543 1823 2638 1873 per
2688 1820 2824 1873 quas
2856 1814 3070 1857 stercus
3120 1801 3379 1870 egeritur,
3421 1807 3475 1851 et
3513 1797 3684 1850 omnis

2118 1901 2405 1970 ignominia
2437 1897 2653 1967 [Egyptt
2697 1895 3182 1955 demonstrabitur,
3226 1894 3296 1945 ita
3339 1901 3397 1942 ιιι
3451 1889 3684 1942 confun-

2115 1994 2319 2046 dantur
2347 1991 2439 2058 qui
2469 1993 2774 2042 habuerunt
2809 2002 2956 2055 spem
2987 1987 3036 2038 in
3062 1983 3297 2054 Egypto
3325 1994 3378 2036 et
3405 1979 3684 2034 ἰιιᾸ-Ζτιιίο-

2115 2085 2225 2150 pia,
2264 2091 2319 2135 et
2351 2080 2573 2150 gloriam
2610 2094 2766 2133 suain
2815 2079 2865 2130 in
2899 2076 3275 2129 cntifusionem
3305 2075 3539 2127 viderint
3569 2086 3682 2125 esse

2113 2188 2380 2231 mutatam
2427 2191 2442 2229 ;
2476 2175 2528 2228 in
2560 2185 2788 2239 tantum,
2823 2183 2879 2225 ut
2912 2172 3186 2225 habitator
3219 2168 3406 2224 insulae
3436 2167 3679 2235 hujus,“

2115 2279 2223 2332 est,
2265 2269 2469 2329 saeculi,
2501 2268 2594 2336 qtti
2636 2282 2745 2319 non
2780 2273 2865 2318 est
2901 2264 3106 2317 advena
3139 2275 3192 2317 et
3223 2261 3564 2332 peregrinus,
3591 2258 3683 2314 scd

2119 2372 2434 2429 perpetuam
2481 2360 2668 2411 mundi
2727 2356 3126 2426 possessionem
3181 2356 3380 2408 habere
3412 2352 3683 2420 cupiebat,

2116 2452 2380 2506 confusus
2419 2452 2613 2505 dicat;
2663 2448 2786 2502 llaec
2848 2459 2934 2502 est
2984 2445 3274 2516 Egyptus,
3321 2454 3375 2497 et
3431 2443 3549 2498 haec
3607 2452 3686 2497 est

2115 2541 2425 2610 Ethiopian,
2448 2555 2676 2609 quarum
2709 2539 3070 2608 sperabamus
3098 2537 3381 2601 auxilium,
3400 2543 3513 2588 uta
3548 2534 3687 2601 prin-

2114 2634 2234 2702 cipe
2283 2633 2471 2685 mnndi
2505 2633 2660 2685 istius
2712 2645 2810 2684 nos
2869 2626 3213 2683 liberarent?
3247 2626 3522 2692 Quomodo
3561 2641 3688 2691 ergo

2118 2723 2356 2791 cﬂugere
2377 2724 2700 2790 poterimus,
2724 2736 2847 2774 cum
2871 2721 3012 2788 capti
3039 2719 3147 2771 sint
3165 2719 3217 2771 lti
3249 2719 3301 2771 in
3327 2719 3519 2786 quibus
3541 2731 3684 2786 spent

2121 2810 2502 2864 habebamus?
2536 2809 2598 2862 Et
2627 2809 2730 2864 hoc
2761 2808 3087 2870 notandum,
3112 2810 3256 2876 quod
3285 2819 3574 2874 antequam
3600 2820 3688 2860 ca»

2115 2903 2294 2972 piatur
2327 2902 2561 2968 Azotus,
2604 2902 2871 2970 Propheta
2904 2915 3064 2956 sacco
3100 2900 3324 2953 vestitus
3370 2903 3458 2962 sit,
3489 2910 3546 2952 et
3577 2899 3688 2952 cal-

2117 2994 2275 3047 ciatis
2329 2995 2578 3061 pedibus,
2617 3004 2674 3047 ιιι
2713 2994 2933 3063 plangat
2969 2991 3188 3062 quidem
3213 3007 3328 3056 eos,
3371 2993 3454 3057 qui
3494 2994 3688 3043 arden-

2119 3086 2258 3138 tibus
2288 3086 2486 3138 diaboli
2523 3085 2720 3155 jacuhs
2747 3085 3015 3138 vulnerati
3045 3095 3198 3150 sunt,
3223 3095 3276 3138 et
3324 3082 3534 3136 libidini
3572 3096 3683 3135 ser-

2122 3176 2306 3242 viunt;
2360 3178 2454 3229 sed
2488 3175 2850 3230 nihilominus
2877 3177 2994 3243 ipse
3042 3177 3306 3228 calciatus
3345 3174 3578 3236 incedat,
3630 3183 3688 3225 ut

2122 3268 2330 3322 calcare
2361 3269 2534 3336 possit
2563 3282 2728 3337 super
2763 3280 3044 3335 serpentes
3072 3275 3126 3320 et
3154 3269 3484 3338 scorpiones,
3507 3275 3562 3320 et
3592 3284 3674 3320 se-

2121 3376 2284 3414 curus
2325 3359 2578 3415 incedere
2622 3375 2719 3430 per
2759 3362 2920 3430 hujus
2951 3362 3134 3416 szeculi
3193 3375 3456 3426 eremutn,
3493 3359 3546 3414 in
3577 3375 3684 3430 qua

2121 3464 2248 3506 sunt
2291 3465 2573 3524 serpentes
2609 3464 2663 3510 et
2697 3459 3034 3526 scorpiones,
3068 3467 3121 3510 et
3179 3455 3444 3509 booaruut
3508 3469 3680 3506 rerum

2121 3544 2260 3600 sitis.
2295 3544 2589 3615 POsqutam
2627 3555 2805 3600 autem
2841 3550 3048 3602 Azotus
3097 3556 3252 3618 capta
3311 3547 3496 3608 fuerit,
3530 3543 3683 3613 303

2123 3639 2175 3692 itt
2213 3648 2396 3708 typum
2454 3640 2783 3708 captivitatis
2822 3639 3065 3712 Egypti,
3097 3650 3149 3694 et
3199 3643 3682 3707 transmigratnnus

2118 3729 2434 3799 Ethiopian,
2453 3732 2567 3799 ipse
2591 3734 2940 3788 discalciatus
2963 3745 3018 3788 et
3047 3734 3221 3786 nudus
3249 3731 3484 3784 incedat.
3510 3728 3684 3797 Neque

2119 3827 2264 3880 enim
2306 3827 2358 3877 in
2393 3825 2558 3879 Terra
2611 3834 2825 3892 sancta,
2862 3829 2926 3879 ad
2963 3842 3129 3896 quam
3164 3827 3244 3880 ire
3264 3825 3510 3890 festinat,
3534 3833 3688 3878 sacco

2119 3922 2372 3982 vestitus,
2399 3930 2453 3973 et
2477 3921 2681 3987 opertis
2716 3921 2852 3989 pelle
2882 3923 3127 3990 pedibus,
3165 3921 3245 3972 vel
3275 3930 3422 3973 stare
3449 3928 3674 3987 poterat,

2120 4011 2204 4065 Vel
2237 4012 2546 4080 ambulare,
2565 4014 2780 4068 dicente
2803 4013 3033 4066 Domino
3065 4029 3078 4066 :
3115 4012 3263 4066 Soles
3281 4012 3687 4065 calceamentuns

2118 4103 2184 4155 de
2220 4105 2435 4172 pedibus
2471 4105 2595 4166 tuis,
2621 4103 2768 4158 locus
2800 4105 3009 4158 euimin
3033 4120 3140 4175 quo
3171 4114 3306 4168 stas,
3338 4113 3477 4157 terra
3502 4111 3686 4156 sancta

2118 4201 2192 4243 est
2226 4190 2420 4260 (Exod.
2453 4207 2532 4258 in,
2565 4194 2642 4262 5).

2189 4283 2326 4353 Cap.
2361 4283 2506 4338 XXI.
2541 4283 2809 4346 —(Vers.
2845 4283 2868 4336 1
2902 4285 3080 4354 seqq.)
3111 4303 3130 4336 ι
3163 4284 3314 4339 Onus
3354 4284 3549 4340 deserti
3577 4299 3689 4338 ma.

2120 4375 2219 4430 ris.
2265 4376 2419 4430 Sicut
2459 4377 2702 4430 turbines
2760 4378 2828 4429 ab
2861 4376 3047 4429 Al't'tro
3095 4379 3345 4442 veniunt,
3373 4382 3438 4430 de
3481 4378 3687 4430 deserto

443 4500 542 4567 gize
573 4466 900 4558 intelligens,
925 4486 1063 4538 utori
1089 4481 1279 4535 maluit
1307 4493 1468 4545 quam
1507 4473 1708 4534 facere,
1747 4485 1813 4524 ne
1842 4469 2012 4523 lnere-
2046 4481 2090 4536 ι)
2119 4467 2288 4530 venit,
2326 4466 2395 4520 de
2436 4477 2584 4519 terra
2615 4469 2858 4521 horribili
2899 4469 2940 4519 ’.
2979 4466 3127 4520 Visiu
3158 4468 3292 4521 dura
3326 4471 3562 4521 nuntiata
3597 4478 3680 4520 est

441 4555 583 4640 ditas
625 4555 868 4653 paterna,
899 4587 954 4631 et
981 4574 1199 4640 antiqua
1252 4563 1531 4637 possessio
1563 4564 1617 4614 in
1674 4559 1820 4628 impii
1872 4555 2016 4625 regis

444 4651 669 4734 delicias
702 4678 1026 4726 verteretur.
1058 4660 1376 4729 Pratcipitur
1411 4665 1591 4708 autem
1641 4651 2018 4722 prophetw,ut

373 4761 379 4766 ’
442 4783 603 4824 sacco
627 4761 1103 4825 calciamentisque
1126 4748 1414 4821 depositis,
1449 4745 1626 4799 nudus
1652 4751 1707 4797 et
1731 4739 2016 4795 discalcia-

443 4872 532 4918 tus
582 4855 822 4914 incedat,
863 4863 918 4905 et
967 4851 1025 4902 in.
1089 4846 1302 4915 signum
1365 4841 1436 4894 sit
1479 4847 1642 4906 atque
1707 4843 2014 4902 portentum

442 4931 734 5025 Egyptiis,
767 4954 820 5000 et
852 4940 1196 5010 Aithiopibus
1218 4935 1310 5006 qui
1336 4934 1427 4987 Dei
1462 4928 1717 4999 populum
1743 4921 2015 4992 persecuti

443 5015 602 5110 διιῆἱξ
623 5052 678 5097 ει
732 5049 952 5109 propter
979 5032 1290 5102 superbiam
1342 5027 1491 5079 luere
1527 5021 1785 5076 humiles.
1847 5015 2017 5083 zEgy«

441 5145 562 5203 prus
592 5134 737 5186 enim
771 5131 1156 5194 interpretatur
1186 5131 1519 5192 persequens,
1557 5113 1671 5166 sive
1711 5110 1969 5162 tribin'uns
2000 5123 2016 5162 :

442 5200 750 5291 Ethioties,
782 5221 1001 5274 humiles
1034 5227 1196 5285 atque
1235 5209 1474 5278 dejecti:
1509 5205 1688 5258 omnis
1725 5203 1868 5255 enim
1924 5200 2015 5268 qui

443 5337 502 5377 se
554 5320 793 5379 exaltat,
846 5312 1221 5368 humiliabitur
1269 5305 1426 5377 (Luc.
1454 5299 1701 5368 xm“).
1756 5296 1857 5362 Qui
1922 5301 2020 5346 du-

517 5497 533 5526 ¹
566 5493 620 5546 ln
651 5487 925 5544 Hebraicis
964 5485 1254 5549 Qutestion.
1296 5497 1312 5535 :
1358 5498 1376 5529 ι
1420 5478 1645 5535 Azotns,
1695 5473 1886 5538 inquit,
1917 5470 2020 5525 He-

441 5567 625 5622 braice
642 5573 864 5614 vocatur
888 5556 1087 5614 Esdod,
1107 5561 1159 5606 et
1177 5553 1472 5622 seetindutn
1503 5549 2016 5622 pristimmrnomen

442 5613 1016 5705 etyt-nologtant‘babet
1041 5613 1179 5702 ignis
1201 5613 1532 5705 patruelis.)
1566 5617 1736 5679 Adde,
1766 5614 1809 5665 si
1834 5613 2010 5705 lubet,

813 5698 1034 5767 Bysant.
1060 5682 1154 5762 qui
1193 5682 1258 5744 {.n
1298 5687 1440 5750 Ἀζα
1485 5699 1657 5772 nitore
1711 5682 2016 5762 conditoris

444 5752 761 5839 ilbi-inissa;
798 5752 1011 5833 urbem,
1045 5752 1099 5819 ei
1127 5775 1342 5828 capram
1380 5758 1590 5826 Alutjis
1627 5755 1786 5810 docet
1835 5752 2009 5803 inter-

2123 4557 2257 4611 Inihi
2289 4576 2304 4612 :
2343 4558 2434 4627 qui
2493 4559 2807 4614 incredulus
2836 4570 2940 4625 est,
3006 4560 3300 4614 inlideliter
3333 4560 3467 4630 agit,
3515 4570 3567 4614 et
3592 4559 3683 4626 qui

2119 4651 2475 4719 depopulatur
2522 4663 2637 4719 est,
2703 4664 2902 4707 vastat.
2958 4655 3207 4708 Ascende
3271 4653 3445 4714 Elam,
3508 4654 3686 4705 obside

2119 4745 2275 4800 Mede
2310 4762 2326 4799 :
2367 4759 2581 4799 omnem
2607 4749 2866 4815 gemitum
2893 4747 3012 4816 ejus
3043 4760 3258 4799 cessare
3289 4747 3409 4797 l‘eci.
3445 4744 3687 4810 Propter-

2120 4852 2183 4890 ea
2247 4837 2437 4905 repleti
2471 4849 2596 4891 sunt
2629 4837 2797 4891 htmbi
2831 4843 2932 4892 mei
2980 4840 3168 4891 dolore
3206 4855 3221 4892 :
3260 4839 3509 4906 angustia
3555 4851 3688 4902 pus-

2121 4925 2262 4980 scdit
2285 4942 2388 4990 me,
2424 4927 2565 4980 sicut
2605 4931 2848 4998 angustia
2880 4931 3163 4999 parientis.
3200 4947 3218 4979 ι
3256 4927 3398 4981 LXX
3432 4946 3449 4984 :
3487 4944 3504 4976 ι
3541 4923 3686 4977 Visio

2121 5020 2318 5072 deserti
2347 5020 2532 5073 maris.
2566 5021 2716 5073 Sicut
2757 5032 3047 5089 tempestas
3077 5026 3141 5076 de
3176 5021 3395 5075 deserto
3429 5029 3684 5076 transeat,

2120 5111 2187 5161 de
2231 5113 2447 5165 cherto
2485 5112 2730 5168 veniens.
2780 5113 2854 5168 De
2912 5125 3054 5168 terra
3114 5115 3356 5168 horribili
3394 5113 3525 5166 visio
3553 5115 3685 5161 dnta

2121 5206 2442 5258 annuntiatn
2477 5217 2562 5260 est
2613 5209 2792 5262 mihi:
2852 5210 3232 5276 praevaricator
3280 5206 3678 5276 prsevariratur,

2121 5306 2178 5350 et
2211 5297 2425 5367 iniquus
2454 5299 2635 5370 inique
2663 5302 2794 5370 agit.
2832 5301 3031 5356 Contra
3065 5317 3148 5354 tne
3190 5300 3451 5361 Biantitaa,
3500 5307 3548 5348 et
3600 5295 3680 5345 le-

2163 5475 2348 5529 retari.

2163 5492 2348 5529 retart.

2123 5492 2156 5626 ﬁ
2194 5548 2214 5577 ¹
2243 5545 2424 5626 Falso,
2459 5556 2736 5626 etHcOntra
2758 5549 3111 5626 sacritextus
3135 5545 3292 5598 {idem
3325 5544 3522 5612 legerat
3548 5537 3688 5616 Mar-

2123 5617 2350 5738 :iiauetftas
2381 5618 2561 5671 hostili
2585 5633 2683 5687 pro
2718 5618 2997 5682 horribili;
3057 5616 3280 5679 Victum,
3311 5610 3580 5666 llo—rribilis
3611 5610 3684 5659 ri-

2173 5703 2201 5738 ο
2343 5702 2462 5738 ura.
