3898 6184
244 367 359 431 269

741 364 1248 426 COMMENTAR.
1288 362 1369 423 ΙΝ
1420 362 1682 424 lSAIAM
1727 361 2193 425 PROPHETAM
2233 364 2379 427 LIB.
2424 364 2554 432 VII,
2599 362 2759 434 CAP.
2794 365 2956 426 XXI.

3387 363 3496 431 270

247 481 362 548 κειιί
388 476 678 533 Persarum
709 477 931 531 veniunt
959 491 975 528 :
1020 489 1164 530 nunc
1202 472 1576 540 ingemiscant,
1604 481 1660 526 et
1690 487 1817 525 eou-
1849 475 1892 533 Α
1918 471 2404 538 obstupefecerant
2435 489 2519 528 me
2552 492 2565 527 :
2601 472 2838 543 Babylon
2895 472 3092 527 dilecta
3152 489 3268 528 mea
3320 480 3500 544 posita

247 571 470 626 solabor
500 583 585 624 me
617 584 634 622 :
664 566 870 622 ideirco
903 565 1091 635 repleti
1127 575 1254 619 sunt
1288 564 1452 619 lumbi
1507 564 1612 618 mei
1646 577 1815 632 augu-

246 661 594 726 stia,dolores
611 660 1081 728 apprehenderunt
1098 656 1806 726 me,sicutparturienteum

243 753 387 820 Quid
425 753 579 808 nobis
603 752 1022 820 videaturjuxta
1053 749 1350 804 Historiam
1395 749 1634 802 breviter
1657 749 1813 800 d‘xi-

247 861 374 900 mus
404 863 419 899 :
448 859 613 898 nunc
645 841 958 910 tropologiaa
1010 855 1220 894 summa
1268 854 1576 906 carpamus.
1615 839 1784 902 Vis‘o,

243 942 335 992 vel
371 938 580 1007 pondus
609 946 798 989 contra
834 932 1016 989 sazculi
1046 932 1206 1000 hujus
1251 931 1495 985 cernitur
1525 946 1673 982 mare
1711 947 1724 984 :
1758 940 1813 985 et

243 1031 496 1084 cernitur
517 1044 546 1082 a
591 1028 875 1097 propheta,
907 1025 1126 1095 quantis
1157 1011 1545 1078 minationibus
1581 1022 1810 1076 mundus

242 1122 339 1176 hic
374 1122 569 1192 plenus
593 1121 685 1173 sit.
723 1119 878 1185 Quod
915 1130 1097 1172 autem
1127 1131 1276 1170 mare
1301 1115 1604 1185 appelletur
1632 1127 1804 1166 saecu-

232 1214 356 1267 lum
385 1216 469 1282 (ut
508 1211 675 1265 multa
712 1209 1052 1280 praeteream)
1086 1221 1194 1261 uno
1250 1207 1562 1262 testimonio
1609 1204 1806 1258 Psalmi

236 1315 530 1360 contentus
556 1320 673 1356 sum
703 1318 720 1357 :
752 1302 854 1367 Qui
879 1301 1188 1355 descendam
1211 1316 1354 1354 mare
1376 1301 1428 1352 in
1452 1298 1694 1359 navibus,
1719 1298 1805 1365 fa-

231 1397 437 1448 cientes
471 1394 799 1464 operationes
830 1395 886 1444 in
945 1392 1092 1460 aquis
1145 1390 1347 1444 multis.
1405 1388 1518 1452 Ipsi
1565 1388 1806 1442 viderunt

235 1503 404 1555 opera
441 1486 668 1550 Domini,
693 1495 743 1540 et
783 1484 1052 1538 mirabilia
1089 1484 1204 1552 ejus
1253 1483 1307 1535 in
1338 1483 1600 1552 profundo
1631 1481 1804 1550 (Psal.

236 1593 355 1642 cu,
384 1577 608 1646 23,24).
641 1576 904 1642 Quienim
924 1584 1218 1643 operantur
1245 1572 1298 1627 in
1329 1574 1430 1626 hoc
1455 1571 1654 1626 sarculo
1673 1585 1808 1640 opus

233 1667 363 1731 Dei,
396 1673 453 1720 et
491 1681 614 1718 cum
665 1666 927 1734 propheta
959 1663 1147 1717 dicunt
1180 1679 1199 1716 :
1239 1663 1363 1716 Veni
1386 1663 1437 1716 in
1487 1663 1806 1730 profundum

234 1757 430 1818 maris,
459 1757 558 1823 ipsi
594 1756 780 1809 videat
833 1755 1096 1807 mirabilia
1153 1754 1272 1822 ejus
1323 1755 1376 1806 in
1418 1753 1718 1820 profundo;
1752 1763 1806 1807 et

228 1848 456 1902 liberati
501 1847 568 1901 de
604 1846 1000 1901 tentationibus
1053 1854 1110 1898 et
1146 1845 1434 1914 angustiis,
1488 1843 1798 1900 horribilem
1838 1830 1878 1885 Β

224 1949 290 1991 et
317 1938 506 1990 duram
535 1935 794 1990 visionem
839 1936 1054 1989 audisse
1107 1950 1166 1989 se
1199 1936 1406 1988 dit-unt.
1445 1933 1567 1988 Hice
1620 1943 1800 1988 autem

238 2029 359 2096 ipsa
395 2035 688 2096 tempestas
711 2042 738 2078 a
769 2023 989 2079 deserto
1033 2026 1204 2088 venit,
1231 2025 1284 2078 in
1313 2039 1422 2093 quo
1451 2033 1688 2078 tentatus
1717 2034 1803 2080 est

223 2129 294 2170 et
322 2117 579 2170 Dominus
607 2112 827 2184 (Matth.
865 2115 960 2184 tv),
989 2124 1041 2167 et
1064 2114 1222 2167 Israel
1266 2114 1474 2168 colubri
1515 2116 1799 2178 morsibus,

234 2221 292 2263 et
326 2207 670 2275 scorpionum
702 2206 895 2260 ictibus
933 2205 1106 2273 patuit
1152 2204 1333 2274 (Nam.
1370 2207 1506 2274 xxi).
1553 2205 1800 2274 Cumque

230 2299 470 2363 venerit,
503 2299 818 2368 pertransit,
851 2308 903 2351 et
956 2299 1200 2366 preterit
1233 2311 1250 2348 :
1281 2306 1335 2350 et
1393 2308 1518 2351 tunc
1545 2297 1802 2368 intelligit

235 2390 331 2442 ille.
362 2391 452 2458 qui
487 2390 736 2453 sustinet,
793 2389 934 2457 quod
985 2403 1090 2442 non
1129 2389 1518 2456 praevaricatur
1553 2387 1656 2440 nisi
1711 2388 1800 2456 qui

234 2479 623 2547 praevaricator
648 2490 755 2540 est,
799 2489 852 2534 et
892 2493 997 2533 non
1039 2479 1151 2547 agit
1195 2479 1376 2546 inique
1428 2478 1528 2532 nisi
1561 2478 1796 2547 iniquus.

227 2567 310 2624 υι
344 2569 508 2639 igitur
530 2567 696 2622 maris
715 2565 970 2621 ﬂuctibus
999 2568 1314 2630 obruamur,
1338 2576 1391 2620 et
1417 2568 1684 2635 opprimat
1706 2582 1801 2622 uos

233 2673 382 2714 sava
409 2667 721 2729 tempestas,
753 2659 921 2714 nostri
956 2659 1070 2712 vitii
1097 2668 1201 2722 est,
1229 2659 1319 2728 qui
1351 2670 1475 2712 ante
1505 2668 1800 2728 tempesta-

227 2757 346 2801 tem
397 2747 843 2816 praevaricatores
865 2747 1063 2802 fuimus
1097 2758 1150 2802 et
1184 2749 1375 2813 iniqui.
1416 2749 1680 2819 Quodque
1719 2749 1803 2804 di-

233 2840 313 2891 cit
338 2853 360 2892 ξ
389 2837 587 2892 Contra
615 2854 696 2891 nte
722 2837 986 2903 Elnmite,
1000 2851 1047 2892 et
1070 2838 1236 2908 legati
1260 2838 1547 2894 Persarum
1571 2843 1800 2905 reniunt,

225 2929 328 2985 hic
361 2945 554 2985 sensus
572 2939 655 2985 est
684 2946 701 2986 :
729 2930 889 3001 303
909 2930 1158 2986 Elamitaz
1184 2934 1606 3000 interpretantur
1633 2933 1804 3001 despi-

222 3023 436 3075 ciente:
462 3035 482 3073 :
510 3020 686 3075 Persa:
710 3032 990 3077 tentantes.
1026 3021 1257 3078 Veniant
1289 3026 1446 3094 igitur
1483 3026 1535 3080 hi
1585 3027 1676 3095 qui
1707 3026 1802 3080 de-

226 3113 448 3180 spicere
477 3111 671 3174 solent,
702 3122 1070 3175 contemnere,
1104 3121 1267 3182 atque
1294 3122 1540 3180 tentare;
1573 3115 1666 3169 sed
1702 3129 1802 3183 ego

225 3201 616 3269 aiugeinist-am,
637 3210 690 3255 et
717 3201 954 3271 gemitus
997 3216 1150 3256 meus
1178 3204 1283 3270 erit
1315 3219 1431 3259 mea
1479 3204 1802 3260 consolatio.

235 3293 348 3346 Sed
381 3292 618 3346 etlumbi
649 3293 753 3347 mei
794 3293 980 3360 repleti
1015 3303 1141 3347 sunt
1166 3295 1436 3365 angustia,
1463 3305 1516 3349 et
1551 3296 1804 3348 obtinue-

237 3394 366 3440 runt
397 3401 486 3438 me
531 3385 744 3438 dolores
775 3384 929 3453 quasi
977 3386 1393 3453 parturientem,
1433 3394 1490 3438 ut
1533 3400 1564 3438 a
1611 3387 1805 3438 timore

227 3475 450 3529 Domini
473 3475 774 3544 concipiam
795 3483 851 3529 et
873 3477 1100 3543 pariam,
1119 3484 1172 3530 et
1192 3475 1440 3545 spiritum
1469 3474 1658 3529 salutis
1683 3476 1804 3541 eius

233 3570 434 3626 faciam
467 3583 629 3638 super
649 3577 872 3623 terram.
901 3566 1070 3622 Recte
1092 3576 1274 3621 autem
1296 3567 1450 3636 juxta
1475 3566 1802 3622 Hebraicum

237 3661 493 3714 turbines
525 3670 688 3726 atque
723 3667 1072 3728 tempestates
1100 3658 1168 3712 de
1195 3658 1410 3712 deserto
1467 3659 1717 3722 veniunt,
1749 3669 1804 3711 et

233 3755 304 3806 de
333 3762 480 3804 terra
507 3749 776 3813 horribili,
803 3749 890 3802 ubi
921 3762 1025 3802 non
1054 3760 1137 3803 est
1159 3748 1427 3802 habitator
1453 3749 1616 3812 Deus,
1638 3759 1695 3803 et
1715 3749 1800 3801 ubi

235 3846 493 3897 universa
532 3852 742 3895 terrena
773 3850 899 3893 sunt
921 3853 945 3893 ς
988 3850 1043 3892 et
1070 3839 1385 3908 quicunque
1419 3848 1503 3893 est
1541 3839 1803 3893 incredu-

225 3936 322 3991 lus
353 3934 468 4003 agit
488 3949 598 3987 rem
639 3945 935 4000 congruam
980 3929 1287 3984 inlidelitati
1341 3944 1470 3994 suae,
1503 3939 1558 3983 et
1593 3929 1681 3998 qui
1717 3931 1807 3984 de-

229 4027 522 4097 populator
559 4033 662 4090 est,
684 4030 880 4076 vastat.
911 4019 1064 4076 Unde
1095 4022 1355 4074 audacter
1388 4030 1576 4075 contra
1609 4021 1804 4076 adver-

231 4120 416 4174 saries
447 4115 702 4184 loquitur,
739 4112 969 4168 Ascende
998 4112 1150 4166 Elant
1169 4129 1189 4178 ;
1221 4111 1399 4166 obside
1452 4111 1648 4168 Μαρια
1682 4127 1802 4167 om-

225 4225 363 4265 nem
389 4211 646 4277 gemitum
700 4205 898 4260 deserti
929 4203 1118 4268 maris,
1142 4213 1192 4258 et
1224 4213 1384 4258 terra:
1431 4204 1725 4268 horribilis,
1749 4213 1805 4258 et

231 4301 470 4356 visionis
489 4297 815 4363 durissima,
843 4313 964 4368 quas
991 4297 1238 4350 nuntiata
1267 4305 1371 4360 est,
1422 4310 1640 4350 cessare
1669 4294 1798 4348 feci.

231 4393 376 4459 Quia
414 4391 580 4446 lumbi
614 4390 716 4443 mei
771 4399 993 4458 agentes
1023 4387 1419 4458 paenitentiam,
1454 4401 1799 4456 nequaquam

1919 571 2003 616 cst
2047 563 2178 616 mihi
2211 563 2270 617 in
2303 564 2647 618 miraculum.
2677 566 2822 619 Pone
2845 567 3500 633 mensam,contemplare

1915 651 1972 705 in
1998 654 2215 722 specula
2247 655 2616 719 comedentes,
2655 665 2708 708 et
2740 657 3032 710 bibentes:
3083 658 3312 724 surgite,
3340 657 3498 724 prino

1916 745 2084 814 cipes,
2110 746 2337 814 srripite
2367 747 2636 816 clypeum.
2688 766 2704 796 ι
2758 746 2942 799 LXX:
2981 764 2999 797 ι
3057 746 3248 815 Inique
3290 747 3378 817 egi
3439 756 3500 802 ut

1915 849 2024 890 non
2067 835 2336 899 audirem,
2385 837 2635 891 festinari
2665 846 2722 889 ut
2757 853 2865 890 non
2895 837 3164 902 viderem,
3196 848 3346 893 errat
3396 853 3495 892 cor

1915 941 2095 979 meum
2133 945 2146 980 :
2188 927 2448 996 iniquitas
2479 929 2768 981 inundavit
2797 942 2963 998 super
2993 943 3074 982 me
3115 946 3131 994 ;
3163 929 3342 982 anima
3376 943 3493 983 mea

1911 1015 2129 1071 insistit
2169 1018 2372 1072 timori.
2411 1018 2545 1072 Para
2577 1033 2842 1084 mensam,
2871 1020 3155 1089 speculare
3169 1021 3446 1089 speculam
3477 1038 3494 1076 :

1911 1108 2198 1170 comeditc,
2221 1109 2433 1163 bibite:
2488 1109 2715 1178 surgite,
2779 1111 3080 1180 principes,
3133 1122 3318 1180 parate
3384 1111 3498 1181 cly—

1905 1210 2064 1264 pcos.
2095 1215 2113 1248 ›
2140 1196 2258 1251 Prae
2287 1199 2499 1265 auditu,
2525 1208 2583 1253 et
2626 1198 2833 1254 visione
2861 1199 3151 1255 durissima
3178 1216 3339 1270 quam
3374 1217 3496 1256 cer-

1915 1290 2078 1342 nebat
2111 1289 2177 1342 de
2203 1290 2420 1344 deserto
2470 1290 2602 1343 mari
2636 1292 2896 1362 propheta
2918 1305 3224 1359 venturam,
3255 1295 3498 1349 corruis~

1909 1391 1968 1430 se
2021 1389 2074 1432 et
2131 1379 2406 1433 turbatum
2481 1395 2600 1435 esse
2658 1397 2717 1436 se
2770 1384 2924 1449 dicit,
2988 1393 3044 1438 et
3099 1385 3492 1454 propemodum

1920 1464 2280 1534 caligantibus
2331 1467 2524 1531 oculis,
2561 1480 2615 1522 et
2659 1471 2958 1539 stupefacta
3007 1482 3206 1532 mente.
3256 1475 3495 1527 nescisse

1907 1554 2035 1622 quid
2075 1567 2346 1610 cerneret.
2374 1557 2466 1610 Illa
2504 1559 2649 1613 enim
2689 1558 2925 1630 Babylon
2959 1564 3098 1628 (pro
3143 1578 3247 1630 qua
3277 1565 3490 1631 Aquila,

1907 1653 1960 1698 et
1995 1644 2314 1711 Theodetio,
2345 1649 2580 1703 tenebras
2622 1651 2959 1721 interpretati
2988 1662 3136 1717 sunt,
3195 1662 3254 1707 ut
3282 1655 3494 1723 signiti-

1908 1743 2099 1787 carent
2133 1737 2394 1790 mundum
2453 1740 2638 1804 istum,
2666 1741 2758 1808 qui
2795 1743 2846 1794 in
2882 1743 3116 1810 maligno
3167 1745 3378 1813 positus
3406 1754 3490 1798 est

1909 1822 2154 1900 (lJoan.
2198 1827 2281 1891 v),
2323 1837 2372 1880 et
2425 1829 2579 1896 cujus
2613 1831 2886 1898 principes
2934 1843 3062 1885 sunt
3088 1833 3242 1901 juxta
3273 1846 3490 1902 aposto-

1911 1923 2024 1966 tum
2080 1914 2309 1968 Paulum
2363 1917 2612 1986 (Ep/tes.
2671 1919 2773 1989 ιι),
2837 1932 3082 1976 rectores
3137 1927 3486 1978 tenebrarum

1909 2002 2133 2056 istarum
2169 2006 2353 2074 ),qua:
2405 2008 2678 2075 quondam
2736 2011 2820 2064 vel
2883 2013 3182 2078 prophetae,
3232 2014 3315 2068 vel
3362 2016 3471 2068 Deo

1908 2094 2151 2148 amabilis
2180 2095 2299 2157 fuit.
2330 2098 2468 2151 facta
2493 2108 2575 2152 est
2604 2100 2656 2152 iu
2693 2116 2789 2154 sua
2837 2105 3198 2158 subversioue
3258 2105 3485 2158 mirabi-

1905 2183 1992 2236 lis.
2028 2184 2180 2240 Uude
2215 2189 2494 2256 pr0phetze
2542 2189 2708 2262 305
2759 2195 3091 2262 praecipitur,
3153 2203 3212 2248 ut
3252 2210 3483 2251 vesccus

1909 2274 1962 2328 iu
2007 2292 2188 2331 mensa
2217 2279 2450 2345 Domini,
2485 2291 2542 2336 et
2577 2284 2724 2336 illius
2745 2296 3021 2339 saturatus
3051 2290 3198 2349 cibo,
3235 2289 3440 2359 diligen
3461 2320 3476 2330 -

1911 2369 2015 2420 tius
2028 2371 2444 2437 contempletur,
2468 2387 2587 2441 quae
2613 2383 2840 2429 ventura
2857 2377 2969 2430 sint
2990 2378 3194 2432 mundo
3218 2397 3231 2432 :
3257 2379 3487 2433 dicitur-

1908 2474 2013 2526 qne
2049 2473 2144 2526 per
2187 2474 2316 2514 eum
2354 2463 2420 2516 ad
2456 2478 2645 2519 omnes
2698 2466 3003 2531 credentes,
3033 2479 3092 2522 ut
3137 2470 3484 2527 comedentes

1907 2559 1962 2604 et
1992 2551 2244 2607 bibentes
2273 2568 2472 2624 corpus
2495 2566 2552 2610 et
2609 2562 2930 2629 sanguinein
2978 2560 3218 2628 Domini,
3265 2573 3484 2620 vertan-

1910 2651 1999 2697 tur
2017 2644 2071 2698 in
2097 2647 2379 2715 principes
2396 2647 2673 2714 Ecclesiae,
2707 2663 2764 2705 et
2788 2665 2912 2706 cum
2938 2654 3198 2722 apostolis
3226 2656 3479 2721 audiant,

1909 2735 2160 2807 Surgite:
2195 2741 2568 2810 arripiantque
2625 2743 2878 2813 clypeum
2931 2745 3057 2798 fidei
3109 2745 3176 2800 de
3198 2758 3478 2802 armatura

1909 2831 2136 2895 apostoli
2195 2828 2345 2886 Pauli
2390 2832 2408 2900 (
2441 2833 2626 2900 Eplies.
2658 2851 2706 2888 vi
2737 2835 2774 2900 ),
2800 2835 2863 2889 in
2905 2851 3013 2906 quo
3072 2838 3282 2906 possint
3312 2840 3481 2910 ignita

1917 2922 2122 2978 diaboli
2153 2926 2334 2995 jacula
2364 2926 2730 2996 exstinguere.
2770 2925 2880 2980 lloc
2930 2927 3086 2997 juxta
3132 2927 3478 2994 llebraicum.

1917 3025 1966 3071 et
1984 3026 2214 3086 emptam
2241 3025 2622 3087 supermundo
2648 3019 3182 3088 interpretationem.
3208 3021 3480 3079 Transea-

1915 3123 2036 3163 mus
2057 3109 2125 3162 ad
2164 3110 2466 3164 editionem
2499 3107 2664 3172 LXX,
2691 3124 2811 3179 quae
2842 3111 3070 3165 multum
3097 3127 3127 3166 a
3171 3114 3443 3181 superiori

1831 3169 1876 3226 ο
1909 3199 2013 3252 bus
2075 3199 2368 3268 discrepat.
2427 3169 2664 3268 Corripit
2707 3169 2804 3256 ἐς
2855 3204 3142 3272 propheta,
3187 3169 3305 3259 imo
3375 3205 3479 3259 sub

1907 3306 2139 3361 persona
2217 3307 2315 3347 sua
2388 3294 2622 3348 aliorum
2695 3295 2986 3349 confiteth
3041 3312 3309 3358 errorem.
3379 3300 3476 3369 qui

1906 3391 2201 3451 sequentes
2252 3384 2588 3438 occidentem
2635 3383 2903 3448 litteram.
2936 3392 3478 3459 contemnuutspiri-

1911 3489 2022 3530 tum
2062 3477 2419 3530 viviﬁcantem
2452 3493 2468 3543 ;
2505 3487 2560 3531 et
2599 3478 2784 3547 inique
2844 3479 3040 3533 fecisse
3098 3495 3156 3534 se
3209 3481 3364 3545 dicit,
3422 3492 3477 3535 ut

1908 3581 2018 3620 non
2067 3568 2282 3623 audiret
2314 3567 2493 3638 legem
2561 3569 2920 3638 spiritualiter
2960 3586 2975 3623 :
3012 3570 3106 3624 sed
3159 3574 3474 3626 econtrario

1900 3657 2194 3713 festinaret
2229 3659 2319 3713 Dei
2347 3673 2680 3716 sacramenta
2706 3677 2813 3715 non
2841 3677 3086 3725 cernere,
3122 3677 3222 3716 nee
3276 3666 3481 3719 diceret

1908 3763 2030 3803 cum
2071 3749 2238 3803 David
2276 3749 2509 3804 :Revela
2561 3752 2737 3806 oculos
2800 3768 2964 3815 meos,
3027 3764 3076 3807 et
3119 3754 3471 3829 considerabo

1906 3841 2169 3894 mirabilia
2199 3841 2264 3895 de
2289 3843 2398 3912 lege
2429 3850 2521 3895 tua
2545 3841 2933 3913 (Psal.cxvm,
2955 3844 3062 3914 l8).
3093 3844 3302 3899 Idcirco
3331 3856 3483 3900 errat

1905 3950 2000 3989 cor
2028 3933 2168 4004 ejus,
2197 3944 2254 3988 et
2281 3933 2504 3988 Judaica
2533 3937 2924 4004 superstitione
2959 3941 3316 4005 completum,
3362 3953 3472 3991 non

1905 4026 1960 4080 in
1988 4025 2252 4080 charitate
2276 4026 2388 4092 Dei,
2429 4026 2522 4082 sed
2567 4027 2620 4081 in
2655 4028 2848 4082 timore
2894 4029 3162 4092 consistit,
3187 4038 3241 4081 ut
3283 4029 3483 4090 habeat

1905 4118 2154 4188 spiritum
2207 4119 2484 4176 servitutis
2526 4120 2580 4175 in
2642 4124 2856 4185 timore,
2910 4131 2966 4176 et
2994 4138 3332 4192 nequaquam
3361 4125 3486 4194 Spi'

1908 4211 2070 4265 ritum
2092 4210 2422 4280 adoptionis.
2442 4212 2494 4266 in
2518 4227 2625 4281 quo
2637 4213 2868 4268 clamam
2878 4228 2958 4274 us,
2977 4214 3116 4267 Abba
3134 4224 3285 4283 pater
3303 4214 3483 4282 (Rom.

1905 4301 2045 4372 vni).
2077 4302 2230 4357 Unde
2257 4305 2568 4373 praecipitur
2601 4307 2674 4367 ei,
2704 4314 2763 4359 ut
2813 4307 3040 4360 accedat
3101 4309 3167 4361 ad
3228 4326 3468 4364 mensam

1907 4396 2156 4449 ciborum
2194 4396 2589 4464 spiritualium,
2631 4397 3038 4468 comedantque
3085 4416 3281 4455 omnes
3313 4401 3367 4454 in
3396 4416 3484 4463 ea,

225 4498 298 4540 ut
325 4483 480 4554 prius
525 4482 815 4551 voluptate,
839 4482 933 4535 sed
956 4480 1144 4534 dolore
1165 4488 1297 4535 sunt
1330 4479 1493 4548 pleni,
1521 4493 1622 4534 nec
1660 4479 1800 4533 ultra
1837 4499 1882 4556 υ
1909 4487 2003 4554 qui
2036 4487 2181 4541 illius
2208 4499 2511 4556 sequuntur
2541 4489 2869 4558 exemplum,
2899 4501 2954 4544 et
2983 4489 3168 4546 bibant
3199 4509 3209 4543 :
3237 4500 3294 4546 et
3333 4504 3488 4546 vete-

233 4581 412 4634 dicam
440 4590 456 4632 :
486 4576 672 4631 Lumbi
711 4574 813 4628 mei
840 4572 1042 4642 impleti
1090 4581 1210 4626 sunt
1259 4570 1597 4626 illusionibus
1629 4571 1804 4640 (Psal.

233 4685 450 4736 xxxvii,
481 4667 560 4738 8).
589 4667 853 4737 Augustin
879 4667 1025 4720 enim
1043 4665 1290 4733 possedit
1311 4676 1396 4716 me
1428 4673 1484 4716 et
1511 4662 1808 4728 tribulatio,

236 4763 384 4817 sicut
436 4761 576 4816 solet
609 4769 792 4812 tenere
852 4757 1268 4825 parturientem.
1305 4752 1528 4808 Multum
1579 4753 1719 4808 inter
1751 4767 1810 4808 se

237 4853 464 4922 Vulgata
485 4851 669 4915 editio,
691 4863 744 4904 et
763 4847 1084 4903 Hebraicqu
1099 4847 1158 4900 iu
1185 4848 1287 4900 hoc
1304 4847 1422 4900 loco
1442 4845 1755 4914 discrepant
1790 4859 1808 4900 ε

233 4947 358 5000 ideo
377 4944 611 4998 breviter
637 4955 928 5010 utrumque
947 4939 1400 5008 perstringemus.
1427 4953 1493 4991 ne
1514 4936 1814 5004 φιλεγκλη-

233 5036 419 5106 μῶσιν
449 5035 464 5066 ⁸
502 5035 756 5103 carpendi
792 5047 890 5086 nos
937 5029 1373 5085 occasiunculam
1421 5028 1810 5094 relinquamus.

307 5131 327 5197 (
360 5128 516 5181 Vcrs.
547 5125 604 5190 4,
625 5125 702 5189 5).
743 5141 761 5174 ι
788 5121 982 5178 Corrui
1011 5135 1136 5174 cum
1164 5121 1432 5183 audirem,
1453 5119 1816 5172 conturbatus

233 5235 357 5277 sum
379 5232 506 5273 cum
535 5216 779 5270 viderem
812 5231 829 5268 :
863 5214 1132 5268 emarcuit
1176 5228 1272 5267 cor
1305 5225 1508 5276 meum,
1570 5211 1813 5264 tenebrae

312 5423 441 5480 ‘Ne
469 5421 942 5492 φιλετκλημῶσιν.
991 5417 1160 5492 Μὶνριθ
1210 5415 1485 5485 quomodo
1535 5413 1817 5492 tiarianas

233 5500 342 5552 hoc
373 5484 495 5548 loco
545 5484 667 5560 non
700 5484 1050 5560 castigaverit
1096 5484 1410 5560 Erasmutn,
1463 5488 1546 5560 uti
1592 5484 1730 5560 fecit
1765 5486 1817 5538 in

231 5551 499 5636 Epistola
532 5563 599 5615 ad
635 5551 966 5636 Evange'lum
997 5558 1066 5610 de
1083 5551 1518 5636 .Melcliisedle‘eh,
1554 5554 1642 5607 ubi
1676 5555 1817 5608 idem

236 5623 438 5691 nomen
458 5632 706 5702 Graecum
727 5623 954 5697 legimus
983 5627 1216 5702 positum
1249 5639 1264 5689 ;
1293 5623 1399 5702 sed
1423 5623 1602 5676 llctam
1629 5637 1814 5702 vocem

237 5710 306 5759 ab
345 5706 537 5760 eodem
593 5693 836 5765 Erasini),
872 5693 993 5749 non
1016 5694 1173 5749 [idem
1208 5693 1470 5765 codicum
1497 5707 1627 5765 mss.
1664 5693 1815 5765 sequi

238 5774 501 5829 voluerit.
534 5762 1008 5838 Scriptum'igitur
1053 5765 1225 5834 reperi
1257 5762 1733 5834 φιλεγκλημῶσιν,
1767 5762 1820 5814 id

1909 4580 1961 4632 .ri
1989 4593 2176 4633 errore
2205 4587 2520 4646 contempto
2562 4590 2890 4649 consurgant
2931 4580 2985 4634 in
3015 4582 3234 4650 spiritu,
3283 4583 3377 4650 qui
3402 4583 3490 4652 jac

1917 4671 2109 4726 cebant
2151 4673 2202 4724 in
2239 4671 2440 4734 littera,
2469 4682 2522 4726 et
2546 4671 2681 4725 fiant
2707 4673 2998 4740 principes,
3025 4673 3317 4743 dicuntque
3345 4689 3468 4727 cum

1919 4762 2185 4832 Propheta
2219 4778 2235 4817 z
2274 4762 2514 4828 Domine,
2569 4772 2625 4815 ut
2679 4773 2828 4817 scuto
2880 4764 3027 4818 bona:
3068 4763 3351 4818 voluntatis
3384 4773 3490 4818 tuo:

1920 4852 2190 4904 coronasti
2220 4867 2312 4904 nos
2351 4850 2522 4915 (Psal.
2559 4867 2612 4917 v,
2650 4853 2764 4922 l5).

1993 4943 2174 5015 (Vers.
2220 4943 2275 5006 6,
2303 4943 2397 5011 7.)
2433 4960 2451 4994 ι
2493 4941 2618 4998 Ιιωο
2641 4947 2784 4998 enim
2837 4945 2970 4998 dixit
3021 4943 3152 4997 mihi
3189 4943 3488 5003 Dominus:

1925 5033 2071 5088 \‘ade
2100 5044 2154 5089 et
2187 5049 2329 5104 pone
2353 5035 2773 5103 speculatorem,
2795 5047 2850 5087 et
2880 5033 3243 5102 quodcunque
3283 5033 3487 5088 viderit

1923 5128 2229 5182 annuntiet.
2267 5129 2328 5182 Et
2362 5129 2493 5182 vidit
2523 5143 2738 5180 currum
2765 5127 2989 5179 duorum
3013 5128 3278 5194 equitum,
3297 5140 3491 5182 ascen.-

1925 5233 2103 5274 sorem
2134 5221 2366 5286 asini,et
2389 5233 2731 5274 ascensorem
2763 5216 3051 5281 caiiieli,et
3084 5219 3486 5288 contemplatus

1926 5429 2007 5470 est
2027 5434 2040 5480 ;
2063 5417 2388 5470 amatoribus
2408 5414 2773 5484 querelarum:
2799 5428 2901 5467 non
2933 5413 3306 5467 Erasmianum
3337 5411 3490 5478 φιλι-

1927 5488 2242 5555 πιτιμώςιν.
2299 5483 2652 5539 Μιιιτιιιιιμ-
2685 5483 2780 5538 His
2833 5485 3078 5555 scilicet,
3120 5487 3209 5550 qui
3264 5484 3492 5536 libenter

1927 5553 2208 5609 accusant.
2240 5557 2404 5616 Paulo
2438 5555 2851 5608 autemdiverso
2873 5568 3035 5608 sensu
3068 5553 3170 5607 hoc
3202 5557 3368 5606 utitur
3396 5567 3492 5602 vn-

1927 5631 2117 5680 cahulo
2147 5625 2204 5678 S.
2243 5627 2461 5693 paterin
2490 5627 2646 5690 epist.
2682 5623 2771 5684 75,
2816 5626 2880 5678 ad
2912 5623 3260 5691 Evangclum,
3303 5636 3399 5690 pro
3428 5639 3494 5675 eo

1929 5697 2072 5766 quod
2099 5698 2428 5750 accusationi
2461 5708 2513 5749 et
2539 5695 2826 5751 caluumiuz
2858 5705 3022 5762 patet.
