3972 6198
457 355 553 419 971

1608 353 1668 414 S.
1703 349 2014 412 EUSEBII
2069 350 2506 412 HIERONYMI

3594 356 3700 418 272

451 480 534 524 est
560 468 844 538 diligenter
867 467 1032 522 multo
1057 467 1342 534 intuitu,et
1365 466 1734 522 clamavitleo.
1766 485 1784 518 ι
1816 465 1956 520 LXX
1991 479 2005 520 ε
2046 483 2090 535 Α
2122 481 2237 520 ram
2309 465 2686 519 haereticorum
2739 466 3031 537 variosque
3089 481 3303 523 errores
3359 467 3694 534 Increscunt,

459 580 477 612 ι
498 562 632 628 Quia
651 561 730 616 sic
747 560 882 614 dixit
899 561 963 614 ad
984 575 1067 612 me
1083 559 1338 612 Dominus
1359 574 1372 612 :
1394 556 1541 611 Vade
1555 568 1608 612 et
1632 572 1768 626 pone
1786 557 1880 610 tibi
1901 572 2020 624 spe-

454 655 842 718 cnlatorem,et
869 653 1225 719 quodcunque
1245 649 1466 712 videris,
1497 649 1780 702 anrrnntia.
1818 647 1882 700 Et
1913 647 2022 701 vidi

455 758 772 800 ascensores
793 743 1006 811 equites
1027 743 1190 806 duos,
1219 754 1564 794 ascensorem
1588 740 1747 804 asini,
1769 749 1823 792 et
1843 753 2023 792 ascen-

455 852 632 891 sorem
680 836 870 891 cameli
903 851 918 890 :
947 833 1123 887 audivi
1172 832 1410 886 auditum
1463 832 1790 894 rnultum,et
1835 829 2018 884 vocavi

458 930 638 985 Uriam
677 928 740 981 ad
772 927 1064 995 speculam.
1106 944 1124 977 r
1156 923 1392 979 Jubctur
1416 924 1672 992 pr0plrcta
1725 938 1924 992 ponere
1967 923 2022 973 in

453 1025 613 1075 corde
631 1036 728 1074 suo
749 1020 1166 1088 speculatorem,
1200 1026 1254 1070 et
1281 1017 1592 1084 diligentius
1645 1016 1842 1068 intueri
1901 1029 2020 1082 qua:

457 1121 679 1164 ventura
707 1109 1049 1163 suntrnundo
1072 1123 1087 1162 :
1108 1107 1347 1176 vijitque
1367 1117 1502 1160 duos
1531 1107 2030 1172 equites,ascenso-

461 1219 570 1258 rem
595 1201 758 1262 asini.
779 1211 833 1255 et
853 1214 1189 1253 ascensorem
1215 1198 1587 1263 cameli.Quos
1611 1200 1826 1266 quidanr
1847 1199 1924 1252 sic
1950 1202 2032 1251 irr-

461 1301 786 1362 terprctatus
800 1302 879 1346 cst
894 1302 949 1344 ut
967 1305 1312 1346 ascensorem
1332 1291 1466 1344 asini
1483 1292 1631 1358 juxta
1655 1290 2026 1360 Evangelicam

459 1387 742 1440 lectionem
763 1381 1110 1453 (Mattlr.xxr),
1126 1394 1176 1437 et
1199 1382 1531 1451 prOphetiatn
1551 1381 1822 1435 Zachariae
1843 1379 2027 1450 (lat-Ir.

460 1478 558 1547 rx).
587 1476 862 1530 Christum
893 1476 1095 1528 diceret
1123 1489 1138 1540 ;
1167 1484 1218 1527 et
1237 1473 1542 1527 econtrario
1565 1487 1907 1527 ascensorem
1934 1488 2029 1525 ca-

461 1570 605 1632 rneli,
625 1569 951 1621 eomrariarn
985 1565 1550 1634 fortitudinem,305
1575 1574 1789 1633 propter
1819 1564 2033 1619 foedita-

463 1673 566 1714 tern
611 1661 832 1713 tortuosi
869 1659 1183 1711 animantis.
1206 1656 1306 1710 Alii
1365 1672 1490 1711 vero
1527 1659 1662 1710 duos
1717 1671 2034 1711 ascensores

460 1754 655 1807 littera!
671 1759 724 1804 et
753 1751 973 1817 spiritus
991 1749 1054 1801 ad
1085 1747 1191 1801 duo
1217 1748 1457 1803 referunt
1484 1749 1849 1802 Testamenta.
1877 1747 2036 1802 Illud-

2124 558 2213 627 qui
2246 556 2603 611 fabricatores
2629 569 2759 612 sunt
2791 560 3082 624 idolorum,
3117 572 3173 614 et
3201 560 3428 614 adorant
3461 577 3582 629 quae
3630 562 3696 613 de

2127 667 2228 706 suo
2257 652 2420 705 corde
2447 652 2746 706 tinxerunt.
2768 651 3030 721 Quodque
3050 653 3300 718 sequitur
3345 667 3408 703 et
3464 666 3698 718 persona

2127 743 2399 813 propheta:
2437 743 2667 797 dicentis
2702 763 2712 794 :
2753 744 2961 796 Tritura
3005 759 3138 806 mea,
3163 756 3207 795 et
3236 741 3337 809 ﬁlii
3367 758 3508 795 area
3549 757 3698 804 metr,

2129 851 2243 904 qua:
2270 835 2450 888 audivi
2475 852 2504 887 a
2535 834 2754 886 Domino
2783 838 3106 888 exercituum
3143 833 3247 885 Deo
3269 833 3464 894 Israel,
3492 847 3702 885 annun—

2132 925 2256 977 tiavi
2306 927 2468 988 vobis,
2497 924 2646 992 juxta
2684 923 3004 978 llebraicum
3059 925 3200 977 hunc
3246 923 3405 976 habet
3436 937 3700 976 sensum:

2131 1015 2175 1069 Ο
2210 1017 2425 1083 popule,
2461 1017 2550 1083 qui
2589 1016 2906 1068 condendas
2943 1030 3002 1068 es
3035 1016 3086 1067 in
3139 1017 3332 1067 horrea
3371 1030 3510 1079 inca,
3540 1028 3702 1081 quem

2134 1108 2338 1160 idcirco
2371 1109 2491 1159 trivi
2528 1108 2581 1159 in
2606 1109 2768 1160 variis
2795 1109 3080 1178 angustiis,
3115 1119 3168 1159 ut
3198 1107 3378 1175 paleas
3409 1106 3478 1159 ab
3509 1123 3578 1159 eo
3609 1120 3708 1158 es-

2134 1207 2396 1257 cuterem.
2427 1207 2482 1251 et
2532 1198 2882 1265 purissimum
2917 1198 3156 1250 triticum
3195 1200 3247 1249 in
3305 1198 3442 1249 meis
3496 1196 3710 1249 horreis

2136 1289 2485 1350 conderetur,
2517 1302 2637 1353 (tua:
2665 1286 2845 1338 audivi
2889 1301 2918 1338 a
2966 1285 3189 1340 Domino
3218 1287 3559 1341 exercituum
3597 1285 3710 1338 Deo

2136 1377 2300 1430 Israel
2335 1392 2454 1431 esse
2478 1385 2702 1431 ventura
2741 1378 2995 1432 universo
3029 1379 3251 1440 mundo,
3283 1380 3396 1432 hzec
3433 1382 3590 1431 vobis
3617 1378 3708 1444 qui

2138 1471 2191 1524 in
2227 1472 2428 1523 nnmdo
2457 1472 2590 1524 estis
2634 1471 2889 1525 ornnihus
2916 1471 3181 1524 nurrt'iavi.
3209 1471 3312 1524 Alii
3349 1485 3478 1523 vero
3517 1470 3711 1523 dicunt

2141 1559 2317 1614 adhuc
2358 1561 2695 1629 superiorem
2726 1577 2847 1615 esse
2871 1576 3179 1628 personam,
3209 1561 3458 1614 videlicet
3482 1559 3696 1614 Domini

2141 1652 2460 1714 Salvatoris,
2492 1653 2634 1719 quod
2667 1655 2781 1718 ipse
2804 1653 3055 1718 loruatnr
3102 1657 3166 1706 aJ
3209 1654 3482 1720 apostolos
3520 1669 3536 1708 :
3575 1653 3712 1717 Qua:

2139 1745 2317 1796 audivi
2349 1762 2380 1796 a
2435 1744 2595 1797 Patre
2629 1748 2934 1798 annuntiavi
2979 1745 3120 1798 vobis
3158 1743 3336 1815 (Joan.
3376 1759 3460 1808 sv,
3497 1743 3604 1809 l5).
3646 1745 3712 1796 I‘lt

459 1858 566 1911 que
596 1841 736 1909 quod
765 1841 816 1892 in
857 1839 1120 1893 Hebraico
1155 1839 1356 1892 dicitur
1393 1854 1515 1892 Αιιιε
1548 1838 1765 1907 (nhs),
1793 1855 1890 1909 pro
1917 1855 2024 1906 quo
2061 1819 2104 1879 Β
2136 1835 2261 1902 quia
2296 1851 2391 1900 pro
2421 1833 2523 1888 hoc
2557 1835 2608 1886 in
2641 1834 2779 1887 LXX
2803 1836 3016 1904 legitur,
3046 1837 3223 1888 audite
3256 1836 3347 1906 qui
3371 1836 3537 1888 relicti
3561 1835 3707 1898 estis,

462 1934 650 2001 Aquila
677 1943 732 1988 et
770 1931 1130 2001 Symmachus
1149 1931 1344 1983 leonem
1366 1943 1419 1983 et
1437 1929 1599 1982 leirna
1613 1946 1658 1982 m
1683 1929 2024 2000 interpretati

464 2035 612 2089 sunt,
637 2024 822 2078 nescio
851 2024 978 2092 quid
1020 2024 1260 2075 volentes
1310 2020 1448 2074 LXX
1487 2021 1677 2092 οὐρίαν
1712 2030 2027 2089 posuerunt,

467 2117 607 2185 quod
629 2116 1033 2185 quidamlumen
1057 2112 1262 2165 Domini
1296 2112 1647 2180 interpretari
1679 2121 2028 2182 putant,cum

467 2212 589 2266 aliis
624 2209 819 2264 litteris
853 2208 1030 2261 lumen
1065 2207 1299 2271 Domini,
1329 2207 1468 2274 quod
1516 2207 1600 2258 hic
1636 2221 1739 2258 non
1774 2205 2026 2270 habetur,

469 2304 662 2356 ctaliis
679 2300 952 2356 scribatur
978 2301 1078 2364 leo,
1104 2300 1194 2366 qui
1224 2298 1544 2364 hiclegitur.
1579 2294 1813 2364 Vultque
1845 2311 2032 2364 specu-

469 2395 693 2448 latorem
726 2393 912 2456 istum,
952 2405 1111 2458 quem
1161 2388 1382 2456 jnbetur
1419 2389 1674 2458 propheta
1733 2401 1930 2457 p0nere
1979 2388 2030 2438 in

468 2485 629 2538 corde
662 2497 783 2548 suo,
805 2479 1064 2550 appellari
1095 2476 1299 2542 Uriam,
1323 2487 1376 2531 et
1408 2492 1503 2546 per
1525 2477 2028 2546 interpretationem

471 2578 706 2631 nominis
732 2573 897 2628 refert
919 2575 986 2627 ad
1005 2571 1207 2626 Christi
1241 2569 1673 2640 intelligentiam,
1699 2578 1755 2621 ut
1785 2569 1901 2636 ipso
1934 2569 2028 2621 ha-

467 2671 674 2725 bitante
695 2669 747 2721 in
772 2667 945 2729 nobis,
969 2665 1237 2734 possimus
1255 2676 1478 2717 cernere
1498 2676 1615 2730 quae
1637 2671 1862 2715 ventura
1887 2671 2028 2714 sunt.

469 2764 588 2826 Quo
612 2766 622 2811 l
649 2759 891 2828 quidem,
924 2768 977 2809 ct
1000 2757 1139 2810 lc0ni
1164 2754 1359 2822 poterit
1389 2755 1662 2821 coaptari,
1709 2755 1833 2821 quia
1869 2752 2032 2805 Jacob

472 2853 622 2921 (Gen.
650 2851 792 2916 sus)
821 2859 874 2902 et
900 2848 1110 2900 Balaam
1133 2842 1326 2912 (Nam.
1373 2845 1665 2914 χιιι-χχιιι)
1709 2843 1807 2897 sub
1831 2842 2032 2895 Christi

473 2942 728 3010 mysterio
755 2938 1082 2991 nominatur.

542 3030 720 3102 (Vers.
742 3027 920 3096 8-I0.)
967 3044 987 3077 ι
1026 3026 1200 3095 Super
1231 3025 1500 3094 speculam
1526 3022 1734 3078 Domini
1760 3039 1860 3094 ego
1889 3040 2030 3090 sum,

2138 1935 2185 1978 et
2213 1925 2421 1990 doletis,
2458 1927 2544 1980 hic
2579 1927 2710 1981 mihi
2755 1927 2908 1996 juxta
2944 1930 3458 1996 Illlel’llrclaIBOIIe."
3513 1943 3708 1981 eorum

2139 2031 2331 2070 sensus
2398 2018 2665 2072 videtur:
2721 2017 2764 2073 Ο
2829 2021 3094 2082 Apostoli,
3149 2021 3216 2073 de.
3263 2021 3460 2087 quibus
3520 2021 3713 2073 scribit

2141 2108 2306 2162 Isaias
2339 2125 2352 2164 :
2398 2109 2517 2162 Nisi
2550 2111 2801 2164 Dominus
2829 2113 3117 2180 reliquisset
3143 2113 3286 2165 trabis
3321 2129 3512 2176 semen,
3555 2116 3711 2180 quasi

2140 2199 2370 2252 Sodoma
2394 2217 2640 2269 essemus,
2666 2212 2713 2255 et
2732 2203 2930 2256 similes
2958 2201 3258 2258 Comorrhre
3279 2202 3709 2272 fuissemususn.

2141 2304 2193 2355 v,
2221 2291 2297 2359 9),
2334 2306 2562 2359 quorum
2594 2293 2851 2362 reliquias
2906 2305 2960 2348 et
2994 2298 3281 2364 Apostolus
3330 2299 3393 2349 ad
3437 2296 3713 2349 Romanus

2141 2381 2296 2436 docet
2327 2398 2446 2437 esse
2474 2384 2712 2441 salvatas
2745 2385 2919 2454 (Rom.
2953 2388 3029 2458 rx)
3069 2403 3083 2441 :
3126 2390 3217 2454 qui
3252 2388 3422 2442 relicti
3457 2388 3590 2442 estis
3639 2389 3714 2442 de

2145 2473 2336 2542 popqu
2367 2472 2674 2529 Iudaeorum
2722 2485 2778 2532 ιιι
2808 2477 3149 2531 salvarernini
3174 2495 3188 2544 ;
3217 2488 3271 2533 et
3301 2478 3493 2531 doletis
3545 2492 3712 2545 super

2142 2567 2443 2635 perditione
2472 2569 2648 2636 gentis
2675 2579 2886 2635 vestrae,
2923 2572 2988 2624 de
3023 2585 3128 2639 qua
3169 2579 3221 2622 et
3275 2568 3403 2622 alibi
3433 2567 3658 2638 legimus
3690 2580 3709 2622 :

2145 2655 2387 2709 Tristitia
2420 2667 2496 2711 est
2525 2661 2673 2711 cordi
2702 2675 2841 2722 meo,
2873 2668 2922 2714 et
2957 2660 3112 2712 dolor
3136 2659 3413 2712 continuus
3444 2674 3538 2725 pro
3585 2658 3708 2726 fra-

2143 2749 2308 2801 tribus
2327 2751 2472 2812 meis,
2491 2752 2580 2818 qui
2595 2763 2712 2803 sunt
2734 2749 2996 2805 Israelita'
3011 2755 3290 2806 secundum
3308 2766 3515 2804 carnem
3535 2749 3714 2818 (Rom.

2153 2854 2234 2904 rs,
2259 2838 2316 2904 2,
2342 2840 2396 2911 5)
2424 2840 2571 2894 :hzec
2594 2857 2714 2909 qua:
2739 2842 2917 2896 audivi
2939 2858 2968 2895 a
2990 2843 3096 2896 Deo
3122 2839 3305 2906 Patre,
3326 2842 3479 2894 vobis
3502 2856 3718 2896 armau—

2144 2930 2236 2995 tio,
2267 2944 2388 2999 qua:
2413 2930 2552 2986 Deus
2585 2931 2748 2987 Israel
2781 2935 2929 2988 vobis
2963 2945 3187 2988 ventura
3215 2935 3476 3003 prtedicit.

2214 3020 2393 3091 (νει-8.
2426 3022 2512 3088 il,
2550 3024 2659 3088 I2.)
2694 3044 2711 3077 ι
2745 3024 2895 3081 Onus
2931 3025 3096 3079 Duma
3126 3043 3139 3081 :
3174 3027 3238 3080 ad
3272 3041 3357 3081 me
3407 3025 3601 3080 clamat
3640 3040 3714 3078 ex

473 3085 837 3190 sta‘nsjugiter
859 3085 1134 3189 perdiem',
1156 3126 1385 3185 ctsuper
1409 3117 1711 3172 custodiam
1741 3085 1915 3172 meam
1939 3133 2038 3187 ego
2069 3085 2109 3140 Ο
2148 3113 2266 3166 Seir
2297 3130 2310 3168 :
2343 3115 2564 3181 Custos,
2612 3117 2739 3182 quid
2776 3119 2842 3170 de
2891 3131 3046 3171 nocte
3073 3118 3096 3171 ἲ
3125 3130 3328 3184 custos,
3357 3117 3484 3188 quid
3514 3117 3581 3171 de
3605 3133 3713 3170 no-

473 3232 616 3282 sum,
634 3224 783 3268 stans
800 3212 926 3266 totis
953 3212 1222 3265 noctibus.
1247 3207 1382 3263 Ecce
1406 3209 1506 3264 iste
1523 3208 1666 3264 venit
1691 3222 1945 3264 ascensor
1959 3210 2040 3262 vir

472 3309 610 3377 biga:
634 3306 896 3374 equitum,
934 3313 987 3358 et
1032 3301 1310 3370 respondit
1335 3309 1390 3354 et
1422 3301 1597 3354 dixit:
1630 3300 1860 3364 Cecidit,
1893 3301 2038 3355 ceci-

472 3400 549 3454 dit
573 3399 828 3468 Babylon,
849 3406 897 3450 et
921 3395 1101 3448 omnia
1121 3394 1390 3462 sculptilia
1415 3393 1637 3446 deorum
1667 3391 1783 3459 ejus
1807 3395 2039 3446 contrita

475 3501 599 3546 sunt
629 3491 682 3542 in
725 3500 886 3540 terra.
923 3484 1139 3538 Trrtura
1175 3497 1314 3546 mea,
1347 3493 1400 3534 et
1435 3482 1528 3534 lilii
1561 3496 1702 3536 area:
1737 3497 1889 3546 tuear,
1922 3496 2041 3550 qua:

475 3580 650 3634 audivi
683 3595 710 3630 a
746 3577 970 3630 Domino
990 3574 1324 3628 exorcituurn
1357 3573 1464 3625 Deo
1499 3571 1689 3636 Israel,
1721 3571 2037 3626 annuntiavi

475 3671 650 3723 vobis.
688 3688 703 3721 ι
745 3665 883 3720 LXX
915 3683 928 3714 :
973 3683 992 3717 ι
1037 3664 1295 3718 Dominus
1337 3663 1472 3718 dixit
1508 3680 1523 3716 :
1559 3663 1696 3718 Steti
1746 3680 1840 3733 per
1875 3673 2040 3718 lotam

477 3768 638 3825 diem,
669 3771 723 3814 et
756 3773 918 3829 super
950 3768 1127 3812 castra
1155 3770 1256 3826 ego
1287 3758 1412 3810 steti
1452 3768 1558 3810 tota
1594 3769 1754 3811 nocte
1783 3773 1796 3810 :
1832 3767 1886 3810 et
1915 3770 2042 3810 ecce

478 3856 592 3922 ipse
619 3853 762 3905 venit
794 3865 1055 3904 ascensor
1107 3848 1260 3917 biga,
1300 3857 1353 3902 et
1412 3849 1744 3916 respondens
1791 3849 1902 3900 ait:
1943 3845 2044 3901 Ce-

477 3948 628 4006 cidit,
651 3942 850 3996 cecidit
900 3941 1160 4009 Babylon,
1199 3948 1253 3992 et
1285 3939 1465 3992 omnia
1501 3939 1792 3992 simulacra
1818 3939 1956 4005 ejus,
1989 3947 2043 3989 et

480 4035 782 4088 manufacta
818 4031 1047 4085 contrita
1083 4038 1210 4083 sunt
1246 4027 1298 4082 in
1329 4037 1495 4082 terra.
1532 4031 1730 4082 Audite
1758 4029 1853 4097 qui
1883 4028 2037 4080 dere-

477 4125 589 4177 lieti
617 4124 770 4187 estis,
801 4131 853 4174 et
877 4119 1072 4173 doletis
1106 4134 1122 4172 :
1175 4117 1355 4170 audite
1380 4132 1500 4184 qua:
1531 4115 1707 4168 audivi
1737 4131 1766 4167 a
1816 4115 2043 4168 Domino

478 4213 742 4273 Sabaoth,
764 4209 907 4263 Deus
940 4208 1106 4262 Israel
1133 4207 1478 4260 annuntiavit
1503 4206 1676 4258 nobis.
1717 4225 1734 4256 ι
1774 4205 1894 4260 Stat
1919 4221 2044 4275 pro-

478 4308 636 4375 pheta
670 4304 720 4354 in
755 4302 972 4370 specula
1000 4299 1231 4364 Domini,
1261 4308 1315 4352 et
1347 4299 1398 4350 in
1427 4297 1570 4350 illius
1603 4296 1808 4352 lnrnine
1838 4302 2042 4353 coirsti-

2141 3206 2270 3260 cte?
2300 3207 2447 3262 Dixit
2476 3220 2685 3273 custos,
2723 3208 2878 3264 Venit
2907 3226 3088 3276 mane,
3123 3221 3173 3264 et
3207 3227 3330 3263 nox.
3363 3211 3418 3264 Si
3445 3210 3718 3280 qureritis,

2141 3299 2372 3365 quaerite
2400 3313 2415 3352 :
2449 3303 2848 3364 convertimini,
2868 3313 2918 3355 et
2940 3304 3170 3356 venite»
3195 3299 3334 3355 LXX
3359 3318 3372 3358 :
3399 3301 3571 3356 rVisio
3590 3302 3719 3354 ldu-

2144 3401 2310 3454 marte,
2351 3389 2416 3442 ad
2454 3405 2538 3444 me
2569 3390 2768 3444 clamat
2794 3393 2858 3445 de
2882 3390 3004 3444 Seir
3046 3407 3060 3446 :
3098 3392 3380 3445 Custodite
3408 3405 3717 3460 propugna-

2145 3477 2290 3542 cula,
2313 3479 2565 3534 custodio
2587 3495 2746 3534 mane
2769 3491 2818 3534 et
2853 3491 3008 3534 nocte
3035 3499 3049 3546 ;
3075 3481 3118 3533 si
3149 3482 3367 3550 qmeris,
3399 3495 3579 3550 qurere
3614 3495 3630 3537 ;
3656 3492 3718 3533 et

2145 3569 2283 3638 apud
2312 3585 2397 3624 me
2420 3570 2620 3624 habita.
2650 3591 2668 3623 r
2699 3569 2934 3626 Verbum
2988 3572 3310 3626 llebraicum
3360 3587 3481 3625 sur
3504 3555 3641 3642 (νδιι)
3670 3573 3715 3632 ⁸.

2145 3660 2288 3729 quod
2335 3673 2524 3713 omnes
2573 3659 2912 3726 interpretati
2961 3673 3106 3726 strrrt,
3152 3663 3220 3714 ad
3255 3678 3356 3722 me.
3401 3664 3444 3716 si
3480 3661 3616 3714 vola:
3641 3665 3720 3717 ris

2149 3752 2322 3820 legere
2351 3764 2457 3812 su,
2498 3749 2884 3818 interpretatur
2906 3750 3041 3804 Deus
3066 3767 3230 3816 meus,
3254 3754 3334 3806 vel
3359 3752 3512 3820 {ortis
3543 3768 3712 3805 meus.

2148 3845 2410 3912 Quodque
2440 3857 2540 3895 nos
2593 3843 2855 3907 diximus,
2900 3845 3118 3908 clamat,
3166 3845 3247 3897 vel
3301 3832 3481 3905 vocat,
3515 3845 3565 3897 id
3603 3859 3712 3907 es‘,

2146 3934 2323 4000 καλεῖ,
2350 3939 2642 3989 secundum
2674 3933 2881 3988 Hebrzei
2939 3947 2992 3988 et
3047 3935 3216 3989 Graeci
3248 3939 3513 3991 sermonis
3542 3938 3720 3990 ambi-

2148 4024 2409 4090 guitatem
2443 4024 2545 4077 dici
2568 4036 2741 4090 poaest
2776 4022 2972 4088 clama,
3000 4028 3080 4078 vel
3103 4040 3228 4077 voca
3256 4038 3350 4089 ;et
3374 4037 3454 4080 est
3475 4043 3666 4080 sensus
3704 4046 3719 4081 :

2153 4113 2290 4166 Deus
2321 4115 2411 4182 qui
2446 4123 2528 4168 est
2557 4124 2740 4168 custos
2769 4129 2940 4180 meus,
2967 4115 3052 4168 die
3081 4129 3143 4168 ac
3177 4127 3333 4169 noete
3383 4133 3468 4169 me
3506 4115 3572 4169 ad
3599 4131 3716 4184 pa:-

2150 4205 2432 4258 nitentiarn
2459 4213 2637 4268 vocat,
2671 4212 2727 4256 ut
2754 4204 3064 4273 relinquens
3094 4203 3234 4268 Seir,
3263 4207 3405 4273 quod
3445 4207 3720 4276 interpre-

2151 4307 2296 4350 tatur
2347 4298 2581 4358 hispidus
2607 4312 2670 4350 ac
2698 4297 2923 4363 pilosus,
2955 4311 3218 4359 revertar,
3242 4309 3295 4351 et
3325 4299 3555 4352 habitem
3580 4305 3726 4366 apud

482 4407 626 4449 tutus
669 4407 789 4463 quas
825 4402 1046 4445 ventura
1075 4392 1204 4453 sint,
1249 4387 1535 4459 prospicit.
1574 4387 1833 4459 llancqtre
1889 4390 2045 4442 habet
2083 4419 2123 4472 Ι)
2155 4403 2301 4440 cum.
2343 4387 2511 4440 Duma
2549 4387 2628 4440 vel
2657 4389 3082 4452 similitudinem,
3122 4392 3201 4441 vel
3229 4391 3725 4454 silentium,sonat.

479 4489 810 4546 custodiam,
841 4491 896 4535 et
923 4483 1023 4534 hoc
1043 4481 1142 4533 sibi
1174 4478 1408 4532 oﬂiciurn
1441 4477 1770 4546 delegatum,
1793 4488 1850 4531 ut
1877 4477 1932 4530 in
1949 4493 2046 4531 sae-

481 4580 588 4632 culi
624 4576 778 4630 istius
805 4573 1042 4632 tenebris
1060 4588 1180 4641 qua:
1199 4581 1420 4624 ventura
1443 4573 1551 4622 sint
1567 4569 1888 4636 conspiciat.
1911 4568 2048 4622 Ecce

479 4670 605 4734 iste,
625 4667 819 4736 inquit,
839 4663 1009 4732 venit,
1030 4665 1131 4716 hoc
1147 4662 1292 4731 quod
1305 4661 1574 4730 sequitur,
1589 4675 1647 4714 se
1669 4661 1868 4714 vidisse
1881 4659 2049 4728 signi-

450 4777 455 4782 ‘
482 4766 671 4825 ticans,
701 4761 885 4812 venire
912 4757 1196 4810 Dominum
1232 4751 1568 4808 Salvatorern
1591 4751 1865 4806 sedentem
1887 4766 2050 4821 super

481 4856 684 4922 bigarn,
700 4865 747 4906 et
769 4850 977 4904 duobus
992 4847 1167 4917 equis,
1186 4847 1294 4899 imo
1313 4845 1699 4905 animantibus,
1721 4847 1874 4896 asino
1891 4855 1945 4896 et
1963 4859 2052 4895 ca-

483 4949 646 5010 rnelo,
675 4960 837 5000 unum
863 4957 1085 4997 currunt
1120 4941 1452 5008 jnngentem.
1480 4938 1584 5002 Qui
1631 4952 1887 4991 ascensor
1919 4942 2053 5007 biga:

495 5037 826 5092 desideranti
875 5034 1171 5104 prophetat,
1191 5043 1246 5086 et
1264 5032 1424 5083 verba
1447 5028 1565 5098 ejus
1581 5030 1765 5082 audire
1792 5029 2056 5098 cupienti,

494 5131 770 5195 respondit
789 5138 843 5180 et
862 5126 998 5180 dixit
1017 5139 1031 5180 :
1051 5122 1272 5184 Cecidit,
1298 5120 1481 5172 cecidit
1503 5119 1765 5188 Babylon,
1789 5119 1953 5173 torius
1971 5136 2060 5172 or-

485 5217 572 5269 bis
591 5215 842 5268 coirfusio
857 5228 872 5266 :
889 5226 942 5267 et
964 5213 1016 5265 in
1031 5213 1263 5266 adventu
1289 5225 1405 5263 meo
1418 5209 1631 5273 cecidit,
1645 5223 1754 5277 quo
1767 5210 2058 5262 lrurrrarnrrrr

483 5321 684 5375 corpus
701 5307 996 5378 assumpsi,
1012 5317 1067 5358 et
1085 5304 1298 5373 penitus
1319 5302 1369 5354 in
1394 5301 1862 5356 consummatione
1878 5303 2061 5354 mundi

481 5402 690 5454 ruitura
727 5405 830 5452 est.
859 5395 927 5450 Et
956 5399 1131 5448 omnia
1164 5393 1434 5460 sculptilis
1468 5396 1584 5460 ejus
1609 5395 1836 5446 contrita
1861 5403 1982 5446 sunt
2011 5396 2063 5446 in

482 5502 647 5546 terra.
697 5489 803 5544 Pro
845 5503 954 5559 quo
1004 5488 1358 5556 Septuaginta
1415 5486 1703 5540 simulacra
1765 5495 1814 5538 et
1864 5502 2058 5538 manu-

479 5584 624 5652 facta
643 5578 980 5650 interpretati
1003 5587 1148 5642 sunt,
1188 5577 1559 5647 signiﬁcantes
1596 5575 1760 5646 306
1795 5575 2048 5644 Scriptu-

2149 4479 2389 4534 ldumwa
2421 4491 2597 4534 autem
2631 4481 2682 4534 in
2708 4492 2965 4534 terrenam
2998 4481 3248 4534 vertitur.
3287 4484 3546 4536 Dominus
3597 4498 3730 4552 ergo

2149 4573 2310 4642 307
2344 4573 2581 4642 loquitur
2606 4575 2672 4628 ad
2720 4575 3084 4643 apostolorum
3111 4575 3360 4638 chorum,
3401 4585 3452 4628 et
3485 4575 3733 4644 pracipit

2151 4666 2198 4716 ei
2233 4679 2247 4716 :
2289 4663 2368 4716 Ad
2395 4680 2479 4717 me
2515 4680 2643 4719 voca
2671 4682 2763 4720 eos
2794 4667 2886 4733 qui
2917 4675 3043 4719 sunt
3085 4665 3155 4720 de
3183 4665 3327 4725 Seir.
3359 4675 3417 4718 ut
3448 4668 3578 4720 mihi
3611 4682 3731 4720 ser-

2153 4757 2265 4810 viat
2291 4758 2534 4824 gentium
2573 4756 2884 4822 multitudo,
2910 4772 3026 4823 quae
3058 4757 3110 4809 in
3144 4757 3560 4811 similitudinem
3590 4757 3729 4811 Esau

2156 4847 2289 4899 nihil
2324 4848 2376 4899 in
2408 4861 2464 4899 se
2499 4847 2658 4900 habet
2699 4847 2857 4900 rrrolle
2887 4858 2942 4901 ct
2974 4847 3112 4912 leve,
3142 4863 3203 4901 ac
3233 4849 3488 4908 tritidnm,
3514 4848 3610 4901 sed
3639 4859 3731 4901 est

2161 4937 2397 5006 hispida,
2420 4940 2552 5001 fera,
2583 4939 2965 4992 intractabilis.
2999 4938 3061 4991 Et
3091 4954 3122 4993 ο
3145 4955 3260 5004 Vos,
3299 4941 3550 5007 apostoli,
3583 4949 3736 5007 past-

2165 5043 2332 5096 qnarn
2366 5029 2686 5083 vocaveritis
2740 5031 2804 5082 ad
2843 5044 2927 5083 me
2976 5032 3222 5084 nationes
3260 5033 3328 5084 de
3359 5031 3500 5092 Seir,
3549 5038 3741 5083 custo-

2167 5121 2277 5174 dite
2307 5119 2561 5174 Eeclesia:
2583 5121 3003 5189 propugnacula,
3030 5139 3095 5173 ne
3121 5122 3277 5176 facile
3312 5121 3486 5174 hostis
3534 5122 3741 5173 irrum-

2166 5222 2258 5280 pat
2287 5228 2300 5265 :
2336 5227 2405 5264 ne
2439 5211 2521 5265 leo
2555 5213 2773 5280 rugiens
2795 5222 2956 5281 atque
2987 5215 3276 5277 circuiens,
3299 5214 3388 5282 qui
3416 5211 3743 5281 quaeritadi-

2169 5315 2282 5358 tum
2326 5318 2424 5372 per
2457 5317 2614 5372 quem
2649 5306 2818 5374 possit
2862 5308 3083 5366 intrare,
3115 5309 3359 5360 clausum
3411 5306 3462 5358 in
3501 5302 3743 5356 Ecclesia

2166 5408 2381 5464 gregem
2417 5396 2615 5450 laceret
2646 5409 2804 5464 atque
2849 5397 3144 5465 disperdat.
3182 5396 3586 5465 Iit-sparrditque
3638 5394 3746 5446 Ec-

2165 5488 2339 5540 clcsia!
2370 5488 2658 5542 multitudo
2687 5505 2701 5544 ;
2731 5487 2843 5541 Non
2889 5493 3064 5542 solum
3126 5491 3176 5541 in
3232 5492 3526 5558 prosperis,
3563 5485 3657 5538 sed
3686 5484 3745 5538 in

2169 5580 2435 5645 adversis,
2468 5583 2568 5636 hoc
2602 5593 2706 5646 est,
2749 5582 2877 5636 etin
2913 5581 3020 5646 die,
3053 5591 3108 5637 et
3136 5582 3190 5636 in
3222 5595 3398 5646 nocte,
3431 5591 3544 5644 tua,
3569 5576 3743 5636 Deus.

559 5727 573 5754 '
607 5725 660 5776 In
693 5723 863 5798 lianc.
895 5721 1350 5798 quemadmodum
1380 5731 1430 5777 et
1459 5721 1745 5791 Sangerm.
1771 5734 1876 5777 ms.
1907 5718 2050 5791 apud
2091 5721 2409 5792 Montlauc,
2443 5741 2600 5795 nam,
2654 5730 2796 5797 quod
2854 5743 2951 5798 pro
2982 5744 3138 5795 IIELII,
3179 5729 3292 5783 sive
3360 5741 3492 5780 usus
3562 5720 3746 5793 scrip-

492 5805 602 5848 turn
633 5795 933 5848 nullatenus
963 5795 1163 5846 dubito.
