3972 6198
247 314 356 379 273

251 536 337 574 me
371 520 595 588 quaeris,
639 534 803 586 opere
835 523 1061 574 ostende
1106 521 1247 588 quod
1305 533 1389 572 me
1435 531 1687 587 qtneras;
1727 529 1827 568 nec

250 611 418 664 semel
451 610 546 664 tibi
581 609 839 676 quaesisse
873 608 1142 673 sulliciat;
1179 609 1272 662 sed
1315 623 1473 677 quem
1529 604 1822 666 inveneris,

250 717 472 766 semper
499 702 716 770 inquire
741 718 757 767 ;
783 711 836 756 et
865 712 921 753 ιιι
947 700 1240 769 perfectius
1271 709 1482 765 teneas,
1503 697 1825 752 obliviscere

253 793 435 862 populi
475 793 576 858 lui,
609 802 664 846 et
690 795 879 847 domus
925 793 1094 861 patris
1137 791 1237 852 tui,
1265 800 1317 845 et
1363 793 1581 844 deserto
1640 803 1828 842 errore

253 885 565 954 gentilium,
602 884 742 952 apud
781 899 864 938 me
900 885 951 938 in
1013 883 1256 938 Ecclesia
1300 896 1660 936 commorare.
1714 878 1828 931 lloc

248 975 403 1042 juxta
437 973 581 1028 LXX
609 975 930 1038 dixerimus,
978 975 1070 1044 qui
1122 975 1382 1028 visionem
1429 972 1696 1035 Idumam,
1727 970 1832 1022 boc

251 1077 353 1130 est,
389 1079 612 1120 terrente
636 1076 843 1133 ponunt
875 1068 926 1118 itt
967 1065 1154 1129 titulo,
1180 1073 1237 1118 ut
1276 1079 1372 1118 eos
1407 1062 1703 1118 ostendant
1738 1075 1831 1111 vo-

251 1158 383 1220 rari,
427 1158 519 1224 qui
559 1159 710 1225 prius
744 1159 975 1210 terrenis
1001 1157 1254 1225 operibus
1291 1157 1621 1208 serviebant.
1661 1152 1827 1204 Porro

245 1248 398 1315 juxta
427 1249 703 1315 Aquilam,
731 1248 821 1316 qui
847 1247 1047 1310 Dama,
1071 1249 1174 1301 hoc
1195 1259 1299 1308 est,
1329 1247 1596 1299 silentium
1625 1243 1826 1311 posuit,

255 1339 338 1392 vel
380 1339 811 1402 similitudinem,
853 1340 934 1392 sic
966 1353 1256 1407 possumus
1297 1337 1622 1404 intelligere,
1673 1345 1732 1388 ttt
1759 1335 1826 1387 ad

257 1429 676 1482 similitudinem
699 1429 878 1499 populi
903 1428 1068 1482 lsrael
1093 1439 1416 1497 provocetur
1436 1427 1674 1495 gentium
1697 1425 1830 1479 mul-

259 1525 459 1586 titudo,
489 1530 544 1576 et
574 1522 665 1575 ubi
714 1523 862 1590 prius
890 1521 1165 1575 silentium
1201 1520 1378 1574 fuerat
1409 1501 1541 1588 legis
1600 1519 1715 1579 Dei,
1753 1517 1824 1572 ibi

253 1609 621 1666 coniessionis
652 1611 854 1663 clamor
873 1609 944 1664 sit
969 1626 984 1663 :
1015 1619 1070 1662 et
1093 1609 1324 1664 oleaster
1352 1609 1622 1662 inseratur
1648 1609 1700 1660 in
1727 1607 1824 1660 bo-

257 1715 378 1752 nam
403 1701 629 1754 olivam.
658 1699 911 1766 Legimus
933 1708 988 1753 et
1023 1700 1078 1753 itt
1109 1699 1360 1767 parabola
1393 1698 1667 1768 Evangelii
1693 1699 1825 1750 mis-

254 1807 342 1845 sos
365 1807 583 1855 servos,
615 1794 705 1860 qui
732 1799 986 1845 vocarent
1007 1791 1182 1846 bonos
1219 1800 1272 1844 et
1302 1790 1493 1852 malos,
1530 1804 1593 1844 ac
1628 1791 1825 1858 patris-

257 1882 497 1935 familias
523 1881 591 1933 de
619 1880 954 1949 quibuslibet
1010 1881 1300 1949 implerent
1336 1879 1665 1942 convivium,
1705 1878 1828 1945 quia

259 1974 467 2038 priores
529 1971 713 2024 venire
748 1972 1037 2024 noluerunt
1097 1970 1313 2041 (Matth.
1350 1969 1507 2038 χιιι).
1544 1968 1730 2022 Potest
1779 1977 1834 2021 et

262 2063 510 2118 Ecclesia
539 2079 761 2117 narrare
799 2063 944 2132 quod
986 2064 1242 2118 Dominus
1287 2063 1353 2116 de
1402 2062 1543 2126 Seir,
1574 2060 1678 2115 hoc
1724 2069 1828 2124 est,

258 2162 322 2210 de
356 2158 592 2209 terrenis
621 2155 753 2209 locis
782 2156 847 2208 ad
897 2170 957 2208 se
995 2154 1349 2220 vociferetur,
1382 2168 1549 2223 seque
1579 2161 1834 2222 provocet

258 2247 320 2299 ad
355 2243 932 2311 salutem,etdicatad
955 2245 1134 2313 ipsum
1173 2243 1462 2298 Dominum
1498 2261 1515 2301 :
1556 2243 1831 2308 Dcustos,

257 2339 381 2406 ῳ·ιά
401 2338 473 2390 de
503 2346 657 2391 nocte
687 2351 1019 2408 consurgens
1043 2337 1283 2392 versaris
1310 2338 1364 2390 in
1401 2336 1680 2391 tenebris?
1702 2335 1832 2404 quid

257 2433 465 2495 absque
498 2439 723 2498 peccato
777 2430 830 2483 itt
869 2445 1034 2484 carne
1073 2445 1132 2483 es
1170 2429 1644 2500 peccatrice?qua
1669 2442 1833 2480 causa

258 2522 481 2574 voluisti
553 2526 850 2574 humanum
923 2535 1122 2590 corpus
1182 2517 1836 2587 assumere?llespondit

261 2625 459 2678 custos,
489 2613 594 2668 hoc
622 2623 729 2679 est,
759 2612 1154 2677 Samaritanus,
1193 2615 1282 2683 qui
1323 2613 1377 2668 in
1408 2612 1698 2678 Evangelio
1725 2610 1835 2662 vul-

265 2717 512 2759 iteratum
537 2705 651 2760 suis
681 2705 919 2758 humeris
951 2707 1014 2758 ad
1055 2706 1325 2760 stabulum
1362 2702 1653 2774 reportavit
1682 2700 1834 2770 (Luc.

265 2814 339 2867 Ix;
377 2815 392 2854 :
439 2797 588 2852 Venit
631 2815 785 2852 mane
816 2808 862 2852 et
897 2813 1023 2851 nox.
1080 2797 1140 2852 Et
1168 2809 1252 2852 est
1297 2812 1493 2851 sensus
1530 2815 1543 2850 ε
1577 2794 1833 2850 Gentium

268 2891 599 2945 multitudini
627 2903 779 2946 ortus
822 2901 904 2946 est
949 2891 1028 2945 sol
1056 2892 1300 2959 justitim,
1332 2900 1386 2944 ct
1430 2891 1629 2944 Judaais
1674 2902 1838 2942 velte-

269 2993 394 3036 runt
418 2982 678 3037 tenebrat.
701 2982 862 3036 Juxta
889 2983 1032 3051 quod
1053 2981 1255 3034 dicitur
1278 2996 1306 3034 a
1332 2981 1557 3034 Domino
1586 2997 1605 3035 :
1651 2979 1714 3033 In
1740 2981 1836 3049 ju-

769 311 1272 378 COMMENTAR.
1321 315 1397 373 IN
1439 311 1706 373 ISAIAM
1755 308 2217 368 PROPHETAM
2263 307 2406 368 LIB.
2456 307 2586 376 Vll,
2620 306 2777 365 CAP.
2821 305 2985 365 XXI.

251 434 523 496 praecepta
549 427 803 482 servabo.
832 425 911 480 Ad
931 442 1089 494 quant
1120 429 1363 495 loquitur
1393 426 1531 480 Deus
1569 443 1582 478 :
1617 423 1675 478 Si
1699 437 1822 476 vere
1856 430 1898 480 At

3394 297 3500 357 ΞΗ

2004 441 2023 472 ι
2062 422 2119 476 ltt
2155 423 2295 476 saltu
2330 423 2394 475 ad
2427 438 2706 491 vesperam
2743 417 3045 482 dormietis,
3078 419 3130 472 itt
3163 415 3373 471 semitis
3406 413 3508 469 Do-

1931 514 2138 569 danim.
2177 533 2195 566 i
2229 513 2412 570 LXX:
2454 533 2472 565 ι
2508 515 2562 567 1ιι
2611 513 2748 568 saltu
2790 512 2858 566 ad
2905 523 3182 577 vesperam
3225 504 3507 560 dormietis

1932 608 1988 662 in
2032 608 2116 662 via
2162 607 2363 663 Dedan.
2405 627 2423 658 ο
2463 609 2565 673 Qui
2609 609 2662 660 itt
2701 605 2903 659 malitia
2950 617 3070 659 esse
3113 589 3417 670 cmperunt,
3452 605 3508 650 et

1931 708 2282 769 peccatorum
2318 700 2695 768 ingrediuntur
2725 699 2892 760 viam,
2923 711 3028 748 non
3063 692 3361 752 dormiunt,
3400 703 3504 743 nec

1934 805 2219 848 morantur
2264 797 2317 848 itt
2368 795 2513 860 agris
2562 793 2807 854 consitis,
2852 802 2906 846 et
2960 789 3261 851 novalibus,
3302 801 3403 840 nec
3452 786 3504 837 in

1931 886 2124 954 pratis,
2158 895 2213 939 et
2257 885 2549 954 segetibus,
2581 899 2718 952 quas
2763 883 2830 936 ad
2878 881 3186 936 metendum
3221 893 3339 932 esse
3383 892 3512 929 rau-

1931 979 2145 1042 dentes,
2180 977 2427 1032 Salvator
2476 979 2649 1039 docet,
2684 989 2785 1028 nec
2827 976 2969 1028 inter
3015 971 3236 1026 arbores
3274 969 3510 1039 pomife-

1932 1084 2052 1133 ras;
2091 1069 2188 1123 sed
2242 1069 2295 1123 in
2357 1069 2713 1123 infructuosis
2765 1067 3026 1131 saltibus,
3074 1065 3163 1119 ubi
3218 1077 3408 1131 vepres
3455 1069 3511 1113 et

1931 1162 2100 1230 spinae
2145 1170 2294 1226 sunt,
2330 1169 2383 1214 et
2421 1161 2610 1215 bestiae
2657 1166 3087 1214 commorantur.
3134 1155 3210 1209 De
3253 1153 3507 1221 bujttsce-

1932 1252 2076 1306 modi
2129 1253 2270 1306 saltu
2311 1262 2366 1306 et
2410 1254 2460 1305 itt
2512 1251 2714 1321 Regum
2761 1250 3031 1303 volumine
3076 1246 3326 1314 legimus,
3366 1243 3512 1310 quod

1931 1343 2109 1408 plures
2142 1345 2490 1399 devoraverit
2523 1345 2656 1399 silva
2692 1344 2774 1398 vel
2815 1343 3005 1406 saltus,
3036 1355 3199 1410 quam
3234 1335 3508 1391 interfecti

1931 1436 2041 1488 sint
2068 1437 2270 1502 gladio,
2303 1437 2516 1505 quando
2545 1434 2784 1489 Absalon
2821 1433 3085 1486 adversus
3111 1440 3316 1498 patrem
3346 1425 3512 1479 exsti-

1932 1527 1995 1579 tit
2039 1527 2328 1595 perduellis
2363 1526 2418 1596 (Ι
2445 1527 2570 1596 Reg.
2597 1529 2773 1593 xvttt).
2806 1524 3101 1591 lter-teque,
3127 1520 3252 1590 quia
3286 1530 3510 1585 vespera

1930 1615 2254 1683 principium
2289 1613 2548 1667 malorum
2588 1622 2694 1677 est,
2725 1611 2778 1666 in
2815 1619 2898 1664 vta
2937 1621 2989 1666 et
3028 1611 3081 1664 in
3116 1607 3325 1664 semitis
3358 1605 3510 1658 habi-

1934 1719 2051 1761 tare
2085 1708 2362 1771 dicuntur,
2393 1715 2446 1760 et
2481 1707 2532 1759 in
2566 1705 2648 1757 via
2685 1703 2890 1764 Dedun,
2931 1701 3073 1768 quod
3120 1700 3512 1766 interpretatur

1926 1800 2155 1867 judicia.
2200 1797 2343 1864 Quot
2377 1799 2521 1851 enim
2564 1796 2771 1851 liabettt
2801 1804 3146 1864 peccatorum
3181 1803 3399 1860 genera,
3432 1796 3512 1838 tot

1927 1890 2260 1958 iudiciorum
2305 1887 2585 1944 merentur
2619 1887 2939 1942 sententias.
2978 1884 3161 1938 Potest
3195 1891 3370 1936 autem
3409 1877 3514 1932 De-

1933 1981 2036 2034 dan
2065 1986 2118 2033 et
2142 1981 2342 2050 grande
2361 1980 2624 2047 judicium
2651 1975 2985 2045 intepretari.

2004 2071 2184 2136 (Vers.
2210 2073 2298 2137 is,
2326 2072 2436 2140 15.)
2467 2090 2485 2123 ι
2515 2069 2884 2125 Occurrentes
2909 2066 3112 2122 sitienti
3137 2065 3272 2121 ferte
3293 2076 3510 2131 aquam,

1932 2166 2024 2235 qui
2057 2166 2318 2219 habitatis
2349 2174 2548 2218 terram
2583 2162 2792 2228 Austri,
2824 2177 2946 2216 cum
2979 2159 3212 2230 panibus
3245 2156 3514 2211 occurrite

1935 2257 2182 2326 fugienti.
2225 2258 2266 2309 A
2315 2256 2450 2310 facie
2487 2257 2632 2309 enim
2680 2253 2978 2326 gladiorum
3013 2251 3286 2321 fugerunt,
3315 2263 3344 2302 a
3378 2246 3524 2300 facie

1935 2350 2102 2418 gladii
2153 2347 2510 2411 imminentis,
2548 2363 2575 2400 a
2625 2348 2760 2399 facie
2801 2344 2964 2415 309
3005 2359 3164 2398 arcus
3214 2339 3441 2399 extenti,
3482 2354 3517 2389 π

1938 2441 2075 2494 fat-ie
2107 2440 2290 2510 gravis
2333 2440 2526 2510 praelii.
2559 2457 2576 2490 t
2620 2437 2761 2492 LXX
2793 2455 2808 2492 :
2851 2457 2867 2488 ι
2899 2438 2955 2490 Ιιι
2985 2450 3272 2490 occursum
3307 2431 3510 2486 sitienti

1939 2531 2076 2586 ferte
2115 2547 2310 2600 aquam
2339 2532 2432 2600 qui
2472 2530 2729 2586 habitatis
2763 2531 2812 2582 itt
2850 2529 3067 2598 regione
3093 2526 3356 2588 Tlteman,
3386 2539 3510 2578 cum

1940 2623 2167 2691 panibus
2199 2624 2467 2677 occurrite
2498 2621 2828 2690 fugientibus
2862 2628 3081 2688 propter
3115 2614 3509 2670 multitudinem

1938 2714 2271 2779 occisorum,
2297 2725 2522 2783 propter
2548 2713 2760 2767 turbam
2788 2712 3110 2773 errantium,
3135 2715 3355 2778 prepter
3382 2707 3514 2760 mul-

1951 2806 2236 2861 titudinem
2287 2805 2472 2875 gladii,
2526 2817 2572 2859 et
2609 2815 2824 2874 propter
2861 2799 3256 2856 multitudinem
3287 2815 3508 2851 arcuum

1943 2896 2294 2960 intentorum,
2325 2907 2378 2950 et
2415 2906 2636 2966 propter
2672 2893 3074 2951 multitudinem
3115 2891 3419 2944 cadentium
3457 2889 3508 2940 iu

1944 2983 2111 3038 bello.
2148 3003 2167 3036 ι
2204 2982 2311 3039 Vos
2341 2987 2430 3055 qui
2463 2986 2592 3039 estis
2625 2987 2675 3037 in
2708 2983 2975 3048 Tltemau,
3010 2984 3151 3052 quod
3187 2982 3512 3050 interpreta-

265 3075 458 3126 ilicium
500 3075 679 3126 natandi
700 3075 850 3127 istius
868 3090 960 3144 ego
992 3073 1127 3136 veni,
1157 3084 1211 3125 ut
1237 3089 1337 3124 non
1357 3073 1582 3127 videntes
1603 3073 1832 3132 videant,
1865 3086 1908 3142 ο
1945 3086 2034 3128 tur
2063 3076 2258 3130 Auster
2291 3083 2452 3145 atque
2481 3077 2752 3145 perfectio.
2781 3086 2832 3128 et
2869 3074 2920 3128 in
2953 3091 3016 3129 eo
3049 3072 3336 3127 versamini
3371 3070 3512 3132 loco,

264 3173 313 3217 et
337 3164 573 3217 uidentes
606 3165 728 3216 ιιιιεὶ
759 3163 889 3231 ﬁant
923 3162 1099 3232 (Joan.
1133 3178 1208 3228 tx,
1239 3161 1352 3229 '59).
1393 3163 1456 3216 Et
1505 3164 1622 3233 ipse
1646 3172 1835 3217 custos

268 3256 355 3320 qui
385 3255 600 3310 dixerat
643 3271 657 3310 :
702 3254 850 3307 Venit
881 3270 1033 3308 mane
1064 3264 1112 3308 et
1141 3271 1262 3318 nox,
1316 3254 1559 3324 loquitur
1601 3255 1667 3307 ad
1711 3270 1840 3324 gen-

269 3344 398 3400 tium
460 3345 914 3402 multitudinem:
967 3346 1024 3401 Si
1082 3362 1168 3400 tne
1221 3348 1486 3416 quaeritis,
1544 3347 1837 3401 studiosius

269 3438 512 3505 «puerile.
544 3439 709 3510 308
735 3439 1127 3495 Convertimitti
1150 3440 1216 3495 ad
1249 3457 1355 3504 me,
1381 3441 1475 3495 lilii
1512 3452 1837 3496 converten-

271 3543 365 3594 tes,
397 3540 453 3586 et
481 3546 582 3598 ego
609 3533 812 3584 satiabo
835 3531 1190 3588 contritiones
1217 3543 1448 3596 vestras,
1485 3541 1538 3586 et
1562 3535 1743 3586 venite
1771 3532 1838 3586 ad

271 3639 371 3677 me.
403 3623 547 3678 Loca
569 3623 801 3678 difﬁcilia
828 3631 972 3687 sunt,
1004 3634 1060 3677 et
1098 3640 1220 3679 cum
1244 3624 1536 3679 secundum
1557 3624 1837 3678 historiam

273 3715 498 3768 minime
519 3723 757 3784 pateant,
796 3716 1044 3784 cogimur
1077 3714 1232 3786 juxta
1265 3717 1562 3786 ἀναγωγήν
1594 3717 1838 3770 diversas

271 3806 554 3874 opiniones
587 3807 760 3875 sequi.

339 3895 526 3962 (Vers.
565 3898 676 3967 l5.)
723 3915 741 3948 ι
778 3895 926 3952 Onus
960 3898 1013 3952 iu
1049 3898 1270 3953 Arabia.
1305 3916 1322 3948 ι
1367 3895 1478 3953 lloc
1516 3897 1567 3950 itt
1606 3897 1842 3951 editione

277 3989 412 4044 LXX
444 3990 798 4058 interpretum
829 4005 932 4044 non
965 3991 1194 4044 habetur
1219 4032 1233 4055 ,
1267 3991 1358 4044 sed
1392 3989 1534 4058 quod
1565 3991 1840 4058 sequitur:

275 4081 338 4136 In
369 4082 511 4135 saltu
543 4082 613 4134 ad
647 4098 912 4150 vesperam
952 4082 1221 4136 darmietis
1253 4083 1304 4135 in
1333 4082 1529 4135 semitis
1561 4081 1840 4142 Dodonim,

276 4190 395 4227 cum
435 4175 606 4242 priori
654 4174 862 4226 visione
900 4174 1246 4242 conjunctum
1294 4184 1396 4237 est,
1441 4182 1496 4225 ιιι
1537 4171 1762 4239 legatur,
1797 4171 1846 4224 si

271 4266 483 4334 quieris,
513 4279 688 4332 quazre
719 4278 740 4316 :
768 4273 814 4315 et
862 4264 931 4316 ad
966 4279 1046 4316 me
1073 4264 1252 4316 habita
1285 4265 1337 4315 in
1369 4263 1531 4317 saltu.
1565 4263 1762 4316 Arabia
1790 4261 1842 4316 itt

275 4359 446 4424 lingua
485 4367 689 4417 nostra,
724 4371 986 4423 vesperam
1024 4365 1200 4418 sonat,
1239 4369 1358 4422 qua:
1394 4354 1570 4408 noctis
1605 4367 1658 4408 et
1693 4361 1844 4407 tene-

277 4451 490 4500 brarum
525 4447 790 4516 principio
818 4467 844 4497 ιι
866 4457 970 4507 est.
1001 4447 1286 4515 omnisque
1315 4447 1405 4513 qui
1441 4447 1598 4500 habet
1629 4445 1840 4499 initiunt

277 4548 646 4605 peccatorum,
684 4552 934 4593 versatur
969 4539 1020 4590 itt
1060 4551 1307 4602 vespera.
1344 4537 1444 4602 Qui
1489 4547 1668 4589 autem
1700 4536 1846 4589 venit

273 4633 337 4682 ad
382 4644 683 4692 suntmnm,
717 4629 769 4682 in
811 4628 983 4681 media
1021 4637 1179 4681 nocte
1225 4627 1495 4681 COIISiSlil.
1529 4625 1680 4681 Uttde
1709 4635 1761 4679 et
1792 4627 1844 4676 in

269 4719 507 4790 :Egyplo
574 4717 928 4785 primogenita
999 4717 1052 4768 itt
1113 4716 1285 4770 media
1350 4727 1510 4768 nocte
1571 4716 1847 4769 exeduntur

273 4810 476 4880 (Exod.
509 4809 632 4879 ιιι).
679 4807 745 4863 Et
779 4807 1054 4876 apostolus
1093 4805 1309 4870 Petrus,
1347 4815 1636 4876 antequam
1677 4805 1848 4875 gallus

272 4910 562 4964 cantaret,
611 4909 694 4954 ter
747 4899 1036 4954 Dominum
1089 4900 1322 4966 negavit,
1347 4898 1488 4966 quod
1539 4899 1712 4952 media
1743 4912 1845 4952 nox

271 4991 596 5059 intelligitur
649 4986 880 5055 (Matth.
919 4987 1099 5056 xm).
1157 4987 1450 5055 Postquam
1509 4997 1688 5041 autem
1743 5002 1844 5041 nox

273 5079 577 5150 praecessit,
617 5089 672 5132 et
717 5081 877 5146 cmpit
922 5080 1037 5132 dies
1081 5081 1534 5148 appropinquare,
1582 5082 1848 5148 superatis

277 5175 472 5226 mediae
509 5171 691 5226 noctis
733 5170 994 5235 tenebris,
1030 5177 1084 5222 et
1117 5169 1255 5239 gallo
1300 5170 1435 5224 lucis
1475 5173 1660 5224 nuntio
1701 5187 1848 5226 reso-

275 5275 461 5324 nante,
499 5263 649 5318 ﬂevit
695 5278 900 5328 amare,
937 5272 990 5318 et
1037 5263 1300 5318 intellexit
1347 5274 1624 5331 peccatum
1667 5279 1846 5331 suum,

272 5367 324 5409 et
351 5372 420 5411 eo
455 5368 698 5424 tempore
731 5356 914 5409 dicere
939 5355 1112 5424 potuit
1145 5370 1162 5411 :
1195 5355 1275 5409 Ad
1309 5371 1574 5424 vesperam
1613 5357 1849 5410 demara~

274 5451 415 5502 bitur
437 5449 618 5519 ﬂetus,
647 5457 697 5502 et
730 5452 798 5502 ad
829 5453 1147 5502 matutinum
1173 5449 1362 5503 (milia
1394 5449 1560 5516 (Psal.
1593 5465 1742 5516 xxtx,
1771 5453 1844 5520 6).

276 5542 385 5595 lloc
445 5541 666 5594 interim
721 5542 788 5595 de
844 5543 1094 5610 praesenti
1147 5541 1287 5597 loco.
1335 5543 1599 5596 Castorum
1654 5558 1848 5597 nomen

275 5635 512 5697 Arabia,
547 5632 599 5686 id
631 5641 734 5696 est,
761 5648 996 5699 vespera:
1027 5643 1080 5688 et
1107 5632 1438 5696 Occidentis,
1469 5633 1520 5685 in
1553 5632 1669 5688 aliis
1702 5633 1848 5690 Scri-
1895 5685 1898 5688 .

281 5738 564 5790 pturarum
599 5725 731 5782 locis
761 5727 998 5781 diversas
1031 5725 1416 5796 intelligentias
1448 5725 1667 5796 recepit.

1939 3167 2004 3219 de
2021 3182 2128 3236 quo
2147 3167 2403 3235 scriptum
2423 3174 2502 3220 est
2523 3184 2536 3227 :
2556 3166 2690 3219 Deus
2709 3164 2772 3218 ab
2791 3164 2984 3218 Austro
3003 3165 3165 3217 veniet
3188 3160 3412 3230 (Habita.
3427 3173 3514 3221 ιιι,

1939 3257 2016 3328 4),
2046 3267 2098 3310 et
2126 3257 2216 3325 qui
2250 3258 2610 3312 consummati
2638 3258 2771 3311 estis
2799 3265 2957 3325 atque
2986 3254 3232 3324 pet-fecti,
3259 3259 3312 3307 et
3342 3250 3512 3305 babe-

1943 3351 2014 3402 tis
2051 3351 2102 3400 itt
2145 3347 2298 3402 vobis
2337 3347 2516 3402 lumen
2554 3348 2795 3401 scientia:
2839 3345 3269 3413 Scripturarum,
3301 3341 3513 3411 fugien-

1945 3442 2089 3495 tibus
2119 3442 2183 3494 de
2216 3440 2439 3503 Arabia,
2467 3449 2520 3492 et
2552 3440 2617 3492 de
2647 3439 2810 3503 saltu,
2837 3437 3109 3491 occmrite
3138 3451 3259 3489 cum
3295 3449 3430 3503 aqua
3460 3445 3517 3486 et

1943 3533 2214 3602 panibus,
2262 3541 2314 3585 et
2362 3532 2527 3585 nolite
2575 3540 2888 3598 exspectare
2941 3529 3111 3582 donec
3160 3527 3260 3594 ipsi
3307 3528 3372 3579 ad
3417 3540 3511 3577 vos

1945 3625 2197 3689 veniant;
2232 3623 2323 3679 sed
2363 3623 2653 3676 imitamini
2694 3622 2840 3676 illuttt
2880 3619 3214 3687 Evangelica:
3245 3617 3519 3686 parabolae-

1946 3729 2176 3789 patrem,
2206 3719 2298 3787 qui
2330 3717 2564 3772 occurrit
2594 3717 2699 3770 ﬁlio
2733 3715 3043 3770 revertenti.
3079 3713 3142 3767 Et
3178 3712 3265 3765 ille
3292 3711 3509 3781 quidem

1946 3809 2093 3862 dedit
2135 3809 2353 3871 stolam,
2390 3807 2584 3860 obtulit
2627 3805 2882 3860 annulum
2923 3804 3071 3874 (Luc.
3111 3810 3198 3872 xv)
3235 3820 3246 3855 :
3285 3818 3379 3854 vos
3416 3817 3512 3852 au-

1945 3911 2050 3956 tem
2085 3914 2253 3968 aquas
2283 3910 2338 3954 et
2367 3915 2530 3968 panes
2573 3898 2762 3953 offerte
2795 3897 3142 3968 fugientibus,
3173 3905 3231 3950 ut
3258 3895 3346 3964 qui
3382 3893 3512 3947 lassi

1943 4004 2101 4050 erant
2125 4003 2286 4062 atque
2304 3992 2557 4056 confecti,
2585 4000 2762 4045 vestra
2791 3988 3164 4043 misericordia
3196 3997 3511 4041 sustenten-

1949 4100 2057 4151 tur,
2089 4096 2145 4143 et
2175 4088 2240 4139 ad
2277 4084 2435 4138 sedes
2470 4093 2676 4136 vestras
2707 4081 2870 4135 citius
2901 4088 3202 4134 transeant.
3236 4077 3516 4145 Fugerunt

1945 4179 2088 4234 enim
2131 4177 2338 4246 gladios
2389 4175 2807 4237 haereticorum,
2859 4171 3155 4226 doctrinam
3199 4170 3513 4241 gentilium,

1946 4269 2312 4341 blaspltemias
2355 4267 2684 4321 ludat-orum.
2727 4263 2792 4317 Et
2839 4263 2964 4334 quia
3017 4263 3214 4316 multos
3265 4261 3517 4315 viderunt

1947 4378 2134 4417 eorum
2181 4361 2380 4432 jaculis
2422 4359 2767 4423 interfectos,
2813 4368 2868 4411 et
2920 4357 3177 4411 cecidisse
3225 4355 3277 4409 in
3328 4352 3518 4424 przelio

1950 4455 2235 4523 plurimos,
2259 4452 2361 4522 ipsi
2386 4452 2613 4522 cupiunt
2639 4460 2821 4504 vestro
2849 4449 3052 4501 auxilio
3076 4447 3313 4501 liberari.
3340 4445 3516 4500 Locus

1951 4546 2037 4599 bic
2082 4542 2297 4613 prOprie
2331 4542 2595 4595 adversus
2635 4554 2729 4592 eos
2772 4538 2990 4607 intelligi
3039 4547 3236 4605 potest,
3270 4536 3359 4605 qui
3405 4545 3516 4588 tta~

1951 4638 2137 4691 dentes
2182 4649 2241 4689 se
2282 4634 2395 4687 otio
2439 4641 2602 4697 atque
2640 4631 2881 4693 desidiae,
2918 4629 3138 4698 prOpria
3176 4627 3347 4681 salute
3388 4641 3522 4680 con-

1953 4727 2082 4779 tcnti
2127 4734 2274 4788 sunt,
2309 4739 2406 4777 nec
2455 4721 2842 4791 paenitentibus
2878 4729 3039 4789 atque
3079 4718 3359 4772 conversis
3389 4733 3512 4785 por-

1953 4817 2133 4885 rigunt
2169 4830 2407 4868 tttanttut.

2024 4907 2204 4977 (Vers.
2233 4906 2321 4970 l6,
2354 4903 2462 4972 l7.)
2505 4921 2524 4955 ι
2555 4903 2822 4970 Quoniam
2856 4902 2968 4956 haec
2999 4900 3130 4954 dicit
3161 4898 3420 4952 Dominus
3450 4898 3518 4950 ad

1952 5015 2074 5052 me:
2106 4997 2295 5051 Adhuc
2321 4997 2374 5050 in
2409 5010 2516 5050 uno
2543 5009 2706 5060 anno,
2762 4992 2915 5062 quasi
2985 4993 3035 5044 in
3089 5004 3234 5044 anno
3297 5005 3476 5041 merce
3503 5018 3517 5030 -

1953 5093 2113 5156 narii,
2141 5099 2195 5144 et
2219 5091 2490 5143 auferetur
2518 5087 2696 5142 omnis
2745 5085 2909 5155 gloria
2942 5081 3134 5147 Ccdar,
3168 5091 3222 5136 et
3278 5081 3521 5151 reliquiae

1951 5182 2162 5239 numeri
2229 5179 2635 5250 sagittariorum
2719 5176 2927 5230 fortiter
3004 5173 3072 5228 de
3146 5173 3268 5228 liliis
3344 5175 3521 5229 Cedar

1952 5274 2360 5328 intmintteutur.
2406 5268 2662 5321 Dominus
2714 5265 2857 5320 enim
2906 5263 3045 5318 Deus
3083 5262 3255 5317 ‘lsracl
3307 5262 3520 5317 locutus

1951 5375 2051 5421 est.
2093 5384 2110 5417 ι
2153 5364 2277 5418 ldeo
2316 5360 2469 5414 vobis
2513 5359 2656 5421 dico,
2693 5367 2750 5410 ιιι
2789 5354 3088 5409 occurratis
3131 5370 3250 5406 cttm
3293 5369 3429 5420 aqua
3464 5362 3523 5404 et

1952 5455 2216 5524 panibus,
2279 5450 2614 5522 fugientibus
2669 5447 2736 5502 de
2794 5447 2932 5502 saltu
2990 5455 3042 5498 et
3103 5445 3300 5498 Arabia
3337 5461 3349 5497 :
3392 5447 3518 5512 quia

1953 5546 2210 5601 Dominus
2263 5545 2378 5597 lttec
2429 5543 2609 5597 futura
2660 5539 2936 5610 pollicitus
2986 5547 3089 5592 cst.
3141 5537 3289 5592 Sicut
3345 5551 3520 5590 annus

1953 5634 2276 5688 mercenarii
2321 5634 2427 5686 cito
2471 5633 2731 5700 przcterit,
2771 5632 2860 5699 qui
2909 5629 3151 5699 quotidie
3195 5627 3324 5683 ttiltil
3371 5627 3517 5680 aliud

1957 5727 2055 5782 nisi
2090 5725 2390 5780 mercedem
2420 5728 2500 5781 sui
2535 5725 2732 5781 laboris
2763 5732 3061 5794 exspectat,
3089 5722 3170 5776 vcl
3204 5731 3346 5775 certe
3379 5735 3520 5774 scm-
