3972 6198
420 304 531 370 ειτδ
587 387 594 396 ε

1595 305 1657 364 S.
1692 303 2007 368 EUSEBII
2046 304 2491 374 HIERONYMI

3548 297 3665 362 276

420 435 518 490 per
556 389 609 473 In
649 431 812 487 opere
853 428 937 474 est
987 433 1048 472 ac
1099 419 1308 479 labore,
1350 426 1407 472 ut
1448 419 1754 474 mercedem
1788 419 1992 476 laboris
2020 423 2068 482 Α
2094 424 2234 478 senti
2262 423 2386 479 loco
2410 423 2753 486 manifestius
2780 421 3020 490 ponitur,
3049 433 3148 484 pro
3175 433 3238 472 eo
3262 420 3403 486 quod
3435 389 3666 484 Sepina-

423 513 660 583 accipiat
693 530 708 566 :
744 513 822 566 sic
857 513 1036 566 omnis
1061 512 1231 580 gloria
1262 510 1454 574 Cedar,
1481 512 1623 578 quod
1656 512 1990 580 interpreta-

424 613 514 656 tur
549 605 794 663 tenebris,
826 602 894 656 de
927 615 1034 671 quo
1063 608 1117 654 et
1154 601 1203 652 in
1230 598 1442 657 Psalmo
1462 601 1717 672 legimus:
1745 600 1995 658 Habitari

425 709 542 746 cum
591 693 948 746 habitantibus
999 691 1169 746 Cedar
1209 692 1379 760 (Psal.
1419 707 1568 758 eux,
1610 693 1687 762 5),
1737 693 1994 748 velociter

425 783 716 848 auferetur,
756 796 811 838 et
841 783 1017 838 omnis
1058 784 1489 852 sagittariorum,
1526 784 1577 838 id
1617 793 1721 847 est,
1756 785 1994 839 diverso-

422 890 541 928 rum
582 878 887 940 dogmatum
940 889 1223 938 numerus,
1261 875 1352 943 qui
1397 878 1726 936 constitutos
1763 877 1816 930 in
1853 877 1999 936 saltu.

426 966 635 1019 Arabia:
664 966 1007 1028 vulnera-bat,
1040 966 1310 1032 redigetur
1337 965 1389 1018 in
1417 966 1670 1032 nihilum,
1707 975 1994 1036 postquam

428 1056 695 1125 fugientes
724 1056 790 1110 de
819 1057 954 1111 saltu
991 1056 1193 1109 fuerint
1219 1055 1433 1109 liberati
1465 1071 1480 1110 :
1515 1066 1569 1110 et
1607 1072 1798 1124 aquam
1832 1058 1997 1132 310

426 1146 675 1215 baptismi
729 1146 985 1206 salutaris
1033 1146 1366 1214 acceperint,
1399 1147 1840 1215 comederintqne
1883 1161 1997 1202 cm-

428 1238 617 1292 lestetn
652 1252 868 1306 panem.
904 1236 1028 1291 llzec
1053 1238 1198 1292 enim
1232 1236 1416 1289 futura
1446 1235 1704 1294 Dominus
1733 1238 1994 1301 omnium,

432 1341 484 1380 et
531 1331 747 1397 proprie
788 1329 930 1383 Deus
972 1329 1162 1393 lsrael,
1203 1328 1255 1382 id
1295 1337 1403 1392 est,
1441 1339 1617 1384 mente
1659 1331 1992 1385 cernentium

435 1419 624 1482 Deum,
660 1422 873 1476 loculus
901 1431 1007 1474 est.

506 1509 666 1580 (Cap.
695 1511 856 1568 XXII.
876 1541 946 1552 —
972 1511 1123 1565 Vers.
1150 1513 1226 1580 l.)
1276 1530 1294 1562 ι
1323 1511 1471 1567 Onus
1523 1511 1678 1566 vallis
1709 1512 1944 1567 visionis.
1973 1529 1997 1562 ›

434 1603 574 1658 LXX
607 1618 621 1656 :
667 1622 685 1654 ι
724 1602 960 1662 Verbum
992 1602 1146 1658 vallis
1181 1601 1331 1656 Sion.
1373 1621 1390 1652 ι
1437 1602 1493 1657 lu
1535 1603 1672 1657 libro
1708 1602 1998 1658 Hebraico-

434 1712 554 1748 rutn
593 1694 876 1747 Noniinnnt
922 1694 1227 1762 posuimus,
1262 1692 1393 1747 Sion
1429 1695 1774 1760 interpretari
1817 1709 2000 1762 specu-

435 1786 540 1839 lam
587 1801 705 1854 qua:
753 1786 804 1838 in
863 1785 1183 1842 sublimibus
1238 1788 1364 1849 sita,
1399 1787 1464 1837 de
1509 1786 1664 1854 longe
1728 1787 1999 1842 venientia

434 1877 848 1944 contemplatur.
883 1878 1014 1931 Cum
1064 1877 1227 1944 igitur
1272 1875 1400 1933 Sion
1437 1875 1588 1944 juxta
1639 1877 1781 1944 leges
1821 1887 2005 1948 tropo-

437 1967 586 2036 logize
615 1968 970 2022 celeratumd
999 1967 1318 2027 Ecclesium,
1347 1977 1404 2023 ut
1429 1977 1510 2020 est
1533 1967 1659 2019 illud
1690 1968 1743 2019 in
1766 1971 2002 2022 secundo

433 2060 651 2114 Psalmo
683 2073 747 2112 ex
779 2073 1005 2126 persona
1040 2056 1252 2111 Domini
1294 2057 1590 2112 Salvatsris
1625 2074 1639 2112 :
1674 2056 1781 2126 Ego
1825 2069 2000 2112 autem

435 2153 750 2206 constitutus
789 2165 903 2203 sum
940 2163 1030 2202 rea:
1063 2150 1127 2200 ab
1165 2165 1223 2201 eo
1259 2165 1417 2218 super
1454 2147 1579 2207 Sion
1616 2161 1836 2202 montem
1878 2165 2003 2203 san-

437 2254 581 2303 ctum
607 2242 718 2311 ejus
748 2239 923 2308 (Psal.
953 2255 1013 2304 tt,
1041 2240 1118 2310 δὶς
1147 2247 1200 2294 et
1227 2256 1240 2295 :
1271 2238 1376 2304 Qui
1403 2240 1671 2308 conﬁdunt
1695 2241 1749 2302 in
1781 2241 2000 2294 Domino

442 2347 574 2390 εει-ιιι
610 2350 754 2387 mons
788 2331 913 2386 Sion
947 2329 1126 2398 (Psal.
1155 2346 1334 2395 exstv,
1369 2332 1446 2399 l);
1473 2339 1528 2384 et
1557 2343 1571 2381 :
1605 2329 1783 2398 Diligit
1815 2329 2001 2384 Domi-

436 2444 535 2481 nus
597 2435 774 2493 portas
832 2422 958 2478 Sion
1011 2439 1166 2490 super
1213 2423 1390 2476 omnia
1444 2422 1780 2483 tabernacula
1835 2421 2000 2476 Jacob

437 2517 611 2590 (Psal.
655 2532 873 2576 Luxu,
908 2514 1010 2583 2);
1045 2526 1097 2569 et
1149 2511 1486 2574 manifestius
1528 2515 1817 2582 Apostolus
1849 2527 1865 2566 :
1897 2515 2000 2567 Ac-

437 2612 682 2670 cessistis.
720 2609 919 2677 inquit,
937 2608 1004 2660 ad
1033 2605 1156 2661 Sion
1189 2615 1412 2659 montem
1437 2608 1776 2664 et‘civitatem
1803 2605 1896 2659 Dei
1922 2606 1999 2658 vi-

436 2699 924 2766 sentis,Jerusalem
944 2697 1200 2751 caelestem
1232 2696 1419 2766 (llebr.
1442 2713 1538 2760 xu,
1563 2697 1653 2762 22)
1678 2698 2001 2764 :qumrimus

440 2806 606 2860 quare
624 2793 674 2844 in
698 2789 950 2859 praesenti
966 2787 1359 2852 visione,vallis
1374 2785 1503 2841 Sion
1528 2787 2004 2856 dicatnersaque.

439 2897 473 2936 τ
512 2883 727 2934 rbornm
771 2877 1154 2947 consequentia
1200 2877 1461 2930 trahimur
1488 2876 1551 2929 ad
1587 2876 1994 2943 intelligentiam

438 2972 800 3039 spiritualetn,
829 2979 886 3022 ut
907 2983 1096 3023 omnes
1117 2982 1490 3037 perversornm
1516 2969 1818 3036 dogmatutn
1850 2955 1999 3036 prin-

438 3065 606 3132 cipes,
635 3062 722 3130 qui
756 3068 1077 3115 corruerunt
1107 3061 1172 3116 de
1200 3059 1535 3115 sublimitate
1565 3073 1756 3114 sensus
1790 3073 2004 3112 sanctn-
2033 3048 2074 3105 C

439 3171 558 3208 rum
614 3153 1058 3219 Scripturarum,
1103 3161 1158 3205 et
1201 3153 1267 3203 ad
1311 3148 1534 3202 humilia
1577 3149 1811 3204 devoluti
1857 3161 2002 3214 sunt,

439 3245 678 3307 sciamus
715 3241 770 3294 in
805 3241 933 3294 Sion
978 3240 1116 3292 valle
1165 3239 1397 3292 versari.
1441 3237 1570 3293 Tale
1613 3238 1742 3305 quid
1791 3249 1919 3309 puto
1957 3249 2011 3295 et

443 3335 787 3400 Salomonent
821 3333 872 3385 in
912 3330 1240 3392 Proverbiis,
1272 3329 1454 3383 dicere
1490 3346 1504 3384 :
1538 3329 1762 3384 Oculum
1804 3331 1894 3400 qui
1931 3333 2008 3384 ir-

441 3427 573 3480 ridet
604 3437 829 3494 patrem,
856 3435 909 3479 et
935 3426 1154 3493 despicit
1179 3435 1490 3478 senectutem
1519 3426 1730 3488 matris,
1758 3425 2014 3493 eﬂ'otliant

441 3536 558 3583 eum
612 3521 750 3571 corvi
799 3520 862 3570 de
905 3517 1256 3580 convallibus,
1291 3527 1336 3571 et
1376 3517 1647 3570 comedunt
1693 3514 1845 3568 ilium
1879 3514 2011 3581 pulli

440 3613 737 3682 aquilarum
771 3609 955 3671 (Prov.
996 3625 1123 3669 xu,
1159 3609 1270 3677 l7).
1304 3607 1496 3662 Statim
1536 3607 1676 3660 enim
1718 3616 1777 3668 ut
1816 3621 2012 3661 sensus

443 3703 823 3765 haereticorum
871 3701 1108 3755 irriserit
1153 3699 1463 3755 Creatorem
1499 3697 1735 3760 Patrem,
1768 3706 1822 3752 et
1857 3712 2011 3754 sene-

441 3804 642 3850 ctutem
679 3792 934 3850 Ecclesia:
1006 3791 1195 3846 matris
1231 3790 1560 3861 despexerit,
1589 3788 1839 3843 eu‘oditur
1869 3803 1898 3843 a
1931 3797 2012 3841 te-

441 3890 541 3944 tris
587 3898 642 3943 et
687 3884 977 3940 immundis
1027 3884 1368 3947 volneribus,
1412 3897 1532 3952 quae
1589 3881 1898 3938 referuntur
1946 3881 2016 3938 ad.

443 3977 752 4032 contrarias
817 3975 1184 4034 fortitudines.
1245 3975 1355 4028 Nec
1417 3980 1642 4048 possunt
1704 3971 2008 4026 istiusmodi

445 4072 622 4126 dicere
650 4085 666 4123 :
703 4067 891 4124 Levavi
922 4066 1099 4120 oculos
1142 4081 1280 4118 meos
1321 4064 1377 4116 in
1418 4072 1640 4128 montes,
1675 4065 1811 4116 unde
1846 4063 2012 4116 veniat

444 4161 704 4216 auxilium
742 4159 869 4219 mihi
896 4156 1068 4226 (Paul.
1096 4171 1226 4219 cxx,
1255 4156 1330 4223 l);
1362 4155 1454 4207 sed
1491 4155 1542 4206 in
1578 4153 1795 4208 modum
1831 4156 2015 4209 bruto-

444 4267 561 4304 rnm
595 4250 951 4304 animantium
996 4249 1062 4302 ad
1096 4255 1306 4301 terrena
1343 4246 1583 4314 depressi
1619 4257 1767 4300 sunt.

519 4360 539 4392 ι
577 4341 845 4407 Quidnam
881 4340 974 4395 tibi
1007 4353 1221 4409 quoque
1252 4346 1356 4400 est,
1386 4337 1508 4406 quia
1542 4338 1833 4393 aseendisti
1869 4347 1924 4393 et
1957 4349 2009 4394 tu

443 4434 624 4486 nnmis
671 4433 724 4486 in
777 4431 963 4486 tecta?
997 4448 1017 4482 ι
1063 4429 1253 4484 LXX:
1299 4449 1317 4481 ι
1355 4427 1492 4494 Quid
1541 4427 1742 4482 factum
1787 4441 1870 4484 est
1911 4430 2004 4485 tibi

445 4538 612 4589 nunc,
639 4524 766 4590 quia
797 4522 1130 4576 ascendistis.
1149 4535 1337 4575 omnes
1367 4521 1421 4573 in
1454 4529 1591 4574 tecta
1621 4521 1797 4574 vana?
1840 4539 1860 4573 ι
1896 4520 2008 4576 Hoc

443 4617 585 4685 quod
626 4614 780 4682 juxta
827 4612 968 4673 LXX
1020 4612 1342 4680 interpretes
1388 4613 1440 4664 in
1486 4611 1689 4684 Regum
1736 4612 2007 4668 volumine

443 4705 729 4774 quaeritur,
760 4704 887 4773 quid
919 4704 1020 4757 sibi
1053 4702 1180 4754 velit
1203 4702 1410 4755 dicente
1445 4699 1618 4752 Eliseo
1650 4698 1761 4767 (IV
1787 4700 1914 4771 Reg.
1950 4718 2010 4768 II,

442 4796 573 4866 14):
608 4794 711 4850 Ubi
758 4806 834 4848 est
880 4792 1019 4848 Deus
1065 4791 1202 4847 Elite
1241 4806 1445 4846 APHPBO
1476 4790 1491 4820 ¹
1534 4790 1745 4859 (mare),
1781 4790 1833 4846 in
1875 4805 2009 4857 prae-

515 4939 532 4969 ¹
567 4935 962 5006 ΑρΙιρΙιοηιιοο
1011 4948 1208 4986 nomen
1259 4931 1456 5006 legitur
1497 4931 1548 4984 in
1591 4931 1792 5006 Lexico
1827 4933 2015 5006 Graeco

444 5002 742 5062 Nomiuum
787 5005 1202 5062 lieltraicornm,
1244 5002 1386 5068 quod
1433 5002 1647 5055 consuli
1695 5002 1879 5068 velim;
1921 5005 2014 5060 sed

446 5077 536 5130 hic
584 5091 706 5132 eum
769 5077 1095 5144 Hieronymo
1153 5073 1446 5144 observare
1501 5071 1771 5144 (debemus
1827 5087 2011 5144 vocent

445 5144 663 5212 Apltpho
695 5141 1035 5212 n'tanifeStins
1066 5156 1187 5195 esst!
1221 5141 1448 5212 positam
1499 5142 1548 5191 in
1599 5143 1848 5212 praesenti
1895 5143 2014 5195 loco

448 5207 622 5268 l-s'aian
671 5229 862 5278 nempe
911 5207 1081 5274 nisu;
1127 5207 1246 5264 cum
1305 5207 1555 5279 I_V_Reg._
1587 5207 1646 5275 ll,
1682 5210 1768 5270 14.
1807 5211 2014 5279 legatur

443 5293 546 5344 »ιτ-ι
575 5293 660 5365 Ἴθι
711 5276 938 5350 apii-Im,
974 5292 1027 5335 et
1078 5296 1180 5333 non
1233 5276 1459 5346 apltplto.
1496 5276 1626 5334 illoc
1675 5276 2011 5347 nequaquam

448 5375 814 5443 intelligentes
883 5373 1144 5426 Erasmus
1212 5380 1266 5428 et
1329 5369 1644 5443 Marianas,
1700 5379 2016 5428 contextum

446 5441 758 5513 Hieronymi
817 5443 1068 5496 vitiosum
1127 5455 1192 5493 ac
1245 5441 1802 5513 penitus__confusutn
1857 5443 2013 5495 nobis

443 5508 762 5576 ediderunt;
793 5514 1041 5582 quamvis
1069 5513 1121 5564 in
1153 5525 1282 5564 mss.
1310 5508 1591 5566 codicibus
1614 5512 1823 5581 legatur
1850 5527 2015 5579 purus

443 5594 498 5637 et
526 5581 832 5637 distinctus.
867 5581 1137 5635 Maurum.

519 5656 540 5684 '
571 5653 828 5706 Vetustas
865 5653 986 5705 cod.
1033 5666 1198 5720 penes
1239 5649 1550 5720 Reinesium
1591 5651 1656 5703 de
1701 5652 1880 5720 lingua
1917 5667 2014 5720 pu-

450 5723 571 5779 nica
650 5739 705 5776 ce
753 5738 845 5792 per
886 5717 1065 5788 tuum',
1113 5735 1233 5788 quae
1286 5717 1444 5775 facile
1497 5717 2011 5791 designant'Gratca

2094 518 2240 583 ginta
2273 515 2664 574 transtulerunt
2698 528 2872 574 nunc;
2905 513 2956 572 in
2987 509 3212 568 llebr'xo
3245 509 3406 562 habet
3433 522 3670 570 ueneno,

2094 607 2237 672 quod
2267 622 2364 660 nos
2389 605 2730 675 interpretati
2761 619 2944 659 sutum
2979 617 3118 656 nunc
3146 615 3370 670 quoque,
3393 610 3446 656 et
3467 599 3661 668 Aquila

2094 697 2282 751 volens
2323 695 2642 751 Hebraicum
2688 708 2910 750 scrvare
2952 693 3170 753 idioma.
3209 691 3390 758 posuit
3430 689 3666 757 καίπερι

2092 804 2176 839 τοι
2207 790 2249 853 ⁸,
2293 802 2455 855 quam
2509 785 2942 853 c0njunctionem
2997 783 3155 860 311
3207 782 3434 842 Latinus
3482 797 3670 837 sermo

2095 893 2205 932 non
2253 878 2508 946 explicat.
2554 876 2778 941 Quando
2829 883 3013 930 autem
3057 873 3231 937 dicit,
3275 872 3524 940 quidnam
3569 874 3678 926 tibi

2094 985 2300 1038 quoque
2327 971 2446 1023 est?
2480 969 2776 1037 interrogat
2811 981 2911 1021 cur
2947 967 3089 1020 inter
3118 965 3255 1022 alios
3289 974 3344 1020 et.
3381 964 3494 1032 ipsa
3529 979 3666 1018 con-

2096 1063 2347 1126 scendat,
2385 1069 2547 1125 atque
2595 1060 2849 1128 opinione
2901 1058 3209 1113 sublimium
3267 1057 3318 1111 in
3371 1056 3674 1112 humilibus

2096 1161 2480 1207 commoretur.
2516 1151 2584 1205 Et
2615 1159 2700 1204 est
2743 1164 2936 1205 sensus
2978 1159 2992 1202 :
3039 1163 3162 1202 cum
3221 1147 3525 1216 philosophi
3577 1157 3671 1200 tn-

2099 1251 2303 1302 meant,
2335 1248 2391 1294 et
2419 1239 2598 1296 cumis
2629 1239 2894 1310 sapientia
2929 1237 3210 1296 stecularis
3247 1241 3313 1290 de
3341 1237 3675 1293 sublimibus

2097 1332 2410 1400 disputans,
2449 1331 2855 1400 simplicitatem
2909 1336 3225 1384 contemnat.
3259 1326 3531 1392 Εεοιεδίω,
3568 1345 3676 1386 cur

2101 1433 2159 1479 tu
2184 1437 2398 1492 quoque
2425 1422 2643 1477 excelsa
2674 1421 2938 1481 sectaris?
2966 1437 3086 1491 quae
3114 1421 3284 1487 LXX,
3315 1420 3670 1489 σημαντικῶ-

2097 1532 2254 1584 τερον
2285 1516 2328 1578 ³,
2363 1513 2594 1583 δώματα.
2641 1514 2876 1586 μάταια,
2906 1513 2957 1581 id
3001 1523 3108 1578 est,
3141 1523 3274 1571 tecta
3315 1529 3468 1578 emta,
3502 1512 3674 1570 inter-

2099 1604 2295 1676 pretati
2339 1615 2484 1668 sunt,
2524 1615 2582 1659 ut
2623 1604 2970 1666 ostenderent
3008 1619 3128 1662 esse
3165 1611 3219 1656 et
3261 1601 3404 1660 aliud
3442 1614 3673 1660 testam.

2103 1697 2170 1752 de
2193 1711 2302 1766 quo
2330 1696 2577 1753 Salvator
2606 1696 2938 1760 descendere
2967 1695 3219 1766 prohibet
3242 1693 3465 1762 (Matth.
3494 1695 3670 1761 ntv);

2105 1789 2254 1857 quod
2296 1795 2478 1844 tamen
2527 1801 2634 1844 non
2691 1787 2761 1841 sit
2812 1796 3010 1847 tectum
3057 1799 3282 1848 vanum.
3329 1785 3578 1854 Denique.
3613 1795 3678 1840 et

2107 1878 2388 1948 apostolus
2425 1877 2620 1934 Petrus
2663 1877 2796 1932 hora
2830 1876 3095 1936 orationis
3136 1886 3293 1933 sexta
3326 1877 3572 1934 ascendit
3613 1876 3674 1928 in

2107 1979 2309 2026 tectum
2333 1967 2476 2039 (Act.
2509 1967 2584 2035 ιι).
2615 1965 2768 2021 Nunc
2793 1973 2994 2031 autem,
3024 1974 3081 2019 ut
3106 1964 3420 2022 ostenderet
3445 1961 3672 2021 multam

2106 2057 2386 2114 haereseon
2417 2057 2760 2124 varietatem,
2799 2070 2908 2113 non
2939 2070 3103 2115 unum
3144 2065 3364 2118 tectum,
3393 2053 3492 2109 sed
3527 2061 3672 2109 tecta

2106 2149 2337 2219 plurima
2361 2149 2680 2210 nominavit.

2179 2241 2358 2312 (Vers.
2379 2239 2463 2312 2.)
2504 2259 2526 2294 ι
2558 2239 2832 2300 Clamoris.
2856 2240 3038 2309 plena,
3065 2239 3194 2300 urbs
3229 2239 3500 2309 frequens,
3531 2235 3673 2291 civi-

2107 2341 2195 2393 tas
2235 2331 2538 2390 exsultans.
2572 2350 2591 2384 ι
2631 2331 2772 2392 LXX
2807 2344 2822 2385 :
2865 2349 2883 2383 ι
2919 2332 3150 2400 Repleta,
3191 2341 3277 2390 est
3322 2331 3513 2386 civitas
3555 2329 3675 2384 cla-

2108 2426 2395 2492 uiantium,
2428 2427 2560 2482 urbs
2594 2421 2896 2486 exsultans.
2931 2443 2951 2480 ι
3000 2424 3250 2484 Doctrina
3296 2423 3676 2480 haereticorum

2109 2531 2216 2573 non
2254 2516 2306 2571 in
2340 2530 2527 2583 sensu,
2558 2517 2650 2576 Sed
2688 2517 2740 2572 in
2775 2516 3119 2587 multiloquio,
3144 2525 3199 2571 et
3227 2517 3460 2571 clanwe
3484 2528 3678 2570 versa-

2108 2617 2214 2662 tur.
2254 2607 2409 2663 Uude
2445 2609 2517 2663 ob
2558 2607 2958 2664 multitudinem
3009 2611 3386 2678 deceptorum,
3417 2608 3682 2677 frequens

2107 2698 2304 2753 civitas
2327 2699 2660 2768 appellatur,
2681 2708 2736 2754 et
2759 2699 3062 2764 exsultans,
3091 2708 3313 2770 propter
3338 2697 3680 2766 superbiam.

2109 2788 2284 2844 lnllati
2340 2789 2486 2844 enim
2543 2798 2788 2854 tument.
2833 2798 2890 2846 et
2947 2791 3240 2850 sacratiora
3291 2804 3352 2852 se
3403 2788 3683 2844 invenisse

2108 2882 2430 2953 gloriantur.

2186 2991 2206 3027 ι
2243 2972 2520 3029 lnterl'ecti
2554 2972 2628 3026 tui
2662 2986 2766 3027 non
2803 2971 3076 3030 interfecti
3109 2971 3310 3043 gladio,
3340 2985 3442 3026 nec
3475 2971 3680 3056 mortui

2108 3066 2164 3120 in
2215 3064 2376 3120 bello.
2428 3082 2447 3116 ι
2498 3061 2692 3120 LXX;
2739 3081 2763 3124 ι
2802 3062 3078 3123 Vulnerati
3127 3063 3204 3119 tui
3251 3077 3376 3118 non.
3409 3057 3685 3119 vulnerati

2109 3156 2311 3227 gladio,
2341 3171 2441 3212 nec
2476 3156 2680 3212 mortui
2721 3155 2802 3209 tui
2847 3157 3047 3210 mortui
3091 3156 3145 3212 in
3188 3155 3354 3212 bello.
3387 3173 3407 3210 ι
3443 3153 3686 3208 Maxima

2109 3261 2238 3316 pars
2266 3246 2473 3316 absque
2505 3245 2614 3300 ullo
2645 3245 2946 3300 certamine
2975 3254 3031 3299 et
3058 3245 3472 3316 disceptatione,
3503 3245 3688 3300 haere-

2113 3339 2345 3392 ticorum
2396 3335 2806 3406 deceptionibus
2861 3336 3263 3405 supplantatur,
3316 3345 3373 3392 et
3426 3335 3541 3390 haec
3593 3347 3687 3390 est

2116 3429 2273 3488 turba
2295 3428 2718 3500 quamplurima.
2743 3425 3020 3494 Interfecti
3036 3426 3224 3498 igitur,
3248 3425 3362 3482 sive
3381 3435 3442 3480 ut
3459 3425 3688 3492 Septua.

2111 3520 2258 3591 ginta
2295 3519 2714 3581 transtulerunt,
2747 3517 3007 3572 vulnerati
3037 3516 3188 3574 vallis
3219 3516 3371 3580 Sion,
3403 3530 3507 3572 non
3551 3527 3690 3571 sunt

2114 3611 2411 3677 interfecti,
2434 3621 2488 3666 et
2511 3609 2788 3681 vulnerati
2809 3609 3011 3677 gladio,
3031 3608 3133 3669 sed
3158 3607 3432 3663 voluntate
3457 3609 3686 3679 propria

2115 3703 2181 3760 ad
2212 3703 2493 3758 haereticos
2537 3702 2891 3767 transierunt,
2925 3709 2983 3756 et
3017 3700 3426 3774 comparatione
3465 3713 3682 3763 eorum,

2115 3792 2205 3861 qui
2239 3801 2361 3861 post
2392 3790 2634 3860 praelium
2666 3789 2793 3844 victi
2827 3799 2978 3854 sunt,
3009 3788 3280 3844 infelicius
3313 3787 3401 3845 ille
3427 3789 3684 3844 vulnera-

2113 3895 2220 3945 tus.
2247 3891 2304 3938 et
2333 3880 2654 3942 interfectus
2688 3889 2796 3947 est,
2823 3881 2912 3950 qui
2945 3889 3136 3950 sponte
3163 3893 3233 3936 se
3257 3880 3498 3935 tradidit.
3531 3879 3684 3946 Quo-

2114 3975 2272 4031 modo
2300 3984 2356 4030 et
2387 3974 2441 4027 in
2471 3974 2736 4042 martyrio
2766 3972 2860 4042 qui
2907 3981 3028 4042 post
3068 3985 3258 4042 poenas
3283 3971 3457 4026 victus
3485 3985 3692 4026 manus

2116 4067 2286 4128 dedit.
2327 4065 2541 4119 levioris
2572 4080 2749 4135 poena
2776 4073 2860 4120 est
2888 4079 2953 4120 eo
2988 4064 3083 4132 qui
3113 4064 3320 4134 absque
3349 4063 3464 4122 ulla
3489 4078 3687 4120 neces-

2115 4157 2282 4213 sitate
2311 4165 2365 4210 et
2392 4155 2576 4211 dolore
2602 4156 2936 4214 cruciatuum
2964 4155 3240 4214 Christum
3275 4155 3516 4225 negavit.

2183 4248 2363 4319 (Vers.
2396 4247 2478 4307 5.)
2521 4265 2540 4298 ι
2573 4247 2766 4304 Cuncti
2799 4247 3070 4325 principes
3102 4247 3180 4302 tui
3215 4247 3467 4319 ingerunt
3496 4247 3686 4312 simul,

2043 4377 2091 4436 υ
2118 4341 2360 4408 dareque
2406 4338 2556 4408 ligati
2598 4347 2738 4396 sunt.
2780 4357 2824 4402 ι,
2847 4338 2903 4392 In
2933 4338 3037 4394 hoc
3065 4338 3186 4398 loco
3216 4338 3568 4412 Septuaginta
3601 4338 3689 4392 in-

2126 4430 2568 4498 terpretationem
2610 4429 2786 4484 secuti
2829 4445 3040 4495 sumus,
3067 4429 3192 4499 quia
3221 4444 3328 4484 non
3361 4431 3586 4486 multum
3615 4434 3690 4483 ab

2122 4519 2391 4576 Hebraico
2430 4519 2592 4574 distat
2628 4519 2680 4572 in
2723 4534 2904 4576 sensu.
2939 4519 3204 4574 Cancrum
3251 4530 3307 4582 ut
3347 4520 3570 4575 verbum
3614 4535 3687 4575 ex

2121 4612 2290 4666 verbo
2326 4611 2394 4665 de
2427 4610 2654 4666 Hebraeo
2694 4611 3010 4673 ιτειιίιετςιιιι,
3040 4613 3111 4665 ita
3150 4612 3287 4684 apud
3317 4626 3413 4668 eos
3444 4611 3638 4682 legitur
3666 4625 3683 4663 :

2125 4700 2313 4756 Omnes
2338 4703 2585 4771 primates
2613 4703 2691 4755 tui
2722 4703 3074 4774 migrauerunt
3097 4704 3272 4769 simul,
3293 4704 3357 4756 ab
3383 4719 3511 4762 arcu
3534 4703 3689 4772 ligati

2121 4803 2285 4859 sunt;
2329 4809 2488 4864 quam
2544 4795 2864 4869 editionem,
2898 4804 2954 4858 et
3003 4794 3094 4854 alii
3142 4797 3462 4864 interpretes
3509 4796 3688 4850 secuti

2120 4935 2406 5003 καίτπερτοι
2436 4936 2552 5000 νῦν,
2588 4936 2936 5005 indicanlqne
2960 4946 3013 4990 et
3043 4935 3137 4988 νῦν
3167 4933 3507 4996 adverbium,
3539 4934 3690 5005 quod

2119 5020 2202 5060 esu
2236 5022 2394 5070 nunc,
2441 5007 2507 5058 ab
2547 5005 2740 5074 Aquila
2785 5003 3118 5067 είιιτθεειιιιι.
3150 5005 3415 5058 Cancrum
3459 5003 3696 5071 eoatjun-

2122 5079 2288 5130 ctioni
2347 5077 2630 5141 καίπερτοι
2683 5074 2824 5140 apud
2879 5075 3098 5129 Latinos
3149 5075 3356 5141 quidem
3410 5085 3696 5140 utcunque

2122 5091 2288 5130 cttont
2347 5091 2508 5130 καιπε
2550 5092 2630 5128 τοι
2683 5091 2824 5140 apuu
2879 5091 3098 5129 Lallllos
3149 5091 3356 5141 qutaem
3410 5091 3693 5140 Utcunque

2121 5148 2463 5212 restinndeat.
2514 5091 2618 5198 Sed
2668 5156 2722 5196 et
2774 5141 3257 5212 videturrllieron.
3308 5156 3415 5196 non
3457 5141 3693 5202 simplex

2120 5229 2342 5282 quoque,
2375 5217 2468 5268 sed
2497 5230 2632 5266 nunc
2655 5230 2858 5284 quoque
2891 5211 3210 5266 reddidisse.

2191 5306 2212 5336 ⁸
2251 5307 2753 5375 Σημαντικὼτερον.
2811 5307 2954 5360 Cave
3006 5321 3074 5358 ne
3123 5303 3427 5358 confundas
3488 5318 3691 5358 nomen

2120 5374 2364 5430 Grmcum
2419 5374 2899 5445 σημαντικώτερον
2931 5391 3056 5445 quo
3084 5377 3256 5427 utitur
3297 5375 3692 5442 Hieroyutus.

2119 5460 2242 5496 cum
2274 5449 2626 5512 sequentibus
2673 5443 2896 5502 vocibus
2929 5443 3064 5498 LXX
3101 5445 3497 5512 interpretum;
3536 5446 3695 5508 quod

2119 5516 2262 5566 enim
2293 5516 2377 5568 hic
2402 5513 2588 5568 (ἔνερθε
2614 5515 2770 5578 dixit,
2798 5517 2921 5568 alibi
2951 5515 3141 5568 Latine
3169 5514 3366 5580 saepius
3393 5516 3695 5580 expressit,

2119 5585 2332 5652 Scilicet
2367 5598 2498 5652 voce
2529 5585 2934 5652 signiﬁcantius.
2975 5584 3136 5636 Docet
3170 5583 3699 5652 itaqueisigniﬁcan-

2120 5655 2222 5704 tius
2255 5651 2393 5705 LXX
2434 5651 2676 5718 posuisse
2719 5665 2854 5708 tecta
2887 5670 3051 5717 vana;
3086 5667 3207 5708 cum
3257 5653 3307 5703 in
3355 5651 3578 5706 Hebraeo
3618 5653 3694 5708 sit

2117 5722 2350 5792 positum
2385 5733 2518 5776 tecta
2550 5724 2666 5778 sine
2696 5730 2858 5779 verbo
2895 5739 3048 5779 rana.
3089 5722 3357 5778 Maurus.
