3972 6198
285 315 354 374 77
739 315 1238 376 COMMEN'I‘AR.
1286 315 1364 374 IN
1408 314 1677 373 ISAIAM
1716 315 1822 377 PR1

1928 318 2173 376 Η-ΕΤΑΜ
2225 319 2374 379 LIB.
2412 321 2545 388 VII,
2582 321 2742 378 CAP.
2787 322 2975 386 XXII.

3382 323 3486 385 278

247 435 408 477 sunt.
444 423 819 494 Iligraverunt
854 425 1001 478 enim
1033 438 1228 478 omnes
1263 423 1641 478 hereticorum
1676 425 1825 494 prin-
1849 432 1902 490 Α
1927 430 2267 485 exercituum
2329 434 2382 486 in
2431 433 2572 486 valle
2618 432 2863 494 visionis,
2891 441 3138 484 scrutatis
3187 445 3401 483 murum
3433 441 3488 484 et

248 515 402 580 cipes
433 517 504 566 ad
540 531 867 586 synagogam
903 517 1118 570 Satanae
1143 516 1304 585 312
1339 534 1366 567 a
1398 517 1605 573 Christi
1636 518 1822 571 Eccle-

247 605 354 667 sia,
390 615 445 657 et
488 608 835 672 transierunt,
869 608 1029 660 simul
1075 609 1352 663 discordes
1393 611 1444 663 in
1489 609 1733 677 perfidia,
1767 610 1820 663 in

251 699 492 752 transitu
540 703 858 764 concordes,
887 710 944 754 et
979 699 1125 766 ligati
1166 710 1295 755 sunt
1331 702 1399 756 ab
1433 717 1585 763 arcu.
1617 702 1686 756 de
1717 715 1824 770 quo

254 791 307 842 in
334 789 555 842 Psalmo
588 792 847 860 scriptum
873 803 991 846 est:
1021 791 1152 846 Ecce
1173 803 1464 856 peccatores
1493 795 1824 848 intenderunt

251 893 458 940 means,
497 891 818 944 paraverunt
842 885 1064 949 sagittas
1090 897 1213 933 suas
1249 883 1302 934 in
1345 882 1617 949 pharetra,
1645 892 1704 936 ut
1730 899 1823 937 sa-

250 968 437 1034 gittettt
471 972 525 1021 in
562 970 779 1022 obscuro
815 980 979 1024 rectos
1019 973 1176 1025 corde
1210 971 1383 1040 (Psal.
1417 988 1472 1034 κ,
1502 974 1582 1042 5),
1611 983 1664 1028 et
1697 975 1824 1026 tnit-

253 1069 373 1111 tant
405 1061 574 1128 ignita
603 1061 802 1115 diaboli
829 1063 1010 1128 jacula
1041 1077 1160 1130 qua:
1190 1063 1478 1117 vulnerent
1518 1064 1742 1133 pariter,
1771 1075 1825 1118 et

253 1149 440 1218 ligent.
477 1151 712 1222 Ideoque
739 1157 876 1206 dure
907 1154 1058 1223 ligati
1100 1164 1249 1217 sunt,
1277 1156 1402 1223 quia
1431 1155 1827 1209 obturaverunt

253 1255 418 1296 aures
444 1257 573 1295 suas
597 1245 739 1298 sicut
762 1245 980 1312 aspides
1005 1247 1201 1310 surdae,
1225 1257 1275 1299 et
1303 1247 1622 1301 obturantes
1645 1262 1824 1309 aures,

254 1349 377 1398 quae
416 1348 524 1386 non
560 1335 855 1389 esaudient
886 1351 1047 1390 voces
1084 1337 1499 1401 incantantium,
1533 1353 1633 1393 nec
1661 1353 1827 1394 vene-

259 1423 346 1475 tici
378 1424 705 1479 incantantis
737 1427 1028 1495 sapienter.
1055 1428 1136 1480 0h
1162 1441 1320 1496 quam
1355 1443 1597 1493 causam,
1627 1439 1683 1484 et
1709 1445 1829 1498 apo-

255 1517 436 1568 stolus
479 1515 678 1570 Paulus
722 1520 1035 1572 hareticum
1081 1529 1204 1588 post
1247 1534 1407 1573 unam
1452 1522 1829 1575 commonitio-

253 1621 413 1671 nem,
488 1610 840 1677 perversitati-
912 1625 1025 1664 sua:
1099 1612 1346 1681 praecipit
1424 1612 1826 1678 relinquendum

252 1701 388 1764 (Tit.
434 1701 542 1764 In),
583 1700 706 1768 quia
765 1715 1060 1766 perversos
1108 1712 1213 1766 est,
1255 1712 1310 1755 ιιι
1358 1703 1576 1771 proprio
1623 1703 1829 1771 judicio

1927 521 2248 587 tnagnil‘tcus
2295 537 2457 588 super
2517 533 2778 576 montem.
2817 542 2835 574 ι
2874 519 3010 574 LXX
3063 537 3080 574 :
3144 539 3163 572 ι
3191 520 3483 590 Pmpteroa

1925 611 2036 664 dixi
2066 629 2080 664 :
2105 611 2316 666 Dimitte
2337 629 2644 670 me.amare
2671 614 2810 667 flebo
2829 629 2842 666 :
2861 612 3023 665 nolite
3051 611 3405 675 cantcndere,
3431 619 3488 662 ut

1925 701 2273 754 tuttsolemini
2303 717 2386 755 me
2409 717 2570 770 super
2596 703 2921 756 contritione
2951 701 3074 757 filia
3112 701 3329 770 generis
3353 701 3481 754 mei:

1926 795 2052 862 quia
2084 794 2201 848 dies
2252 795 2536 858 tumultus,
2567 805 2621 850 et
2649 796 2984 864 perditionis,
3020 805 3074 848 et
3121 795 3493 849 conculcatio-

1928 885 2033 948 nis,
2068 896 2122 940 et
2155 900 2310 940 error
2347 902 2374 938 a
2413 888 2639 941 Domino
2675 889 2785 942 Deo
2813 890 3051 943 Sabaoth
3085 889 3137 942 in
3163 889 3300 942 valle
3332 885 3485 949 Sion;

1926 986 2111 1030 errant
2143 991 2172 1030 a
2205 978 2431 1031 minimo
2465 993 2634 1047 usque
2659 980 2724 1034 ad
2757 981 3047 1034 maximum
3073 995 3089 1034 :
3112 989 3294 1032 errant
3326 994 3490 1044 super

1929 1077 2164 1122 montes.
2197 1087 2216 1121 ι
2245 1068 2306 1122 Et
2330 1070 2543 1124 Samuel
2590 1071 2876 1139 plangebat
2903 1073 3028 1124 Saul
3063 1070 3117 1141 (Ῑ
3134 1070 3409 1140 Reg.xvt),
3435 1080 3490 1124 et

1931 1158 2189 1213 Dotninns
2219 1170 2381 1228 atque
2403 1159 2654 1216 Salvator
2687 1162 2850 1216 flebat
2881 1159 3175 1216 Jerusalem
3203 1160 3350 1229 (Luc.
3379 1174 3490 1220 six,

1927 1248 2018 1321 ιι)
2039 1268 2055 1308 :
2073 1259 2127 1305 et
2151 1252 2436 1319 Apostolus
2460 1252 2650 1306 scribit
2674 1253 2738 1306 ad
2760 1252 3103 1306 Corinthios:
3126 1250 3205 1304 Ne
3227 1268 3342 1303 cum
3369 1267 3492 1302 rur-

1927 1357 2017 1396 stts
2040 1359 2221 1396 venero
2252 1344 2321 1395 ad
2340 1359 2447 1407 sas,
2473 1342 2708 1396 Immifiet
2729 1359 2810 1395 me
2833 1343 2990 1404 Deus,
3013 1352 3062 1395 et
3080 1344 3280 1407 lugeant
3301 1339 3490 1392 multos

1927 1431 2017 1496 qui
2047 1440 2169 1483 ante
2190 1441 2549 1498 peccaverunt,
2573 1443 2618 1484 et
2646 1447 2746 1484 non
2776 1443 2989 1499 egerunt
3024 1431 3378 1498 penitentiam
3406 1429 3454 1497 (Ι
3466 1427 3489 1480 1

1930 1521 2056 1578 Cor.
2078 1521 2313 1589 “1.21).
2349 1521 2502 1576 Unde
2526 1523 2906 1588 contpatientis
2934 1523 3131 1576 affectu
3171 1536 3225 1575 et
3263 1521 3329 1574 ad
3360 1521 3494 1574 alios

1931 1613 2175 1682 loquitur
2211 1635 2224 1670 :
2263 1613 2393 1678 Quis
2419 1614 2746 1682 inﬁrmatur,
2772 1624 2824 1668 et
2849 1631 2942 1684 ego
2964 1631 3066 1667 non
3091 1614 3361 1679 inﬁrmor?
3375 1616 3495 1682 quis

1931 1703 2346 1768 scandalizatur,
2379 1714 2428 1756 et
2485 1720 2577 1773 ego
2637 1721 2741 1758 non
2788 1721 2915 1758 uror
2954 1703 3035 1774 (II
3103 1703 3228 1759 Cor.
3264 1722 3338 1764 st,
3373 1705 3498 1773 9.9)?

250 1767 670 1842 condemnatus.
712 1789 772 1843 Et
803 1792 950 1844 nobis
976 1794 1114 1846 enim
1151 1767 1408 1854 exierunt,
1434 1767 1524 1847 sed
1549 1767 1650 1850 non
1679 1808 1826 1850 erant
1861 1767 1906 1822 Β
1931 1794 2096 1863 Igitur
2119 1805 2172 1848 et
2198 1794 2461 1863 Propheta
2488 1767 2672 1848 videns
2717 1767 2971 1865 populum
2998 1796 3270 1864 quondam
3313 1767 3488 1850 visio-

253 1893 320 1929 α
348 1878 502 1932 nobis
525 1894 542 1931 :
564 1881 612 1932 si
632 1881 770 1934 enim
793 1897 856 1933 ex
879 1884 1026 1934 nobis
1051 1883 1290 1950 fuissent,
1316 1887 1630 1938 mansissent
1652 1887 1827 1955 utique

258 1969 527 2022 nobiscum
560 1969 611 2036 (1
643 1971 800 2028 Joan.
833 1988 892 2036 tr,
923 1973 1028 2043 l9).
1068 1973 1270 2028 ﬂorum
1305 1978 1607 2043 principum
1645 1976 1829 2043 fugiti-

259 2075 449 2115 vorum
501 2065 590 2118 ille
641 2065 894 2133 princeps
936 2076 1041 2130 est,
1081 2084 1238 2135 quem
1289 2070 1424 2122 idem
1468 2069 1634 2122 Isaias
1675 2079 1827 2122 vocat

260 2155 555 2207 draconem
623 2157 958 2226 fugientem,
1010 2159 1291 2212 colubrum
1349 2168 1682 2222 tortuosum,
1733 2160 1825 2228 qui

258 2261 379 2300 can
412 2250 579 2303 verba
611 2249 891 2303 mortifera
931 2250 986 2303 in
1019 2265 1179 2305 aures
1213 2251 1421 2306 miserit
1455 2251 1825 2321 deceptorum,

260 2343 398 2396 dure
422 2357 520 2395 eos
543 2341 696 2409 ligat,
717 2354 773 2396 et
799 2341 869 2396 de
894 2344 1124 2396 vinculis
1150 2345 1262 2398 suis
1284 2351 1435 2400 exire
1463 2363 1565 2400 non
1592 2350 1826 2416 patitur:

262 2436 324 2482 de
359 2435 563 2498 quibus
597 2443 815 2491 sancnts
846 2444 1038 2485 erutus
1072 2435 1451 2503 gratulabatur
1480 2437 1532 2489 in
1563 2436 1778 2492 Psalmo
1809 2455 1822 2491 :

261 2522 454 2574 Anima
486 2538 601 2576 mea
632 2523 770 2576 sicut
798 2539 978 2591 passer
1015 2533 1188 2588 erepta
1217 2535 1291 2578 est
1325 2526 1388 2580 de
1423 2529 1608 2596 laqueo
1641 2545 1828 2582 venan-

261 2617 389 2666 tium
419 2610 597 2683 (Psal.
625 2629 810 2677 cum,
847 2617 921 2682 7).
958 2614 1021 2666 Et
1051 2616 1104 2668 in
1135 2617 1245 2670 alio
1273 2617 1389 2671 loco
1419 2619 1656 2687 gaudens
1685 2620 1824 2688 quod

256 2709 514 2766 evaserit,
540 2707 782 2774 loquitor
811 2706 1132 2776 :Susceptor
1155 2725 1296 2763 meus
1315 2725 1368 2763 es
1393 2719 1469 2771 tu,
1494 2720 1543 2764 et
1567 2712 1827 2781 refugium

256 2810 448 2848 leum.
500 2794 638 2847 Deus
677 2810 844 2862 utens,
893 2797 1110 2864 sperabo
1143 2797 1197 2850 in
1230 2813 1370 2852 eunt.
1416 2798 1681 2864 Quoniam
1719 2802 1829 2868 ipse

257 2892 389 2940 eruit
441 2903 522 2940 tne
567 2886 632 2941 de
675 2887 862 2955 laqueo
914 2893 1238 2961 venantium,
1279 2901 1327 2944 et
1375 2910 1406 2944 a
1447 2893 1599 2947 verba
1641 2911 1828 2962 aspero

259 2980 431 3050 (Psal.
464 2997 553 3046 xc,
577 2982 632 3043 9,
657 2983 735 3050 ὅ),
767 2981 883 3035 sive
913 2984 1230 3047 turbulento,
1253 2989 1392 3053 quod
1415 2987 1627 3056 proprie
1659 2988 1826 3042 haere-

257 3074 488 3129 ticorum
525 3074 834 3128 doctrinam
865 3073 1153 3142 signiﬁcat.

325 3185 344 3218 ι
369 3167 574 3221 Omnes
602 3166 696 3234 qui
733 3166 932 3218 inventi
965 3177 1091 3220 sunt
1123 3167 1174 3218 in
1206 3174 1280 3230 te,
1315 3166 1482 3220 vincti
1516 3176 1644 3220 sunt
1669 3169 1816 3236 pari-

257 3267 355 3319 ter,
387 3257 579 3326 procul
637 3256 914 3325 fugerunt.
941 3275 958 3306 ι
999 3256 1137 3309 LXX
1175 3273 1191 3310 :
1258 3276 1276 3307 ι
1310 3257 1372 3310 Et
1428 3256 1598 3311 fortes
1651 3259 1703 3312 in
1771 3271 1822 3315 to

255 3347 407 3416 longe
459 3350 724 3416 fugerunt.
754 3363 778 3396 ι
811 3346 998 3400 Adhuc
1051 3362 1233 3402 sertno
1291 3347 1572 3416 Propheta:
1611 3359 1805 3404 contra

254 3440 441 3493 vallem
476 3438 626 3500 Sion,
659 3439 814 3509 cujus
838 3440 1166 3494 habitatores
1197 3439 1558 3494 ascenderunt
1586 3441 1638 3493 in
1672 3451 1816 3494 tecta

256 3547 413 3597 vana,
446 3541 501 3586 et
549 3533 923 3585 clamavertmt
965 3532 1202 3586 clamore
1242 3531 1487 3595 confuso,
1523 3541 1577 3586 et
1628 3533 1819 3587 vulne-

257 3625 365 3678 rati.
388 3633 516 3677 sunt
543 3623 754 3690 absque
786 3621 994 3691 praebe,
1020 3621 1176 3690 cujus
1206 3622 1478 3691 principes
1509 3638 1702 3678 omnes
1742 3623 1825 3676 fu-

254 3727 473 3785 gerunt,
504 3726 560 3769 et
584 3716 717 3768 dare
760 3715 908 3782 ligati
940 3725 1090 3778 sunt,
1117 3724 1170 3767 et
1200 3715 1291 3783 qui
1350 3714 1518 3769 fortes
1549 3716 1688 3768 inter
1727 3728 1823 3769 eos

252 3809 678 3873 erant,longius
731 3804 1081 3870 aufugerunt.
1132 3807 1346 3870 Quanto
1397 3805 1538 3858 enim
1591 3805 1717 3874 quis
1769 3806 1820 3859 in

251 3899 508 3952 heretica
547 3896 902 3966 perversitate
928 3896 1248 3966 prudentior
1290 3905 1394 3960 est,
1428 3905 1578 3950 tanto
1609 3896 1822 3964 longius

251 3989 462 4045 recedit
494 4003 526 4042 a
566 3989 817 4043 Domino.
849 3988 1003 4053 Quod
1033 3996 1213 4042 autem
1245 3988 1382 4042 dixit
1409 3988 1563 4058 juxta
1597 3987 1822 4043 Hebrai-

251 4095 414 4136 cunt:
447 4080 638 4134 Omnes
672 4081 870 4133 inuenti
911 4088 1036 4132 sunt
1084 4079 1139 4132 in
1178 4089 1249 4142 te,
1275 4079 1377 4135 hoc
1423 4090 1611 4134 notare
1657 4083 1824 4135 debe-

258 4189 401 4236 mus,
437 4173 581 4238 quod
605 4183 660 4227 et
700 4173 939 4226 lmretici
979 4187 1075 4227 eos
1116 4187 1254 4242 quos
1303 4173 1632 4242 deceperint,
1669 4172 1822 4227 inve-

257 4266 408 4318 nisse
443 4277 504 4317 se
551 4263 734 4316 dicant
761 4280 777 4314 :
805 4263 899 4317 sed
933 4264 1176 4318 inventio
1211 4277 1420 4326 eorum,
1458 4263 1689 4331 perditio
1719 4273 1818 4318 est.

255 4351 498 4420 Denique
531 4351 739 4421 pariter
764 4353 1109 4422 colligantur,
1139 4360 1195 4407 et
1235 4352 1420 4422 procul
1454 4353 1680 4424 fugiant.
1712 4353 1823 4409 Nec

1931 1885 2014 1939 nis
2046 1900 2180 1938 vana
2221 1894 2372 1940 tecta.
2393 1889 2781 1948 conscendere,
2812 1895 2866 1940 et
2897 1887 2949 1940 in
2972 1888 3208 1940 clamore
3240 1886 3444 1939 versari
3475 1903 3488 1950 ;

1929 1985 2264 2045 cunctosque
2307 1977 2581 2045 principes
2623 1975 2739 2044 ejus
2787 1976 3011 2044 fugisse,
3042 1985 3097 2031 et
3137 1979 3328 2046 ligatos
3371 1994 3492 2030 esse

1931 2065 2160 2118 vinculis
2183 2067 2801 2134 peccatorum,erumpit
2834 2067 2885 2120 in
2915 2068 3206 2136 laerymas,
3239 2080 3294 2122 et
3326 2067 3493 2136 abigit

1941 2155 2314 2220 consolantes,
2347 2165 2400 2208 ct
2439 2153 2565 2209 fletu
2611 2156 2952 2209 atnarissimo
2980 2172 3039 2210 se
3081 2156 3209 2211 flere
3240 2167 3501 2220 testatur,

1930 2260 2036 2300 non
2073 2262 2240 2312 super
2286 2247 2448 2312 filius,
2477 2251 2571 2302 sed
2616 2263 2779 2316 super
2810 2249 2971 2301 tiliam
3022 2249 3210 2317 populi
3237 2250 3342 2313 sui,
3374 2265 3494 2318 qua:

1931 2337 2208 2390 virilitatis
2239 2339 2476 2406 perdidit
2511 2339 2856 2405 dignitatem.
2893 2340 3014 2392 Dies
3043 2341 3186 2392 enim
3210 2340 3495 2408 judicii,et

1929 2427 2344 2490 interfectiOuis,
2399 2439 2454 2481 et
2503 2428 2957 2492 conculcationis,
3001 2442 3341 2495 nequaquam
3387 2431 3492 2482 erit

1926 2516 2246 2572 Jerusalem.
2279 2534 2400 2588 qua:
2435 2520 2825 2587 interpretatur
2863 2520 2989 2572 visio
3037 2521 3180 2586 pacis
3213 2534 3229 2573 :
3260 2519 3354 2572 sed
3395 2536 3493 2572 an-

1932 2611 2063 2678 tiqui
2095 2611 2330 2663 nominis
2353 2608 2538 2672 Jebus,
2566 2625 2688 2678 quae
2709 2611 3098 2679 interpretatur
3119 2611 3444 2664 conculcatio
3470 2627 3488 2663 :

1928 2698 2150 2754 ﬂetuum
2184 2715 2394 2770 quoque
2423 2701 2540 2756 sive
2570 2691 2792 2764 erroris,
2827 2711 2885 2754 ut
2925 2703 3275 2773 Septuaginta
3311 2710 3490 2756 trans-

1931 2793 2170 2848 tulerunt
2203 2810 2234 2848 a
2277 2794 2503 2847 Domino
2558 2794 2818 2858 Sabaoth,
2847 2811 2952 2848 non
3001 2811 3109 2863 quo
3133 2798 3289 2849 lietns
3318 2808 3372 2849 et
3407 2811 3494 2849 er-

1928 2900 2019 2938 ror
2047 2902 2076 2938 a
2110 2885 2336 2939 Domino
2394 2889 2500 2954 sit;
2525 2886 2618 2941 sed
2670 2901 2765 2955 per
2796 2887 3137 2940 occasionem
3165 2897 3477 2940 sanctarum
3505 2927 3540 2948 .

1928 2978 2354 3045 Scripturarutn,
2392 2995 2527 3046 quas
2581 2979 2842 3034 Dominus
2886 2980 3140 3047 legendas
3188 2979 3356 3041 dedit,
3390 2979 3499 3031 illis

1929 3072 2171 3125 nascitur
2198 3071 2404 3124 erroris
2436 3072 2680 3138 occasio,
2721 3073 2813 3140 qui
2848 3079 3074 3139 possunt
3096 3073 3297 3126 dicere:
3317 3072 3496 3134 Quare

1927 3175 2019 3213 nos
2066 3177 2248 3214 errare
2287 3163 2454 3228 fecisti
2493 3178 2526 3214 a
2567 3165 2647 3215 ria
2685 3171 2778 3214 tua
2815 3159 2952 3231 (fsa.
3001 3177 3154 3222 uin,
3191 3160 3310 3230 27)?
3342 3159 3404 3212 Et
3438 3161 3492 3213 in

1923 3251 2031 3306 alio
2077 3253 2193 3307 loco
2233 3267 2248 3306 :
2288 3253 2540 3307 Dominus
2593 3255 2668 3307 eis
2727 3255 2936 3307 miscuit
2994 3255 3240 3320 spirintnt
3295 3257 3500 3306 erroris

1926 3344 2088 3411 (Ibid.
2119 3361 2266 3407 xxix,
2307 3346 2391 3414 to)
2429 3361 2445 3399 :
2483 3355 2542 3397 nt
2568 3361 2674 3398 non
2709 3346 2762 3398 in
2793 3347 3021 3399 visionis
3068 3355 3270 3406 monte.
3306 3346 3398 3398 sed
3439 3347 3501 3396 in.

1925 3435 2056 3490 Sion
2105 3437 2240 3490 valle
2272 3437 2658 3490 consisterent.
2688 3435 2813 3490 Haec
2842 3447 3022 3490 autem
3054 3437 3166 3504 ipsa
3204 3438 3338 3496 dics,
3373 3451 3494 3503 qua:

1923 3545 1952 3583 a
2000 3529 2227 3583 Domino
2278 3531 2611 3585 exercituum
2647 3528 2700 3582 in
2751 3529 2892 3582 valle
2939 3529 3114 3581 oritur
3163 3530 3409 3590 visionis,
3437 3539 3500 3579 ut.

1923 3623 2259 3691 singulorum
2315 3638 2480 3691 opera
2529 3621 2902 3684 detuonstret,
2948 3631 3222 3674 scrutatur
3276 3634 3492 3673 murum

1927 3713 2325 3776 haereticorum,
2371 3729 2532 3781 quem
2568 3715 2852 3767 adversum
2883 3713 3180 3766 Ecclesiam
3211 3711 3362 3780 quasi
3397 3710 3494 3764 fir-

1927 3803 2231 3858 missimum
2279 3802 2742 3871 prepuguat-ulum
2803 3810 3261 3862 construxerunt;
3290 3807 3342 3852 et
3373 3815 3492 3850 tua-

1925 3892 2180 3961 gniﬁcum
2216 3892 2386 3964 314
2419 3893 2842 3962 gloriosumqne,
2881 3892 2943 3946 id
2981 3890 3366 3954 est,.d0ctorcs
3393 3904 3489 3945 ee-

1927 4002 2066 4052 rnm,
2101 3986 2190 4054 qui
2239 4002 2297 4041 se
2332 4000 2492 4056 super
2539 3985 2754 4040 Christo
2795 3995 2977 4040 monte
3013 3985 3316 4040 consistere
3365 3983 3488 4050 glo-

1925 4077 2155 4132 riantur.
2185 4079 2259 4132 De
2289 4093 2396 4146 quo
2424 4078 2553 4133 alibi
2598 4077 2832 4147 legimus
2858 4095 2874 4133 ;
2915 4075 3113 4143 Venite,
3145 4076 3498 4132 ascendamus

1924 4171 1979 4223 in
2021 4179 2248 4224 montem
2288 4170 2499 4225 Domini
2522 4179 2573 4224 et
2599 4173 2653 4224 in
2683 4171 2897 4224 domum
2930 4169 3023 4224 Dei
3065 4168 3256 4236 Iacob,
3309 4180 3360 4224 et
3390 4187 3491 4222 an-

1927 4262 2203 4315 nuntiabit
2238 4262 2384 4316 nobis
2423 4263 2564 4316 tviant
2588 4277 2739 4314 suam
2775 4260 2911 4330 (lsa.
2946 4276 3009 4326 tt,
3039 4262 3117 4330 3).
3151 4259 3320 4315 Porro
3349 4260 3491 4329 quod

1925 4350 2076 4406 LXX
2138 4353 2579 4421 transtulerunt,
2617 4364 2797 4406 errant
2851 4370 2888 4407 a
2942 4353 3162 4406 minimo
3213 4367 3376 4420 usque
3422 4351 3497 4404 ad

250 4444 380 4498 mihi
432 4443 614 4510 placet
648 4443 738 4497 illa
769 4444 1058 4513 expositio,
1097 4445 1390 4500 secundum
1441 4445 1812 4500 diversitatem
1852 4461 1894 4515 ι)
1936 4444 2455 4506 maximum,errant
2501 4461 2658 4514 super
2678 4454 2901 4508 montes,
2936 4443 3038 4497 hoc
3079 4443 3284 4498 sentire
3327 4441 3492 4496 debe-

247 4533 534 4588 hcreseon
601 4533 814 4590 diversa
863 4549 983 4589 esse
1017 4528 1072 4588 et
1099 4536 1274 4604 spatia
1325 4536 1661 4605 fugientium,
1697 4552 1820 4592 cum

249 4623 535 4692 Scriptura
557 4638 744 4680 saneta
765 4628 905 4679 dit-at
930 4642 944 4680 :
977 4623 1178 4680 Omnes
1202 4625 1296 4692 qui
1318 4628 1392 4681 ab
1408 4629 1680 4682 haereticis
1697 4639 1824 4684 sunt

249 4718 451 4786 reperti
481 4719 690 4786 pariter
717 4718 1024 4787 colligatos,
1055 4729 1111 4774 et
1150 4717 1358 4788 fugisse
1377 4718 1714 4787 longissime,
1735 4722 1821 4774 di-

245 4818 406 4863 cente
455 4808 687 4864 Domino
719 4826 735 4864 :
765 4810 926 4880 313
976 4810 1082 4876 Qui
1133 4826 1236 4864 non
1262 4819 1337 4864 est
1365 4827 1585 4875 meeum,
1635 4821 1820 4866 contra

245 4917 324 4954 nte
357 4912 437 4954 est
473 4915 494 4955 :
519 4910 568 4954 et
601 4903 692 4971 qui
729 4919 927 4956 mecum
953 4919 1057 4956 non
1083 4902 1302 4971 colligit,
1336 4903 1539 4972 spargit
1561 4901 1712 4970 (Luc.
1738 4920 1817 4967 ιι,

243 4991 360 5059 23).
398 4990 558 5045 Unde
595 4993 663 5045 de
691 4990 875 5061 Noyse
923 4993 1142 5055 dicitur,
1177 4989 1628 5058 appropinquabat
1668 4989 1820 5059 Moy-

243 5097 322 5134 ses
383 5081 529 5134 solus
572 5084 641 5135 ad
708 5082 893 5148 Deum,
926 5083 1102 5137 cwteri
1151 5099 1269 5137 sera
1301 5098 1402 5136 non
1429 5083 1823 5151 appropinqua-

243 5181 367 5230 bant
397 5173 599 5241 (Exod.
629 5191 776 5240 xxiv,
810 5176 889 5246 2).
923 5175 1060 5228 Deus
1093 5176 1235 5229 enim
1281 5175 1478 5227 sanctis
1507 5175 1639 5237 suis,
1679 5173 1820 5227 Deus

245 5275 672 5340 appropinquans
695 5277 794 5334 est,
833 5277 882 5321 et
907 5283 1011 5321 non
1042 5267 1107 5319 de
1151 5269 1323 5334 longe,
1383 5265 1511 5319 dicit
1565 5265 1821 5319 Dominus

244 5362 460 5434 μευ-σπι.
489 5379 641 5426 xxtn,
665 5359 779 5425 2.5).

312 5455 495 5525 (Vera.
531 5452 680 5520 4-6.)
720 5470 739 5503 ι
769 5450 1066 5519 Propterea
1119 5450 1232 5504 dixi
1276 5467 1292 5503 :
1332 5447 1588 5504 Recedite
1629 5463 1658 5502 a
1713 5460 1820 5510 me,

245 5559 429 5600 amare
453 5545 593 5598 flebo
622 5562 638 5597 :
677 5544 844 5600 nolite
876 5543 1190 5598 incumbere
1223 5551 1282 5595 ut
1327 5540 1690 5596 consolemini
1737 5552 1823 5592 me

248 5651 412 5706 super
438 5636 700 5690 vastitate
735 5634 857 5688 filia:
905 5633 1088 5703 populi
1131 5633 1258 5688 mei.
1303 5632 1428 5686 Dies
1462 5633 1602 5686 enim
1650 5634 1820 5687 inter-

249 5725 502 5782 fectionis
522 5737 578 5782 et
596 5725 1042 5791 conculcationis,
1067 5734 1121 5781 et
1148 5723 1368 5780 fletuum
1396 5741 1424 5779 ει
1452 5724 1680 5781 Domino
1713 5724 1818 5780 Deo

1928 4551 2071 4599 llIlIS,
2093 4535 2146 4589 in
2190 4535 2386 4602 tnajori
2414 4536 2619 4589 scelere
2645 4549 2770 4590 esse
2797 4550 2912 4597 eos,
2954 4535 3053 4602 qui
3077 4534 3314 4602 majores
3338 4540 3488 4599 sunt,

1925 4633 1986 4678 et
2041 4636 2223 4678 tamen
2281 4641 2310 4676 a
2372 4624 2598 4677 minimo
2655 4640 2828 4694 usque
2859 4626 2926 4679 ad
2963 4626 3257 4682 maximum
3307 4638 3494 4679 errare

1923 4725 2178 4779 cunctos,
2206 4724 2260 4769 et
2319 4729 2508 4770 errare
2565 4730 2730 4784 super
2781 4726 2991 4772 montes
3029 4733 3046 4772 :
3081 4716 3319 4786 Moysen,
3343 4716 3492 4770 ,ποι-θ-

1923 4809 2108 4873 miam,
2134 4819 2470 4878 caeterosque
2506 4808 2824 4877 Prophetas,
2869 4809 3240 4877 Evangelistas
3267 4819 3320 4861 et
3349 4809 3493 4876 Apo-

1921 4901 2110 4957 stolos.
2135 4901 2386 4971 Cumque
2415 4901 2467 4954 in
2487 4901 2628 4958 valle
2653 4910 2966 4968 versentur,
2980 4901 3171 4954 mirum
3189 4900 3243 4953 in
3268 4899 3486 4954 modum

1919 5003 2106 5050 errant
2131 4994 2188 5048 in
2217 4992 2490 5048 montibus
2521 5010 2537 5049 :

1998 5086 2176 5157 (Vers.
2210 5086 2354 5156 7—9.)
2385 5104 2404 5138 t
2427 5087 2492 5139 Et
2518 5083 2694 5140 Elam
2725 5083 2956 5153 sumpsit
3002 5083 3334 5151 pharetram,
3361 5070 3490 5135 eur-

1922 5192 2041 5229 rum
2083 5176 2320 5231 hominis
2344 5177 2562 5245 equitis,
2591 5184 2645 5228 et
2674 5175 2929 5244 parietem
2980 5170 3203 5225 undavit
3247 5171 3486 5242 clypeos.

1923 5266 1986 5320 Et
2006 5279 2166 5323 erunt
2194 5269 2381 5322 electa:
2414 5267 2579 5321 valles
2610 5276 2713 5321 tua
2743 5266 2912 5334 plena
2941 5263 3333 5334 quadrigarum
3369 5277 3386 5319 :
3423 5263 3490 5319 Et

1921 5361 2130 5430 equites
2158 5369 2357 5428 ponent
2397 5359 2552 5412 sedes
2581 5372 2708 5411 suas
2747 5356 2800 5410 in
2831 5367 3009 5426 porta.
3041 5355 3106 5410 Et
3148 5355 3474 5409 revelabitur

1921 5449 2313 5518 operimentum
2365 5446 2516 5502 Juda:
2578 5462 2593 5501 :
2652 5454 2707 5498 et
2756 5447 2964 5501 videbis
3011 5447 3064 5500 in
3123 5447 3210 5500 die
3260 5446 3346 5499 illa
3398 5459 3486 5497 ar-

1923 5540 2244 5594 mentarimn
2290 5538 2480 5592 domus
2537 5539 2709 5592 saltus
2751 5553 2766 5593 :
2811 5547 2864 5592 et
2917 5539 3188 5592 scissuras
3251 5535 3486 5590 civitatis

1923 5630 2088 5685 David
2140 5630 2416 5694 videbitis,
2465 5629 2587 5698 quia
2635 5629 3006 5698 multiplicata:
3055 5637 3198 5682 sunt.
3230 5645 3249 5680 ι
3295 5623 3479 5679 LXX:

1929 5743 1948 5776 σ
1979 5723 2223 5778 Elamita:
2271 5732 2453 5778 autem
2487 5722 2724 5779 tulerunt
2754 5722 3036 5793 pharetras
3073 5737 3088 5774 ;
3123 5732 3443 5775 ascensores
