3898 6184
431 278 538 337 979
1589 280 1650 340 S.
1690 279 2007 340 EUSEBH
2046 282 2487 345 HIERONYMI
3565 289 3667 352 280

432 395 688 449 homines
711 406 877 461 super
905 406 1073 461 equos
1111 407 1123 445 :
1158 399 1212 447 et
1238 393 1584 462 congregatio
1616 395 1969 464 pugnantium
1989 411 2004 425 ·
2035 398 2083 454 Δ
2111 405 2281 454 torem
2319 400 2462 455 illius
2507 415 2616 454 non
2644 401 2874 456 vidistis.
2910 420 2928 453 ι
2969 401 3074 455 Vos
3099 403 3189 472 qui
3239 403 3506 458 scissuras
3535 405 3666 459 civi-

428 496 484 542 et
508 492 672 540 erunt
715 485 901 539 electa:
934 485 1103 538 valles
1138 493 1264 548 tuae,
1303 485 1670 553 implebuntur
1705 487 2002 556 quadrigis,
2109 492 2232 546 tatis
2263 493 2452 556 David,
2490 494 2542 547 id
2597 503 2700 560 cst,
2741 493 2997 548 Ecclesia!
3036 496 3286 550 videbitis
3329 497 3409 551 vel
3451 499 3667 560 videtis,

428 588 484 631 et
517 574 727 643 equites
780 574 1060 643 Stipabunt
1113 584 1294 642 portas
1357 585 1530 630 tuas:
1583 585 1637 631 et
1691 577 2007 632 revelabunt

434 677 618 736 portas
647 667 796 720 ludat
836 685 849 719 :
879 676 932 720 et
960 667 1224 734 aspicient
1253 667 1337 720 tlie
1370 667 1464 721 illo
1493 669 1547 721 in
1583 670 1776 723 domus
1805 669 2007 725 electas

433 759 694 822 civitatis,
731 765 800 811 'ct
834 758 1154 811 revelabunt
1195 758 1514 812 abscondita
1546 761 1829 814 domorum
1864 763 2008 816 arcis

435 853 630 912 David,
662 861 716 904 et
766 851 1025 904 videbunt
1062 853 1316 918 quoniam
1348 851 1532 919 plures
1569 863 1718 907 sunt.
1751 871 1768 904 ι
1801 853 2007 915 jElam,

432 940 574 1008 quod
606 941 994 1008 interpretatur
1023 957 1273 994 ascensus
1319 957 1525 1004 eorum,
1567 942 1680 994 sive
1731 941 2004 1005 Elamite,

433 1044 490 1083 ιιι
530 1029 669 1082 LXX
703 1031 1122 1092 transtulerunt,
1157 1046 1296 1099 quos
1327 1032 1379 1085 in
1431 1042 1809 1096 contemptores
1841 1035 2008 1088 verti-

435 1138 577 1186 mus,
600 1133 948 1190 sumpserunt
978 1123 1311 1190 pharetram,
1335 1133 1392 1176 ιιι
1410 1126 1672 1195 Sagittent
1699 1125 1751 1178 in
1774 1125 2010 1179 obscuro

436 1227 613 1268 ret-tos
648 1216 832 1278 corde,
870 1216 960 1282 qui
1006 1225 1133 1269 sunt
1161 1216 1212 1269 in
1257 1230 1420 1269 curru
1456 1219 1668 1285 equites
1700 1217 2007 1282 hominum,

435 1315 494 1360 ιιι
520 1308 781 1373 parietem
801 1308 928 1360 Sion
955 1317 1007 1359 et
1035 1306 1290 1362 Ecclesiae
1317 1308 1670 1362 ﬁrmamenta
1695 1324 1795 1364 suo
1817 1310 2010 1380 clypeo

435 1406 490 1450 et
533 1399 949 1468 impugnatiune
999 1400 1296 1454 denudent.
1347 1401 1522 1456 Erunt
1581 1412 1784 1466 autem,
1816 1401 2008 1470 inquit,

437 1488 626 1542 electae
684 1489 851 1544 valles
907 1499 1032 1552 uite,
1068 1501 1121 1544 et
1181 1491 1400 1544 humilia
1457 1494 1794 1560 dogmata,o
1856 1493 2011 1548 vallis

440 1581 597 1646 Sion,
625 1581 794 1650 plenae
829 1583 1238 1650 quadrigarum,
1265 1599 1400 1652 quas
1425 1583 1688 1638 Dominus
1712 1599 1837 1637 cum
1870 1583 2012 1638 Pha-

438 1687 608 1724 raone
658 1673 970 1736 submersit,
1030 1688 1256 1738 quarum
1323 1675 1534 1739 equites
1593 1685 1649 1728 et
1693 1689 2009 1730 ascensores

439 1774 638 1829 ponent
674 1763 829 1816 sedes
859 1777 987 1815 suas
1021 1764 1072 1815 in
1109 1765 1278 1831 portis
1317 1765 1448 1826 tuis,
1483 1773 1541 1816 ut
1585 1765 1840 1818 obsessos
1867 1765 1919 1816 in
1956 1772 2012 1817 te

437 1862 599 1916 atque
626 1851 912 1906 conclusos
937 1866 1042 1904 non
1069 1853 1344 1920 patiantur
1370 1853 1539 1905 exire.
1566 1852 1720 1905 Tunc
1751 1851 2014 1922 Omnipo-

445 1954 562 1994 tens
592 1941 732 1994 Deus
775 1956 872 2010 per
914 1941 1317 1997 ecclesiasticos
1364 1944 1509 1995 viros
1541 1942 1799 1997 revelahit
1831 1942 2012 2010 cperi-

441 2044 618 2084 menta
651 2032 908 2097 Judzn;el
959 2034 1210 2088 universa
1270 2041 1478 2088 secreta
1543 2033 1869 2102 eorum,qui
1929 2032 2012 2086 in-

440 2126 782 2179 cuul‘essione
844 2125 964 2179 ﬁdei
1016 2127 1298 2180 constituti
1333 2136 1479 2186 sunt,
1501 2137 1554 2180 et
1578 2137 1704 2181 tunc
1731 2125 1955 2190 videbis,
1979 2138 2014 2178 o

441 2220 597 2272 vallis
633 2219 785 2282 Sinti,
821 2219 978 2270 indic
1011 2219 1126 2280 illa,
1161 2228 1214 2272 et
1242 2218 1294 2272 in
1325 2218 1474 2271 claro
1507 2218 1712 2273 lumine
1740 2218 2009 2282 veritatis,

441 2329 657 2364 omnem
708 2321 1040 2365 armaturam
1072 2312 1340 2380 Apostoli,
1381 2320 1436 2365 ct
1491 2314 1682 2365 domus
1733 2311 1924 2375 saltus,
1957 2312 2010 2363 in

441 2421 550 2473 quo
584 2407 821 2475 gentium
877 2406 1029 2459 turba
1095 2405 1369 2459 consistit.
1428 2405 1579 2458 Sicut
1635 2415 1689 2458 et
1740 2405 1793 2456 in
1853 2418 2010 2457 cxxxt

440 2501 646 2568 psalmo
694 2499 908 2552 canitur
944 2515 957 2552 z
998 2499 1130 2551 Ecce
1156 2499 1453 2551 audivimus
1495 2514 1610 2551 eam
1634 2499 1687 2550 in
1713 2497 1952 2564 Ephrota
1993 2513 2007 2550 ε

441 2593 728 2644 invenimus
782 2607 897 2643 eam
945 2591 998 2643 in
1032 2592 1233 2658 campis
1263 2588 1409 2642 stiva?
1455 2589 1632 2658 (Psal.
1697 2604 1880 2650 cvxxi,
1935 2588 2010 2654 6).

442 2683 578 2737 Cum
638 2693 816 2736 autem
866 2683 1264 2747 operimentum
1323 2679 1474 2733 JttdtB
1529 2691 1692 2748 atque
1723 2690 2012 2739 secretum,

444 2774 585 2842 quod
611 2774 762 2842 prius
801 2780 1019 2842 propter
1044 2771 1361 2840 mysterium
1387 2769 1548 2838 315
1579 2769 1876 2830 celabatur,
1899 2768 2014 2820 fue-

413 2867 519 2922 ait
547 2869 870 2930 revelatum,
903 2876 957 2919 ct
985 2865 1186 2919 videris
1213 2878 1542 2942 armaturam
1576 2863 1854 2925 Ecclesiae;
1890 2871 2014 2915 tnnc

449 2963 718 3034 intelliges
762 2961 1060 3016 Schismata
1099 2960 1334 3014 civitatis
1377 2959 1564 3018 David,
1593 2974 1711 3026 qua:
1754 2957 2013 3024 multipli-

2107 596 2226 646 qum
2257 582 2308 634 itt
2338 591 2450 636 toto
2480 583 2612 636 orbe
2647 584 3014 650 multiplicatae
3039 597 3198 651 sunt;
3232 585 3320 652 qui
3349 600 3667 656 congregaso

2110 672 2182 726 tis
2202 687 2368 740 aquas
2403 673 2620 740 piscinae
2655 686 2844 728 vestrae
2873 686 3034 744 atque
3072 677 3357 738 doctrinae,
3389 692 3493 730 non
3520 693 3676 746 supe-

2107 762 2290 825 rioris,
2324 763 2417 816 sed
2473 763 2763 827 inferioris,
2795 774 2848 818 et
2904 765 3093 818 domos
3128 764 3432 820 Jerusalem
3485 782 3676 820 nume-

2107 855 2290 918 rastis,
2325 854 2438 907 sive
2481 854 2841 918 destruxistis,
2875 864 2934 908 ιιι
2978 857 3260 910 munit-etis
3308 873 3521 910 murum
3580 873 3677 910 ve-

2111 952 2310 1009 strum,
2349 959 2455 998 non
2485 945 2695 999 [odistis
2723 960 2934 1014 puteos,
2967 946 3056 1016 qui
3106 947 3302 1001 vitales
3332 949 3596 1003 baberent
3621 956 3677 1001 et

2107 1041 2338 1086 arternas
2376 1047 2570 1099 aquas,
2603 1034 2696 1087 sed
2727 1035 2876 1088 lacus
2905 1035 3188 1099 contritos,
3222 1037 3313 1102 qui
3342 1051 3540 1104 aquam
3567 1051 3670 1089 non

2111 1123 2289 1177 valent
2315 1126 2613 1179 continere.
2651 1123 2715 1178 Et
2748 1125 2951 1180 fecistis
2987 1140 3083 1180 eos
3126 1127 3268 1180 inter
3299 1128 3433 1180 duos
3490 1142 3676 1180 muros

2109 1217 2231 1268 novi
2258 1223 2312 1269 et
2343 1216 2538 1270 veteris
2571 1217 2939 1279 lnstrumenti,
2971 1226 3026 1272 ct
3058 1232 3249 1284 aquam
3279 1219 3498 1284 piscinae
3529 1229 3678 1272 vete-

2112 1306 2190 1361 ris
2247 1307 2580 1375 ncglexistis,
2643 1322 2742 1361 nec
2798 1309 3188 1363 considerastis
3247 1309 3489 1363 datorem
3546 1310 3679 1378 legis

2114 1398 2306 1460 Deum,
2332 1408 2387 1451 et
2437 1408 2775 1466 Operatorem
2829 1399 3014 1456 mundi
3069 1401 3282 1469 penitus
3340 1403 3674 1469 neglexistis.

2112 1484 2392 1556 llocjnxta
2427 1485 2774 1542 llebraicnm.
2816 1487 3086 1544 Caeterum
3137 1491 3287 1558 juxta
3321 1491 3462 1546 LXX
3491 1493 3676 1547 consi-

2112 1579 2437 1634 deraverunt
2462 1594 2519 1634 se
2551 1579 2823 1646 haeretici,
2853 1584 2995 1651 quod
3039 1583 3192 1637 multi
3230 1594 3434 1647 essent,
3479 1595 3529 1638 et
3581 1583 3680 1637 hac

2113 1670 2454 1726 multitudine
2498 1673 2850 1738 conlidentes,
2889 1674 3194 1728 doctrinam
3244 1677 3441 1729 veteris
3492 1675 3682 1729 Testa-

2118 1762 2284 1815 menti
2313 1773 2628 1817 averterunt
2659 1779 2687 1817 a
2716 1765 2938 1820 civitate
2970 1764 3088 1828 Dei,
3110 1765 3273 1836 316
3310 1782 3428 1836 quae
3464 1779 3550 1822 est
3579 1766 3677 1820 Ec‘

2114 1853 2305 1918 clesia,
2345 1863 2400 1908 et
2431 1855 2813 1911 tlestrnxerunt
2843 1859 3030 1912 domos
3057 1857 3375 1922 Jerusalem,
3414 1867 3472 1914 ttt
3517 1860 3682 1912 aediﬁ-

2114 1955 2302 1998 carent
2356 1945 2712 2000 conciliabula
2753 1949 3208 2019 malignantium;
3249 1951 3486 2019 dumque
3531 1962 3682 2005 vetus

2113 2034 2410 2101 reprobant
2445 2038 2894 2104 lnstrnmentum,
2925 2053 3024 2093 nec
3056 2053 3251 2093 novum
3300 2041 3472 2094 secuti
3528 2051 3676 2104 sunt,

2114 2124 2238 2194 quia
2279 2139 2475 2179 novum
2515 2127 2713 2182 veteris
2759 2127 3109 2183 lnstrumenti
3159 2131 3488 2186 testimoniis
3524 2132 3683 2186 robo-

2116 2224 2290 2270 ratur.
2325 2218 2618 2284 Propterea
2647 2219 2790 2274 inter
2821 2220 2957 2275 duos
2997 2235 3180 2277 muros
3226 2232 3468 2276 veterem
3501 2233 3554 2277 et
3584 2240 3682 2277 no-

2119 2325 2262 2371 vum,
2300 2309 2545 2362 fecerunt
2583 2308 2689 2364 sibi
2748 2326 2919 2367 novas
2990 2326 3179 2380 aquas,
3207 2328 3342 2382 quas
3397 2315 3684 2370 interiores

2115 2415 2236 2454 esse
2267 2411 2477 2470 putant,
2503 2412 2554 2454 et
2591 2402 2789 2470 majora
2823 2404 3104 2459 continere
3137 2406 3415 2475 mysteria,
3444 2421 3609 2475 quam
3635 2408 3682 2460 in

2116 2493 2464 2547 Testamento
2515 2496 2681 2548 veteri
2728 2497 3123 2551 continentur:
3171 2505 3221 2548 et
3273 2510 3380 2550 non
3429 2511 3683 2566 respexeo

2115 2597 2241 2640 runt
2276 2587 2601 2656 ,l)eum,qui
2665 2588 2863 2641 veteris
2915 2586 3260 2642 lnstrumenti
3311 2589 3566 2643 conditor
3587 2597 3685 2652 est,

2114 2689 2169 2732 ct
2203 2677 2462 2734 factorem
2488 2679 2606 2747 ejus
2632 2693 2702 2732 ue
2729 2679 2884 2746 longe
2911 2679 3125 2749 quidem
3159 2681 3343 2734 videre
3377 2680 3683 2736 voluerunt.

2189 2768 2366 2840 (Vers.
2417 2769 2482 2822 l2
2540 2769 2722 2838 seqq.)
2778 2789 2796 2821 ι
2831 2769 2893 2825 Ει
2957 2773 3173 2825 vocabit
3229 2771 3491 2826 Dominus
3551 2769 3685 2826 Deus

2115 2862 2453 2914 exercituum
2491 2861 2542 2914 in
2573 2862 2662 2915 die
2693 2861 2781 2915 illa
2811 2864 2875 2915 ad
2909 2861 3091 2915 lletunt
3118 2872 3172 2916 et
3199 2863 3263 2916 ad
3299 2863 3601 2930 planctum,
3623 2864 3686 2917 ad

2116 2954 2391 3007 calvitium
2439 2964 2494 3008 et
2531 2955 2596 3007 ad
2629 2955 2900 3023 cingulum
2933 2956 3076 3009 sacci
3119 2970 3136 3009 :
3173 2966 3228 3010 ct
3267 2970 3400 3010 ecce
3438 2957 3686 3025 gaudium

447 3058 609 3122 casti,
643 3065 699 3107 ιιι
754 3055 1012 3121 deceptos
1070 3053 1162 3104 tibi
1210 3052 1439 3120 populos
1481 3065 1862 3118 congregares.
1923 3049 2012 3103 Isti
2043 3064 2084 3120 ρ
2117 3055 2170 3098 et
2196 3045 2398 3106 laetitia,
2431 3046 2679 3099 occidere
2717 3046 2937 3108 vitulos,
2976 3057 3028 3099 et
3070 3045 3318 3115 jugulare
3349 3047 3570 3112 arietes,
3601 3060 3687 3100 co-

450 3149 692 3202 Elamita:
745 3146 894 3216 juxta
937 3145 1228 3199 editionem
1282 3142 1414 3195 LXX
1449 3158 1552 3196 non
1602 3143 1801 3196 habent
1852 3158 2014 3195 unam

450 3242 784 3310 pharetram,
816 3235 1165 3305 sed‘plnres;
1204 3243 1259 3288 et
1299 3247 1618 3288 ascensorcs
1671 3244 1796 3287 sunt
1846 3233 2018 3286 homi-

451 3347 604 3393 num,
636 3331 687 3382 in
741 3345 970 3398 quortnn
1021 3329 1266 3396 equitant
1319 3326 1641 3388 animabus;
1677 3335 1730 3379 et
1788 3326 2016 3394 plurima

456 3425 738 3476 multitudo
769 3431 853 3474 est
881 3421 946 3474 ad
983 3435 1214 3488 pugnam
1244 3434 1302 3472 se
1341 3433 1652 3487 praeparans
1684 3427 1872 3470 contra
1914 3416 2019 3468 Ec-

453 3511 673 3565 clesiam
709 3527 722 3562 :
753 3510 821 3560 ita
867 3519 918 3559 nt
950 3524 1140 3559 ontnes
1169 3507 1334 3559 valles
1371 3507 1515 3557 illius
1542 3506 1937 3573 compleantur;
1965 3515 2020 3556 ct

452 3603 665 3670 equites
695 3600 950 3654 obturent
989 3614 1180 3653 sensus
1211 3613 1420 3661 eorum,
1451 3607 1502 3650 et
1546 3596 2018 3650 dimicatione-sua

454 3692 895 3747 Ecclesiasticum
960 3690 1177 3754 virum,
1237 3688 1328 3758 qui
1391 3689 1780 3756 interpretatur
1832 3683 2020 3747 Judas,

452 3792 751 3852 provocent
783 3781 849 3836 ad
888 3780 1205 3835 certandum
1247 3797 1260 3832 :
1295 3794 1405 3848 quo
1437 3778 1745 3840 proferente
1783 3775 2021 3829 testim:-

455 3878 540 3928 nia
579 3873 1010 3942 Scripturarum,
1037 3882 1090 3926 et
1119 3881 1307 3924 cuncta
1335 3871 1688 3937 redarguentc
1721 3866 2018 3928 mendacia,

454 3970 711 4022 videbunt
745 3966 982 4020 ba‘retici
1014 3966 1201 4019 domos
1249 3964 1486 4018 civitatis
1516 3963 1703 4024 David,
1736 3971 1791 4013 et
1843 3959 2020 4012 omnia

454 4063 604 4130 prius
652 4069 860 4113 secteta
911 4067 1259 4126 cognoscent,
1293 4057 1562 4123 quomodo
1605 4055 1658 4107 in
1683 4068 1808 4106 arce
1856 4052 2024 4105 David

457 4153 544 4219 qui
600 4150 1005 4217 interpretatur,
1063 4164 1223 4200 manu
1287 4146 1463 4213 fortis,
1517 4145 1617 4197 hoc
1669 4153 1750 4198 est
1798 4141 2024 4208 Christi,

455 4242 636 4294 omnia
672 4242 778 4292 sint
824 4241 1074 4308 dogmata
1128 4238 1394 4292 veritatis.
1426 4237 1666 4290 Obscura
1714 4237 1830 4288 loca
1877 4243 2023 4296 sunt,

457 4351 562 4387 non
610 4331 783 4384 solum
815 4331 966 4399 juxta
1001 4331 1306 4392 historiam,
1353 4329 1448 4384 sed
1500 4327 1654 4397 juxta
1707 4327 2022 4395 ἀναγωγήν.

2121 3137 2336 3190 tne-lere
2381 3152 2596 3198 carnes,
2637 3147 2693 3190 et
2744 3138 2930 3192 bibere
2959 3139 3146 3192 vinum
3193 3156 3206 3194 :
3250 3140 3606 3192 comedamus
3639 3147 3688 3190 et

2119 3227 2392 3292 bibamus,
2429 3243 2554 3282 cras
2584 3233 2727 3282 enim
2780 3230 3091 3286 moriemur.
3127 3229 3192 3282 Et
3216 3231 3459 3283 revelata
3501 3241 3582 3283 est
3637 3229 3685 3282 in

2120 3320 2342 3373 ant-ibus
2383 3319 2514 3373 meis
2558 3319 2771 3373 Domini
2810 3321 2826 3350 ¹
2866 3321 3196 3374 exercituum
3236 3337 3248 3377 :
3285 3321 3328 3374 si
3388 3321 3686 3373 dimittetur

2121 3410 2374 3480 iniquitas
2416 3412 2530 3466 hazc
2557 3412 2713 3467 vobis
2749 3411 2917 3466 donec
2968 3411 3298 3475 moriamini,
3325 3412 3461 3466 dicit
3512 3411 3682 3464 Domi-

2124 3519 2225 3557 nus
2267 3503 2408 3557 Deus
2458 3503 2818 3557 exercituum.
2853 3523 2872 3555 ι
2903 3502 3154 3568 Quotidie
3213 3505 3481 3559 Deminus
3557 3503 3682 3556 Deus

2125 3595 2464 3648 exercituum
2491 3605 2756 3664 provocat
2786 3595 3066 3650 lia-retices
3091 3597 3155 3648 ad
3186 3595 3680 3663 pmttiteiitiain,qiii

2124 3687 2264 3739 inter
2290 3687 2424 3741 duos
2458 3702 2638 3741 muros
2691 3702 2884 3756 aquam
2933 3686 3154 3756 piscinas
3203 3687 3404 3742 veteris
3450 3696 3682 3740 contem-

2127 3785 2338 3840 nentes,
2391 3775 2646 3830 fodcrunt
2708 3777 2810 3831 sibi
2875 3777 3073 3841 lacum,
3127 3785 3179 3830 et
3233 3785 3684 3845 congregavcrunt

2125 3882 2320 3937 aquam
2354 3869 2570 3935 piscinae
2603 3868 2895 3932 inferioris,
2927 3882 3046 3936 qua:
3075 3884 3178 3924 non
3213 3869 3279 3922 de
3308 3870 3473 3928 cmlo,
3515 3869 3604 3921 sed
3625 3868 3682 3919 de

2128 3970 2269 4015 terra
2299 3975 2466 4028 aquas
2512 3960 2716 4023 habet;
2755 3970 2807 4012 et
2855 3969 3013 4014 vocat
3043 3974 3136 4014 eos
3177 3959 3243 4012 ad
3279 3958 3511 4023 ﬂetum;
3546 3957 3683 4011 Beati

2127 4055 2270 4108 enim
2320 4056 2500 4122 flentes
2527 4067 2544 4104 :
2573 4054 2697 4120 quia
2731 4054 2828 4119 ipsi
2881 4052 3120 4105 ridebunt
3159 4051 3378 4121 (Matth.
3431 4070 3484 4115 v,
3519 4053 3589 4117 5).
3623 4049 3684 4104 Et

2128 4148 2194 4201 ad
2239 4146 2540 4214 planctum,
2575 4162 2642 4199 ne
2706 4155 2888 4214 postea
2949 4145 3170 4199 audiant
3206 4161 3221 4200 :
3267 4143 3680 4197 Lamentaoimus

2129 4239 2293 4300 vobis,
2316 4248 2360 4291 et
2384 4254 2487 4291 non
2506 4237 2783 4305 planxistis
2820 4235 3038 4304 (Matth.
3076 4251 3151 4300 at,
3186 4237 3295 4306 t7).
3335 4238 3402 4290 Et
3421 4238 3486 4290 ad
3527 4236 3682 4288 calvi.

2133 4330 2290 4393 tium,
2324 4339 2383 4382 ut
2417 4329 2601 4382 omnia
2653 4343 2815 4395 Opera
2869 4328 3062 4382 mortis
3114 4329 3326 4392 radant,
3358 4339 3412 4383 et
3451 4328 3684 4382 anteeant

458 4426 998 4492 Quibnsergonostra
1022 4419 1631 4488 displicuerittl.tlebenl
1653 4415 1892 4486 proterre
1908 4435 2023 4480 sua,
2056 4405 2105 4464 ι)
2134 4424 2199 4477 tle
2236 4437 2465 4491 corpore
2512 4437 2611 4477 suo
2653 4422 2909 4490 quidquid
2957 4437 3062 4474 non
3096 4421 3230 4473 vivit
3257 4422 3309 4475 in
3344 4434 3584 4488 corpore.
3621 4417 3687 4469 Et

458 4527 515 4570 ut
540 4510 910 4579 explanationi
930 4526 1138 4572 eorum,
1165 4510 1207 4563 si
1237 4524 1361 4564 vera
1390 4510 1569 4570 fuerit,
1603 4510 2034 4578 acquiescamns.

532 4601 826 4674 (Vers.10,
862 4601 974 4672 Η.)
1022 4618 1040 4651 ι
1073 4602 1135 4654 Ει
1180 4601 1550 4669 cungregastis
1590 4615 1758 4666 aquas
1809 4601 2033 4667 piscinae

457 4697 784 4752 Inferioris:
844 4705 901 4749 et
961 4695 1154 4748 domus
1219 4692 1519 4747 Jerusalem
1572 4691 1898 4744 numerastis
1932 4706 1947 4744 :
1983 4701 2038 4744 et

457 4788 812 4845 tleslrnxislis
859 4788 1051 4840 domus
1096 4785 1162 4838 ad
1197 4785 1547 4838 muniendum
1591 4799 1826 4835 murum.
1857 4782 1922 4834 Et
1955 4782 2036 4833 la-

458 4897 579 4934 cum
628 4879 832 4934 let-istis
876 4880 1016 4931 inter
1056 4879 1192 4928 duos
1241 4891 1447 4938 muros,
1477 4885 1532 4928 et
1576 4890 1770 4943 aquam
1815 4874 2033 4941 piscina:

461 4968 697 5022 veteris:
732 4976 782 5020 et
823 4981 928 5019 non
953 4965 1242 5034 asticxislis
1273 4965 1337 5016 ad
1360 4980 1506 5027 eum,
1535 4978 1626 5031 qui
1663 4964 1860 5018 fecerat
1887 4979 2028 5026 eam,

461 5068 517 5110 ιι
548 5070 885 5128 operaturcm
942 5059 1060 5129 ejus
1100 5058 1165 5111 de
1188 5057 1348 5124 longe
1381 5071 1485 5108 non
1516 5055 1750 5110 vidistis.
1781 5080 1797 5105 ο
1839 5056 1977 5109 LXX
2011 5070 2025 5108 :

470 5166 488 5199 ι
521 5148 586 5202 Ει
617 5159 930 5203 averterunt
966 5166 1160 5218 aquam
1199 5151 1434 5217 antiquae
1475 5148 1696 5217 piscina:
1747 5150 1801 5202 in
1844 5148 2037 5202 civita-

468 5250 574 5294 tem
612 5255 626 5296 :
662 5249 715 5293 ct
747 5243 1134 5295 destruxcrunt
1169 5243 1359 5295 domos
1383 5239 1688 5294 Jerusalem
1724 5242 1791 5293 ad
1825 5244 2042 5293 lirman-

467 5336 564 5386 (los
592 5347 779 5385 muros
813 5334 1050 5386 civitatis
1091 5349 1107 5387 :
1142 5342 1194 5386 et
1233 5332 1439 5386 fecistis
1480 5332 1632 5385 vobis
1667 5346 1861 5399 aquam
1899 5340 2042 5386 inter

469 5431 604 5482 duos
665 5442 846 5480 muros
906 5427 1047 5480 intra
1103 5428 1366 5494 piscinam
1428 5428 1707 5496 antiquam
1762 5443 1777 5483 :
1829 5438 1883 5480 et
1931 5443 2037 5481 non

468 5520 756 5589 aspexistis
785 5534 906 5573 eum
939 5518 1034 5587 qui
1066 5533 1094 5572 a
1121 5520 1392 5590 principio
1426 5519 1554 5573 fecit
1592 5534 1709 5573 eam
1747 5535 1760 5573 :
1796 5529 1848 5574 ct
1885 5535 2038 5573 crea-

2137 4517 2203 4570 ad
2231 4503 2514 4586 cingulum
2540 4515 2708 4580 sacci,
2740 4530 2806 4567 ne
2838 4509 3020 4582 postea
3063 4514 3218 4582 juvta
3267 4510 3561 4567 Jerusalem
3592 4523 3686 4576 pro

2134 4606 2351 4673 cingulo
2386 4615 2529 4660 reste
2551 4605 2858 4674 cingantur.
2890 4605 2967 4658 llli
3003 4620 3181 4659 autem
3218 4620 3248 4659 e
3286 4605 3555 4659 contrario
3591 4614 3687 4669 pro

2134 4698 2262 4752 ﬂetu
2319 4707 2375 4751 et
2423 4697 2660 4764 planctu,
2698 4696 2914 4750 calvitio
2946 4707 3000 4751 et
3045 4695 3246 4757 cilicio,
3279 4697 3532 4764 gaudium
3588 4691 3688 4744 ba-

2135 4795 2302 4845 buere
2326 4799 2493 4857 atque
2523 4789 2782 4852 Imtitiam,
2820 4799 2874 4842 et
2911 4789 3064 4857 quasi
3118 4798 3294 4843 morte
3342 4787 3518 4842 omnia
3570 4784 3690 4836 lini-

2139 4895 2348 4944 rentur,
2382 4881 2690 4934 occidentes
2731 4879 2926 4932 vitulos
2953 4879 3262 4946 arietesque
3285 4877 3606 4944 jugulantes,
3634 4881 3693 4924 nt

2139 4973 2490 5028 cometlcrent
2522 4987 2732 5033 carnes,
2772 4981 2824 5024 et
2857 4971 3106 5024 biberent
3141 4969 3346 5033 vinum,
3382 4967 3539 5020 locuti
3566 4974 3694 5016 sunt

2140 5067 2301 5118 verba
2332 5065 2825 5133 blasphemantium
2867 5081 2881 5118 :
2919 5065 3048 5117 Dum
3105 5065 3154 5116 in
3199 5061 3450 5131 prarscnti
3502 5055 3697 5111 strculo

2137 5174 2352 5222 sumus,
2393 5158 2604 5212 deliciis
2633 5156 2934 5211 aliluarms.
2967 5155 3210 5210 Crastina
3241 5155 3385 5207 enim
3427 5153 3556 5212 dies,
3588 5150 3699 5201 hoc

2135 5260 2236 5312 est.
2270 5251 2505 5303 biturum
2537 5259 2767 5315 tempus,
2801 5251 2918 5303 sine
2960 5261 3119 5301 sensu
3162 5247 3284 5299 erit.
3332 5245 3438 5298 Illis
3470 5243 3563 5295 ista
3603 5240 3702 5292 di-

2135 5337 2406 5400 centibus,
2443 5335 2650 5390 audivit
2713 5337 2974 5392 Dowinus
3033 5337 3195 5390 verba
3251 5332 3612 5402 ltlaslihemia,
3639 5338 3702 5383 et

2132 5434 2507 5484 comminatus
2528 5441 2632 5491 est,
2673 5445 2776 5484 non
2808 5445 2866 5483 se
2900 5429 3241 5482 dimissurum
3280 5442 3402 5481 esse
3426 5428 3557 5478 hanc
3585 5421 3700 5474 iiii-

2137 5522 2419 5588 quitatem,
2453 5521 2627 5575 donec
2663 5531 2756 5574 aut
2803 5531 3024 5588 peccato
3073 5517 3375 5572 moriantur
3432 5524 3484 5570 et
3525 5509 3698 5574 vitiis.

544 5700 750 5754 ’Atldit
794 5699 997 5755 Victor.
1045 5714 1162 5766 vox,
1194 5713 1260 5753 ex
1316 5699 1532 5768 Vulgata
1582 5697 1862 5764 duntaxat,
1902 5711 2005 5752 non
2049 5696 2367 5768 llicronytn.
2405 5715 2538 5757 mss.
