  <div class='ocr_page' id='page_1' title='image "/cluster/home/n/w/nwhite01/storage/ocr_20150623/24/hvd.32044096580485/146.png"; bbox 0 0 3972 6198; ppageno 0'>
   <div class='ocr_carea' id='block_1_1' title="bbox 257 291 362 353">
    <p class='ocr_par' dir='ltr' id='par_1_1' title="bbox 257 291 362 353">
     <span class='ocr_line' id='line_1_1' title="bbox 257 291 362 353; baseline 0 0"><span class='ocrx_word' id='word_1_1' title='bbox 257 291 362 353; x_wconf 68' lang='lat'><strong>281</strong></span> 
     </span>
    </p>
   </div>
   <div class='ocr_carea' id='block_1_2' title="bbox 699 292 3016 370">
    <p class='ocr_par' dir='ltr' id='par_1_2' title="bbox 699 292 3016 370">
     <span class='ocr_line' id='line_1_2' title="bbox 699 292 3016 370; baseline -0 -15"><span class='ocrx_word' id='word_1_2' title='bbox 699 336 702 338; x_wconf 60' lang='grc' dir='ltr'><strong><em>η</em></strong></span> <span class='ocrx_word' id='word_1_3' title='bbox 753 293 1258 355; x_wconf 69' lang='lat' dir='ltr'><strong>COMMENTAR.</strong></span> <span class='ocrx_word' id='word_1_4' title='bbox 1300 295 1381 354; x_wconf 70' lang='lat' dir='ltr'><strong>IN</strong></span> <span class='ocrx_word' id='word_1_5' title='bbox 1428 295 1700 355; x_wconf 73' lang='lat' dir='ltr'><strong>ISAIAM</strong></span> <span class='ocrx_word' id='word_1_6' title='bbox 1742 298 2210 359; x_wconf 71' lang='lat' dir='ltr'><strong>PROPHETAM</strong></span> <span class='ocrx_word' id='word_1_7' title='bbox 2261 299 2406 359; x_wconf 83' lang='lat' dir='ltr'><strong>LIB.</strong></span> <span class='ocrx_word' id='word_1_8' title='bbox 2444 297 2576 370; x_wconf 87' lang='lat' dir='ltr'><strong>Vll,</strong></span> <span class='ocrx_word' id='word_1_9' title='bbox 2629 295 2791 357; x_wconf 84' lang='lat' dir='ltr'><strong>CAP.</strong></span> <span class='ocrx_word' id='word_1_10' title='bbox 2829 292 3016 354; x_wconf 81' lang='lat' dir='ltr'><strong>XXII.</strong></span> 
     </span>
    </p>
   </div>
   <div class='ocr_carea' id='block_1_3' title="bbox 3428 287 3533 351">
    <p class='ocr_par' dir='ltr' id='par_1_3' title="bbox 3428 287 3533 351">
     <span class='ocr_line' id='line_1_3' title="bbox 3428 287 3533 351; baseline -0.019 0"><span class='ocrx_word' id='word_1_11' title='bbox 3428 287 3533 351; x_wconf 72' lang='lat'><strong>282</strong></span> 
     </span>
    </p>
   </div>
   <div class='ocr_carea' id='block_1_4' title="bbox 260 402 3533 484">
    <p class='ocr_par' dir='ltr' id='par_1_4' title="bbox 260 402 3533 484">
     <span class='ocr_line' id='line_1_4' title="bbox 260 402 3533 484; baseline -0.004 -19"><span class='ocrx_word' id='word_1_12' title='bbox 260 416 364 465; x_wconf 83' lang='lat' dir='ltr'><strong>aut</strong></span> <span class='ocrx_word' id='word_1_13' title='bbox 417 423 539 462; x_wconf 89' lang='lat' dir='ltr'><strong>cum</strong></span> <span class='ocrx_word' id='word_1_14' title='bbox 599 407 815 463; x_wconf 80' lang='lat' dir='ltr'><strong>delictis</strong></span> <span class='ocrx_word' id='word_1_15' title='bbox 845 409 860 439; x_wconf 91' lang='grc'>¹</span> <span class='ocrx_word' id='word_1_16' title='bbox 893 409 1008 463; x_wconf 85' lang='lat' dir='ltr'><strong>suis</strong></span> <span class='ocrx_word' id='word_1_17' title='bbox 1051 409 1116 462; x_wconf 90' lang='lat' dir='ltr'><strong>ad</strong></span> <span class='ocrx_word' id='word_1_18' title='bbox 1176 409 1380 462; x_wconf 83' lang='lat' dir='ltr'><strong>inferos</strong></span> <span class='ocrx_word' id='word_1_19' title='bbox 1432 412 1842 480; x_wconf 81' lang='lat' dir='ltr'><strong>pertrahuntur.</strong></span> <span class='ocrx_word' id='word_1_20' title='bbox 1879 431 1918 484; x_wconf 69' lang='grc' dir='ltr'>Α</span> <span class='ocrx_word' id='word_1_21' title='bbox 1953 413 2182 467; x_wconf 87' lang='lat' dir='ltr'><strong>Etdaho</strong></span> <span class='ocrx_word' id='word_1_22' title='bbox 2203 414 2406 465; x_wconf 79' lang='lat' dir='ltr'><strong>clavem</strong></span> <span class='ocrx_word' id='word_1_23' title='bbox 2438 414 2631 467; x_wconf 83' lang='lat' dir='ltr'><strong>dooms</strong></span> <span class='ocrx_word' id='word_1_24' title='bbox 2663 411 2832 464; x_wconf 81' lang='lat' dir='ltr'><strong>David</strong></span> <span class='ocrx_word' id='word_1_25' title='bbox 2867 422 3031 475; x_wconf 78' lang='lat' dir='ltr'><strong>super</strong></span> <span class='ocrx_word' id='word_1_26' title='bbox 3073 404 3357 457; x_wconf 74' lang='lat' dir='ltr'><strong>humerum</strong></span> <span class='ocrx_word' id='word_1_27' title='bbox 3393 402 3533 472; x_wconf 85' lang='lat' dir='ltr'><strong>ejus,</strong></span> 
     </span>
    </p>
   </div>
   <div class='ocr_carea' id='block_1_5' title="bbox 261 500 1848 569">
    <p class='ocr_par' dir='ltr' id='par_1_5' title="bbox 261 500 1848 569">
     <span class='ocr_line' id='line_1_5' title="bbox 261 500 1848 569; baseline 0.001 -14"><span class='ocrx_word' id='word_1_28' title='bbox 261 501 423 569; x_wconf 85' lang='lat' dir='ltr'><strong>Quod</strong></span> <span class='ocrx_word' id='word_1_29' title='bbox 450 500 670 569; x_wconf 83' lang='lat' dir='ltr'><strong>quidem</strong></span> <span class='ocrx_word' id='word_1_30' title='bbox 701 516 804 555; x_wconf 91' lang='lat' dir='ltr'><strong>non</strong></span> <span class='ocrx_word' id='word_1_31' title='bbox 831 501 1006 555; x_wconf 86' lang='lat' dir='ltr'><strong>solum</strong></span> <span class='ocrx_word' id='word_1_32' title='bbox 1031 500 1100 555; x_wconf 90' lang='lat' dir='ltr'><strong>de</strong></span> <span class='ocrx_word' id='word_1_33' title='bbox 1127 501 1424 566; x_wconf 66' lang='lat' dir='ltr'><strong>haereticis,</strong></span> <span class='ocrx_word' id='word_1_34' title='bbox 1457 503 1551 557; x_wconf 88' lang='lat' dir='ltr'><strong>sed</strong></span> <span class='ocrx_word' id='word_1_35' title='bbox 1598 504 1662 557; x_wconf 91' lang='lat' dir='ltr'><strong>de</strong></span> <span class='ocrx_word' id='word_1_36' title='bbox 1701 505 1848 556; x_wconf 88' lang='lat' dir='ltr'><strong>omni</strong></span> 
     </span>
    </p>
   </div>
   <div class='ocr_carea' id='block_1_6' title="bbox 262 593 1852 664">
    <p class='ocr_par' dir='ltr' id='par_1_6' title="bbox 262 593 1852 664">
     <span class='ocr_line' id='line_1_6' title="bbox 262 593 1852 664; baseline 0.001 -17"><span class='ocrx_word' id='word_1_37' title='bbox 262 603 450 662; x_wconf 82' lang='lat' dir='ltr'><strong>potest</strong></span> <span class='ocrx_word' id='word_1_38' title='bbox 471 593 698 662; x_wconf 80' lang='lat' dir='ltr'><strong>intelligi</strong></span> <span class='ocrx_word' id='word_1_39' title='bbox 724 603 1032 660; x_wconf 88' lang='lat' dir='ltr'><strong>peccatore,</strong></span> <span class='ocrx_word' id='word_1_40' title='bbox 1063 593 1153 662; x_wconf 90' lang='lat' dir='ltr'><strong>qui</strong></span> <span class='ocrx_word' id='word_1_41' title='bbox 1181 595 1460 663; x_wconf 75' lang='lat' dir='ltr'><strong>negligens</strong></span> <span class='ocrx_word' id='word_1_42' title='bbox 1484 604 1705 664; x_wconf 88' lang='lat' dir='ltr'><strong>peccata</strong></span> <span class='ocrx_word' id='word_1_43' title='bbox 1728 611 1852 662; x_wconf 84' lang='lat' dir='ltr'><strong>sua,</strong></span> 
     </span>
    </p>
   </div>
   <div class='ocr_carea' id='block_1_7' title="bbox 265 685 1852 756">
    <p class='ocr_par' dir='ltr' id='par_1_7' title="bbox 265 685 1852 756">
     <span class='ocr_line' id='line_1_7' title="bbox 265 685 1852 756; baseline -0.001 -16"><span class='ocrx_word' id='word_1_44' title='bbox 265 685 656 756; x_wconf 83' lang='lat' dir='ltr'><strong>desperatione</strong></span> <span class='ocrx_word' id='word_1_45' title='bbox 679 687 735 738; x_wconf 89' lang='lat' dir='ltr'><strong>lit</strong></span> <span class='ocrx_word' id='word_1_46' title='bbox 760 685 948 756; x_wconf 86' lang='lat' dir='ltr'><strong>pejor;</strong></span> <span class='ocrx_word' id='word_1_47' title='bbox 972 696 1026 740; x_wconf 91' lang='lat' dir='ltr'><strong>et</strong></span> <span class='ocrx_word' id='word_1_48' title='bbox 1051 685 1416 754; x_wconf 87' lang='lat' dir='ltr'><strong>voluptatibus</strong></span> <span class='ocrx_word' id='word_1_49' title='bbox 1436 687 1707 753; x_wconf 85' lang='lat' dir='ltr'><strong>irretitus,</strong></span> <span class='ocrx_word' id='word_1_50' title='bbox 1727 688 1852 753; x_wconf 80' lang='lat' dir='ltr'><strong>inn-</strong></span> 
     </span>
    </p>
   </div>
   <div class='ocr_carea' id='block_1_8' title="bbox 268 776 1853 848">
    <p class='ocr_par' dir='ltr' id='par_1_8' title="bbox 268 776 1853 848">
     <span class='ocr_line' id='line_1_8' title="bbox 268 776 1853 848; baseline 0.001 -18"><span class='ocrx_word' id='word_1_51' title='bbox 268 779 348 848; x_wconf 78' lang='lat' dir='ltr'><strong>git</strong></span> <span class='ocrx_word' id='word_1_52' title='bbox 381 787 604 847; x_wconf 82' lang='lat' dir='ltr'><strong>peccato</strong></span> <span class='ocrx_word' id='word_1_53' title='bbox 649 776 1070 846; x_wconf 72' lang='lat' dir='ltr'><strong>blasphemiam,</strong></span> <span class='ocrx_word' id='word_1_54' title='bbox 1107 788 1167 830; x_wconf 92' lang='lat' dir='ltr'><strong>ut</strong></span> <span class='ocrx_word' id='word_1_55' title='bbox 1202 792 1417 831; x_wconf 89' lang='lat' dir='ltr'><strong>omnem</strong></span> <span class='ocrx_word' id='word_1_56' title='bbox 1451 778 1853 848; x_wconf 80' lang='lat' dir='ltr'><strong>317seusum</strong></span> 
     </span>
    </p>
   </div>
   <div class='ocr_carea' id='block_1_9' title="bbox 268 869 1850 938">
    <p class='ocr_par' dir='ltr' id='par_1_9' title="bbox 268 869 1850 938">
     <span class='ocr_line' id='line_1_9' title="bbox 268 869 1850 938; baseline 0.003 -20"><span class='ocrx_word' id='word_1_57' title='bbox 268 871 571 924; x_wconf 80' lang='lat' dir='ltr'><strong>viventium</strong></span> <span class='ocrx_word' id='word_1_58' title='bbox 606 879 757 938; x_wconf 90' lang='lat' dir='ltr'><strong>putet</strong></span> <span class='ocrx_word' id='word_1_59' title='bbox 801 879 975 922; x_wconf 88' lang='lat' dir='ltr'><strong>morte</strong></span> <span class='ocrx_word' id='word_1_60' title='bbox 999 869 1164 932; x_wconf 89' lang='lat' dir='ltr'><strong>finiri,</strong></span> <span class='ocrx_word' id='word_1_61' title='bbox 1193 869 1381 923; x_wconf 90' lang='lat' dir='ltr'><strong>dicens</strong></span> <span class='ocrx_word' id='word_1_62' title='bbox 1411 869 1541 922; x_wconf 88' lang='lat' dir='ltr'><strong>illttd</strong></span> <span class='ocrx_word' id='word_1_63' title='bbox 1582 869 1803 938; x_wconf 83' lang='lat' dir='ltr'><strong>Epicuri</strong></span> <span class='ocrx_word' id='word_1_64' title='bbox 1836 883 1850 923; x_wconf 83' lang='lat'><strong>:</strong></span> 
     </span>
    </p>
   </div>
   <div class='ocr_carea' id='block_1_10' title="bbox 279 957 1791 1027">
    <p class='ocr_par' dir='ltr' id='par_1_10' title="bbox 279 957 1791 1027">
     <span class='ocr_line' id='line_1_10' title="bbox 279 957 1791 1027; baseline 0.001 -18"><span class='ocrx_word' id='word_1_65' title='bbox 279 977 301 1009; x_wconf 78' lang='grc' dir='ltr'><strong>ι</strong></span> <span class='ocrx_word' id='word_1_66' title='bbox 325 957 454 1012; x_wconf 79' lang='lat' dir='ltr'><strong>Post</strong></span> <span class='ocrx_word' id='word_1_67' title='bbox 492 968 720 1011; x_wconf 79' lang='lat' dir='ltr'><strong>mortem</strong></span> <span class='ocrx_word' id='word_1_68' title='bbox 757 958 891 1011; x_wconf 75' lang='lat' dir='ltr'><strong>nihil</strong></span> <span class='ocrx_word' id='word_1_69' title='bbox 921 970 1027 1024; x_wconf 90' lang='lat' dir='ltr'><strong>est,</strong></span> <span class='ocrx_word' id='word_1_70' title='bbox 1059 968 1110 1011; x_wconf 90' lang='lat' dir='ltr'><strong>et</strong></span> <span class='ocrx_word' id='word_1_71' title='bbox 1143 973 1288 1012; x_wconf 89' lang='lat' dir='ltr'><strong>mors</strong></span> <span class='ocrx_word' id='word_1_72' title='bbox 1321 957 1436 1027; x_wconf 87' lang='lat' dir='ltr'><strong>ipsa</strong></span> <span class='ocrx_word' id='word_1_73' title='bbox 1465 959 1596 1012; x_wconf 91' lang='lat' dir='ltr'><strong>nihil</strong></span> <span class='ocrx_word' id='word_1_74' title='bbox 1624 970 1730 1015; x_wconf 89' lang='lat' dir='ltr'><strong>est.</strong></span> <span class='ocrx_word' id='word_1_75' title='bbox 1773 979 1791 1011; x_wconf 75' lang='grc' dir='ltr'><strong>ι</strong></span> 
     </span>
    </p>
   </div>
   <div class='ocr_carea' id='block_1_11' title="bbox 348 1047 1858 1120">
    <p class='ocr_par' dir='ltr' id='par_1_11' title="bbox 348 1047 1858 1120">
     <span class='ocr_line' id='line_1_11' title="bbox 348 1047 1858 1120; baseline 0.001 -17"><span class='ocrx_word' id='word_1_76' title='bbox 348 1049 527 1118; x_wconf 74' lang='lat' dir='ltr'><strong>(Vers.</strong></span> <span class='ocrx_word' id='word_1_77' title='bbox 585 1050 674 1116; x_wconf 82' lang='grc'>15,</span> <span class='ocrx_word' id='word_1_78' title='bbox 713 1050 803 1113; x_wconf 78' lang='grc'><strong>16,</strong></span> <span class='ocrx_word' id='word_1_79' title='bbox 831 1049 975 1120; x_wconf 91' lang='lat' dir='ltr'><strong>seq.)</strong></span> <span class='ocrx_word' id='word_1_80' title='bbox 1005 1069 1021 1101; x_wconf 88' lang='grc' dir='ltr'><strong>ι</strong></span> <span class='ocrx_word' id='word_1_81' title='bbox 1054 1047 1178 1104; x_wconf 72' lang='lat' dir='ltr'><strong>llaec</strong></span> <span class='ocrx_word' id='word_1_82' title='bbox 1231 1050 1366 1104; x_wconf 85' lang='lat' dir='ltr'><strong>dicit</strong></span> <span class='ocrx_word' id='word_1_83' title='bbox 1414 1050 1674 1106; x_wconf 87' lang='lat' dir='ltr'><strong>Dominus</strong></span> <span class='ocrx_word' id='word_1_84' title='bbox 1720 1051 1858 1105; x_wconf 90' lang='lat' dir='ltr'><strong>Dens</strong></span> 
     </span>
    </p>
   </div>
   <div class='ocr_carea' id='block_1_12' title="bbox 273 1142 1861 1212">
    <p class='ocr_par' dir='ltr' id='par_1_12' title="bbox 273 1142 1861 1212">
     <span class='ocr_line' id='line_1_12' title="bbox 273 1142 1861 1212; baseline -0.001 -16"><span class='ocrx_word' id='word_1_85' title='bbox 273 1146 616 1196; x_wconf 64' lang='lat' dir='ltr'><strong>exercituum</strong></span> <span class='ocrx_word' id='word_1_86' title='bbox 655 1158 669 1197; x_wconf 91' lang='lat'><strong>:</strong></span> <span class='ocrx_word' id='word_1_87' title='bbox 704 1142 874 1201; x_wconf 82' lang='lat' dir='ltr'><strong>Vade.</strong></span> <span class='ocrx_word' id='word_1_88' title='bbox 912 1143 1200 1211; x_wconf 82' lang='lat' dir='ltr'><strong>ingredere</strong></span> <span class='ocrx_word' id='word_1_89' title='bbox 1261 1144 1326 1196; x_wconf 88' lang='lat' dir='ltr'><strong>ad</strong></span> <span class='ocrx_word' id='word_1_90' title='bbox 1369 1158 1492 1198; x_wconf 92' lang='lat' dir='ltr'><strong>cum</strong></span> <span class='ocrx_word' id='word_1_91' title='bbox 1528 1143 1619 1212; x_wconf 88' lang='lat' dir='ltr'><strong>qui</strong></span> <span class='ocrx_word' id='word_1_92' title='bbox 1657 1143 1861 1197; x_wconf 90' lang='lat' dir='ltr'><strong>habitat</strong></span> 
     </span>
    </p>
   </div>
   <div class='ocr_carea' id='block_1_13' title="bbox 279 1234 1862 1304">
    <p class='ocr_par' dir='ltr' id='par_1_13' title="bbox 279 1234 1862 1304">
     <span class='ocr_line' id='line_1_13' title="bbox 279 1234 1862 1304; baseline -0.001 -16"><span class='ocrx_word' id='word_1_93' title='bbox 279 1238 333 1288; x_wconf 90' lang='lat' dir='ltr'><strong>in</strong></span> <span class='ocrx_word' id='word_1_94' title='bbox 369 1238 753 1298; x_wconf 87' lang='lat' dir='ltr'><strong>tabernaculo,</strong></span> <span class='ocrx_word' id='word_1_95' title='bbox 785 1235 848 1290; x_wconf 83' lang='lat' dir='ltr'><strong>ad</strong></span> <span class='ocrx_word' id='word_1_96' title='bbox 887 1234 1123 1288; x_wconf 90' lang='lat' dir='ltr'><strong>Sobnam</strong></span> <span class='ocrx_word' id='word_1_97' title='bbox 1171 1236 1518 1304; x_wconf 77' lang='lat' dir='ltr'><strong>prtepositum</strong></span> <span class='ocrx_word' id='word_1_98' title='bbox 1569 1234 1772 1303; x_wconf 87' lang='lat' dir='ltr'><strong>templi,</strong></span> <span class='ocrx_word' id='word_1_99' title='bbox 1806 1244 1862 1289; x_wconf 89' lang='lat' dir='ltr'><strong>et</strong></span> 
     </span>
    </p>
   </div>
   <div class='ocr_carea' id='block_1_14' title="bbox 275 1313 1861 1402">
    <p class='ocr_par' dir='ltr' id='par_1_14' title="bbox 275 1313 1861 1402">
     <span class='ocr_line' id='line_1_14' title="bbox 275 1313 1861 1402; baseline -0.001 -22"><span class='ocrx_word' id='word_1_100' title='bbox 275 1330 429 1382; x_wconf 84' lang='lat' dir='ltr'><strong>dices</strong></span> <span class='ocrx_word' id='word_1_101' title='bbox 459 1313 507 1380; x_wconf 81' lang='lat' dir='ltr'><strong>ei</strong></span> <span class='ocrx_word' id='word_1_102' title='bbox 543 1327 727 1393; x_wconf 85' lang='lat' dir='ltr'><strong>:Qnid</strong></span> <span class='ocrx_word' id='word_1_103' title='bbox 780 1337 834 1380; x_wconf 85' lang='lat' dir='ltr'><strong>tu</strong></span> <span class='ocrx_word' id='word_1_104' title='bbox 887 1327 1018 1382; x_wconf 88' lang='lat' dir='ltr'><strong>hic:</strong></span> <span class='ocrx_word' id='word_1_105' title='bbox 1056 1336 1146 1402; x_wconf 78' lang='lat' dir='ltr'><strong>aut</strong></span> <span class='ocrx_word' id='word_1_106' title='bbox 1205 1326 1357 1394; x_wconf 56' lang='lat' dir='ltr'><strong>(&quot;last</strong></span> <span class='ocrx_word' id='word_1_107' title='bbox 1391 1327 1514 1395; x_wconf 80' lang='lat' dir='ltr'><strong>quis</strong></span> <span class='ocrx_word' id='word_1_108' title='bbox 1577 1326 1861 1396; x_wconf 87' lang='lat' dir='ltr'><strong>hic?quia</strong></span> 
     </span>
    </p>
   </div>
   <div class='ocr_carea' id='block_1_15' title="bbox 278 1415 1864 1488">
    <p class='ocr_par' dir='ltr' id='par_1_15' title="bbox 278 1415 1864 1488">
     <span class='ocr_line' id='line_1_15' title="bbox 278 1415 1864 1488; baseline -0.001 -16"><span class='ocrx_word' id='word_1_109' title='bbox 278 1419 535 1473; x_wconf 76' lang='lat' dir='ltr'><strong>excidisti</strong></span> <span class='ocrx_word' id='word_1_110' title='bbox 570 1419 663 1473; x_wconf 88' lang='lat' dir='ltr'><strong>tibi</strong></span> <span class='ocrx_word' id='word_1_111' title='bbox 701 1419 788 1471; x_wconf 87' lang='lat' dir='ltr'><strong>hic</strong></span> <span class='ocrx_word' id='word_1_112' title='bbox 840 1415 1193 1488; x_wconf 77' lang='lat' dir='ltr'><strong>sepulcrum?</strong></span> <span class='ocrx_word' id='word_1_113' title='bbox 1224 1417 1473 1470; x_wconf 75' lang='lat' dir='ltr'><strong>excidisti</strong></span> <span class='ocrx_word' id='word_1_114' title='bbox 1539 1419 1591 1470; x_wconf 89' lang='lat' dir='ltr'><strong>in</strong></span> <span class='ocrx_word' id='word_1_115' title='bbox 1649 1421 1864 1470; x_wconf 74' lang='lat' dir='ltr'><strong>eXrelso</strong></span> 
     </span>
    </p>
   </div>
   <div class='ocr_carea' id='block_1_16' title="bbox 279 1507 1862 1578">
    <p class='ocr_par' dir='ltr' id='par_1_16' title="bbox 279 1507 1862 1578">
     <span class='ocr_line' id='line_1_16' title="bbox 279 1507 1862 1578; baseline -0.002 -16"><span class='ocrx_word' id='word_1_116' title='bbox 279 1510 608 1563; x_wconf 80' lang='lat' dir='ltr'><strong>memoriam</strong></span> <span class='ocrx_word' id='word_1_117' title='bbox 647 1507 832 1578; x_wconf 79' lang='lat' dir='ltr'><strong>(Vulg.</strong></span> <span class='ocrx_word' id='word_1_118' title='bbox 892 1509 1249 1578; x_wconf 86' lang='lat' dir='ltr'><strong>memoriale),</strong></span> <span class='ocrx_word' id='word_1_119' title='bbox 1280 1509 1568 1578; x_wconf 89' lang='lat' dir='ltr'><strong>diligenter</strong></span> <span class='ocrx_word' id='word_1_120' title='bbox 1613 1508 1665 1560; x_wconf 93' lang='lat' dir='ltr'><strong>in</strong></span> <span class='ocrx_word' id='word_1_121' title='bbox 1715 1518 1862 1576; x_wconf 83' lang='lat' dir='ltr'><strong>petra</strong></span> 
     </span>
    </p>
   </div>
   <div class='ocr_carea' id='block_1_17' title="bbox 283 1597 1864 1669">
    <p class='ocr_par' dir='ltr' id='par_1_17' title="bbox 283 1597 1864 1669">
     <span class='ocr_line' id='line_1_17' title="bbox 283 1597 1864 1669; baseline -0.002 -15"><span class='ocrx_word' id='word_1_122' title='bbox 283 1601 705 1655; x_wconf 75' lang='lat' dir='ltr'><strong>tabernaculum</strong></span> <span class='ocrx_word' id='word_1_123' title='bbox 738 1601 856 1654; x_wconf 91' lang='lat' dir='ltr'><strong>tibi.</strong></span> <span class='ocrx_word' id='word_1_124' title='bbox 889 1598 1027 1655; x_wconf 87' lang='lat' dir='ltr'><strong>Ecce</strong></span> <span class='ocrx_word' id='word_1_125' title='bbox 1075 1600 1336 1654; x_wconf 81' lang='lat' dir='ltr'><strong>Dominus</strong></span> <span class='ocrx_word' id='word_1_126' title='bbox 1369 1599 1641 1669; x_wconf 88' lang='lat' dir='ltr'><strong>asportari</strong></span> <span class='ocrx_word' id='word_1_127' title='bbox 1671 1609 1722 1653; x_wconf 90' lang='lat' dir='ltr'><strong>te</strong></span> <span class='ocrx_word' id='word_1_128' title='bbox 1782 1597 1864 1652; x_wconf 83' lang='lat' dir='ltr'><strong>la-</strong></span> 
     </span>
    </p>
   </div>
   <div class='ocr_carea' id='block_1_18' title="bbox 282 1691 1864 1761">
    <p class='ocr_par' dir='ltr' id='par_1_18' title="bbox 282 1691 1864 1761">
     <span class='ocr_line' id='line_1_18' title="bbox 282 1691 1864 1761; baseline 0 -17"><span class='ocrx_word' id='word_1_129' title='bbox 282 1693 392 1745; x_wconf 86' lang='lat' dir='ltr'><strong>ciet</strong></span> <span class='ocrx_word' id='word_1_130' title='bbox 423 1692 570 1746; x_wconf 86' lang='lat' dir='ltr'><strong>sicut</strong></span> <span class='ocrx_word' id='word_1_131' title='bbox 611 1701 923 1760; x_wconf 88' lang='lat' dir='ltr'><strong>asportatur</strong></span> <span class='ocrx_word' id='word_1_132' title='bbox 982 1691 1158 1758; x_wconf 81' lang='lat' dir='ltr'><strong>gallus</strong></span> <span class='ocrx_word' id='word_1_133' title='bbox 1213 1691 1545 1761; x_wconf 71' lang='lat' dir='ltr'><strong>gallinaceus</strong></span> <span class='ocrx_word' id='word_1_134' title='bbox 1583 1707 1597 1747; x_wconf 88' lang='lat'>:</span> <span class='ocrx_word' id='word_1_135' title='bbox 1632 1701 1684 1745; x_wconf 90' lang='lat' dir='ltr'><strong>et</strong></span> <span class='ocrx_word' id='word_1_136' title='bbox 1710 1693 1864 1760; x_wconf 82' lang='lat' dir='ltr'><strong>quasi</strong></span> 
     </span>
    </p>
   </div>
   <div class='ocr_carea' id='block_1_19' title="bbox 1957 494 3538 572">
    <p class='ocr_par' dir='ltr' id='par_1_19' title="bbox 1957 494 3538 572">
     <span class='ocr_line' id='line_1_19' title="bbox 1957 494 3538 572; baseline -0.008 -15"><span class='ocrx_word' id='word_1_137' title='bbox 1957 515 2008 557; x_wconf 88' lang='lat' dir='ltr'><strong>et</strong></span> <span class='ocrx_word' id='word_1_138' title='bbox 2046 506 2272 571; x_wconf 81' lang='lat' dir='ltr'><strong>aperiet,</strong></span> <span class='ocrx_word' id='word_1_139' title='bbox 2305 515 2360 558; x_wconf 89' lang='lat' dir='ltr'><strong>et</strong></span> <span class='ocrx_word' id='word_1_140' title='bbox 2397 520 2501 557; x_wconf 93' lang='lat' dir='ltr'><strong>non</strong></span> <span class='ocrx_word' id='word_1_141' title='bbox 2529 504 2752 572; x_wconf 44' lang='lat' dir='ltr'><strong>erit‘qui</strong></span> <span class='ocrx_word' id='word_1_142' title='bbox 2787 500 3004 556; x_wconf 80' lang='lat' dir='ltr'><strong>claudat</strong></span> <span class='ocrx_word' id='word_1_143' title='bbox 3040 498 3098 550; x_wconf 72' lang='grc' dir='ltr'><strong>ἰ</strong></span> <span class='ocrx_word' id='word_1_144' title='bbox 3135 505 3189 547; x_wconf 89' lang='lat' dir='ltr'><strong>et</strong></span> <span class='ocrx_word' id='word_1_145' title='bbox 3219 494 3453 553; x_wconf 63' lang='lat' dir='ltr'><strong>claudet.</strong></span> <span class='ocrx_word' id='word_1_146' title='bbox 3483 500 3538 546; x_wconf 87' lang='lat' dir='ltr'><strong>et</strong></span> 
     </span>
    </p>
   </div>
   <div class='ocr_carea' id='block_1_20' title="bbox 1958 587 3540 665">
    <p class='ocr_par' dir='ltr' id='par_1_20' title="bbox 1958 587 3540 665">
     <span class='ocr_line' id='line_1_20' title="bbox 1958 587 3540 665; baseline -0.007 -16"><span class='ocrx_word' id='word_1_147' title='bbox 1958 611 2066 650; x_wconf 89' lang='lat' dir='ltr'><strong>non</strong></span> <span class='ocrx_word' id='word_1_148' title='bbox 2101 599 2206 650; x_wconf 91' lang='lat' dir='ltr'><strong>erit</strong></span> <span class='ocrx_word' id='word_1_149' title='bbox 2236 596 2325 664; x_wconf 87' lang='lat' dir='ltr'><strong>qui</strong></span> <span class='ocrx_word' id='word_1_150' title='bbox 2361 597 2591 665; x_wconf 74' lang='lat' dir='ltr'><strong>aperiat.</strong></span> <span class='ocrx_word' id='word_1_151' title='bbox 2629 596 2692 648; x_wconf 71' lang='lat' dir='ltr'><strong>Et</strong></span> <span class='ocrx_word' id='word_1_152' title='bbox 2723 597 3048 649; x_wconf 84' lang='lat' dir='ltr'><strong>constituam</strong></span> <span class='ocrx_word' id='word_1_153' title='bbox 3082 603 3206 643; x_wconf 90' lang='lat' dir='ltr'><strong>eum</strong></span> <span class='ocrx_word' id='word_1_154' title='bbox 3244 587 3540 656; x_wconf 80' lang='lat' dir='ltr'><strong>principem</strong></span> 
     </span>
    </p>
   </div>
   <div class='ocr_carea' id='block_1_21' title="bbox 1959 680 3540 755">
    <p class='ocr_par' dir='ltr' id='par_1_21' title="bbox 1959 680 3540 755">
     <span class='ocr_line' id='line_1_21' title="bbox 1959 680 3540 755; baseline -0.008 -15"><span class='ocrx_word' id='word_1_155' title='bbox 1959 688 2013 740; x_wconf 92' lang='lat' dir='ltr'><strong>in</strong></span> <span class='ocrx_word' id='word_1_156' title='bbox 2049 687 2168 740; x_wconf 83' lang='lat' dir='ltr'><strong>loco</strong></span> <span class='ocrx_word' id='word_1_157' title='bbox 2198 687 2364 752; x_wconf 78' lang='lat' dir='ltr'><strong>fideli,</strong></span> <span class='ocrx_word' id='word_1_158' title='bbox 2389 698 2442 741; x_wconf 93' lang='lat' dir='ltr'><strong>et</strong></span> <span class='ocrx_word' id='word_1_159' title='bbox 2470 688 2523 740; x_wconf 91' lang='lat' dir='ltr'><strong>in</strong></span> <span class='ocrx_word' id='word_1_160' title='bbox 2558 687 2750 741; x_wconf 87' lang='lat' dir='ltr'><strong>solium</strong></span> <span class='ocrx_word' id='word_1_161' title='bbox 2776 686 2963 755; x_wconf 69' lang='lat' dir='ltr'><strong>gloria:</strong></span> <span class='ocrx_word' id='word_1_162' title='bbox 2986 685 3175 736; x_wconf 89' lang='lat' dir='ltr'><strong>domus</strong></span> <span class='ocrx_word' id='word_1_163' title='bbox 3204 680 3376 750; x_wconf 81' lang='lat' dir='ltr'><strong>patris</strong></span> <span class='ocrx_word' id='word_1_164' title='bbox 3403 682 3540 748; x_wconf 79' lang='lat' dir='ltr'><strong>ejus,</strong></span> 
     </span>
    </p>
   </div>
   <div class='ocr_carea' id='block_1_22' title="bbox 1960 772 3544 845">
    <p class='ocr_par' dir='ltr' id='par_1_22' title="bbox 1960 772 3544 845">
     <span class='ocr_line' id='line_1_22' title="bbox 1960 772 3544 845; baseline -0.006 -11"><span class='ocrx_word' id='word_1_165' title='bbox 1960 790 2016 834; x_wconf 91' lang='lat' dir='ltr'><strong>et</strong></span> <span class='ocrx_word' id='word_1_166' title='bbox 2041 779 2143 832; x_wconf 82' lang='lat' dir='ltr'><strong>erit</strong></span> <span class='ocrx_word' id='word_1_167' title='bbox 2169 779 2448 832; x_wconf 84' lang='lat' dir='ltr'><strong>confidens</strong></span> <span class='ocrx_word' id='word_1_168' title='bbox 2473 793 2634 845; x_wconf 84' lang='lat' dir='ltr'><strong>super</strong></span> <span class='ocrx_word' id='word_1_169' title='bbox 2660 794 2781 832; x_wconf 88' lang='lat' dir='ltr'><strong>eum</strong></span> <span class='ocrx_word' id='word_1_170' title='bbox 2808 776 2983 829; x_wconf 84' lang='lat' dir='ltr'><strong>omnis</strong></span> <span class='ocrx_word' id='word_1_171' title='bbox 3004 774 3274 844; x_wconf 82' lang='lat' dir='ltr'><strong>gloriOSus</strong></span> <span class='ocrx_word' id='word_1_172' title='bbox 3299 773 3355 825; x_wconf 92' lang='lat' dir='ltr'><strong>in</strong></span> <span class='ocrx_word' id='word_1_173' title='bbox 3382 772 3544 825; x_wconf 90' lang='lat' dir='ltr'><strong>domo</strong></span> 
     </span>
    </p>
   </div>
   <div class='ocr_carea' id='block_1_23' title="bbox 1959 864 3548 942">
    <p class='ocr_par' dir='ltr' id='par_1_23' title="bbox 1959 864 3548 942">
     <span class='ocr_line' id='line_1_23' title="bbox 1959 864 3548 942; baseline -0.004 -17"><span class='ocrx_word' id='word_1_174' title='bbox 1959 873 2128 942; x_wconf 86' lang='lat' dir='ltr'><strong>patris</strong></span> <span class='ocrx_word' id='word_1_175' title='bbox 2153 873 2231 926; x_wconf 84' lang='lat' dir='ltr'><strong>sui</strong></span> <span class='ocrx_word' id='word_1_176' title='bbox 2259 889 2284 925; x_wconf 89' lang='lat' dir='ltr'><strong>a</strong></span> <span class='ocrx_word' id='word_1_177' title='bbox 2317 875 2538 926; x_wconf 89' lang='lat' dir='ltr'><strong>minimo</strong></span> <span class='ocrx_word' id='word_1_178' title='bbox 2595 887 2764 938; x_wconf 84' lang='lat' dir='ltr'><strong>usque</strong></span> <span class='ocrx_word' id='word_1_179' title='bbox 2795 871 2860 924; x_wconf 90' lang='lat' dir='ltr'><strong>ad</strong></span> <span class='ocrx_word' id='word_1_180' title='bbox 2903 871 3219 921; x_wconf 72' lang='lat' dir='ltr'><strong>maximum.</strong></span> <span class='ocrx_word' id='word_1_181' title='bbox 3247 864 3423 920; x_wconf 90' lang='lat' dir='ltr'><strong>Omne</strong></span> <span class='ocrx_word' id='word_1_182' title='bbox 3454 877 3548 918; x_wconf 71' lang='lat' dir='ltr'><strong>vas</strong></span> 
     </span>
    </p>
   </div>
   <div class='ocr_carea' id='block_1_24' title="bbox 1961 959 3548 1032">
    <p class='ocr_par' dir='ltr' id='par_1_24' title="bbox 1961 959 3548 1032">
     <span class='ocr_line' id='line_1_24' title="bbox 1961 959 3548 1032; baseline -0.007 -15"><span class='ocrx_word' id='word_1_183' title='bbox 1961 964 2245 1032; x_wconf 89' lang='lat' dir='ltr'><strong>parvulum</strong></span> <span class='ocrx_word' id='word_1_184' title='bbox 2309 980 2338 1015; x_wconf 91' lang='lat' dir='ltr'><strong>a</strong></span> <span class='ocrx_word' id='word_1_185' title='bbox 2388 965 2536 1018; x_wconf 83' lang='lat' dir='ltr'><strong>vasis</strong></span> <span class='ocrx_word' id='word_1_186' title='bbox 2585 963 2817 1031; x_wconf 81' lang='lat' dir='ltr'><strong>agauotb</strong></span> <span class='ocrx_word' id='word_1_187' title='bbox 2875 978 2890 1018; x_wconf 88' lang='lat'>:</span> <span class='ocrx_word' id='word_1_188' title='bbox 2935 971 2989 1014; x_wconf 89' lang='lat' dir='ltr'><strong>et</strong></span> <span class='ocrx_word' id='word_1_189' title='bbox 3031 959 3344 1028; x_wconf 89' lang='lat' dir='ltr'><strong>pendehuut</strong></span> <span class='ocrx_word' id='word_1_190' title='bbox 3387 969 3548 1022; x_wconf 89' lang='lat' dir='ltr'><strong>super</strong></span> 
     </span>
    </p>
   </div>
   <div class='ocr_carea' id='block_1_25' title="bbox 1961 1047 3549 1110">
    <p class='ocr_par' dir='ltr' id='par_1_25' title="bbox 1961 1047 3549 1110">
     <span class='ocr_line' id='line_1_25' title="bbox 1961 1047 3549 1110; baseline -0.006 -1"><span class='ocrx_word' id='word_1_191' title='bbox 1961 1070 2111 1110; x_wconf 88' lang='lat' dir='ltr'><strong>eum.</strong></span> <span class='ocrx_word' id='word_1_192' title='bbox 2143 1055 2198 1108; x_wconf 88' lang='lat' dir='ltr'><strong>lu</strong></span> <span class='ocrx_word' id='word_1_193' title='bbox 2225 1055 2312 1109; x_wconf 87' lang='lat' dir='ltr'><strong>die</strong></span> <span class='ocrx_word' id='word_1_194' title='bbox 2345 1055 2432 1108; x_wconf 86' lang='lat' dir='ltr'><strong>illa</strong></span> <span class='ocrx_word' id='word_1_195' title='bbox 2465 1055 2582 1109; x_wconf 66' lang='lat' dir='ltr'><strong>lmc</strong></span> <span class='ocrx_word' id='word_1_196' title='bbox 2608 1055 2737 1108; x_wconf 83' lang='lat' dir='ltr'><strong>dicit</strong></span> <span class='ocrx_word' id='word_1_197' title='bbox 2767 1053 3029 1107; x_wconf 88' lang='lat' dir='ltr'><strong>Dominus</strong></span> <span class='ocrx_word' id='word_1_198' title='bbox 3053 1050 3291 1104; x_wconf 81' lang='lat' dir='ltr'><strong>Sabaoth</strong></span> <span class='ocrx_word' id='word_1_199' title='bbox 3324 1067 3336 1102; x_wconf 89' lang='lat'>:</span> <span class='ocrx_word' id='word_1_200' title='bbox 3373 1047 3549 1101; x_wconf 77' lang='lat' dir='ltr'><strong>Move-</strong></span> 
     </span>
    </p>
   </div>
   <div class='ocr_carea' id='block_1_26' title="bbox 1965 1146 3551 1221">
    <p class='ocr_par' dir='ltr' id='par_1_26' title="bbox 1965 1146 3551 1221">
     <span class='ocr_line' id='line_1_26' title="bbox 1965 1146 3551 1221; baseline -0.007 -17"><span class='ocrx_word' id='word_1_201' title='bbox 1965 1151 2111 1204; x_wconf 91' lang='lat' dir='ltr'><strong>bitur</strong></span> <span class='ocrx_word' id='word_1_202' title='bbox 2141 1152 2303 1205; x_wconf 88' lang='lat' dir='ltr'><strong>homo</strong></span> <span class='ocrx_word' id='word_1_203' title='bbox 2331 1152 2421 1221; x_wconf 88' lang='lat' dir='ltr'><strong>qui</strong></span> <span class='ocrx_word' id='word_1_204' title='bbox 2449 1151 2723 1206; x_wconf 85' lang='lat' dir='ltr'><strong>stabilitas</strong></span> <span class='ocrx_word' id='word_1_205' title='bbox 2749 1159 2867 1204; x_wconf 83' lang='lat' dir='ltr'><strong>erat</strong></span> <span class='ocrx_word' id='word_1_206' title='bbox 2895 1150 2946 1202; x_wconf 92' lang='lat' dir='ltr'><strong>iu</strong></span> <span class='ocrx_word' id='word_1_207' title='bbox 2980 1149 3100 1203; x_wconf 91' lang='lat' dir='ltr'><strong>loco</strong></span> <span class='ocrx_word' id='word_1_208' title='bbox 3134 1146 3274 1200; x_wconf 88' lang='lat' dir='ltr'><strong>fideli</strong></span> <span class='ocrx_word' id='word_1_209' title='bbox 3323 1160 3338 1200; x_wconf 85' lang='lat'>:</span> <span class='ocrx_word' id='word_1_210' title='bbox 3373 1153 3426 1198; x_wconf 91' lang='lat' dir='ltr'><strong>et</strong></span> <span class='ocrx_word' id='word_1_211' title='bbox 3457 1159 3551 1196; x_wconf 87' lang='lat' dir='ltr'><strong>an-</strong></span> 
     </span>
    </p>
   </div>
   <div class='ocr_carea' id='block_1_27' title="bbox 1968 1235 3548 1310">
    <p class='ocr_par' dir='ltr' id='par_1_27' title="bbox 1968 1235 3548 1310">
     <span class='ocr_line' id='line_1_27' title="bbox 1968 1235 3548 1310; baseline -0.006 -16"><span class='ocrx_word' id='word_1_212' title='bbox 1968 1241 2194 1308; x_wconf 82' lang='lat' dir='ltr'><strong>feretur,</strong></span> <span class='ocrx_word' id='word_1_213' title='bbox 2227 1255 2278 1296; x_wconf 92' lang='lat' dir='ltr'><strong>et</strong></span> <span class='ocrx_word' id='word_1_214' title='bbox 2320 1251 2558 1309; x_wconf 68' lang='lat' dir='ltr'><strong>corruet,</strong></span> <span class='ocrx_word' id='word_1_215' title='bbox 2589 1252 2641 1297; x_wconf 92' lang='lat' dir='ltr'><strong>et</strong></span> <span class='ocrx_word' id='word_1_216' title='bbox 2674 1242 2958 1310; x_wconf 79' lang='lat' dir='ltr'><strong>disperibit</strong></span> <span class='ocrx_word' id='word_1_217' title='bbox 2988 1239 3158 1307; x_wconf 80' lang='lat' dir='ltr'><strong>gloria</strong></span> <span class='ocrx_word' id='word_1_218' title='bbox 3196 1253 3314 1307; x_wconf 60' lang='lat' dir='ltr'><strong>quae</strong></span> <span class='ocrx_word' id='word_1_219' title='bbox 3344 1247 3461 1291; x_wconf 85' lang='lat' dir='ltr'><strong>erat</strong></span> <span class='ocrx_word' id='word_1_220' title='bbox 3497 1235 3548 1286; x_wconf 93' lang='lat' dir='ltr'><strong>in</strong></span> 
     </span>
    </p>
   </div>
   <div class='ocr_carea' id='block_1_28' title="bbox 1964 1325 3553 1399">
    <p class='ocr_par' dir='ltr' id='par_1_28' title="bbox 1964 1325 3553 1399">
     <span class='ocr_line' id='line_1_28' title="bbox 1964 1325 3553 1399; baseline -0.004 -14"><span class='ocrx_word' id='word_1_221' title='bbox 1964 1347 2030 1385; x_wconf 83' lang='lat' dir='ltr'><strong>eo</strong></span> <span class='ocrx_word' id='word_1_222' title='bbox 2057 1349 2071 1388; x_wconf 89' lang='lat'>:</span> <span class='ocrx_word' id='word_1_223' title='bbox 2096 1332 2350 1399; x_wconf 83' lang='lat' dir='ltr'><strong>quoniam</strong></span> <span class='ocrx_word' id='word_1_224' title='bbox 2376 1333 2631 1387; x_wconf 80' lang='lat' dir='ltr'><strong>Dominus</strong></span> <span class='ocrx_word' id='word_1_225' title='bbox 2656 1334 2985 1388; x_wconf 87' lang='lat' dir='ltr'><strong>locutusest.</strong></span> <span class='ocrx_word' id='word_1_226' title='bbox 3018 1349 3034 1380; x_wconf 70' lang='grc' dir='ltr'><strong>ι</strong></span> <span class='ocrx_word' id='word_1_227' title='bbox 3063 1328 3380 1395; x_wconf 72' lang='lat' dir='ltr'><strong>Prtecipitur</strong></span> <span class='ocrx_word' id='word_1_228' title='bbox 3401 1325 3553 1379; x_wconf 65' lang='lat' dir='ltr'><strong>Isaiae</strong></span> 
     </span>
    </p>
   </div>
   <div class='ocr_carea' id='block_1_29' title="bbox 1968 1418 3544 1493">
    <p class='ocr_par' dir='ltr' id='par_1_29' title="bbox 1968 1418 3544 1493">
     <span class='ocr_line' id='line_1_29' title="bbox 1968 1418 3544 1493; baseline -0.005 -17"><span class='ocrx_word' id='word_1_229' title='bbox 1968 1426 2243 1492; x_wconf 58' lang='lat' dir='ltr'><strong>prepheta&#39;</strong></span> <span class='ocrx_word' id='word_1_230' title='bbox 2269 1435 2324 1477; x_wconf 92' lang='lat' dir='ltr'><strong>ut</strong></span> <span class='ocrx_word' id='word_1_231' title='bbox 2349 1425 2689 1493; x_wconf 87' lang='lat' dir='ltr'><strong>ingrediatur</strong></span> <span class='ocrx_word' id='word_1_232' title='bbox 2709 1423 2775 1477; x_wconf 91' lang='lat' dir='ltr'><strong>ad</strong></span> <span class='ocrx_word' id='word_1_233' title='bbox 2797 1422 3032 1491; x_wconf 90' lang='lat' dir='ltr'><strong>eumqui</strong></span> <span class='ocrx_word' id='word_1_234' title='bbox 3060 1420 3268 1474; x_wconf 78' lang='lat' dir='ltr'><strong>habitat</strong></span> <span class='ocrx_word' id='word_1_235' title='bbox 3293 1419 3345 1472; x_wconf 90' lang='lat' dir='ltr'><strong>iu</strong></span> <span class='ocrx_word' id='word_1_236' title='bbox 3379 1418 3544 1470; x_wconf 85' lang='lat' dir='ltr'><strong>taber-</strong></span> 
     </span>
    </p>
   </div>
   <div class='ocr_carea' id='block_1_30' title="bbox 1970 1505 3554 1596">
    <p class='ocr_par' dir='ltr' id='par_1_30' title="bbox 1970 1505 3554 1596">
     <span class='ocr_line' id='line_1_30' title="bbox 1970 1505 3554 1596; baseline -0.006 -31"><span class='ocrx_word' id='word_1_237' title='bbox 1970 1513 2185 1575; x_wconf 73' lang='lat' dir='ltr'><strong>llat&#39;llltl,</strong></span> <span class='ocrx_word' id='word_1_238' title='bbox 2214 1517 2355 1584; x_wconf 88' lang='lat' dir='ltr'><strong>quod</strong></span> <span class='ocrx_word' id='word_1_239' title='bbox 2384 1514 2651 1567; x_wconf 53' lang='lat' dir='ltr'><strong>lli-brain:</strong></span> <span class='ocrx_word' id='word_1_240' title='bbox 2692 1512 2891 1565; x_wconf 89' lang='lat' dir='ltr'><strong>dicitur</strong></span> <span class='ocrx_word' id='word_1_241' title='bbox 2915 1526 3116 1564; x_wconf 68' lang='lat' dir='ltr'><strong>sucosa</strong></span> <span class='ocrx_word' id='word_1_242' title='bbox 3153 1506 3306 1596; x_wconf 55' lang='grc' dir='ltr'><strong>(τεῦ),</strong></span> <span class='ocrx_word' id='word_1_243' title='bbox 3333 1506 3397 1558; x_wconf 88' lang='lat' dir='ltr'><strong>ad</strong></span> <span class='ocrx_word' id='word_1_244' title='bbox 3424 1505 3554 1558; x_wconf 81' lang='lat' dir='ltr'><strong>Sob-</strong></span> 
     </span>
    </p>
   </div>
   <div class='ocr_carea' id='block_1_31' title="bbox 1973 1601 3555 1674">
    <p class='ocr_par' dir='ltr' id='par_1_31' title="bbox 1973 1601 3555 1674">
     <span class='ocr_line' id='line_1_31' title="bbox 1973 1601 3555 1674; baseline -0.004 -17"><span class='ocrx_word' id='word_1_245' title='bbox 1973 1619 2095 1658; x_wconf 81' lang='lat' dir='ltr'><strong>nam</strong></span> <span class='ocrx_word' id='word_1_246' title='bbox 2136 1607 2484 1674; x_wconf 73' lang='lat' dir='ltr'><strong>pra&#39;positutu</strong></span> <span class='ocrx_word' id='word_1_247' title='bbox 2508 1603 2715 1672; x_wconf 86' lang='lat' dir='ltr'><strong>templi,</strong></span> <span class='ocrx_word' id='word_1_248' title='bbox 2741 1603 2855 1657; x_wconf 60' lang='lat' dir='ltr'><strong>sive</strong></span> <span class='ocrx_word' id='word_1_249' title='bbox 2885 1614 2940 1655; x_wconf 92' lang='lat' dir='ltr'><strong>ut</strong></span> <span class='ocrx_word' id='word_1_250' title='bbox 2967 1601 3107 1655; x_wconf 77' lang='lat' dir='ltr'><strong>LXX</strong></span> <span class='ocrx_word' id='word_1_251' title='bbox 3134 1601 3555 1661; x_wconf 84' lang='lat' dir='ltr'><strong>transtulerunt,</strong></span> 
     </span>
    </p>
   </div>
   <div class='ocr_carea' id='block_1_32' title="bbox 1968 1694 3557 1765">
    <p class='ocr_par' dir='ltr' id='par_1_32' title="bbox 1968 1694 3557 1765">
     <span class='ocr_line' id='line_1_32' title="bbox 1968 1694 3557 1765; baseline -0.002 -18"><span class='ocrx_word' id='word_1_252' title='bbox 1968 1695 2304 1765; x_wconf 53' lang='lat' dir='ltr'><strong>rapiamhoc</strong></span> <span class='ocrx_word' id='word_1_253' title='bbox 2337 1706 2771 1765; x_wconf 75' lang='lat' dir='ltr'><strong>eSI,qu(vstorem</strong></span> <span class='ocrx_word' id='word_1_254' title='bbox 2806 1706 2857 1748; x_wconf 91' lang='lat' dir='ltr'><strong>ct</strong></span> <span class='ocrx_word' id='word_1_255' title='bbox 2891 1696 3306 1764; x_wconf 74' lang='lat' dir='ltr'><strong>dispensatorem</strong></span> <span class='ocrx_word' id='word_1_256' title='bbox 3333 1694 3557 1745; x_wconf 80' lang='lat' dir='ltr'><strong>thesau-</strong></span> 
     </span>
    </p>
   </div>
   <div class='ocr_carea' id='block_1_33' title="bbox 283 1782 3558 1843">
    <p class='ocr_par' dir='ltr' id='par_1_33' title="bbox 283 1782 3558 1843">
     <span class='ocr_line' id='line_1_33' title="bbox 283 1782 3558 1843; baseline 0 -6"><span class='ocrx_word' id='word_1_257' title='bbox 283 1785 547 1837; x_wconf 87' lang='lat' dir='ltr'><strong>amictum</strong></span> <span class='ocrx_word' id='word_1_258' title='bbox 581 1785 662 1838; x_wconf 89' lang='lat' dir='ltr'><strong>sic</strong></span> <span class='ocrx_word' id='word_1_259' title='bbox 693 1784 1004 1837; x_wconf 79' lang='lat' dir='ltr'><strong>sublevabit</strong></span> <span class='ocrx_word' id='word_1_260' title='bbox 1054 1793 1130 1838; x_wconf 92' lang='lat' dir='ltr'><strong>te.</strong></span> <span class='ocrx_word' id='word_1_261' title='bbox 1183 1783 1471 1838; x_wconf 87' lang='lat' dir='ltr'><strong>Corouans</strong></span> <span class='ocrx_word' id='word_1_262' title='bbox 1507 1785 1789 1837; x_wconf 86' lang='lat' dir='ltr'><strong>coronabit</strong></span> <span class='ocrx_word' id='word_1_263' title='bbox 1823 1795 1872 1839; x_wconf 91' lang='lat' dir='ltr'><strong>te</strong></span> <span class='ocrx_word' id='word_1_264' title='bbox 1905 1782 1946 1837; x_wconf 87' lang='grc' dir='ltr'><strong>Β</strong></span> <span class='ocrx_word' id='word_1_265' title='bbox 1977 1804 2161 1842; x_wconf 83' lang='lat' dir='ltr'><strong>rerum</strong></span> <span class='ocrx_word' id='word_1_266' title='bbox 2196 1789 2389 1843; x_wconf 89' lang='lat' dir='ltr'><strong>domus</strong></span> <span class='ocrx_word' id='word_1_267' title='bbox 2427 1789 2540 1843; x_wconf 84' lang='lat' dir='ltr'><strong>Dei.</strong></span> <span class='ocrx_word' id='word_1_268' title='bbox 2577 1787 2778 1843; x_wconf 77' lang='lat' dir='ltr'><strong>Soclten</strong></span> <span class='ocrx_word' id='word_1_269' title='bbox 2811 1799 2991 1842; x_wconf 86' lang='lat' dir='ltr'><strong>autem</strong></span> <span class='ocrx_word' id='word_1_270' title='bbox 3034 1787 3117 1841; x_wconf 86' lang='lat' dir='ltr'><strong>vel</strong></span> <span class='ocrx_word' id='word_1_271' title='bbox 3155 1785 3558 1839; x_wconf 80' lang='lat' dir='ltr'><strong>tabernaculum</strong></span> 
     </span>
    </p>
   </div>
   <div class='ocr_carea' id='block_1_34' title="bbox 287 1875 1876 1946">
    <p class='ocr_par' dir='ltr' id='par_1_34' title="bbox 287 1875 1876 1946">
     <span class='ocr_line' id='line_1_34' title="bbox 287 1875 1876 1946; baseline 0 -17"><span class='ocrx_word' id='word_1_272' title='bbox 287 1877 641 1931; x_wconf 86' lang='lat' dir='ltr'><strong>tribulatione</strong></span> <span class='ocrx_word' id='word_1_273' title='bbox 677 1892 691 1932; x_wconf 87' lang='lat'><strong>:</strong></span> <span class='ocrx_word' id='word_1_274' title='bbox 723 1877 878 1946; x_wconf 88' lang='lat' dir='ltr'><strong>quasi</strong></span> <span class='ocrx_word' id='word_1_275' title='bbox 928 1875 1091 1946; x_wconf 84' lang='lat' dir='ltr'><strong>pilam</strong></span> <span class='ocrx_word' id='word_1_276' title='bbox 1157 1876 1337 1930; x_wconf 91' lang='lat' dir='ltr'><strong>mittet</strong></span> <span class='ocrx_word' id='word_1_277' title='bbox 1363 1885 1415 1929; x_wconf 91' lang='lat' dir='ltr'><strong>te</strong></span> <span class='ocrx_word' id='word_1_278' title='bbox 1450 1875 1502 1929; x_wconf 93' lang='lat' dir='ltr'><strong>in</strong></span> <span class='ocrx_word' id='word_1_279' title='bbox 1546 1886 1746 1928; x_wconf 85' lang='lat' dir='ltr'><strong>terram</strong></span> <span class='ocrx_word' id='word_1_280' title='bbox 1799 1876 1876 1929; x_wconf 90' lang='lat' dir='ltr'><strong>la-</strong></span> 
     </span>
    </p>
   </div>
   <div class='ocr_carea' id='block_1_35' title="bbox 289 1969 1877 2037">
    <p class='ocr_par' dir='ltr' id='par_1_35' title="bbox 289 1969 1877 2037">
     <span class='ocr_line' id='line_1_35' title="bbox 289 1969 1877 2037; baseline 0.003 -17"><span class='ocrx_word' id='word_1_281' title='bbox 289 1977 401 2021; x_wconf 87' lang='lat' dir='ltr'><strong>tam</strong></span> <span class='ocrx_word' id='word_1_282' title='bbox 425 1977 478 2022; x_wconf 90' lang='lat' dir='ltr'><strong>et</strong></span> <span class='ocrx_word' id='word_1_283' title='bbox 507 1969 802 2036; x_wconf 86' lang='lat' dir='ltr'><strong>spatiosatn</strong></span> <span class='ocrx_word' id='word_1_284' title='bbox 840 1987 854 2026; x_wconf 84' lang='lat'><strong>:</strong></span> <span class='ocrx_word' id='word_1_285' title='bbox 896 1970 967 2024; x_wconf 91' lang='lat' dir='ltr'><strong>ibi</strong></span> <span class='ocrx_word' id='word_1_286' title='bbox 1030 1972 1303 2037; x_wconf 88' lang='lat' dir='ltr'><strong>morieris,</strong></span> <span class='ocrx_word' id='word_1_287' title='bbox 1329 1979 1380 2025; x_wconf 89' lang='lat' dir='ltr'><strong>et</strong></span> <span class='ocrx_word' id='word_1_288' title='bbox 1416 1971 1490 2024; x_wconf 92' lang='lat' dir='ltr'><strong>ibi</strong></span> <span class='ocrx_word' id='word_1_289' title='bbox 1535 1971 1639 2024; x_wconf 89' lang='lat' dir='ltr'><strong>erit</strong></span> <span class='ocrx_word' id='word_1_290' title='bbox 1682 1986 1877 2024; x_wconf 91' lang='lat' dir='ltr'><strong>currus</strong></span> 
     </span>
    </p>
   </div>
   <div class='ocr_carea' id='block_1_36' title="bbox 289 2061 1875 2132">
    <p class='ocr_par' dir='ltr' id='par_1_36' title="bbox 289 2061 1875 2132">
     <span class='ocr_line' id='line_1_36' title="bbox 289 2061 1875 2132; baseline 0.003 -20"><span class='ocrx_word' id='word_1_291' title='bbox 289 2061 477 2127; x_wconf 70' lang='lat' dir='ltr'><strong>gloriae</strong></span> <span class='ocrx_word' id='word_1_292' title='bbox 507 2073 633 2123; x_wconf 71' lang='lat' dir='ltr'><strong>tute,</strong></span> <span class='ocrx_word' id='word_1_293' title='bbox 668 2062 964 2132; x_wconf 81' lang='lat' dir='ltr'><strong>ignOntinia</strong></span> <span class='ocrx_word' id='word_1_294' title='bbox 991 2061 1186 2118; x_wconf 89' lang='lat' dir='ltr'><strong>domus</strong></span> <span class='ocrx_word' id='word_1_295' title='bbox 1220 2063 1433 2117; x_wconf 92' lang='lat' dir='ltr'><strong>Domini</strong></span> <span class='ocrx_word' id='word_1_296' title='bbox 1463 2063 1560 2116; x_wconf 91' lang='lat' dir='ltr'><strong>tui.</strong></span> <span class='ocrx_word' id='word_1_297' title='bbox 1600 2062 1664 2116; x_wconf 84' lang='lat' dir='ltr'><strong>Et</strong></span> <span class='ocrx_word' id='word_1_298' title='bbox 1687 2062 1875 2126; x_wconf 74' lang='lat' dir='ltr'><strong>expel-</strong></span> 
     </span>
    </p>
   </div>
   <div class='ocr_carea' id='block_1_37' title="bbox 292 2153 1882 2220">
    <p class='ocr_par' dir='ltr' id='par_1_37' title="bbox 292 2153 1882 2220">
     <span class='ocr_line' id='line_1_37' title="bbox 292 2153 1882 2220; baseline 0.001 -16"><span class='ocrx_word' id='word_1_299' title='bbox 292 2153 400 2205; x_wconf 85' lang='lat' dir='ltr'><strong>lam</strong></span> <span class='ocrx_word' id='word_1_300' title='bbox 432 2161 484 2205; x_wconf 90' lang='lat' dir='ltr'><strong>te</strong></span> <span class='ocrx_word' id='word_1_301' title='bbox 509 2153 574 2205; x_wconf 89' lang='lat' dir='ltr'><strong>de</strong></span> <span class='ocrx_word' id='word_1_302' title='bbox 601 2154 834 2206; x_wconf 79' lang='lat' dir='ltr'><strong>statione</strong></span> <span class='ocrx_word' id='word_1_303' title='bbox 871 2161 960 2207; x_wconf 88' lang='lat' dir='ltr'><strong>tua</strong></span> <span class='ocrx_word' id='word_1_304' title='bbox 995 2168 1009 2206; x_wconf 89' lang='lat'>:</span> <span class='ocrx_word' id='word_1_305' title='bbox 1047 2162 1102 2208; x_wconf 91' lang='lat' dir='ltr'><strong>et</strong></span> <span class='ocrx_word' id='word_1_306' title='bbox 1158 2155 1225 2206; x_wconf 90' lang='lat' dir='ltr'><strong>de</strong></span> <span class='ocrx_word' id='word_1_307' title='bbox 1272 2153 1575 2207; x_wconf 88' lang='lat' dir='ltr'><strong>ministerio</strong></span> <span class='ocrx_word' id='word_1_308' title='bbox 1603 2165 1694 2205; x_wconf 92' lang='lat' dir='ltr'><strong>tuo</strong></span> <span class='ocrx_word' id='word_1_309' title='bbox 1721 2157 1882 2220; x_wconf 88' lang='lat' dir='ltr'><strong>depo-</strong></span> 
     </span>
    </p>
   </div>
   <div class='ocr_carea' id='block_1_38' title="bbox 299 2245 1878 2313">
    <p class='ocr_par' dir='ltr' id='par_1_38' title="bbox 299 2245 1878 2313">
     <span class='ocr_line' id='line_1_38' title="bbox 299 2245 1878 2313; baseline -0.001 -15"><span class='ocrx_word' id='word_1_310' title='bbox 299 2260 426 2298; x_wconf 88' lang='lat' dir='ltr'><strong>nam</strong></span> <span class='ocrx_word' id='word_1_311' title='bbox 463 2255 535 2298; x_wconf 88' lang='lat' dir='ltr'><strong>te.</strong></span> <span class='ocrx_word' id='word_1_312' title='bbox 566 2245 632 2297; x_wconf 82' lang='lat' dir='ltr'><strong>Et</strong></span> <span class='ocrx_word' id='word_1_313' title='bbox 667 2247 770 2298; x_wconf 90' lang='lat' dir='ltr'><strong>erit</strong></span> <span class='ocrx_word' id='word_1_314' title='bbox 793 2247 844 2298; x_wconf 91' lang='lat' dir='ltr'><strong>in</strong></span> <span class='ocrx_word' id='word_1_315' title='bbox 876 2248 961 2299; x_wconf 90' lang='lat' dir='ltr'><strong>die</strong></span> <span class='ocrx_word' id='word_1_316' title='bbox 1019 2245 1131 2313; x_wconf 90' lang='lat' dir='ltr'><strong>illa,</strong></span> <span class='ocrx_word' id='word_1_317' title='bbox 1173 2245 1377 2300; x_wconf 83' lang='lat' dir='ltr'><strong>vocabo</strong></span> <span class='ocrx_word' id='word_1_318' title='bbox 1418 2261 1635 2299; x_wconf 80' lang='lat' dir='ltr'><strong>servum</strong></span> <span class='ocrx_word' id='word_1_319' title='bbox 1701 2260 1878 2298; x_wconf 89' lang='lat' dir='ltr'><strong>meum</strong></span> 
     </span>
    </p>
   </div>
   <div class='ocr_carea' id='block_1_39' title="bbox 302 2335 1882 2392">
    <p class='ocr_par' dir='ltr' id='par_1_39' title="bbox 302 2335 1882 2392">
     <span class='ocr_line' id='line_1_39' title="bbox 302 2335 1882 2392; baseline 0.002 -5"><span class='ocrx_word' id='word_1_320' title='bbox 302 2337 532 2391; x_wconf 82' lang='lat' dir='ltr'><strong>Fliacitu</strong></span> <span class='ocrx_word' id='word_1_321' title='bbox 591 2336 757 2389; x_wconf 88' lang='lat' dir='ltr'><strong>lilium</strong></span> <span class='ocrx_word' id='word_1_322' title='bbox 816 2335 1060 2392; x_wconf 63' lang='lat' dir='ltr'><strong>Helcim:</strong></span> <span class='ocrx_word' id='word_1_323' title='bbox 1118 2348 1171 2391; x_wconf 87' lang='lat' dir='ltr'><strong>et</strong></span> <span class='ocrx_word' id='word_1_324' title='bbox 1231 2339 1449 2391; x_wconf 88' lang='lat' dir='ltr'><strong>induam</strong></span> <span class='ocrx_word' id='word_1_325' title='bbox 1501 2338 1650 2390; x_wconf 89' lang='lat' dir='ltr'><strong>illum</strong></span> <span class='ocrx_word' id='word_1_326' title='bbox 1699 2337 1882 2390; x_wconf 89' lang='lat' dir='ltr'><strong>tunica</strong></span> 
     </span>
    </p>
   </div>
   <div class='ocr_carea' id='block_1_40' title="bbox 299 2430 1881 2500">
    <p class='ocr_par' dir='ltr' id='par_1_40' title="bbox 299 2430 1881 2500">
     <span class='ocr_line' id='line_1_40' title="bbox 299 2430 1881 2500; baseline -0.001 -19"><span class='ocrx_word' id='word_1_327' title='bbox 299 2443 416 2494; x_wconf 90' lang='lat' dir='ltr'><strong>tua,</strong></span> <span class='ocrx_word' id='word_1_328' title='bbox 451 2439 506 2483; x_wconf 89' lang='lat' dir='ltr'><strong>et</strong></span> <span class='ocrx_word' id='word_1_329' title='bbox 539 2431 758 2498; x_wconf 78' lang='lat' dir='ltr'><strong>cingulo</strong></span> <span class='ocrx_word' id='word_1_330' title='bbox 803 2438 898 2485; x_wconf 91' lang='lat' dir='ltr'><strong>tuo</strong></span> <span class='ocrx_word' id='word_1_331' title='bbox 949 2430 1269 2485; x_wconf 80' lang='lat' dir='ltr'><strong>confortabo</strong></span> <span class='ocrx_word' id='word_1_332' title='bbox 1321 2447 1444 2484; x_wconf 84' lang='lat' dir='ltr'><strong>eum</strong></span> <span class='ocrx_word' id='word_1_333' title='bbox 1481 2446 1496 2484; x_wconf 84' lang='lat'><strong>:</strong></span> <span class='ocrx_word' id='word_1_334' title='bbox 1529 2440 1581 2484; x_wconf 89' lang='lat' dir='ltr'><strong>et</strong></span> <span class='ocrx_word' id='word_1_335' title='bbox 1639 2439 1881 2500; x_wconf 87' lang='lat' dir='ltr'><strong>potesta-</strong></span> 
     </span>
    </p>
   </div>
   <div class='ocr_carea' id='block_1_41' title="bbox 297 2520 1880 2591">
    <p class='ocr_par' dir='ltr' id='par_1_41' title="bbox 297 2520 1880 2591">
     <span class='ocr_line' id='line_1_41' title="bbox 297 2520 1880 2591; baseline 0.001 -17"><span class='ocrx_word' id='word_1_336' title='bbox 297 2533 407 2576; x_wconf 89' lang='lat' dir='ltr'><strong>tem</strong></span> <span class='ocrx_word' id='word_1_337' title='bbox 476 2531 628 2575; x_wconf 87' lang='lat' dir='ltr'><strong>tuam</strong></span> <span class='ocrx_word' id='word_1_338' title='bbox 683 2522 822 2576; x_wconf 90' lang='lat' dir='ltr'><strong>dabo</strong></span> <span class='ocrx_word' id='word_1_339' title='bbox 891 2523 944 2575; x_wconf 94' lang='lat' dir='ltr'><strong>iu</strong></span> <span class='ocrx_word' id='word_1_340' title='bbox 1001 2538 1162 2576; x_wconf 81' lang='lat' dir='ltr'><strong>manu</strong></span> <span class='ocrx_word' id='word_1_341' title='bbox 1215 2523 1368 2591; x_wconf 83' lang='lat' dir='ltr'><strong>ejus,</strong></span> <span class='ocrx_word' id='word_1_342' title='bbox 1423 2529 1479 2576; x_wconf 88' lang='lat' dir='ltr'><strong>et</strong></span> <span class='ocrx_word' id='word_1_343' title='bbox 1547 2523 1651 2575; x_wconf 89' lang='lat' dir='ltr'><strong>erit</strong></span> <span class='ocrx_word' id='word_1_344' title='bbox 1725 2520 1880 2590; x_wconf 75' lang='lat' dir='ltr'><strong>quasi</strong></span> 
     </span>
    </p>
   </div>
   <div class='ocr_carea' id='block_1_42' title="bbox 297 2608 1885 2682">
    <p class='ocr_par' dir='ltr' id='par_1_42' title="bbox 297 2608 1885 2682">
     <span class='ocr_line' id='line_1_42' title="bbox 297 2608 1885 2682; baseline -0.001 -20"><span class='ocrx_word' id='word_1_345' title='bbox 297 2621 456 2680; x_wconf 86' lang='lat' dir='ltr'><strong>pater</strong></span> <span class='ocrx_word' id='word_1_346' title='bbox 537 2611 899 2666; x_wconf 83' lang='lat' dir='ltr'><strong>habitantium</strong></span> <span class='ocrx_word' id='word_1_347' title='bbox 985 2608 1190 2682; x_wconf 78' lang='lat' dir='ltr'><strong>(Vulg.</strong></span> <span class='ocrx_word' id='word_1_348' title='bbox 1255 2611 1672 2682; x_wconf 86' lang='lat' dir='ltr'><strong>habitantibus)</strong></span> <span class='ocrx_word' id='word_1_349' title='bbox 1726 2612 1885 2667; x_wconf 77' lang='lat' dir='ltr'><strong>Jeru-</strong></span> 
     </span>
    </p>
   </div>
   <div class='ocr_carea' id='block_1_43' title="bbox 298 2703 1884 2770">
    <p class='ocr_par' dir='ltr' id='par_1_43' title="bbox 298 2703 1884 2770">
     <span class='ocr_line' id='line_1_43' title="bbox 298 2703 1884 2770; baseline 0.001 -12"><span class='ocrx_word' id='word_1_350' title='bbox 298 2704 496 2770; x_wconf 82' lang='lat' dir='ltr'><strong>salem,</strong></span> <span class='ocrx_word' id='word_1_351' title='bbox 554 2713 610 2758; x_wconf 91' lang='lat' dir='ltr'><strong>et</strong></span> <span class='ocrx_word' id='word_1_352' title='bbox 663 2706 843 2760; x_wconf 82' lang='lat' dir='ltr'><strong>domui</strong></span> <span class='ocrx_word' id='word_1_353' title='bbox 896 2703 1060 2760; x_wconf 82' lang='lat' dir='ltr'><strong>Juda.</strong></span> <span class='ocrx_word' id='word_1_354' title='bbox 1112 2706 1180 2760; x_wconf 87' lang='lat' dir='ltr'><strong>Et</strong></span> <span class='ocrx_word' id='word_1_355' title='bbox 1237 2707 1376 2760; x_wconf 89' lang='lat' dir='ltr'><strong>dabo</strong></span> <span class='ocrx_word' id='word_1_356' title='bbox 1432 2707 1638 2760; x_wconf 83' lang='lat' dir='ltr'><strong>clavem</strong></span> <span class='ocrx_word' id='word_1_357' title='bbox 1694 2708 1884 2760; x_wconf 76' lang='lat' dir='ltr'><strong>dOtllllS</strong></span> 
     </span>
    </p>
   </div>
   <div class='ocr_carea' id='block_1_44' title="bbox 299 2795 1883 2870">
    <p class='ocr_par' dir='ltr' id='par_1_44' title="bbox 299 2795 1883 2870">
     <span class='ocr_line' id='line_1_44' title="bbox 299 2795 1883 2870; baseline 0.001 -20"><span class='ocrx_word' id='word_1_358' title='bbox 299 2795 471 2851; x_wconf 80' lang='lat' dir='ltr'><strong>David</strong></span> <span class='ocrx_word' id='word_1_359' title='bbox 517 2812 680 2865; x_wconf 86' lang='lat' dir='ltr'><strong>super</strong></span> <span class='ocrx_word' id='word_1_360' title='bbox 741 2799 1026 2853; x_wconf 87' lang='lat' dir='ltr'><strong>humermn</strong></span> <span class='ocrx_word' id='word_1_361' title='bbox 1075 2799 1193 2869; x_wconf 83' lang='lat' dir='ltr'><strong>ejus</strong></span> <span class='ocrx_word' id='word_1_362' title='bbox 1245 2816 1260 2856; x_wconf 84' lang='lat'><strong>:</strong></span> <span class='ocrx_word' id='word_1_363' title='bbox 1298 2807 1352 2854; x_wconf 87' lang='lat' dir='ltr'><strong>et</strong></span> <span class='ocrx_word' id='word_1_364' title='bbox 1414 2801 1637 2870; x_wconf 89' lang='lat' dir='ltr'><strong>aperiet,</strong></span> <span class='ocrx_word' id='word_1_365' title='bbox 1681 2809 1736 2852; x_wconf 88' lang='lat' dir='ltr'><strong>et</strong></span> <span class='ocrx_word' id='word_1_366' title='bbox 1779 2814 1883 2852; x_wconf 92' lang='lat' dir='ltr'><strong>non</strong></span> 
     </span>
    </p>
   </div>
   <div class='ocr_carea' id='block_1_45' title="bbox 300 2891 1887 2960">
    <p class='ocr_par' dir='ltr' id='par_1_45' title="bbox 300 2891 1887 2960">
     <span class='ocr_line' id='line_1_45' title="bbox 300 2891 1887 2960; baseline -0.001 -16"><span class='ocrx_word' id='word_1_367' title='bbox 300 2891 404 2944; x_wconf 79' lang='lat' dir='ltr'><strong>erit</strong></span> <span class='ocrx_word' id='word_1_368' title='bbox 434 2891 527 2958; x_wconf 88' lang='lat' dir='ltr'><strong>qtti</strong></span> <span class='ocrx_word' id='word_1_369' title='bbox 561 2891 817 2955; x_wconf 84' lang='lat' dir='ltr'><strong>claudat;</strong></span> <span class='ocrx_word' id='word_1_370' title='bbox 855 2900 909 2946; x_wconf 85' lang='lat' dir='ltr'><strong>et</strong></span> <span class='ocrx_word' id='word_1_371' title='bbox 949 2892 1191 2958; x_wconf 86' lang='lat' dir='ltr'><strong>claudet,</strong></span> <span class='ocrx_word' id='word_1_372' title='bbox 1230 2902 1286 2947; x_wconf 88' lang='lat' dir='ltr'><strong>et</strong></span> <span class='ocrx_word' id='word_1_373' title='bbox 1328 2907 1430 2946; x_wconf 88' lang='lat' dir='ltr'><strong>non</strong></span> <span class='ocrx_word' id='word_1_374' title='bbox 1472 2893 1576 2946; x_wconf 89' lang='lat' dir='ltr'><strong>erit</strong></span> <span class='ocrx_word' id='word_1_375' title='bbox 1622 2891 1715 2960; x_wconf 87' lang='lat' dir='ltr'><strong>qui</strong></span> <span class='ocrx_word' id='word_1_376' title='bbox 1760 2905 1887 2958; x_wconf 83' lang='lat' dir='ltr'><strong>ape-</strong></span> 
     </span>
    </p>
   </div>
   <div class='ocr_carea' id='block_1_46' title="bbox 307 2982 1887 3052">
    <p class='ocr_par' dir='ltr' id='par_1_46' title="bbox 307 2982 1887 3052">
     <span class='ocr_line' id='line_1_46' title="bbox 307 2982 1887 3052; baseline -0.001 -15"><span class='ocrx_word' id='word_1_377' title='bbox 307 2984 434 3039; x_wconf 87' lang='lat' dir='ltr'><strong>riat.</strong></span> <span class='ocrx_word' id='word_1_378' title='bbox 482 2982 550 3038; x_wconf 90' lang='lat' dir='ltr'><strong>Et</strong></span> <span class='ocrx_word' id='word_1_379' title='bbox 583 2984 740 3051; x_wconf 73' lang='lat' dir='ltr'><strong>figam</strong></span> <span class='ocrx_word' id='word_1_380' title='bbox 769 2985 918 3040; x_wconf 89' lang='lat' dir='ltr'><strong>illum</strong></span> <span class='ocrx_word' id='word_1_381' title='bbox 957 2986 1215 3052; x_wconf 79' lang='lat' dir='ltr'><strong>paxillum</strong></span> <span class='ocrx_word' id='word_1_382' title='bbox 1251 2986 1304 3038; x_wconf 93' lang='lat' dir='ltr'><strong>in</strong></span> <span class='ocrx_word' id='word_1_383' title='bbox 1350 2984 1470 3040; x_wconf 92' lang='lat' dir='ltr'><strong>loco</strong></span> <span class='ocrx_word' id='word_1_384' title='bbox 1512 2984 1680 3049; x_wconf 88' lang='lat' dir='ltr'><strong>fideli,</strong></span> <span class='ocrx_word' id='word_1_385' title='bbox 1707 2985 1887 3036; x_wconf 89' lang='lat' dir='ltr'><strong>eterit</strong></span> 
     </span>
    </p>
   </div>
   <div class='ocr_carea' id='block_1_47' title="bbox 304 3075 1888 3149">
    <p class='ocr_par' dir='ltr' id='par_1_47' title="bbox 304 3075 1888 3149">
     <span class='ocr_line' id='line_1_47' title="bbox 304 3075 1888 3149; baseline -0.003 -17"><span class='ocrx_word' id='word_1_386' title='bbox 304 3079 360 3133; x_wconf 86' lang='lat' dir='ltr'><strong>in</strong></span> <span class='ocrx_word' id='word_1_387' title='bbox 380 3079 518 3132; x_wconf 85' lang='lat' dir='ltr'><strong>solio</strong></span> <span class='ocrx_word' id='word_1_388' title='bbox 554 3080 575 3110; x_wconf 81' lang='lat'><strong>’</strong></span> <span class='ocrx_word' id='word_1_389' title='bbox 603 3078 798 3132; x_wconf 85' lang='lat' dir='ltr'><strong>domus</strong></span> <span class='ocrx_word' id='word_1_390' title='bbox 825 3078 1014 3149; x_wconf 81' lang='lat' dir='ltr'><strong>(Vulg.</strong></span> <span class='ocrx_word' id='word_1_391' title='bbox 1045 3078 1240 3132; x_wconf 88' lang='lat' dir='ltr'><strong>solium</strong></span> <span class='ocrx_word' id='word_1_392' title='bbox 1265 3078 1449 3149; x_wconf 65' lang='lat' dir='ltr'><strong>gloriae</strong></span> <span class='ocrx_word' id='word_1_393' title='bbox 1470 3075 1674 3143; x_wconf 86' lang='lat' dir='ltr'><strong>domui)</strong></span> <span class='ocrx_word' id='word_1_394' title='bbox 1719 3077 1888 3144; x_wconf 80' lang='lat' dir='ltr'><strong>patris</strong></span> 
     </span>
    </p>
   </div>
   <div class='ocr_carea' id='block_1_48' title="bbox 302 3167 1888 3238">
    <p class='ocr_par' dir='ltr' id='par_1_48' title="bbox 302 3167 1888 3238">
     <span class='ocr_line' id='line_1_48' title="bbox 302 3167 1888 3238; baseline -0.003 -14"><span class='ocrx_word' id='word_1_395' title='bbox 302 3171 408 3224; x_wconf 82' lang='lat' dir='ltr'><strong>sui.</strong></span> <span class='ocrx_word' id='word_1_396' title='bbox 446 3171 511 3224; x_wconf 83' lang='lat' dir='ltr'><strong>Et</strong></span> <span class='ocrx_word' id='word_1_397' title='bbox 548 3170 880 3238; x_wconf 76' lang='lat' dir='ltr'><strong>suspenderit</strong></span> <span class='ocrx_word' id='word_1_398' title='bbox 911 3185 1076 3238; x_wconf 79' lang='lat' dir='ltr'><strong>super</strong></span> <span class='ocrx_word' id='word_1_399' title='bbox 1102 3185 1226 3224; x_wconf 91' lang='lat' dir='ltr'><strong>eum</strong></span> <span class='ocrx_word' id='word_1_400' title='bbox 1259 3183 1474 3223; x_wconf 90' lang='lat' dir='ltr'><strong>omnem</strong></span> <span class='ocrx_word' id='word_1_401' title='bbox 1518 3167 1747 3236; x_wconf 80' lang='lat' dir='ltr'><strong>gloriam</strong></span> <span class='ocrx_word' id='word_1_402' title='bbox 1791 3167 1888 3221; x_wconf 82' lang='lat' dir='ltr'><strong>do-</strong></span> 
     </span>
    </p>
   </div>
   <div class='ocr_carea' id='block_1_49' title="bbox 306 3261 1888 3330">
    <p class='ocr_par' dir='ltr' id='par_1_49' title="bbox 306 3261 1888 3330">
     <span class='ocr_line' id='line_1_49' title="bbox 306 3261 1888 3330; baseline -0.002 -15"><span class='ocrx_word' id='word_1_403' title='bbox 306 3277 428 3315; x_wconf 86' lang='lat' dir='ltr'><strong>tuus</strong></span> <span class='ocrx_word' id='word_1_404' title='bbox 453 3261 627 3330; x_wconf 90' lang='lat' dir='ltr'><strong>patris</strong></span> <span class='ocrx_word' id='word_1_405' title='bbox 658 3263 796 3329; x_wconf 89' lang='lat' dir='ltr'><strong>ejus,</strong></span> <span class='ocrx_word' id='word_1_406' title='bbox 835 3277 1089 3315; x_wconf 88' lang='lat' dir='ltr'><strong>vasorum</strong></span> <span class='ocrx_word' id='word_1_407' title='bbox 1115 3262 1325 3314; x_wconf 88' lang='lat' dir='ltr'><strong>diversa</strong></span> <span class='ocrx_word' id='word_1_408' title='bbox 1354 3275 1577 3330; x_wconf 88' lang='lat' dir='ltr'><strong>genera,</strong></span> <span class='ocrx_word' id='word_1_409' title='bbox 1608 3274 1766 3311; x_wconf 77' lang='lat' dir='ltr'><strong>omne</strong></span> <span class='ocrx_word' id='word_1_410' title='bbox 1797 3274 1888 3312; x_wconf 86' lang='lat' dir='ltr'><strong>vas</strong></span> 
     </span>
    </p>
   </div>
   <div class='ocr_carea' id='block_1_50' title="bbox 307 3353 1889 3424">
    <p class='ocr_par' dir='ltr' id='par_1_50' title="bbox 307 3353 1889 3424">
     <span class='ocr_line' id='line_1_50' title="bbox 307 3353 1889 3424; baseline -0.001 -19"><span class='ocrx_word' id='word_1_411' title='bbox 307 3353 595 3424; x_wconf 88' lang='lat' dir='ltr'><strong>parvulum</strong></span> <span class='ocrx_word' id='word_1_412' title='bbox 645 3371 673 3407; x_wconf 88' lang='lat' dir='ltr'><strong>a</strong></span> <span class='ocrx_word' id='word_1_413' title='bbox 712 3355 854 3406; x_wconf 87' lang='lat' dir='ltr'><strong>vasis</strong></span> <span class='ocrx_word' id='word_1_414' title='bbox 890 3363 1231 3407; x_wconf 86' lang='lat' dir='ltr'><strong>craterarum</strong></span> <span class='ocrx_word' id='word_1_415' title='bbox 1273 3368 1446 3422; x_wconf 88' lang='lat' dir='ltr'><strong>usque</strong></span> <span class='ocrx_word' id='word_1_416' title='bbox 1488 3353 1552 3405; x_wconf 89' lang='lat' dir='ltr'><strong>ad</strong></span> <span class='ocrx_word' id='word_1_417' title='bbox 1595 3367 1755 3405; x_wconf 90' lang='lat' dir='ltr'><strong>omne</strong></span> <span class='ocrx_word' id='word_1_418' title='bbox 1795 3368 1889 3404; x_wconf 87' lang='lat' dir='ltr'><strong>vas</strong></span> 
     </span>
    </p>
   </div>
   <div class='ocr_carea' id='block_1_51' title="bbox 309 3444 1882 3499">
    <p class='ocr_par' dir='ltr' id='par_1_51' title="bbox 309 3444 1882 3499">
     <span class='ocr_line' id='line_1_51' title="bbox 309 3444 1882 3499; baseline -0.001 -1"><span class='ocrx_word' id='word_1_419' title='bbox 309 3446 672 3499; x_wconf 90' lang='lat' dir='ltr'><strong>musicorum.</strong></span> <span class='ocrx_word' id='word_1_420' title='bbox 709 3445 766 3497; x_wconf 93' lang='lat' dir='ltr'><strong>ln</strong></span> <span class='ocrx_word' id='word_1_421' title='bbox 797 3446 884 3498; x_wconf 89' lang='lat' dir='ltr'><strong>die</strong></span> <span class='ocrx_word' id='word_1_422' title='bbox 915 3445 1006 3498; x_wconf 92' lang='lat' dir='ltr'><strong>illo</strong></span> <span class='ocrx_word' id='word_1_423' title='bbox 1037 3445 1168 3499; x_wconf 88' lang='lat' dir='ltr'><strong>dicit</strong></span> <span class='ocrx_word' id='word_1_424' title='bbox 1197 3445 1459 3498; x_wconf 87' lang='lat' dir='ltr'><strong>Dominus</strong></span> <span class='ocrx_word' id='word_1_425' title='bbox 1493 3444 1832 3497; x_wconf 75' lang='lat' dir='ltr'><strong>exercitumn</strong></span> <span class='ocrx_word' id='word_1_426' title='bbox 1868 3458 1882 3496; x_wconf 88' lang='lat'><strong>:</strong></span> 
     </span>
    </p>
   </div>
   <div class='ocr_carea' id='block_1_52' title="bbox 308 3533 1891 3605">
    <p class='ocr_par' dir='ltr' id='par_1_52' title="bbox 308 3533 1891 3605">
     <span class='ocr_line' id='line_1_52' title="bbox 308 3533 1891 3605; baseline -0.001 -15"><span class='ocrx_word' id='word_1_427' title='bbox 308 3535 607 3590; x_wconf 76' lang='lat' dir='ltr'><strong>Auf‘eretur</strong></span> <span class='ocrx_word' id='word_1_428' title='bbox 639 3537 866 3605; x_wconf 80' lang='lat' dir='ltr'><strong>paxillus</strong></span> <span class='ocrx_word' id='word_1_429' title='bbox 887 3537 980 3603; x_wconf 86' lang='lat' dir='ltr'><strong>qui</strong></span> <span class='ocrx_word' id='word_1_430' title='bbox 1017 3537 1156 3590; x_wconf 78' lang='lat' dir='ltr'><strong>littus</strong></span> <span class='ocrx_word' id='word_1_431' title='bbox 1183 3534 1360 3588; x_wconf 86' lang='lat' dir='ltr'><strong>fuerat</strong></span> <span class='ocrx_word' id='word_1_432' title='bbox 1396 3536 1449 3587; x_wconf 90' lang='lat' dir='ltr'><strong>in</strong></span> <span class='ocrx_word' id='word_1_433' title='bbox 1485 3533 1604 3588; x_wconf 88' lang='lat' dir='ltr'><strong>loco</strong></span> <span class='ocrx_word' id='word_1_434' title='bbox 1634 3533 1796 3596; x_wconf 85' lang='lat' dir='ltr'><strong>tideli,</strong></span> <span class='ocrx_word' id='word_1_435' title='bbox 1836 3543 1891 3588; x_wconf 89' lang='lat' dir='ltr'><strong>ct</strong></span> 
     </span>
    </p>
   </div>
   <div class='ocr_carea' id='block_1_53' title="bbox 310 3626 1890 3697">
    <p class='ocr_par' dir='ltr' id='par_1_53' title="bbox 310 3626 1890 3697">
     <span class='ocr_line' id='line_1_53' title="bbox 310 3626 1890 3697; baseline -0.001 -16"><span class='ocrx_word' id='word_1_436' title='bbox 310 3629 599 3697; x_wconf 79' lang='lat' dir='ltr'><strong>frangetur</strong></span> <span class='ocrx_word' id='word_1_437' title='bbox 627 3638 681 3683; x_wconf 91' lang='lat' dir='ltr'><strong>et</strong></span> <span class='ocrx_word' id='word_1_438' title='bbox 721 3630 878 3689; x_wconf 81' lang='lat' dir='ltr'><strong>cadet</strong></span> <span class='ocrx_word' id='word_1_439' title='bbox 915 3643 930 3680; x_wconf 92' lang='lat'><strong>:</strong></span> <span class='ocrx_word' id='word_1_440' title='bbox 965 3639 1018 3682; x_wconf 86' lang='lat' dir='ltr'><strong>et</strong></span> <span class='ocrx_word' id='word_1_441' title='bbox 1055 3628 1252 3696; x_wconf 88' lang='lat' dir='ltr'><strong>peribit</strong></span> <span class='ocrx_word' id='word_1_442' title='bbox 1285 3626 1429 3697; x_wconf 90' lang='lat' dir='ltr'><strong>quod</strong></span> <span class='ocrx_word' id='word_1_443' title='bbox 1470 3627 1799 3696; x_wconf 84' lang='lat' dir='ltr'><strong>pependerat</strong></span> <span class='ocrx_word' id='word_1_444' title='bbox 1838 3626 1890 3679; x_wconf 92' lang='lat' dir='ltr'><strong>in</strong></span> 
     </span>
    </p>
   </div>
   <div class='ocr_carea' id='block_1_54' title="bbox 311 3715 1892 3787">
    <p class='ocr_par' dir='ltr' id='par_1_54' title="bbox 311 3715 1892 3787">
     <span class='ocr_line' id='line_1_54' title="bbox 311 3715 1892 3787; baseline -0.001 -17"><span class='ocrx_word' id='word_1_445' title='bbox 311 3733 399 3780; x_wconf 85' lang='lat' dir='ltr'><strong>eo,</strong></span> <span class='ocrx_word' id='word_1_446' title='bbox 427 3719 559 3787; x_wconf 88' lang='lat' dir='ltr'><strong>quia</strong></span> <span class='ocrx_word' id='word_1_447' title='bbox 589 3718 848 3774; x_wconf 84' lang='lat' dir='ltr'><strong>Dominus</strong></span> <span class='ocrx_word' id='word_1_448' title='bbox 885 3720 1096 3773; x_wconf 83' lang='lat' dir='ltr'><strong>locutus</strong></span> <span class='ocrx_word' id='word_1_449' title='bbox 1128 3726 1270 3782; x_wconf 66' lang='lat' dir='ltr'><strong>est.»</strong></span> <span class='ocrx_word' id='word_1_450' title='bbox 1312 3715 1447 3770; x_wconf 77' lang='lat' dir='ltr'><strong>LXX</strong></span> <span class='ocrx_word' id='word_1_451' title='bbox 1486 3733 1498 3768; x_wconf 92' lang='lat'><strong>:</strong></span> <span class='ocrx_word' id='word_1_452' title='bbox 1540 3732 1558 3766; x_wconf 80' lang='grc' dir='ltr'><strong>ι</strong></span> <span class='ocrx_word' id='word_1_453' title='bbox 1601 3717 1722 3769; x_wconf 66' lang='lat' dir='ltr'><strong>llaec</strong></span> <span class='ocrx_word' id='word_1_454' title='bbox 1763 3715 1892 3768; x_wconf 87' lang='lat' dir='ltr'><strong>dicit</strong></span> 
     </span>
    </p>
   </div>
   <div class='ocr_carea' id='block_1_55' title="bbox 311 3807 1894 3878">
    <p class='ocr_par' dir='ltr' id='par_1_55' title="bbox 311 3807 1894 3878">
     <span class='ocr_line' id='line_1_55' title="bbox 311 3807 1894 3878; baseline -0.004 -14"><span class='ocrx_word' id='word_1_455' title='bbox 311 3810 579 3864; x_wconf 86' lang='lat' dir='ltr'><strong>Dominus</strong></span> <span class='ocrx_word' id='word_1_456' title='bbox 610 3809 847 3865; x_wconf 84' lang='lat' dir='ltr'><strong>Sabaoth</strong></span> <span class='ocrx_word' id='word_1_457' title='bbox 895 3829 909 3866; x_wconf 89' lang='lat'><strong>:</strong></span> <span class='ocrx_word' id='word_1_458' title='bbox 949 3809 1093 3864; x_wconf 84' lang='lat' dir='ltr'><strong>Vade</strong></span> <span class='ocrx_word' id='word_1_459' title='bbox 1118 3813 1182 3862; x_wconf 87' lang='lat' dir='ltr'><strong>ad</strong></span> <span class='ocrx_word' id='word_1_460' title='bbox 1208 3810 1594 3878; x_wconf 88' lang='lat' dir='ltr'><strong>pastophorion</strong></span> <span class='ocrx_word' id='word_1_461' title='bbox 1626 3808 1691 3861; x_wconf 88' lang='lat' dir='ltr'><strong>ad</strong></span> <span class='ocrx_word' id='word_1_462' title='bbox 1738 3807 1894 3860; x_wconf 88' lang='lat' dir='ltr'><strong>Som-</strong></span> 
     </span>
    </p>
   </div>
   <div class='ocr_carea' id='block_1_56' title="bbox 318 3900 1892 3969">
    <p class='ocr_par' dir='ltr' id='par_1_56' title="bbox 318 3900 1892 3969">
     <span class='ocr_line' id='line_1_56' title="bbox 318 3900 1892 3969; baseline -0.003 -13"><span class='ocrx_word' id='word_1_463' title='bbox 318 3918 446 3957; x_wconf 89' lang='lat' dir='ltr'><strong>uam</strong></span> <span class='ocrx_word' id='word_1_464' title='bbox 471 3913 819 3969; x_wconf 55' lang='lat' dir='ltr'><strong>quastorem,</strong></span> <span class='ocrx_word' id='word_1_465' title='bbox 853 3912 908 3957; x_wconf 89' lang='lat' dir='ltr'><strong>et</strong></span> <span class='ocrx_word' id='word_1_466' title='bbox 941 3904 1087 3958; x_wconf 91' lang='lat' dir='ltr'><strong>dices</strong></span> <span class='ocrx_word' id='word_1_467' title='bbox 1121 3902 1192 3964; x_wconf 88' lang='lat' dir='ltr'><strong>ei,</strong></span> <span class='ocrx_word' id='word_1_468' title='bbox 1227 3901 1365 3967; x_wconf 85' lang='lat' dir='ltr'><strong>Quid</strong></span> <span class='ocrx_word' id='word_1_469' title='bbox 1401 3913 1454 3954; x_wconf 93' lang='lat' dir='ltr'><strong>tu</strong></span> <span class='ocrx_word' id='word_1_470' title='bbox 1490 3900 1609 3954; x_wconf 83' lang='lat' dir='ltr'><strong>hic?</strong></span> <span class='ocrx_word' id='word_1_471' title='bbox 1644 3909 1734 3953; x_wconf 87' lang='lat' dir='ltr'><strong>aut</strong></span> <span class='ocrx_word' id='word_1_472' title='bbox 1765 3901 1892 3969; x_wconf 91' lang='lat' dir='ltr'><strong>quid</strong></span> 
     </span>
    </p>
   </div>
   <div class='ocr_carea' id='block_1_57' title="bbox 319 3994 1895 4064">
    <p class='ocr_par' dir='ltr' id='par_1_57' title="bbox 319 3994 1895 4064">
     <span class='ocr_line' id='line_1_57' title="bbox 319 3994 1895 4064; baseline -0.001 -18"><span class='ocrx_word' id='word_1_473' title='bbox 319 3994 417 4047; x_wconf 88' lang='lat' dir='ltr'><strong>tibi</strong></span> <span class='ocrx_word' id='word_1_474' title='bbox 446 4003 530 4048; x_wconf 86' lang='lat' dir='ltr'><strong>est</strong></span> <span class='ocrx_word' id='word_1_475' title='bbox 570 3994 700 4049; x_wconf 87' lang='lat' dir='ltr'><strong>hic?</strong></span> <span class='ocrx_word' id='word_1_476' title='bbox 728 3996 985 4064; x_wconf 91' lang='lat' dir='ltr'><strong>quoniam</strong></span> <span class='ocrx_word' id='word_1_477' title='bbox 1032 3995 1282 4050; x_wconf 81' lang='lat' dir='ltr'><strong>excidisti</strong></span> <span class='ocrx_word' id='word_1_478' title='bbox 1331 3994 1424 4048; x_wconf 93' lang='lat' dir='ltr'><strong>tibi</strong></span> <span class='ocrx_word' id='word_1_479' title='bbox 1467 3994 1793 4061; x_wconf 84' lang='lat' dir='ltr'><strong>sepulcrum,</strong></span> <span class='ocrx_word' id='word_1_480' title='bbox 1842 3999 1895 4044; x_wconf 91' lang='lat' dir='ltr'><strong>ct</strong></span> 
     </span>
    </p>
   </div>
   <div class='ocr_carea' id='block_1_58' title="bbox 318 4083 1893 4154">
    <p class='ocr_par' dir='ltr' id='par_1_58' title="bbox 318 4083 1893 4154">
     <span class='ocr_line' id='line_1_58' title="bbox 318 4083 1893 4154; baseline -0.003 -14"><span class='ocrx_word' id='word_1_481' title='bbox 318 4087 496 4141; x_wconf 82' lang='lat' dir='ltr'><strong>fecisti</strong></span> <span class='ocrx_word' id='word_1_482' title='bbox 538 4088 636 4142; x_wconf 86' lang='lat' dir='ltr'><strong>tibi</strong></span> <span class='ocrx_word' id='word_1_483' title='bbox 678 4088 730 4142; x_wconf 90' lang='lat' dir='ltr'><strong>in</strong></span> <span class='ocrx_word' id='word_1_484' title='bbox 775 4088 992 4143; x_wconf 81' lang='lat' dir='ltr'><strong>excelso</strong></span> <span class='ocrx_word' id='word_1_485' title='bbox 1045 4087 1360 4143; x_wconf 87' lang='lat' dir='ltr'><strong>memoriam</strong></span> <span class='ocrx_word' id='word_1_486' title='bbox 1406 4104 1420 4141; x_wconf 90' lang='lat'><strong>:</strong></span> <span class='ocrx_word' id='word_1_487' title='bbox 1471 4098 1522 4141; x_wconf 91' lang='lat' dir='ltr'><strong>et</strong></span> <span class='ocrx_word' id='word_1_488' title='bbox 1563 4083 1893 4154; x_wconf 84' lang='lat' dir='ltr'><strong>descripsisti</strong></span> 
     </span>
    </p>
   </div>
   <div class='ocr_carea' id='block_1_59' title="bbox 321 4177 1894 4236">
    <p class='ocr_par' dir='ltr' id='par_1_59' title="bbox 321 4177 1894 4236">
     <span class='ocr_line' id='line_1_59' title="bbox 321 4177 1894 4236; baseline -0.001 -2"><span class='ocrx_word' id='word_1_489' title='bbox 321 4181 417 4235; x_wconf 89' lang='lat' dir='ltr'><strong>tibi</strong></span> <span class='ocrx_word' id='word_1_490' title='bbox 451 4181 504 4234; x_wconf 89' lang='lat' dir='ltr'><strong>in</strong></span> <span class='ocrx_word' id='word_1_491' title='bbox 536 4188 678 4234; x_wconf 88' lang='lat' dir='ltr'><strong>terra</strong></span> <span class='ocrx_word' id='word_1_492' title='bbox 708 4180 1166 4236; x_wconf 87' lang='lat' dir='ltr'><strong>tabernaculum?</strong></span> <span class='ocrx_word' id='word_1_493' title='bbox 1193 4180 1332 4235; x_wconf 88' lang='lat' dir='ltr'><strong>Ecce</strong></span> <span class='ocrx_word' id='word_1_494' title='bbox 1363 4179 1624 4234; x_wconf 90' lang='lat' dir='ltr'><strong>Dominus</strong></span> <span class='ocrx_word' id='word_1_495' title='bbox 1656 4177 1894 4232; x_wconf 86' lang='lat' dir='ltr'><strong>Sabaoth</strong></span> 
     </span>
    </p>
   </div>
   <div class='ocr_carea' id='block_1_60' title="bbox 321 4269 1890 4340">
    <p class='ocr_par' dir='ltr' id='par_1_60' title="bbox 321 4269 1890 4340">
     <span class='ocr_line' id='line_1_60' title="bbox 321 4269 1890 4340; baseline -0.004 -12"><span class='ocrx_word' id='word_1_496' title='bbox 321 4272 522 4340; x_wconf 86' lang='lat' dir='ltr'><strong>ejiciet,</strong></span> <span class='ocrx_word' id='word_1_497' title='bbox 548 4284 601 4327; x_wconf 91' lang='lat' dir='ltr'><strong>et</strong></span> <span class='ocrx_word' id='word_1_498' title='bbox 631 4281 876 4328; x_wconf 86' lang='lat' dir='ltr'><strong>conteret</strong></span> <span class='ocrx_word' id='word_1_499' title='bbox 907 4273 1105 4335; x_wconf 90' lang='lat' dir='ltr'><strong>virum,</strong></span> <span class='ocrx_word' id='word_1_500' title='bbox 1129 4283 1180 4327; x_wconf 91' lang='lat' dir='ltr'><strong>et</strong></span> <span class='ocrx_word' id='word_1_501' title='bbox 1209 4272 1417 4326; x_wconf 77' lang='lat' dir='ltr'><strong>auferet</strong></span> <span class='ocrx_word' id='word_1_502' title='bbox 1441 4269 1628 4326; x_wconf 89' lang='lat' dir='ltr'><strong>stolam</strong></span> <span class='ocrx_word' id='word_1_503' title='bbox 1657 4281 1710 4323; x_wconf 89' lang='lat' dir='ltr'><strong>et</strong></span> <span class='ocrx_word' id='word_1_504' title='bbox 1739 4283 1890 4323; x_wconf 80' lang='lat' dir='ltr'><strong>coro-</strong></span> 
     </span>
    </p>
   </div>
   <div class='ocr_carea' id='block_1_61' title="bbox 321 4361 1895 4434">
    <p class='ocr_par' dir='ltr' id='par_1_61' title="bbox 321 4361 1895 4434">
     <span class='ocr_line' id='line_1_61' title="bbox 321 4361 1895 4434; baseline -0.003 -18"><span class='ocrx_word' id='word_1_505' title='bbox 321 4379 447 4418; x_wconf 84' lang='lat' dir='ltr'><strong>nam</strong></span> <span class='ocrx_word' id='word_1_506' title='bbox 482 4373 628 4419; x_wconf 89' lang='lat' dir='ltr'><strong>tuam</strong></span> <span class='ocrx_word' id='word_1_507' title='bbox 663 4365 975 4434; x_wconf 79' lang='lat' dir='ltr'><strong>gloriosam,</strong></span> <span class='ocrx_word' id='word_1_508' title='bbox 1027 4375 1084 4418; x_wconf 90' lang='lat' dir='ltr'><strong>et</strong></span> <span class='ocrx_word' id='word_1_509' title='bbox 1129 4362 1379 4434; x_wconf 89' lang='lat' dir='ltr'><strong>projiciet</strong></span> <span class='ocrx_word' id='word_1_510' title='bbox 1425 4372 1478 4416; x_wconf 91' lang='lat' dir='ltr'><strong>te</strong></span> <span class='ocrx_word' id='word_1_511' title='bbox 1523 4363 1575 4415; x_wconf 92' lang='lat' dir='ltr'><strong>iu</strong></span> <span class='ocrx_word' id='word_1_512' title='bbox 1624 4361 1895 4429; x_wconf 85' lang='lat' dir='ltr'><strong>regionem</strong></span> 
     </span>
    </p>
   </div>
   <div class='ocr_carea' id='block_1_62' title="bbox 1981 1880 3558 1952">
    <p class='ocr_par' dir='ltr' id='par_1_62' title="bbox 1981 1880 3558 1952">
     <span class='ocr_line' id='line_1_62' title="bbox 1981 1880 3558 1952; baseline -0.004 -15"><span class='ocrx_word' id='word_1_513' title='bbox 1981 1883 2388 1950; x_wconf 88' lang='lat' dir='ltr'><strong>interpretatur.</strong></span> <span class='ocrx_word' id='word_1_514' title='bbox 2425 1885 2507 1936; x_wconf 85' lang='lat' dir='ltr'><strong>vel</strong></span> <span class='ocrx_word' id='word_1_515' title='bbox 2555 1883 2954 1952; x_wconf 82' lang='lat' dir='ltr'><strong>pastopltorion,</strong></span> <span class='ocrx_word' id='word_1_516' title='bbox 2992 1884 3091 1936; x_wconf 91' lang='lat' dir='ltr'><strong>hoc</strong></span> <span class='ocrx_word' id='word_1_517' title='bbox 3123 1893 3228 1946; x_wconf 73' lang='lat' dir='ltr'><strong>est,</strong></span> <span class='ocrx_word' id='word_1_518' title='bbox 3266 1880 3558 1945; x_wconf 74' lang='lat' dir='ltr'><strong>thalamus,</strong></span> 
     </span>
    </p>
   </div>
   <div class='ocr_carea' id='block_1_63' title="bbox 1982 1971 3560 2043">
    <p class='ocr_par' dir='ltr' id='par_1_63' title="bbox 1982 1971 3560 2043">
     <span class='ocr_line' id='line_1_63' title="bbox 1982 1971 3560 2043; baseline -0.004 -17"><span class='ocrx_word' id='word_1_519' title='bbox 1982 1972 2034 2026; x_wconf 87' lang='lat' dir='ltr'><strong>in</strong></span> <span class='ocrx_word' id='word_1_520' title='bbox 2079 1989 2186 2041; x_wconf 91' lang='lat' dir='ltr'><strong>quo</strong></span> <span class='ocrx_word' id='word_1_521' title='bbox 2223 1973 2431 2026; x_wconf 76' lang='lat' dir='ltr'><strong>habitat</strong></span> <span class='ocrx_word' id='word_1_522' title='bbox 2477 1975 2797 2043; x_wconf 51' lang='lat' dir='ltr'><strong>praepositus</strong></span> <span class='ocrx_word' id='word_1_523' title='bbox 2831 1973 3037 2042; x_wconf 87' lang='lat' dir='ltr'><strong>templi.</strong></span> <span class='ocrx_word' id='word_1_524' title='bbox 3078 1971 3212 2037; x_wconf 82' lang='lat' dir='ltr'><strong>Quis</strong></span> <span class='ocrx_word' id='word_1_525' title='bbox 3249 1981 3334 2023; x_wconf 86' lang='lat' dir='ltr'><strong>est</strong></span> <span class='ocrx_word' id='word_1_526' title='bbox 3378 1980 3560 2022; x_wconf 88' lang='lat' dir='ltr'><strong>autem</strong></span> 
     </span>
    </p>
   </div>
   <div class='ocr_carea' id='block_1_64' title="bbox 1981 2063 3561 2132">
    <p class='ocr_par' dir='ltr' id='par_1_64' title="bbox 1981 2063 3561 2132">
     <span class='ocr_line' id='line_1_64' title="bbox 1981 2063 3561 2132; baseline -0.003 -16"><span class='ocrx_word' id='word_1_527' title='bbox 1981 2063 2141 2125; x_wconf 88' lang='lat' dir='ltr'><strong>alius,</strong></span> <span class='ocrx_word' id='word_1_528' title='bbox 2189 2064 2280 2132; x_wconf 85' lang='lat' dir='ltr'><strong>qui</strong></span> <span class='ocrx_word' id='word_1_529' title='bbox 2327 2063 2594 2119; x_wconf 83' lang='lat' dir='ltr'><strong>habitavit</strong></span> <span class='ocrx_word' id='word_1_530' title='bbox 2641 2066 2692 2118; x_wconf 93' lang='lat' dir='ltr'><strong>in</strong></span> <span class='ocrx_word' id='word_1_531' title='bbox 2744 2065 3094 2119; x_wconf 86' lang='lat' dir='ltr'><strong>tabernaculo</strong></span> <span class='ocrx_word' id='word_1_532' title='bbox 3133 2063 3466 2125; x_wconf 65' lang='lat' dir='ltr'><strong>Judaeorum,</strong></span> <span class='ocrx_word' id='word_1_533' title='bbox 3511 2069 3561 2112; x_wconf 89' lang='lat' dir='ltr'><strong>et</strong></span> 
     </span>
    </p>
   </div>
   <div class='ocr_carea' id='block_1_65' title="bbox 1983 2155 3560 2227">
    <p class='ocr_par' dir='ltr' id='par_1_65' title="bbox 1983 2155 3560 2227">
     <span class='ocr_line' id='line_1_65' title="bbox 1983 2155 3560 2227; baseline -0.004 -18"><span class='ocrx_word' id='word_1_534' title='bbox 1983 2155 2038 2209; x_wconf 89' lang='lat' dir='ltr'><strong>in</strong></span> <span class='ocrx_word' id='word_1_535' title='bbox 2075 2158 2234 2210; x_wconf 88' lang='lat' dir='ltr'><strong>donto</strong></span> <span class='ocrx_word' id='word_1_536' title='bbox 2263 2160 2534 2227; x_wconf 85' lang='lat' dir='ltr'><strong>quondam</strong></span> <span class='ocrx_word' id='word_1_537' title='bbox 2573 2157 2687 2222; x_wconf 93' lang='lat' dir='ltr'><strong>Dei,</strong></span> <span class='ocrx_word' id='word_1_538' title='bbox 2724 2158 2825 2211; x_wconf 86' lang='lat' dir='ltr'><strong>nisi</strong></span> <span class='ocrx_word' id='word_1_539' title='bbox 2858 2155 3099 2210; x_wconf 64' lang='lat' dir='ltr'><strong>Judaicae</strong></span> <span class='ocrx_word' id='word_1_540' title='bbox 3139 2155 3273 2224; x_wconf 85' lang='lat' dir='ltr'><strong>legis</strong></span> <span class='ocrx_word' id='word_1_541' title='bbox 3304 2168 3482 2206; x_wconf 87' lang='lat' dir='ltr'><strong>sermo</strong></span> <span class='ocrx_word' id='word_1_542' title='bbox 3513 2159 3560 2204; x_wconf 90' lang='lat' dir='ltr'><strong>et</strong></span> 
     </span>
    </p>
   </div>
   <div class='ocr_carea' id='block_1_66' title="bbox 1983 2247 3564 2317">
    <p class='ocr_par' dir='ltr' id='par_1_66' title="bbox 1983 2247 3564 2317">
     <span class='ocr_line' id='line_1_66' title="bbox 1983 2247 3564 2317; baseline -0.005 -16"><span class='ocrx_word' id='word_1_543' title='bbox 1983 2249 2274 2317; x_wconf 70' lang='lat' dir='ltr'><strong>ratio.quae</strong></span> <span class='ocrx_word' id='word_1_544' title='bbox 2320 2253 2373 2303; x_wconf 90' lang='lat' dir='ltr'><strong>in</strong></span> <span class='ocrx_word' id='word_1_545' title='bbox 2424 2250 2623 2303; x_wconf 87' lang='lat' dir='ltr'><strong>veteris</strong></span> <span class='ocrx_word' id='word_1_546' title='bbox 2670 2247 3016 2302; x_wconf 79' lang='lat' dir='ltr'><strong>lnstrumenti</strong></span> <span class='ocrx_word' id='word_1_547' title='bbox 3071 2247 3307 2302; x_wconf 87' lang='lat' dir='ltr'><strong>lectione</strong></span> <span class='ocrx_word' id='word_1_548' title='bbox 3351 2255 3564 2297; x_wconf 88' lang='lat' dir='ltr'><strong>versata</strong></span> 
     </span>
    </p>
   </div>
   <div class='ocr_carea' id='block_1_67' title="bbox 1984 2335 3563 2407">
    <p class='ocr_par' dir='ltr' id='par_1_67' title="bbox 1984 2335 3563 2407">
     <span class='ocr_line' id='line_1_67' title="bbox 1984 2335 3563 2407; baseline -0.004 -15"><span class='ocrx_word' id='word_1_549' title='bbox 1984 2339 2108 2394; x_wconf 81' lang='lat' dir='ltr'><strong>est?</strong></span> <span class='ocrx_word' id='word_1_550' title='bbox 2139 2337 2276 2393; x_wconf 87' lang='lat' dir='ltr'><strong>Huic</strong></span> <span class='ocrx_word' id='word_1_551' title='bbox 2312 2339 2494 2407; x_wconf 88' lang='lat' dir='ltr'><strong>itaque</strong></span> <span class='ocrx_word' id='word_1_552' title='bbox 2529 2339 2802 2392; x_wconf 91' lang='lat' dir='ltr'><strong>traditioni</strong></span> <span class='ocrx_word' id='word_1_553' title='bbox 2833 2337 3036 2390; x_wconf 86' lang='lat' dir='ltr'><strong>dicitur</strong></span> <span class='ocrx_word' id='word_1_554' title='bbox 3063 2347 3225 2404; x_wconf 81' lang='lat' dir='ltr'><strong>atque</strong></span> <span class='ocrx_word' id='word_1_555' title='bbox 3251 2335 3511 2388; x_wconf 76' lang='lat' dir='ltr'><strong>doctrina:</strong></span> <span class='ocrx_word' id='word_1_556' title='bbox 3546 2346 3563 2386; x_wconf 68' lang='grc' dir='ltr'><strong>τ</strong></span> 
     </span>
    </p>
   </div>
   <div class='ocr_carea' id='block_1_68' title="bbox 1986 2425 3565 2500">
    <p class='ocr_par' dir='ltr' id='par_1_68' title="bbox 1986 2425 3565 2500">
     <span class='ocr_line' id='line_1_68' title="bbox 1986 2425 3565 2500; baseline -0.003 -18"><span class='ocrx_word' id='word_1_557' title='bbox 1986 2430 2112 2499; x_wconf 89' lang='lat' dir='ltr'><strong>quid</strong></span> <span class='ocrx_word' id='word_1_558' title='bbox 2159 2430 2249 2484; x_wconf 89' lang='lat' dir='ltr'><strong>hic</strong></span> <span class='ocrx_word' id='word_1_559' title='bbox 2289 2431 2447 2500; x_wconf 87' lang='lat' dir='ltr'><strong>agis?</strong></span> <span class='ocrx_word' id='word_1_560' title='bbox 2487 2429 2600 2484; x_wconf 88' lang='lat' dir='ltr'><strong>Cur</strong></span> <span class='ocrx_word' id='word_1_561' title='bbox 2644 2430 2739 2484; x_wconf 90' lang='lat' dir='ltr'><strong>tibi</strong></span> <span class='ocrx_word' id='word_1_562' title='bbox 2793 2430 2874 2483; x_wconf 86' lang='lat' dir='ltr'><strong>vis</strong></span> <span class='ocrx_word' id='word_1_563' title='bbox 2916 2429 3185 2482; x_wconf 70' lang='lat' dir='ltr'><strong>tedilicare</strong></span> <span class='ocrx_word' id='word_1_564' title='bbox 3232 2429 3452 2480; x_wconf 90' lang='lat' dir='ltr'><strong>domum</strong></span> <span class='ocrx_word' id='word_1_565' title='bbox 3511 2425 3565 2478; x_wconf 88' lang='lat' dir='ltr'><strong>itt</strong></span> 
     </span>
    </p>
   </div>
   <div class='ocr_carea' id='block_1_69' title="bbox 1987 2521 3566 2589">
    <p class='ocr_par' dir='ltr' id='par_1_69' title="bbox 1987 2521 3566 2589">
     <span class='ocr_line' id='line_1_69' title="bbox 1987 2521 3566 2589; baseline -0.002 -14"><span class='ocrx_word' id='word_1_566' title='bbox 1987 2521 2270 2576; x_wconf 87' lang='lat' dir='ltr'><strong>occidente</strong></span> <span class='ocrx_word' id='word_1_567' title='bbox 2304 2523 2505 2586; x_wconf 86' lang='lat' dir='ltr'><strong>littera,</strong></span> <span class='ocrx_word' id='word_1_568' title='bbox 2542 2533 2596 2576; x_wconf 91' lang='lat' dir='ltr'><strong>et</strong></span> <span class='ocrx_word' id='word_1_569' title='bbox 2628 2522 3037 2576; x_wconf 87' lang='lat' dir='ltr'><strong>tabernaculum</strong></span> <span class='ocrx_word' id='word_1_570' title='bbox 3073 2530 3246 2586; x_wconf 90' lang='lat' dir='ltr'><strong>tuum,</strong></span> <span class='ocrx_word' id='word_1_571' title='bbox 3281 2522 3426 2589; x_wconf 88' lang='lat' dir='ltr'><strong>quod</strong></span> <span class='ocrx_word' id='word_1_572' title='bbox 3460 2535 3566 2572; x_wconf 90' lang='lat' dir='ltr'><strong>non</strong></span> 
     </span>
    </p>
   </div>
   <div class='ocr_carea' id='block_1_70' title="bbox 1989 2609 3567 2681">
    <p class='ocr_par' dir='ltr' id='par_1_70' title="bbox 1989 2609 3567 2681">
     <span class='ocr_line' id='line_1_70' title="bbox 1989 2609 3567 2681; baseline -0.004 -13"><span class='ocrx_word' id='word_1_573' title='bbox 1989 2615 2152 2669; x_wconf 92' lang='lat' dir='ltr'><strong>habet</strong></span> <span class='ocrx_word' id='word_1_574' title='bbox 2174 2613 2606 2674; x_wconf 86' lang='lat' dir='ltr'><strong>fundamentum,</strong></span> <span class='ocrx_word' id='word_1_575' title='bbox 2631 2614 2681 2666; x_wconf 93' lang='lat' dir='ltr'><strong>iu</strong></span> <span class='ocrx_word' id='word_1_576' title='bbox 2713 2622 2877 2681; x_wconf 73' lang='lat' dir='ltr'><strong>petrae</strong></span> <span class='ocrx_word' id='word_1_577' title='bbox 2898 2615 3062 2680; x_wconf 82' lang='lat' dir='ltr'><strong>figere</strong></span> <span class='ocrx_word' id='word_1_578' title='bbox 3101 2611 3358 2664; x_wconf 89' lang='lat' dir='ltr'><strong>firmitate</strong></span> <span class='ocrx_word' id='word_1_579' title='bbox 3383 2626 3397 2662; x_wconf 91' lang='lat'><strong>:</strong></span> <span class='ocrx_word' id='word_1_580' title='bbox 3423 2609 3567 2679; x_wconf 90' lang='lat' dir='ltr'><strong>quod</strong></span> 
     </span>
    </p>
   </div>
   <div class='ocr_carea' id='block_1_71' title="bbox 1987 2703 3568 2773">
    <p class='ocr_par' dir='ltr' id='par_1_71' title="bbox 1987 2703 3568 2773">
     <span class='ocr_line' id='line_1_71' title="bbox 1987 2703 3568 2773; baseline -0.006 -9"><span class='ocrx_word' id='word_1_581' title='bbox 1987 2725 2095 2764; x_wconf 89' lang='lat' dir='ltr'><strong>non</strong></span> <span class='ocrx_word' id='word_1_582' title='bbox 2138 2716 2244 2760; x_wconf 90' lang='lat' dir='ltr'><strong>tam</strong></span> <span class='ocrx_word' id='word_1_583' title='bbox 2280 2708 2710 2769; x_wconf 89' lang='lat' dir='ltr'><strong>tabernaculum,</strong></span> <span class='ocrx_word' id='word_1_584' title='bbox 2739 2715 2793 2760; x_wconf 87' lang='lat' dir='ltr'><strong>et</strong></span> <span class='ocrx_word' id='word_1_585' title='bbox 2822 2707 3037 2771; x_wconf 89' lang='lat' dir='ltr'><strong>domus,</strong></span> <span class='ocrx_word' id='word_1_586' title='bbox 3064 2719 3224 2773; x_wconf 87' lang='lat' dir='ltr'><strong>quam</strong></span> <span class='ocrx_word' id='word_1_587' title='bbox 3259 2703 3568 2772; x_wconf 85' lang='lat' dir='ltr'><strong>sepulcrum</strong></span> 
     </span>
    </p>
   </div>
   <div class='ocr_carea' id='block_1_72' title="bbox 1988 2797 3567 2871">
    <p class='ocr_par' dir='ltr' id='par_1_72' title="bbox 1988 2797 3567 2871">
     <span class='ocr_line' id='line_1_72' title="bbox 1988 2797 3567 2871; baseline -0.004 -15"><span class='ocrx_word' id='word_1_588' title='bbox 1988 2813 2040 2856; x_wconf 89' lang='lat' dir='ltr'><strong>et</strong></span> <span class='ocrx_word' id='word_1_589' title='bbox 2069 2802 2327 2858; x_wconf 87' lang='lat' dir='ltr'><strong>memoria</strong></span> <span class='ocrx_word' id='word_1_590' title='bbox 2374 2799 2753 2871; x_wconf 89' lang='lat' dir='ltr'><strong>appellandum</strong></span> <span class='ocrx_word' id='word_1_591' title='bbox 2788 2797 2907 2852; x_wconf 86' lang='lat' dir='ltr'><strong>est?</strong></span> <span class='ocrx_word' id='word_1_592' title='bbox 2949 2797 3237 2866; x_wconf 80' lang='lat' dir='ltr'><strong>Propterea</strong></span> <span class='ocrx_word' id='word_1_593' title='bbox 3264 2811 3443 2850; x_wconf 86' lang='lat' dir='ltr'><strong>autem</strong></span> <span class='ocrx_word' id='word_1_594' title='bbox 3474 2797 3567 2850; x_wconf 91' lang='lat' dir='ltr'><strong>tibi</strong></span> 
     </span>
    </p>
   </div>
   <div class='ocr_carea' id='block_1_73' title="bbox 1990 2889 3572 2964">
    <p class='ocr_par' dir='ltr' id='par_1_73' title="bbox 1990 2889 3572 2964">
     <span class='ocr_line' id='line_1_73' title="bbox 1990 2889 3572 2964; baseline -0.005 -15"><span class='ocrx_word' id='word_1_595' title='bbox 1990 2895 2135 2960; x_wconf 90' lang='lat' dir='ltr'><strong>dico,</strong></span> <span class='ocrx_word' id='word_1_596' title='bbox 2168 2894 2312 2964; x_wconf 87' lang='lat' dir='ltr'><strong>quod</strong></span> <span class='ocrx_word' id='word_1_597' title='bbox 2348 2894 2400 2947; x_wconf 91' lang='lat' dir='ltr'><strong>in</strong></span> <span class='ocrx_word' id='word_1_598' title='bbox 2436 2893 2715 2948; x_wconf 80' lang='lat' dir='ltr'><strong>excisione</strong></span> <span class='ocrx_word' id='word_1_599' title='bbox 2757 2891 2995 2958; x_wconf 87' lang='lat' dir='ltr'><strong>sepulcri</strong></span> <span class='ocrx_word' id='word_1_600' title='bbox 3036 2907 3141 2944; x_wconf 91' lang='lat' dir='ltr'><strong>non</strong></span> <span class='ocrx_word' id='word_1_601' title='bbox 3180 2890 3381 2943; x_wconf 88' lang='lat' dir='ltr'><strong>debeas</strong></span> <span class='ocrx_word' id='word_1_602' title='bbox 3421 2889 3572 2942; x_wconf 84' lang='lat' dir='ltr'><strong>labo-</strong></span> 
     </span>
    </p>
   </div>
   <div class='ocr_carea' id='block_1_74' title="bbox 1990 2983 3569 3056">
    <p class='ocr_par' dir='ltr' id='par_1_74' title="bbox 1990 2983 3569 3056">
     <span class='ocr_line' id='line_1_74' title="bbox 1990 2983 3569 3056; baseline -0.006 -16"><span class='ocrx_word' id='word_1_603' title='bbox 1990 3003 2135 3052; x_wconf 88' lang='lat' dir='ltr'><strong>rare,</strong></span> <span class='ocrx_word' id='word_1_604' title='bbox 2166 2987 2291 3056; x_wconf 85' lang='lat' dir='ltr'><strong>quia</strong></span> <span class='ocrx_word' id='word_1_605' title='bbox 2338 2985 2632 3040; x_wconf 79' lang='lat' dir='ltr'><strong>transferet</strong></span> <span class='ocrx_word' id='word_1_606' title='bbox 2672 2985 2932 3037; x_wconf 90' lang='lat' dir='ltr'><strong>Dominus</strong></span> <span class='ocrx_word' id='word_1_607' title='bbox 2974 2983 3341 3036; x_wconf 90' lang='lat' dir='ltr'><strong>sacerdotium</strong></span> <span class='ocrx_word' id='word_1_608' title='bbox 3382 2992 3569 3041; x_wconf 84' lang='lat' dir='ltr'><strong>tnutn;</strong></span> 
     </span>
    </p>
   </div>
   <div class='ocr_carea' id='block_1_75' title="bbox 1915 3075 3570 3171">
    <p class='ocr_par' dir='ltr' id='par_1_75' title="bbox 1915 3075 3570 3171">
     <span class='ocr_line' id='line_1_75' title="bbox 1915 3075 3570 3171; baseline -0.005 -36"><span class='ocrx_word' id='word_1_609' title='bbox 1915 3115 1958 3171; x_wconf 66' lang='grc' dir='ltr'>ο</span> <span class='ocrx_word' id='word_1_610' title='bbox 1993 3083 2134 3135; x_wconf 89' lang='lat' dir='ltr'><strong>sicut</strong></span> <span class='ocrx_word' id='word_1_611' title='bbox 2190 3080 2472 3134; x_wconf 76' lang='lat' dir='ltr'><strong>transferri</strong></span> <span class='ocrx_word' id='word_1_612' title='bbox 2509 3082 2644 3134; x_wconf 90' lang='lat' dir='ltr'><strong>solet</strong></span> <span class='ocrx_word' id='word_1_613' title='bbox 2673 3092 2846 3132; x_wconf 69' lang='lat' dir='ltr'><strong>causa</strong></span> <span class='ocrx_word' id='word_1_614' title='bbox 2877 3085 3053 3146; x_wconf 62' lang='lat'><strong>(&#39;13:).</strong></span> <span class='ocrx_word' id='word_1_615' title='bbox 3090 3075 3230 3144; x_wconf 70' lang='lat' dir='ltr'><strong>Quod</strong></span> <span class='ocrx_word' id='word_1_616' title='bbox 3265 3089 3456 3128; x_wconf 88' lang='lat' dir='ltr'><strong>omnes</strong></span> <span class='ocrx_word' id='word_1_617' title='bbox 3490 3075 3570 3127; x_wconf 85' lang='lat' dir='ltr'><strong>vi-</strong></span> 
     </span>
    </p>
   </div>
   <div class='ocr_carea' id='block_1_76' title="bbox 1997 3166 3572 3242">
    <p class='ocr_par' dir='ltr' id='par_1_76' title="bbox 1997 3166 3572 3242">
     <span class='ocr_line' id='line_1_76' title="bbox 1997 3166 3572 3242; baseline -0.006 -16"><span class='ocrx_word' id='word_1_618' title='bbox 1997 3188 2112 3226; x_wconf 87' lang='lat' dir='ltr'><strong>rum</strong></span> <span class='ocrx_word' id='word_1_619' title='bbox 2156 3172 2497 3242; x_wconf 88' lang='lat' dir='ltr'><strong>interpretati</strong></span> <span class='ocrx_word' id='word_1_620' title='bbox 2532 3182 2679 3226; x_wconf 91' lang='lat' dir='ltr'><strong>sunt.</strong></span> <span class='ocrx_word' id='word_1_621' title='bbox 2725 3170 2988 3224; x_wconf 67' lang='lat' dir='ltr'><strong>Hebraeus</strong></span> <span class='ocrx_word' id='word_1_622' title='bbox 3025 3178 3205 3221; x_wconf 85' lang='lat' dir='ltr'><strong>autem</strong></span> <span class='ocrx_word' id='word_1_623' title='bbox 3254 3169 3342 3232; x_wconf 89' lang='lat' dir='ltr'><strong>qui</strong></span> <span class='ocrx_word' id='word_1_624' title='bbox 3379 3182 3478 3219; x_wconf 87' lang='lat' dir='ltr'><strong>nos</strong></span> <span class='ocrx_word' id='word_1_625' title='bbox 3519 3166 3572 3217; x_wconf 88' lang='lat' dir='ltr'><strong>in</strong></span> 
     </span>
    </p>
   </div>
   <div class='ocr_carea' id='block_1_77' title="bbox 1996 3257 3572 3328">
    <p class='ocr_par' dir='ltr' id='par_1_77' title="bbox 1996 3257 3572 3328">
     <span class='ocr_line' id='line_1_77' title="bbox 1996 3257 3572 3328; baseline -0.008 -9"><span class='ocrx_word' id='word_1_626' title='bbox 1996 3265 2198 3320; x_wconf 88' lang='lat' dir='ltr'><strong>veteris</strong></span> <span class='ocrx_word' id='word_1_627' title='bbox 2232 3264 2580 3318; x_wconf 85' lang='lat' dir='ltr'><strong>lnstrumenti</strong></span> <span class='ocrx_word' id='word_1_628' title='bbox 2614 3264 2846 3316; x_wconf 82' lang='lat' dir='ltr'><strong>lectione</strong></span> <span class='ocrx_word' id='word_1_629' title='bbox 2885 3261 3078 3314; x_wconf 89' lang='lat' dir='ltr'><strong>erudiv</strong></span> <span class='ocrx_word' id='word_1_630' title='bbox 3104 3269 3144 3322; x_wconf 94' lang='lat' dir='ltr'><strong>t,</strong></span> <span class='ocrx_word' id='word_1_631' title='bbox 3175 3257 3377 3328; x_wconf 82' lang='lat' dir='ltr'><strong>gallant</strong></span> <span class='ocrx_word' id='word_1_632' title='bbox 3413 3257 3572 3326; x_wconf 84' lang='lat' dir='ltr'><strong>galli-</strong></span> 
     </span>
    </p>
   </div>
   <div class='ocr_carea' id='block_1_78' title="bbox 1997 3349 3574 3421">
    <p class='ocr_par' dir='ltr' id='par_1_78' title="bbox 1997 3349 3574 3421">
     <span class='ocr_line' id='line_1_78' title="bbox 1997 3349 3574 3421; baseline -0.004 -12"><span class='ocrx_word' id='word_1_633' title='bbox 1997 3372 2217 3409; x_wconf 86' lang='lat' dir='ltr'><strong>naceum</strong></span> <span class='ocrx_word' id='word_1_634' title='bbox 2254 3355 2554 3409; x_wconf 88' lang='lat' dir='ltr'><strong>transtulit.</strong></span> <span class='ocrx_word' id='word_1_635' title='bbox 2589 3352 2764 3417; x_wconf 87' lang='lat' dir='ltr'><strong>Sicut,</strong></span> <span class='ocrx_word' id='word_1_636' title='bbox 2810 3353 3010 3420; x_wconf 89' lang='lat' dir='ltr'><strong>iuqttit,</strong></span> <span class='ocrx_word' id='word_1_637' title='bbox 3040 3351 3209 3421; x_wconf 81' lang='lat' dir='ltr'><strong>gallus</strong></span> <span class='ocrx_word' id='word_1_638' title='bbox 3242 3349 3574 3420; x_wconf 76' lang='lat' dir='ltr'><strong>gallinaceus</strong></span> 
     </span>
    </p>
   </div>
   <div class='ocr_carea' id='block_1_79' title="bbox 1999 3439 3574 3516">
    <p class='ocr_par' dir='ltr' id='par_1_79' title="bbox 1999 3439 3574 3516">
     <span class='ocr_line' id='line_1_79' title="bbox 1999 3439 3574 3516; baseline -0.005 -16"><span class='ocrx_word' id='word_1_639' title='bbox 1999 3448 2224 3501; x_wconf 86' lang='lat' dir='ltr'><strong>humero</strong></span> <span class='ocrx_word' id='word_1_640' title='bbox 2253 3447 2532 3516; x_wconf 88' lang='lat' dir='ltr'><strong>portitoris</strong></span> <span class='ocrx_word' id='word_1_641' title='bbox 2563 3446 2629 3499; x_wconf 91' lang='lat' dir='ltr'><strong>de</strong></span> <span class='ocrx_word' id='word_1_642' title='bbox 2655 3445 2759 3498; x_wconf 88' lang='lat' dir='ltr'><strong>alio</strong></span> <span class='ocrx_word' id='word_1_643' title='bbox 2787 3445 2905 3498; x_wconf 83' lang='lat' dir='ltr'><strong>loco</strong></span> <span class='ocrx_word' id='word_1_644' title='bbox 2931 3439 3261 3496; x_wconf 78' lang='lat' dir='ltr'><strong>transfertur</strong></span> <span class='ocrx_word' id='word_1_645' title='bbox 3285 3442 3350 3494; x_wconf 87' lang='lat' dir='ltr'><strong>ad</strong></span> <span class='ocrx_word' id='word_1_646' title='bbox 3381 3441 3574 3503; x_wconf 88' lang='lat' dir='ltr'><strong>alium,</strong></span> 
     </span>
    </p>
   </div>
   <div class='ocr_carea' id='block_1_80' title="bbox 1997 3533 3573 3606">
    <p class='ocr_par' dir='ltr' id='par_1_80' title="bbox 1997 3533 3573 3606">
     <span class='ocr_line' id='line_1_80' title="bbox 1997 3533 3573 3606; baseline -0.006 -11"><span class='ocrx_word' id='word_1_647' title='bbox 1997 3542 2078 3596; x_wconf 85' lang='lat' dir='ltr'><strong>sic</strong></span> <span class='ocrx_word' id='word_1_648' title='bbox 2109 3551 2160 3595; x_wconf 89' lang='lat' dir='ltr'><strong>te</strong></span> <span class='ocrx_word' id='word_1_649' title='bbox 2187 3540 2445 3595; x_wconf 88' lang='lat' dir='ltr'><strong>Dominus</strong></span> <span class='ocrx_word' id='word_1_650' title='bbox 2471 3541 2536 3593; x_wconf 88' lang='lat' dir='ltr'><strong>de</strong></span> <span class='ocrx_word' id='word_1_651' title='bbox 2561 3539 2681 3593; x_wconf 87' lang='lat' dir='ltr'><strong>loco</strong></span> <span class='ocrx_word' id='word_1_652' title='bbox 2704 3548 2794 3591; x_wconf 84' lang='lat' dir='ltr'><strong>tuo</strong></span> <span class='ocrx_word' id='word_1_653' title='bbox 2816 3539 3008 3592; x_wconf 78' lang='lat' dir='ltr'><strong>leviter</strong></span> <span class='ocrx_word' id='word_1_654' title='bbox 3034 3535 3357 3606; x_wconf 87' lang='lat' dir='ltr'><strong>asportabit.</strong></span> <span class='ocrx_word' id='word_1_655' title='bbox 3385 3535 3452 3589; x_wconf 85' lang='lat' dir='ltr'><strong>Et</strong></span> <span class='ocrx_word' id='word_1_656' title='bbox 3481 3533 3573 3604; x_wconf 90' lang='lat' dir='ltr'><strong>qui</strong></span> 
     </span>
    </p>
   </div>
   <div class='ocr_carea' id='block_1_81' title="bbox 1999 3626 3576 3702">
    <p class='ocr_par' dir='ltr' id='par_1_81' title="bbox 1999 3626 3576 3702">
     <span class='ocr_line' id='line_1_81' title="bbox 1999 3626 3576 3702; baseline -0.005 -16"><span class='ocrx_word' id='word_1_657' title='bbox 1999 3637 2273 3702; x_wconf 88' lang='lat' dir='ltr'><strong>quondam</strong></span> <span class='ocrx_word' id='word_1_658' title='bbox 2307 3631 2542 3686; x_wconf 87' lang='lat' dir='ltr'><strong>habebas</strong></span> <span class='ocrx_word' id='word_1_659' title='bbox 2568 3645 2826 3686; x_wconf 88' lang='lat' dir='ltr'><strong>coronam</strong></span> <span class='ocrx_word' id='word_1_660' title='bbox 2857 3629 3148 3698; x_wconf 86' lang='lat' dir='ltr'><strong>poutilicis,</strong></span> <span class='ocrx_word' id='word_1_661' title='bbox 3179 3637 3234 3682; x_wconf 87' lang='lat' dir='ltr'><strong>et</strong></span> <span class='ocrx_word' id='word_1_662' title='bbox 3259 3626 3576 3682; x_wconf 80' lang='lat' dir='ltr'><strong>sanctifica-</strong></span> 
     </span>
    </p>
   </div>
   <div class='ocr_carea' id='block_1_82' title="bbox 2003 3721 3573 3792">
    <p class='ocr_par' dir='ltr' id='par_1_82' title="bbox 2003 3721 3573 3792">
     <span class='ocr_line' id='line_1_82' title="bbox 2003 3721 3573 3792; baseline -0.004 -13"><span class='ocrx_word' id='word_1_663' title='bbox 2003 3728 2206 3780; x_wconf 92' lang='lat' dir='ltr'><strong>tiouem</strong></span> <span class='ocrx_word' id='word_1_664' title='bbox 2241 3726 2293 3778; x_wconf 92' lang='lat' dir='ltr'><strong>iu</strong></span> <span class='ocrx_word' id='word_1_665' title='bbox 2322 3725 2438 3778; x_wconf 90' lang='lat' dir='ltr'><strong>auri</strong></span> <span class='ocrx_word' id='word_1_666' title='bbox 2467 3725 2689 3786; x_wconf 80' lang='lat' dir='ltr'><strong>lamina,</strong></span> <span class='ocrx_word' id='word_1_667' title='bbox 2724 3724 2777 3777; x_wconf 92' lang='lat' dir='ltr'><strong>in</strong></span> <span class='ocrx_word' id='word_1_668' title='bbox 2811 3739 2916 3792; x_wconf 86' lang='lat' dir='ltr'><strong>qua</strong></span> <span class='ocrx_word' id='word_1_669' title='bbox 2947 3731 3066 3776; x_wconf 89' lang='lat' dir='ltr'><strong>erat</strong></span> <span class='ocrx_word' id='word_1_670' title='bbox 3090 3721 3349 3789; x_wconf 86' lang='lat' dir='ltr'><strong>scriptum</strong></span> <span class='ocrx_word' id='word_1_671' title='bbox 3375 3735 3573 3774; x_wconf 88' lang='lat' dir='ltr'><strong>nomen</strong></span> 
     </span>
    </p>
   </div>
   <div class='ocr_carea' id='block_1_83' title="bbox 2001 3814 3578 3885">
    <p class='ocr_par' dir='ltr' id='par_1_83' title="bbox 2001 3814 3578 3885">
     <span class='ocr_line' id='line_1_83' title="bbox 2001 3814 3578 3885; baseline -0.004 -15"><span class='ocrx_word' id='word_1_672' title='bbox 2001 3816 2095 3870; x_wconf 89' lang='lat' dir='ltr'><strong>Dei</strong></span> <span class='ocrx_word' id='word_1_673' title='bbox 2141 3814 2341 3884; x_wconf 75' lang='lat' dir='ltr'><strong>(Exod.</strong></span> <span class='ocrx_word' id='word_1_674' title='bbox 2380 3815 2592 3885; x_wconf 70' lang='grc' dir='ltr'>χιι-ιιι),</span> <span class='ocrx_word' id='word_1_675' title='bbox 2625 3815 2977 3870; x_wconf 87' lang='lat' dir='ltr'><strong>coronaberis</strong></span> <span class='ocrx_word' id='word_1_676' title='bbox 3013 3814 3360 3867; x_wconf 85' lang='lat' dir='ltr'><strong>tribulatione</strong></span> <span class='ocrx_word' id='word_1_677' title='bbox 3393 3822 3446 3864; x_wconf 89' lang='lat' dir='ltr'><strong>et</strong></span> <span class='ocrx_word' id='word_1_678' title='bbox 3480 3825 3578 3864; x_wconf 87' lang='lat' dir='ltr'><strong>an-</strong></span> 
     </span>
    </p>
   </div>
   <div class='ocr_carea' id='block_1_84' title="bbox 2003 3903 3579 3979">
    <p class='ocr_par' dir='ltr' id='par_1_84' title="bbox 2003 3903 3579 3979">
     <span class='ocr_line' id='line_1_84' title="bbox 2003 3903 3579 3979; baseline -0.002 -19"><span class='ocrx_word' id='word_1_679' title='bbox 2003 3909 2202 3976; x_wconf 81' lang='lat' dir='ltr'><strong>gustia.</strong></span> <span class='ocrx_word' id='word_1_680' title='bbox 2224 3909 2290 3962; x_wconf 82' lang='lat' dir='ltr'><strong>Et</strong></span> <span class='ocrx_word' id='word_1_681' title='bbox 2309 3910 2578 3979; x_wconf 86' lang='lat' dir='ltr'><strong>quomodo</strong></span> <span class='ocrx_word' id='word_1_682' title='bbox 2598 3908 2642 3961; x_wconf 87' lang='lat' dir='ltr'><strong>si</strong></span> <span class='ocrx_word' id='word_1_683' title='bbox 2675 3908 2886 3976; x_wconf 75' lang='lat' dir='ltr'><strong>Sphaera</strong></span> <span class='ocrx_word' id='word_1_684' title='bbox 2907 3907 3153 3959; x_wconf 88' lang='lat' dir='ltr'><strong>tuitlatur</strong></span> <span class='ocrx_word' id='word_1_685' title='bbox 3173 3908 3222 3958; x_wconf 93' lang='lat' dir='ltr'><strong>in</strong></span> <span class='ocrx_word' id='word_1_686' title='bbox 3243 3903 3433 3958; x_wconf 84' lang='lat' dir='ltr'><strong>declivi</strong></span> <span class='ocrx_word' id='word_1_687' title='bbox 3457 3903 3579 3957; x_wconf 83' lang='lat' dir='ltr'><strong>loco</strong></span> 
     </span>
    </p>
   </div>
   <div class='ocr_carea' id='block_1_85' title="bbox 2004 3997 3575 4071">
    <p class='ocr_par' dir='ltr' id='par_1_85' title="bbox 2004 3997 3575 4071">
     <span class='ocr_line' id='line_1_85' title="bbox 2004 3997 3575 4071; baseline -0.004 -17"><span class='ocrx_word' id='word_1_688' title='bbox 2004 4015 2164 4071; x_wconf 84' lang='lat' dir='ltr'><strong>atque</strong></span> <span class='ocrx_word' id='word_1_689' title='bbox 2193 4001 2454 4070; x_wconf 85' lang='lat' dir='ltr'><strong>spatioso,</strong></span> <span class='ocrx_word' id='word_1_690' title='bbox 2489 4012 2634 4055; x_wconf 88' lang='lat' dir='ltr'><strong>stare</strong></span> <span class='ocrx_word' id='word_1_691' title='bbox 2668 4017 2770 4055; x_wconf 90' lang='lat' dir='ltr'><strong>non</strong></span> <span class='ocrx_word' id='word_1_692' title='bbox 2811 4009 3014 4067; x_wconf 88' lang='lat' dir='ltr'><strong>potest,</strong></span> <span class='ocrx_word' id='word_1_693' title='bbox 3044 3999 3139 4053; x_wconf 91' lang='lat' dir='ltr'><strong>sed</strong></span> <span class='ocrx_word' id='word_1_694' title='bbox 3171 3997 3224 4051; x_wconf 88' lang='lat' dir='ltr'><strong>itt</strong></span> <span class='ocrx_word' id='word_1_695' title='bbox 3252 3997 3575 4050; x_wconf 85' lang='lat' dir='ltr'><strong>immensum</strong></span> 
     </span>
    </p>
   </div>
   <div class='ocr_carea' id='block_1_86' title="bbox 2005 4084 3578 4159">
    <p class='ocr_par' dir='ltr' id='par_1_86' title="bbox 2005 4084 3578 4159">
     <span class='ocr_line' id='line_1_86' title="bbox 2005 4084 3578 4159; baseline -0.004 -14"><span class='ocrx_word' id='word_1_696' title='bbox 2005 4092 2238 4147; x_wconf 88' lang='lat' dir='ltr'><strong>volvitur</strong></span> <span class='ocrx_word' id='word_1_697' title='bbox 2268 4107 2282 4143; x_wconf 91' lang='lat'>:</span> <span class='ocrx_word' id='word_1_698' title='bbox 2315 4092 2395 4146; x_wconf 89' lang='lat' dir='ltr'><strong>sic</strong></span> <span class='ocrx_word' id='word_1_699' title='bbox 2429 4091 2606 4145; x_wconf 90' lang='lat' dir='ltr'><strong>omnis</strong></span> <span class='ocrx_word' id='word_1_700' title='bbox 2642 4089 2874 4159; x_wconf 88' lang='lat' dir='ltr'><strong>populus</strong></span> <span class='ocrx_word' id='word_1_701' title='bbox 2906 4099 3030 4142; x_wconf 90' lang='lat' dir='ltr'><strong>tuus</strong></span> <span class='ocrx_word' id='word_1_702' title='bbox 3059 4089 3116 4140; x_wconf 88' lang='lat' dir='ltr'><strong>itt</strong></span> <span class='ocrx_word' id='word_1_703' title='bbox 3146 4087 3293 4140; x_wconf 86' lang='lat' dir='ltr'><strong>orbis</strong></span> <span class='ocrx_word' id='word_1_704' title='bbox 3319 4084 3578 4140; x_wconf 84' lang='lat' dir='ltr'><strong>terminos</strong></span> 
     </span>
    </p>
   </div>
   <div class='ocr_carea' id='block_1_87' title="bbox 2005 4177 3577 4254">
    <p class='ocr_par' dir='ltr' id='par_1_87' title="bbox 2005 4177 3577 4254">
     <span class='ocr_line' id='line_1_87' title="bbox 2005 4177 3577 4254; baseline -0.006 -16"><span class='ocrx_word' id='word_1_705' title='bbox 2005 4184 2368 4254; x_wconf 77' lang='lat' dir='ltr'><strong>dispergetur.</strong></span> <span class='ocrx_word' id='word_1_706' title='bbox 2433 4183 2599 4253; x_wconf 79' lang='lat'><strong>319</strong></span> <span class='ocrx_word' id='word_1_707' title='bbox 2648 4183 2835 4252; x_wconf 85' lang='lat' dir='ltr'><strong>Ibique</strong></span> <span class='ocrx_word' id='word_1_708' title='bbox 2895 4181 3145 4235; x_wconf 88' lang='lat' dir='ltr'><strong>morieris</strong></span> <span class='ocrx_word' id='word_1_709' title='bbox 3198 4194 3320 4234; x_wconf 90' lang='lat' dir='ltr'><strong>cum</strong></span> <span class='ocrx_word' id='word_1_710' title='bbox 3399 4177 3577 4231; x_wconf 83' lang='lat' dir='ltr'><strong>littera</strong></span> 
     </span>
    </p>
   </div>
   <div class='ocr_carea' id='block_1_88' title="bbox 2009 4269 3583 4344">
    <p class='ocr_par' dir='ltr' id='par_1_88' title="bbox 2009 4269 3583 4344">
     <span class='ocr_line' id='line_1_88' title="bbox 2009 4269 3583 4344; baseline -0.003 -16"><span class='ocrx_word' id='word_1_711' title='bbox 2009 4287 2122 4343; x_wconf 86' lang='lat' dir='ltr'><strong>tua,</strong></span> <span class='ocrx_word' id='word_1_712' title='bbox 2157 4286 2211 4329; x_wconf 92' lang='lat' dir='ltr'><strong>et</strong></span> <span class='ocrx_word' id='word_1_713' title='bbox 2258 4276 2437 4328; x_wconf 88' lang='lat' dir='ltr'><strong>omuis</strong></span> <span class='ocrx_word' id='word_1_714' title='bbox 2465 4276 2631 4344; x_wconf 87' lang='lat' dir='ltr'><strong>gloria</strong></span> <span class='ocrx_word' id='word_1_715' title='bbox 2671 4283 2783 4339; x_wconf 87' lang='lat' dir='ltr'><strong>tua,</strong></span> <span class='ocrx_word' id='word_1_716' title='bbox 2824 4283 2877 4327; x_wconf 90' lang='lat' dir='ltr'><strong>et</strong></span> <span class='ocrx_word' id='word_1_717' title='bbox 2906 4288 3101 4327; x_wconf 90' lang='lat' dir='ltr'><strong>curtus</strong></span> <span class='ocrx_word' id='word_1_718' title='bbox 3128 4273 3324 4340; x_wconf 89' lang='lat' dir='ltr'><strong>quibus</strong></span> <span class='ocrx_word' id='word_1_719' title='bbox 3351 4269 3583 4341; x_wconf 88' lang='lat' dir='ltr'><strong>inclytus</strong></span> 
     </span>
    </p>
   </div>
   <div class='ocr_carea' id='block_1_89' title="bbox 2008 4361 3581 4433">
    <p class='ocr_par' dir='ltr' id='par_1_89' title="bbox 2008 4361 3581 4433">
     <span class='ocr_line' id='line_1_89' title="bbox 2008 4361 3581 4433; baseline -0.004 -13"><span class='ocrx_word' id='word_1_720' title='bbox 2008 4376 2164 4420; x_wconf 88' lang='lat' dir='ltr'><strong>antea</strong></span> <span class='ocrx_word' id='word_1_721' title='bbox 2220 4365 2520 4432; x_wconf 87' lang='lat' dir='ltr'><strong>ferebaris;</strong></span> <span class='ocrx_word' id='word_1_722' title='bbox 2584 4375 2636 4420; x_wconf 91' lang='lat' dir='ltr'><strong>et</strong></span> <span class='ocrx_word' id='word_1_723' title='bbox 2687 4366 2876 4419; x_wconf 88' lang='lat' dir='ltr'><strong>domus</strong></span> <span class='ocrx_word' id='word_1_724' title='bbox 2931 4365 3024 4418; x_wconf 85' lang='lat' dir='ltr'><strong>Dei</strong></span> <span class='ocrx_word' id='word_1_725' title='bbox 3079 4361 3339 4433; x_wconf 81' lang='lat' dir='ltr'><strong>splendor</strong></span> <span class='ocrx_word' id='word_1_726' title='bbox 3402 4370 3581 4415; x_wconf 87' lang='lat' dir='ltr'><strong>verte-</strong></span> 
     </span>
    </p>
   </div>
   <div class='ocr_carea' id='block_1_90' title="bbox 322 4453 1882 4529">
    <p class='ocr_par' dir='ltr' id='par_1_90' title="bbox 322 4453 1876 4526">
     <span class='ocr_line' id='line_1_90' title="bbox 322 4453 1876 4526; baseline -0.003 -17"><span class='ocrx_word' id='word_1_727' title='bbox 322 4473 596 4526; x_wconf 85' lang='lat' dir='ltr'><strong>magnatu,</strong></span> <span class='ocrx_word' id='word_1_728' title='bbox 641 4468 693 4511; x_wconf 92' lang='lat' dir='ltr'><strong>et</strong></span> <span class='ocrx_word' id='word_1_729' title='bbox 739 4456 945 4525; x_wconf 85' lang='lat' dir='ltr'><strong>absque</strong></span> <span class='ocrx_word' id='word_1_730' title='bbox 1005 4470 1286 4520; x_wconf 87' lang='lat' dir='ltr'><strong>mensura,</strong></span> <span class='ocrx_word' id='word_1_731' title='bbox 1315 4464 1369 4507; x_wconf 92' lang='lat' dir='ltr'><strong>et</strong></span> <span class='ocrx_word' id='word_1_732' title='bbox 1413 4453 1482 4507; x_wconf 90' lang='lat' dir='ltr'><strong>ibi</strong></span> <span class='ocrx_word' id='word_1_733' title='bbox 1518 4453 1766 4506; x_wconf 85' lang='lat' dir='ltr'><strong>morieris</strong></span> <span class='ocrx_word' id='word_1_734' title='bbox 1801 4470 1814 4505; x_wconf 91' lang='lat'><strong>:</strong></span> <span class='ocrx_word' id='word_1_735' title='bbox 1847 4467 1876 4505; x_wconf 91' lang='lat' dir='ltr'><strong>e</strong></span> 
     </span>
    </p>
   </div>
   <div class='ocr_carea' id='block_1_91' title="bbox 1991 4453 3582 4529">
    <p class='ocr_par' dir='ltr' id='par_1_91' title="bbox 2007 4454 3582 4529">
     <span class='ocr_line' id='line_1_91' title="bbox 2007 4454 3582 4529; baseline -0.004 -15"><span class='ocrx_word' id='word_1_736' title='bbox 2007 4471 2092 4514; x_wconf 91' lang='lat' dir='ltr'><strong>tur</strong></span> <span class='ocrx_word' id='word_1_737' title='bbox 2149 4459 2206 4514; x_wconf 90' lang='lat' dir='ltr'><strong>in</strong></span> <span class='ocrx_word' id='word_1_738' title='bbox 2267 4459 2645 4529; x_wconf 89' lang='lat' dir='ltr'><strong>ignominiam.</strong></span> <span class='ocrx_word' id='word_1_739' title='bbox 2681 4458 2904 4512; x_wconf 79' lang='lat' dir='ltr'><strong>Auferet</strong></span> <span class='ocrx_word' id='word_1_740' title='bbox 2936 4459 3080 4512; x_wconf 89' lang='lat' dir='ltr'><strong>enim</strong></span> <span class='ocrx_word' id='word_1_741' title='bbox 3118 4467 3170 4510; x_wconf 90' lang='lat' dir='ltr'><strong>te</strong></span> <span class='ocrx_word' id='word_1_742' title='bbox 3217 4455 3480 4510; x_wconf 88' lang='lat' dir='ltr'><strong>Dominus</strong></span> <span class='ocrx_word' id='word_1_743' title='bbox 3517 4454 3582 4508; x_wconf 89' lang='lat' dir='ltr'><strong>de</strong></span> 
     </span>
    </p>
   </div>
   <div class='ocr_carea' id='block_1_92' title="bbox 324 4544 1902 4618">
    <p class='ocr_par' dir='ltr' id='par_1_92' title="bbox 324 4544 1902 4618">
     <span class='ocr_line' id='line_1_92' title="bbox 324 4544 1902 4618; baseline -0.004 -15"><span class='ocrx_word' id='word_1_744' title='bbox 324 4561 732 4618; x_wconf 85' lang='lat' dir='ltr'><strong>ponetcurrum</strong></span> <span class='ocrx_word' id='word_1_745' title='bbox 771 4558 922 4601; x_wconf 91' lang='lat' dir='ltr'><strong>tuum</strong></span> <span class='ocrx_word' id='word_1_746' title='bbox 955 4547 1216 4616; x_wconf 85' lang='lat' dir='ltr'><strong>Optimum</strong></span> <span class='ocrx_word' id='word_1_747' title='bbox 1242 4546 1296 4600; x_wconf 92' lang='lat' dir='ltr'><strong>in</strong></span> <span class='ocrx_word' id='word_1_748' title='bbox 1323 4545 1702 4614; x_wconf 89' lang='lat' dir='ltr'><strong>ignominiam,</strong></span> <span class='ocrx_word' id='word_1_749' title='bbox 1729 4553 1781 4598; x_wconf 93' lang='lat' dir='ltr'><strong>et</strong></span> <span class='ocrx_word' id='word_1_750' title='bbox 1809 4544 1902 4597; x_wconf 85' lang='lat' dir='ltr'><strong>do-</strong></span> 
     </span>
    </p>
   </div>
   <div class='ocr_carea' id='block_1_93' title="bbox 323 4635 1904 4710">
    <p class='ocr_par' dir='ltr' id='par_1_93' title="bbox 323 4635 1904 4710">
     <span class='ocr_line' id='line_1_93' title="bbox 323 4635 1904 4710; baseline -0.003 -16"><span class='ocrx_word' id='word_1_751' title='bbox 323 4657 471 4695; x_wconf 88' lang='lat' dir='ltr'><strong>mum</strong></span> <span class='ocrx_word' id='word_1_752' title='bbox 507 4641 768 4710; x_wconf 80' lang='lat' dir='ltr'><strong>principis</strong></span> <span class='ocrx_word' id='word_1_753' title='bbox 806 4639 883 4693; x_wconf 92' lang='lat' dir='ltr'><strong>tui</strong></span> <span class='ocrx_word' id='word_1_754' title='bbox 933 4641 984 4694; x_wconf 91' lang='lat' dir='ltr'><strong>in</strong></span> <span class='ocrx_word' id='word_1_755' title='bbox 1019 4638 1505 4694; x_wconf 87' lang='lat' dir='ltr'><strong>conculcationem.</strong></span> <span class='ocrx_word' id='word_1_756' title='bbox 1545 4637 1609 4690; x_wconf 89' lang='lat' dir='ltr'><strong>Et</strong></span> <span class='ocrx_word' id='word_1_757' title='bbox 1641 4635 1904 4690; x_wconf 85' lang='lat' dir='ltr'><strong>aufereris</strong></span> 
     </span>
    </p>
   </div>
   <div class='ocr_carea' id='block_1_94' title="bbox 327 4723 1905 4801">
    <p class='ocr_par' dir='ltr' id='par_1_94' title="bbox 327 4723 1905 4801">
     <span class='ocr_line' id='line_1_94' title="bbox 327 4723 1905 4801; baseline -0.005 -17"><span class='ocrx_word' id='word_1_758' title='bbox 327 4747 355 4784; x_wconf 89' lang='lat' dir='ltr'><strong>a</strong></span> <span class='ocrx_word' id='word_1_759' title='bbox 384 4731 793 4801; x_wconf 85' lang='lat' dir='ltr'><strong>dispensatione</strong></span> <span class='ocrx_word' id='word_1_760' title='bbox 822 4740 936 4793; x_wconf 86' lang='lat' dir='ltr'><strong>tua,</strong></span> <span class='ocrx_word' id='word_1_761' title='bbox 963 4739 1015 4782; x_wconf 87' lang='lat' dir='ltr'><strong>et</strong></span> <span class='ocrx_word' id='word_1_762' title='bbox 1043 4731 1110 4783; x_wconf 92' lang='lat' dir='ltr'><strong>de</strong></span> <span class='ocrx_word' id='word_1_763' title='bbox 1139 4728 1305 4797; x_wconf 85' lang='lat' dir='ltr'><strong>gradu</strong></span> <span class='ocrx_word' id='word_1_764' title='bbox 1339 4737 1452 4781; x_wconf 92' lang='lat' dir='ltr'><strong>tuo.</strong></span> <span class='ocrx_word' id='word_1_765' title='bbox 1489 4725 1556 4780; x_wconf 88' lang='lat' dir='ltr'><strong>Et</strong></span> <span class='ocrx_word' id='word_1_766' title='bbox 1585 4727 1691 4780; x_wconf 89' lang='lat' dir='ltr'><strong>erit</strong></span> <span class='ocrx_word' id='word_1_767' title='bbox 1728 4724 1783 4777; x_wconf 92' lang='lat' dir='ltr'><strong>in</strong></span> <span class='ocrx_word' id='word_1_768' title='bbox 1816 4723 1905 4776; x_wconf 75' lang='lat' dir='ltr'><strong>die</strong></span> 
     </span>
    </p>
   </div>
   <div class='ocr_carea' id='block_1_95' title="bbox 329 4815 1904 4890">
    <p class='ocr_par' dir='ltr' id='par_1_95' title="bbox 329 4815 1904 4890">
     <span class='ocr_line' id='line_1_95' title="bbox 329 4815 1904 4890; baseline -0.005 -13"><span class='ocrx_word' id='word_1_769' title='bbox 329 4825 440 4888; x_wconf 85' lang='lat' dir='ltr'><strong>illa,</strong></span> <span class='ocrx_word' id='word_1_770' title='bbox 474 4823 683 4878; x_wconf 84' lang='lat' dir='ltr'><strong>vocabo</strong></span> <span class='ocrx_word' id='word_1_771' title='bbox 720 4838 944 4890; x_wconf 85' lang='lat' dir='ltr'><strong>puerum</strong></span> <span class='ocrx_word' id='word_1_772' title='bbox 983 4836 1162 4877; x_wconf 89' lang='lat' dir='ltr'><strong>meum</strong></span> <span class='ocrx_word' id='word_1_773' title='bbox 1201 4821 1426 4875; x_wconf 87' lang='lat' dir='ltr'><strong>Eliacitn</strong></span> <span class='ocrx_word' id='word_1_774' title='bbox 1473 4819 1640 4873; x_wconf 90' lang='lat' dir='ltr'><strong>filium</strong></span> <span class='ocrx_word' id='word_1_775' title='bbox 1685 4815 1904 4877; x_wconf 66' lang='lat' dir='ltr'><strong>Helciae,</strong></span> 
     </span>
    </p>
   </div>
   <div class='ocr_carea' id='block_1_96' title="bbox 328 4909 1908 4979">
    <p class='ocr_par' dir='ltr' id='par_1_96' title="bbox 328 4909 1908 4979">
     <span class='ocr_line' id='line_1_96' title="bbox 328 4909 1908 4979; baseline -0.003 -13"><span class='ocrx_word' id='word_1_776' title='bbox 328 4925 381 4967; x_wconf 89' lang='lat' dir='ltr'><strong>et</strong></span> <span class='ocrx_word' id='word_1_777' title='bbox 410 4916 633 4969; x_wconf 87' lang='lat' dir='ltr'><strong>induam</strong></span> <span class='ocrx_word' id='word_1_778' title='bbox 664 4914 812 4968; x_wconf 88' lang='lat' dir='ltr'><strong>illum</strong></span> <span class='ocrx_word' id='word_1_779' title='bbox 845 4914 981 4970; x_wconf 86' lang='lat' dir='ltr'><strong>stola</strong></span> <span class='ocrx_word' id='word_1_780' title='bbox 1030 4923 1143 4979; x_wconf 90' lang='lat' dir='ltr'><strong>tua,</strong></span> <span class='ocrx_word' id='word_1_781' title='bbox 1173 4922 1226 4968; x_wconf 91' lang='lat' dir='ltr'><strong>et</strong></span> <span class='ocrx_word' id='word_1_782' title='bbox 1281 4925 1541 4967; x_wconf 88' lang='lat' dir='ltr'><strong>coronam</strong></span> <span class='ocrx_word' id='word_1_783' title='bbox 1599 4923 1741 4964; x_wconf 89' lang='lat' dir='ltr'><strong>tuam</strong></span> <span class='ocrx_word' id='word_1_784' title='bbox 1768 4909 1908 4962; x_wconf 89' lang='lat' dir='ltr'><strong>dabo</strong></span> 
     </span>
    </p>
   </div>
   <div class='ocr_carea' id='block_1_97' title="bbox 328 5001 1903 5076">
    <p class='ocr_par' dir='ltr' id='par_1_97' title="bbox 328 5001 1903 5076">
     <span class='ocr_line' id='line_1_97' title="bbox 328 5001 1903 5076; baseline -0.005 -14"><span class='ocrx_word' id='word_1_785' title='bbox 328 5008 404 5062; x_wconf 85' lang='lat' dir='ltr'><strong>illi</strong></span> <span class='ocrx_word' id='word_1_786' title='bbox 472 5010 707 5076; x_wconf 86' lang='lat' dir='ltr'><strong>fortiter,</strong></span> <span class='ocrx_word' id='word_1_787' title='bbox 756 5019 809 5063; x_wconf 88' lang='lat' dir='ltr'><strong>et</strong></span> <span class='ocrx_word' id='word_1_788' title='bbox 870 5007 1329 5075; x_wconf 85' lang='lat' dir='ltr'><strong>dispensationem</strong></span> <span class='ocrx_word' id='word_1_789' title='bbox 1411 5013 1557 5058; x_wconf 90' lang='lat' dir='ltr'><strong>tuam</strong></span> <span class='ocrx_word' id='word_1_790' title='bbox 1630 5003 1770 5055; x_wconf 84' lang='lat' dir='ltr'><strong>dabo</strong></span> <span class='ocrx_word' id='word_1_791' title='bbox 1848 5001 1903 5054; x_wconf 93' lang='lat' dir='ltr'><strong>in</strong></span> 
     </span>
    </p>
   </div>
   <div class='ocr_carea' id='block_1_98' title="bbox 332 5093 1912 5170">
    <p class='ocr_par' dir='ltr' id='par_1_98' title="bbox 332 5093 1912 5170">
     <span class='ocr_line' id='line_1_98' title="bbox 332 5093 1912 5170; baseline -0.004 -16"><span class='ocrx_word' id='word_1_792' title='bbox 332 5118 528 5156; x_wconf 88' lang='lat' dir='ltr'><strong>manus</strong></span> <span class='ocrx_word' id='word_1_793' title='bbox 555 5103 695 5170; x_wconf 84' lang='lat' dir='ltr'><strong>ejus,</strong></span> <span class='ocrx_word' id='word_1_794' title='bbox 726 5110 784 5156; x_wconf 92' lang='lat' dir='ltr'><strong>et</strong></span> <span class='ocrx_word' id='word_1_795' title='bbox 813 5101 920 5156; x_wconf 88' lang='lat' dir='ltr'><strong>erit</strong></span> <span class='ocrx_word' id='word_1_796' title='bbox 948 5101 1100 5170; x_wconf 88' lang='lat' dir='ltr'><strong>quasi</strong></span> <span class='ocrx_word' id='word_1_797' title='bbox 1135 5108 1288 5169; x_wconf 89' lang='lat' dir='ltr'><strong>pater</strong></span> <span class='ocrx_word' id='word_1_798' title='bbox 1320 5096 1720 5152; x_wconf 89' lang='lat' dir='ltr'><strong>habitatoribus</strong></span> <span class='ocrx_word' id='word_1_799' title='bbox 1754 5093 1912 5147; x_wconf 86' lang='lat' dir='ltr'><strong>Jeru-</strong></span> 
     </span>
    </p>
   </div>
   <div class='ocr_carea' id='block_1_99' title="bbox 332 5185 1910 5266">
    <p class='ocr_par' dir='ltr' id='par_1_99' title="bbox 332 5185 1910 5266">
     <span class='ocr_line' id='line_1_99' title="bbox 332 5185 1910 5266; baseline -0.008 -15"><span class='ocrx_word' id='word_1_800' title='bbox 332 5197 530 5260; x_wconf 86' lang='lat' dir='ltr'><strong>salem,</strong></span> <span class='ocrx_word' id='word_1_801' title='bbox 565 5196 732 5266; x_wconf 78' lang='lat'><strong>318</strong></span> <span class='ocrx_word' id='word_1_802' title='bbox 756 5206 811 5250; x_wconf 92' lang='lat' dir='ltr'><strong>et</strong></span> <span class='ocrx_word' id='word_1_803' title='bbox 834 5193 1008 5258; x_wconf 67' lang='lat' dir='ltr'><strong>ludas,</strong></span> <span class='ocrx_word' id='word_1_804' title='bbox 1032 5202 1086 5248; x_wconf 92' lang='lat' dir='ltr'><strong>et</strong></span> <span class='ocrx_word' id='word_1_805' title='bbox 1106 5193 1246 5248; x_wconf 89' lang='lat' dir='ltr'><strong>dabo</strong></span> <span class='ocrx_word' id='word_1_806' title='bbox 1270 5191 1496 5262; x_wconf 86' lang='lat' dir='ltr'><strong>gloriam</strong></span> <span class='ocrx_word' id='word_1_807' title='bbox 1523 5189 1714 5244; x_wconf 91' lang='lat' dir='ltr'><strong>domus</strong></span> <span class='ocrx_word' id='word_1_808' title='bbox 1740 5185 1910 5241; x_wconf 81' lang='lat' dir='ltr'><strong>David</strong></span> 
     </span>
    </p>
   </div>
   <div class='ocr_carea' id='block_1_100' title="bbox 334 5279 1908 5360">
    <p class='ocr_par' dir='ltr' id='par_1_100' title="bbox 334 5279 1908 5360">
     <span class='ocr_line' id='line_1_100' title="bbox 334 5279 1908 5360; baseline -0.009 -18"><span class='ocrx_word' id='word_1_809' title='bbox 334 5290 405 5354; x_wconf 87' lang='lat' dir='ltr'><strong>ei,</strong></span> <span class='ocrx_word' id='word_1_810' title='bbox 451 5301 509 5345; x_wconf 85' lang='lat' dir='ltr'><strong>et</strong></span> <span class='ocrx_word' id='word_1_811' title='bbox 549 5289 974 5360; x_wconf 84' lang='lat' dir='ltr'><strong>principabitur,</strong></span> <span class='ocrx_word' id='word_1_812' title='bbox 1019 5295 1076 5341; x_wconf 86' lang='lat' dir='ltr'><strong>et</strong></span> <span class='ocrx_word' id='word_1_813' title='bbox 1118 5300 1228 5339; x_wconf 88' lang='lat' dir='ltr'><strong>non</strong></span> <span class='ocrx_word' id='word_1_814' title='bbox 1271 5288 1377 5339; x_wconf 80' lang='lat' dir='ltr'><strong>erit</strong></span> <span class='ocrx_word' id='word_1_815' title='bbox 1419 5281 1510 5353; x_wconf 91' lang='lat' dir='ltr'><strong>qui</strong></span> <span class='ocrx_word' id='word_1_816' title='bbox 1547 5279 1908 5335; x_wconf 67' lang='lat' dir='ltr'><strong>contradicat.</strong></span> 
     </span>
    </p>
   </div>
   <div class='ocr_carea' id='block_1_101' title="bbox 407 5465 1907 5534">
    <p class='ocr_par' dir='ltr' id='par_1_101' title="bbox 407 5465 1907 5534">
     <span class='ocr_line' id='line_1_101' title="bbox 407 5465 1907 5534; baseline -0.005 -9"><span class='ocrx_word' id='word_1_817' title='bbox 407 5475 424 5506; x_wconf 71' lang='grc' dir='ltr'><strong>ι</strong></span> <span class='ocrx_word' id='word_1_818' title='bbox 447 5471 722 5525; x_wconf 84' lang='lat' dir='ltr'><strong>Victorius</strong></span> <span class='ocrx_word' id='word_1_819' title='bbox 743 5470 840 5533; x_wconf 85' lang='lat' dir='ltr'><strong>ait,</strong></span> <span class='ocrx_word' id='word_1_820' title='bbox 864 5468 1069 5522; x_wconf 77' lang='lat' dir='ltr'><strong>Deliciis</strong></span> <span class='ocrx_word' id='word_1_821' title='bbox 1089 5483 1192 5520; x_wconf 88' lang='lat' dir='ltr'><strong>non</strong></span> <span class='ocrx_word' id='word_1_822' title='bbox 1217 5467 1442 5527; x_wconf 83' lang='lat' dir='ltr'><strong>delictis,</strong></span> <span class='ocrx_word' id='word_1_823' title='bbox 1459 5479 1580 5519; x_wconf 86' lang='lat' dir='ltr'><strong>esse</strong></span> <span class='ocrx_word' id='word_1_824' title='bbox 1603 5465 1907 5534; x_wconf 83' lang='lat' dir='ltr'><strong>legendum,</strong></span> 
     </span>
    </p>
   </div>
   <div class='ocr_carea' id='block_1_102' title="bbox 340 5540 1491 5610">
    <p class='ocr_par' dir='ltr' id='par_1_102' title="bbox 340 5540 1491 5610">
     <span class='ocr_line' id='line_1_102' title="bbox 340 5540 1491 5610; baseline -0.007 -15"><span class='ocrx_word' id='word_1_825' title='bbox 340 5544 576 5610; x_wconf 77' lang='lat' dir='ltr'><strong>explicat</strong></span> <span class='ocrx_word' id='word_1_826' title='bbox 599 5544 808 5602; x_wconf 87' lang='lat' dir='ltr'><strong>statim,</strong></span> <span class='ocrx_word' id='word_1_827' title='bbox 834 5541 956 5592; x_wconf 90' lang='lat' dir='ltr'><strong>dum</strong></span> <span class='ocrx_word' id='word_1_828' title='bbox 985 5540 1290 5610; x_wconf 71' lang='lat' dir='ltr'><strong>voluptates</strong></span> <span class='ocrx_word' id='word_1_829' title='bbox 1316 5547 1491 5610; x_wconf 83' lang='lat' dir='ltr'><strong>vocat.</strong></span> 
     </span>
    </p>
   </div>
   <div class='ocr_carea' id='block_1_103' title="bbox 411 5605 1909 5682">
    <p class='ocr_par' dir='ltr' id='par_1_103' title="bbox 411 5605 1909 5682">
     <span class='ocr_line' id='line_1_103' title="bbox 411 5605 1909 5682; baseline -0.004 -17"><span class='ocrx_word' id='word_1_830' title='bbox 411 5605 431 5646; x_wconf 64' lang='grc' dir='ltr'><strong>ί</strong></span> <span class='ocrx_word' id='word_1_831' title='bbox 459 5613 808 5682; x_wconf 86' lang='lat' dir='ltr'><strong>Supplendns</strong></span> <span class='ocrx_word' id='word_1_832' title='bbox 852 5605 1129 5682; x_wconf 45' lang='lat' dir='ltr'><strong>equidem:</strong></span> <span class='ocrx_word' id='word_1_833' title='bbox 1169 5608 1375 5682; x_wconf 79' lang='lat' dir='ltr'><strong>videtur</strong></span> <span class='ocrx_word' id='word_1_834' title='bbox 1422 5606 1508 5682; x_wconf 64' lang='lat' dir='ltr'><strong>hic</strong></span> <span class='ocrx_word' id='word_1_835' title='bbox 1555 5605 1708 5682; x_wconf 79' lang='lat' dir='ltr'><strong>locus</strong></span> <span class='ocrx_word' id='word_1_836' title='bbox 1757 5606 1909 5672; x_wconf 79' lang='lat' dir='ltr'><strong>juxta</strong></span> 
     </span>
    </p>
   </div>
   <div class='ocr_carea' id='block_1_104' title="bbox 343 5675 1907 5750">
    <p class='ocr_par' dir='ltr' id='par_1_104' title="bbox 343 5675 1907 5750">
     <span class='ocr_line' id='line_1_104' title="bbox 343 5675 1907 5750; baseline -0.003 -17"><span class='ocrx_word' id='word_1_837' title='bbox 343 5675 667 5750; x_wconf 76' lang='lat' dir='ltr'><strong>Vulgatant,</strong></span> <span class='ocrx_word' id='word_1_838' title='bbox 711 5683 766 5732; x_wconf 83' lang='lat' dir='ltr'><strong>in</strong></span> <span class='ocrx_word' id='word_1_839' title='bbox 831 5678 1022 5750; x_wconf 83' lang='lat' dir='ltr'><strong>solium</strong></span> <span class='ocrx_word' id='word_1_840' title='bbox 1078 5675 1492 5750; x_wconf 42' lang='lat' dir='ltr'><strong>gloritehdomui</strong></span> <span class='ocrx_word' id='word_1_841' title='bbox 1555 5677 1743 5743; x_wconf 79' lang='lat' dir='ltr'><strong>patris,</strong></span> <span class='ocrx_word' id='word_1_842' title='bbox 1777 5685 1907 5750; x_wconf 85' lang='lat' dir='ltr'><strong>et_c.,</strong></span> 
     </span>
    </p>
   </div>
   <div class='ocr_carea' id='block_1_105' title="bbox 341 5745 1910 5822">
    <p class='ocr_par' dir='ltr' id='par_1_105' title="bbox 341 5745 1910 5822">
     <span class='ocr_line' id='line_1_105' title="bbox 341 5745 1910 5822; baseline -0.005 -13"><span class='ocrx_word' id='word_1_843' title='bbox 341 5745 731 5822; x_wconf 60' lang='lat' dir='ltr'><strong>quailectioet</strong></span> <span class='ocrx_word' id='word_1_844' title='bbox 765 5760 847 5806; x_wconf 88' lang='lat' dir='ltr'><strong>est</strong></span> <span class='ocrx_word' id='word_1_845' title='bbox 889 5745 1240 5818; x_wconf 33' lang='lat' dir='ltr'><strong>itidetn’juvta</strong></span> <span class='ocrx_word' id='word_1_846' title='bbox 1279 5745 1560 5803; x_wconf 81' lang='lat' dir='ltr'><strong>Hebraeum</strong></span> <span class='ocrx_word' id='word_1_847' title='bbox 1584 5755 1637 5802; x_wconf 89' lang='lat' dir='ltr'><strong>et</strong></span> <span class='ocrx_word' id='word_1_848' title='bbox 1667 5746 1910 5817; x_wconf 83' lang='lat' dir='ltr'><strong>superio-</strong></span> 
     </span>
    </p>
   </div>
   <div class='ocr_carea' id='block_1_106' title="bbox 2008 4548 3585 4615">
    <p class='ocr_par' dir='ltr' id='par_1_106' title="bbox 2008 4548 3585 4615">
     <span class='ocr_line' id='line_1_106' title="bbox 2008 4548 3585 4615; baseline -0.004 -8"><span class='ocrx_word' id='word_1_849' title='bbox 2008 4552 2244 4607; x_wconf 82' lang='lat' dir='ltr'><strong>Statione</strong></span> <span class='ocrx_word' id='word_1_850' title='bbox 2284 4559 2399 4615; x_wconf 90' lang='lat' dir='ltr'><strong>tua,</strong></span> <span class='ocrx_word' id='word_1_851' title='bbox 2445 4560 2499 4605; x_wconf 90' lang='lat' dir='ltr'><strong>et</strong></span> <span class='ocrx_word' id='word_1_852' title='bbox 2529 4549 2598 4605; x_wconf 90' lang='lat' dir='ltr'><strong>de</strong></span> <span class='ocrx_word' id='word_1_853' title='bbox 2631 4549 2934 4604; x_wconf 90' lang='lat' dir='ltr'><strong>ministerio</strong></span> <span class='ocrx_word' id='word_1_854' title='bbox 2974 4559 3086 4613; x_wconf 92' lang='lat' dir='ltr'><strong>tuo,</strong></span> <span class='ocrx_word' id='word_1_855' title='bbox 3134 4548 3237 4602; x_wconf 92' lang='lat' dir='ltr'><strong>hoc</strong></span> <span class='ocrx_word' id='word_1_856' title='bbox 3271 4557 3376 4612; x_wconf 90' lang='lat' dir='ltr'><strong>est,</strong></span> <span class='ocrx_word' id='word_1_857' title='bbox 3426 4561 3585 4602; x_wconf 69' lang='lat' dir='ltr'><strong>caere-</strong></span> 
     </span>
    </p>
   </div>
   <div class='ocr_carea' id='block_1_107' title="bbox 2007 4638 3583 4711">
    <p class='ocr_par' dir='ltr' id='par_1_107' title="bbox 2007 4638 3583 4711">
     <span class='ocr_line' id='line_1_107' title="bbox 2007 4638 3583 4711; baseline -0.004 -14"><span class='ocrx_word' id='word_1_858' title='bbox 2007 4645 2208 4697; x_wconf 89' lang='lat' dir='ltr'><strong>tnoniis</strong></span> <span class='ocrx_word' id='word_1_859' title='bbox 2231 4642 2597 4706; x_wconf 88' lang='lat' dir='ltr'><strong>victimarum,</strong></span> <span class='ocrx_word' id='word_1_860' title='bbox 2621 4652 2679 4695; x_wconf 92' lang='lat' dir='ltr'><strong>ut</strong></span> <span class='ocrx_word' id='word_1_861' title='bbox 2699 4642 2988 4711; x_wconf 87' lang='lat' dir='ltr'><strong>impleatur</strong></span> <span class='ocrx_word' id='word_1_862' title='bbox 3009 4641 3136 4694; x_wconf 91' lang='lat' dir='ltr'><strong>illud</strong></span> <span class='ocrx_word' id='word_1_863' title='bbox 3156 4641 3300 4709; x_wconf 87' lang='lat' dir='ltr'><strong>quod</strong></span> <span class='ocrx_word' id='word_1_864' title='bbox 3325 4638 3583 4692; x_wconf 84' lang='lat' dir='ltr'><strong>scribitur</strong></span> 
     </span>
    </p>
   </div>
   <div class='ocr_carea' id='block_1_108' title="bbox 2008 4730 3582 4797">
    <p class='ocr_par' dir='ltr' id='par_1_108' title="bbox 2008 4730 3582 4797">
     <span class='ocr_line' id='line_1_108' title="bbox 2008 4730 3582 4797; baseline -0.005 -7"><span class='ocrx_word' id='word_1_865' title='bbox 2008 4733 2074 4790; x_wconf 69' lang='lat' dir='ltr'><strong>ad</strong></span> <span class='ocrx_word' id='word_1_866' title='bbox 2093 4734 2347 4790; x_wconf 72' lang='lat' dir='ltr'><strong>chrmos</strong></span> <span class='ocrx_word' id='word_1_867' title='bbox 2371 4733 2685 4791; x_wconf 82' lang='lat' dir='ltr'><strong>:Trauslato</strong></span> <span class='ocrx_word' id='word_1_868' title='bbox 2709 4730 3182 4797; x_wconf 32' lang='lat' dir='ltr'><strong>enim‘sacerdolio,</strong></span> <span class='ocrx_word' id='word_1_869' title='bbox 3206 4749 3408 4786; x_wconf 84' lang='lat' dir='ltr'><strong>necesse</strong></span> <span class='ocrx_word' id='word_1_870' title='bbox 3434 4741 3508 4786; x_wconf 82' lang='lat' dir='ltr'><strong>est</strong></span> <span class='ocrx_word' id='word_1_871' title='bbox 3527 4739 3582 4784; x_wconf 83' lang='lat' dir='ltr'><strong>ut</strong></span> 
     </span>
    </p>
   </div>
   <div class='ocr_carea' id='block_1_109' title="bbox 2008 4827 3582 4900">
    <p class='ocr_par' dir='ltr' id='par_1_109' title="bbox 2008 4827 3582 4900">
     <span class='ocr_line' id='line_1_109' title="bbox 2008 4827 3582 4900; baseline 0.001 -19"><span class='ocrx_word' id='word_1_872' title='bbox 2008 4829 2136 4898; x_wconf 79' lang='lat' dir='ltr'><strong>legis</strong></span> <span class='ocrx_word' id='word_1_873' title='bbox 2177 4831 2462 4884; x_wconf 75' lang='lat' dir='ltr'><strong>translatio</strong></span> <span class='ocrx_word' id='word_1_874' title='bbox 2505 4831 2599 4898; x_wconf 82' lang='lat' dir='ltr'><strong>ﬁat</strong></span> <span class='ocrx_word' id='word_1_875' title='bbox 2643 4829 2832 4900; x_wconf 82' lang='lat' dir='ltr'><strong>(llebr.</strong></span> <span class='ocrx_word' id='word_1_876' title='bbox 2867 4847 2962 4894; x_wconf 89' lang='lat' dir='ltr'><strong>vu,</strong></span> <span class='ocrx_word' id='word_1_877' title='bbox 2995 4829 3105 4898; x_wconf 67' lang='lat'><strong>12).</strong></span> <span class='ocrx_word' id='word_1_878' title='bbox 3136 4827 3270 4883; x_wconf 90' lang='lat' dir='ltr'><strong>Cum</strong></span> <span class='ocrx_word' id='word_1_879' title='bbox 3310 4837 3488 4882; x_wconf 89' lang='lat' dir='ltr'><strong>autem</strong></span> <span class='ocrx_word' id='word_1_880' title='bbox 3525 4837 3582 4882; x_wconf 87' lang='lat' dir='ltr'><strong>tu</strong></span> 
     </span>
    </p>
   </div>
   <div class='ocr_carea' id='block_1_110' title="bbox 2010 4919 3582 4989">
    <p class='ocr_par' dir='ltr' id='par_1_110' title="bbox 2010 4919 3582 4989">
     <span class='ocr_line' id='line_1_110' title="bbox 2010 4919 3582 4989; baseline -0.003 -13"><span class='ocrx_word' id='word_1_881' title='bbox 2010 4923 2215 4989; x_wconf 75' lang='lat' dir='ltr'><strong>eiectus</strong></span> <span class='ocrx_word' id='word_1_882' title='bbox 2263 4921 2428 4976; x_wconf 83' lang='lat' dir='ltr'><strong>fueris</strong></span> <span class='ocrx_word' id='word_1_883' title='bbox 2472 4924 2538 4976; x_wconf 90' lang='lat' dir='ltr'><strong>de</strong></span> <span class='ocrx_word' id='word_1_884' title='bbox 2591 4922 2894 4977; x_wconf 89' lang='lat' dir='ltr'><strong>ministerio</strong></span> <span class='ocrx_word' id='word_1_885' title='bbox 2940 4932 3053 4986; x_wconf 89' lang='lat' dir='ltr'><strong>tuo,</strong></span> <span class='ocrx_word' id='word_1_886' title='bbox 3099 4919 3304 4974; x_wconf 85' lang='lat' dir='ltr'><strong>vocabo</strong></span> <span class='ocrx_word' id='word_1_887' title='bbox 3359 4934 3582 4987; x_wconf 88' lang='lat' dir='ltr'><strong>puerum</strong></span> 
     </span>
    </p>
   </div>
   <div class='ocr_carea' id='block_1_111' title="bbox 2013 5009 3584 5080">
    <p class='ocr_par' dir='ltr' id='par_1_111' title="bbox 2013 5009 3584 5080">
     <span class='ocr_line' id='line_1_111' title="bbox 2013 5009 3584 5080; baseline 0.001 -16"><span class='ocrx_word' id='word_1_888' title='bbox 2013 5027 2194 5065; x_wconf 84' lang='lat' dir='ltr'><strong>meum</strong></span> <span class='ocrx_word' id='word_1_889' title='bbox 2240 5011 2486 5074; x_wconf 86' lang='lat' dir='ltr'><strong>Eliacim,</strong></span> <span class='ocrx_word' id='word_1_890' title='bbox 2520 5016 2604 5066; x_wconf 88' lang='lat' dir='ltr'><strong>cui</strong></span> <span class='ocrx_word' id='word_1_891' title='bbox 2647 5013 2754 5067; x_wconf 79' lang='lat' dir='ltr'><strong>dixi</strong></span> <span class='ocrx_word' id='word_1_892' title='bbox 2789 5023 2840 5066; x_wconf 88' lang='lat' dir='ltr'><strong>et</strong></span> <span class='ocrx_word' id='word_1_893' title='bbox 2871 5013 2923 5065; x_wconf 91' lang='lat' dir='ltr'><strong>in</strong></span> <span class='ocrx_word' id='word_1_894' title='bbox 2955 5012 3060 5065; x_wconf 91' lang='lat' dir='ltr'><strong>alio</strong></span> <span class='ocrx_word' id='word_1_895' title='bbox 3100 5009 3219 5064; x_wconf 88' lang='lat' dir='ltr'><strong>loco</strong></span> <span class='ocrx_word' id='word_1_896' title='bbox 3249 5025 3263 5060; x_wconf 89' lang='lat'>:</span> <span class='ocrx_word' id='word_1_897' title='bbox 3330 5009 3584 5080; x_wconf 82' lang='lat' dir='ltr'><strong>Magnum</strong></span> 
     </span>
    </p>
   </div>
   <div class='ocr_carea' id='block_1_112' title="bbox 2014 5099 3581 5173">
    <p class='ocr_par' dir='ltr' id='par_1_112' title="bbox 2014 5099 3581 5173">
     <span class='ocr_line' id='line_1_112' title="bbox 2014 5099 3581 5173; baseline -0.001 -18"><span class='ocrx_word' id='word_1_898' title='bbox 2014 5104 2108 5157; x_wconf 83' lang='lat' dir='ltr'><strong>tibi</strong></span> <span class='ocrx_word' id='word_1_899' title='bbox 2132 5114 2207 5157; x_wconf 84' lang='lat' dir='ltr'><strong>est</strong></span> <span class='ocrx_word' id='word_1_900' title='bbox 2239 5105 2415 5157; x_wconf 87' lang='lat' dir='ltr'><strong>vocari</strong></span> <span class='ocrx_word' id='word_1_901' title='bbox 2439 5113 2488 5157; x_wconf 78' lang='lat' dir='ltr'><strong>te</strong></span> <span class='ocrx_word' id='word_1_902' title='bbox 2511 5119 2728 5173; x_wconf 79' lang='lat' dir='ltr'><strong>puerum</strong></span> <span class='ocrx_word' id='word_1_903' title='bbox 2756 5118 2927 5156; x_wconf 81' lang='lat' dir='ltr'><strong>meum</strong></span> <span class='ocrx_word' id='word_1_904' title='bbox 2960 5100 3096 5172; x_wconf 84' lang='lat' dir='ltr'><strong>(lsa.</strong></span> <span class='ocrx_word' id='word_1_905' title='bbox 3129 5114 3277 5166; x_wconf 78' lang='lat' dir='ltr'><strong>xm,</strong></span> <span class='ocrx_word' id='word_1_906' title='bbox 3302 5099 3355 5163; x_wconf 86' lang='lat'><strong>6,</strong></span> <span class='ocrx_word' id='word_1_907' title='bbox 3386 5115 3581 5156; x_wconf 85' lang='lat' dir='ltr'><strong>secun-</strong></span> 
     </span>
    </p>
   </div>
   <div class='ocr_carea' id='block_1_113' title="bbox 2013 5193 3584 5268">
    <p class='ocr_par' dir='ltr' id='par_1_113' title="bbox 2013 5193 3584 5268">
     <span class='ocr_line' id='line_1_113' title="bbox 2013 5193 3584 5268; baseline -0.001 -18"><span class='ocrx_word' id='word_1_908' title='bbox 2013 5197 2139 5250; x_wconf 92' lang='lat' dir='ltr'><strong>dum</strong></span> <span class='ocrx_word' id='word_1_909' title='bbox 2178 5196 2360 5268; x_wconf 81' lang='lat' dir='ltr'><strong>LXX.)</strong></span> <span class='ocrx_word' id='word_1_910' title='bbox 2399 5197 2627 5250; x_wconf 83' lang='lat' dir='ltr'><strong>Eliacim</strong></span> <span class='ocrx_word' id='word_1_911' title='bbox 2670 5197 3056 5262; x_wconf 89' lang='lat' dir='ltr'><strong>interpretatur</strong></span> <span class='ocrx_word' id='word_1_912' title='bbox 3103 5210 3378 5265; x_wconf 83' lang='lat' dir='ltr'><strong>resurgens</strong></span> <span class='ocrx_word' id='word_1_913' title='bbox 3424 5193 3584 5256; x_wconf 80' lang='lat' dir='ltr'><strong>Deus,</strong></span> 
     </span>
    </p>
   </div>
   <div class='ocr_carea' id='block_1_114' title="bbox 2013 5286 3586 5357">
    <p class='ocr_par' dir='ltr' id='par_1_114' title="bbox 2013 5286 3586 5357">
     <span class='ocr_line' id='line_1_114' title="bbox 2013 5286 3586 5357; baseline -0.002 -14"><span class='ocrx_word' id='word_1_914' title='bbox 2013 5289 2128 5344; x_wconf 85' lang='lat' dir='ltr'><strong>sive</strong></span> <span class='ocrx_word' id='word_1_915' title='bbox 2161 5288 2258 5343; x_wconf 86' lang='lat' dir='ltr'><strong>Dei</strong></span> <span class='ocrx_word' id='word_1_916' title='bbox 2287 5292 2618 5344; x_wconf 78' lang='lat' dir='ltr'><strong>resurrectio.</strong></span> <span class='ocrx_word' id='word_1_917' title='bbox 2654 5289 2758 5343; x_wconf 87' lang='lat' dir='ltr'><strong>Iste</strong></span> <span class='ocrx_word' id='word_1_918' title='bbox 2790 5286 2954 5357; x_wconf 77' lang='lat' dir='ltr'><strong>igitur</strong></span> <span class='ocrx_word' id='word_1_919' title='bbox 2983 5302 3275 5356; x_wconf 87' lang='lat' dir='ltr'><strong>resurgens</strong></span> <span class='ocrx_word' id='word_1_920' title='bbox 3305 5287 3471 5350; x_wconf 82' lang='lat' dir='ltr'><strong>Deus,</strong></span> <span class='ocrx_word' id='word_1_921' title='bbox 3495 5287 3586 5356; x_wconf 92' lang='lat' dir='ltr'><strong>qui</strong></span> 
     </span>
    </p>
   </div>
   <div class='ocr_carea' id='block_1_115' title="bbox 2013 5462 3583 5536">
    <p class='ocr_par' dir='ltr' id='par_1_115' title="bbox 2013 5462 3583 5536">
     <span class='ocr_line' id='line_1_115' title="bbox 2013 5462 3583 5536; baseline -0.004 -14"><span class='ocrx_word' id='word_1_922' title='bbox 2013 5483 2128 5524; x_wconf 86' lang='lat' dir='ltr'><strong>rem</strong></span> <span class='ocrx_word' id='word_1_923' title='bbox 2187 5465 2667 5536; x_wconf 78' lang='lat' dir='ltr'><strong>Hicronymianam</strong></span> <span class='ocrx_word' id='word_1_924' title='bbox 2731 5463 2834 5517; x_wconf 89' lang='lat' dir='ltr'><strong>loci</strong></span> <span class='ocrx_word' id='word_1_925' title='bbox 2891 5462 3131 5536; x_wconf 84' lang='lat' dir='ltr'><strong>ejusdem</strong></span> <span class='ocrx_word' id='word_1_926' title='bbox 3187 5463 3583 5536; x_wconf 83' lang='lat' dir='ltr'><strong>recitationem.</strong></span> 
     </span>
    </p>
   </div>
   <div class='ocr_carea' id='block_1_116' title="bbox 2088 5534 3683 5602">
    <p class='ocr_par' dir='ltr' id='par_1_116' title="bbox 2088 5534 3683 5602">
     <span class='ocr_line' id='line_1_116' title="bbox 2088 5534 3683 5602; baseline -0.004 -11"><span class='ocrx_word' id='word_1_927' title='bbox 2088 5539 2108 5570; x_wconf 82' lang='lat'><strong><em>’</em></strong></span> <span class='ocrx_word' id='word_1_928' title='bbox 2152 5539 2365 5597; x_wconf 70' lang='lat' dir='ltr'><strong>Isthmo,</strong></span> <span class='ocrx_word' id='word_1_929' title='bbox 2397 5534 2465 5588; x_wconf 26' lang='grc' dir='ltr'><strong>*ει</strong></span> <span class='ocrx_word' id='word_1_930' title='bbox 2498 5539 2716 5601; x_wconf 84' lang='lat' dir='ltr'><strong>aperiet,</strong></span> <span class='ocrx_word' id='word_1_931' title='bbox 2760 5545 2809 5588; x_wconf 87' lang='lat' dir='ltr'><strong>et</strong></span> <span class='ocrx_word' id='word_1_932' title='bbox 2859 5550 2962 5587; x_wconf 87' lang='lat' dir='ltr'><strong>non</strong></span> <span class='ocrx_word' id='word_1_933' title='bbox 3003 5535 3101 5587; x_wconf 76' lang='lat' dir='ltr'><strong>erit</strong></span> <span class='ocrx_word' id='word_1_934' title='bbox 3143 5536 3230 5602; x_wconf 79' lang='lat' dir='ltr'><strong>qui</strong></span> <span class='ocrx_word' id='word_1_935' title='bbox 3268 5534 3502 5594; x_wconf 77' lang='lat' dir='ltr'><strong>claudat,</strong></span> <span class='ocrx_word' id='word_1_936' title='bbox 3538 5534 3588 5585; x_wconf 89' lang='lat' dir='ltr'><strong>in</strong></span> <span class='ocrx_word' id='word_1_937' title='bbox 3680 5559 3683 5561; x_wconf 50' lang='grc'>&gt;</span> 
     </span>
    </p>
   </div>
   <div class='ocr_carea' id='block_1_117' title="bbox 2014 5604 3591 5673">
    <p class='ocr_par' dir='ltr' id='par_1_117' title="bbox 2014 5604 3591 5673">
     <span class='ocr_line' id='line_1_117' title="bbox 2014 5604 3591 5673; baseline -0.003 -11"><span class='ocrx_word' id='word_1_938' title='bbox 2014 5608 2268 5662; x_wconf 78' lang='lat' dir='ltr'><strong>Martian.</strong></span> <span class='ocrx_word' id='word_1_939' title='bbox 2301 5606 2538 5659; x_wconf 89' lang='lat' dir='ltr'><strong>editione</strong></span> <span class='ocrx_word' id='word_1_940' title='bbox 2568 5607 2810 5661; x_wconf 79' lang='lat' dir='ltr'><strong>deerant.</strong></span> <span class='ocrx_word' id='word_1_941' title='bbox 2858 5604 2969 5659; x_wconf 78' lang='lat' dir='ltr'><strong>Nos</strong></span> <span class='ocrx_word' id='word_1_942' title='bbox 3021 5605 3224 5660; x_wconf 86' lang='lat' dir='ltr'><strong>leviora</strong></span> <span class='ocrx_word' id='word_1_943' title='bbox 3272 5604 3377 5657; x_wconf 85' lang='lat' dir='ltr'><strong>alia</strong></span> <span class='ocrx_word' id='word_1_944' title='bbox 3423 5616 3591 5673; x_wconf 77' lang='lat' dir='ltr'><strong>supra</strong></span> 
     </span>
    </p>
   </div>
   <div class='ocr_carea' id='block_1_118' title="bbox 2017 5676 2752 5750">
    <p class='ocr_par' dir='ltr' id='par_1_118' title="bbox 2017 5676 2752 5750">
     <span class='ocr_line' id='line_1_118' title="bbox 2017 5676 2752 5750; baseline -0.004 -15"><span class='ocrx_word' id='word_1_945' title='bbox 2017 5691 2180 5750; x_wconf 89' lang='lat' dir='ltr'><strong>atque</strong></span> <span class='ocrx_word' id='word_1_946' title='bbox 2207 5676 2345 5744; x_wconf 76' lang='lat' dir='ltr'><strong>intra</strong></span> <span class='ocrx_word' id='word_1_947' title='bbox 2378 5677 2752 5732; x_wconf 87' lang='lat' dir='ltr'><strong>emcndamus.</strong></span> 
     </span>
    </p>
   </div>
  </div>
