  <div class='ocr_page' id='page_1' title='image "/cluster/home/n/w/nwhite01/storage/ocr_20150623/24/hvd.32044096580485/147.png"; bbox 0 0 3972 6198; ppageno 0'>
   <div class='ocr_carea' id='block_1_1' title="bbox 392 278 499 339">
    <p class='ocr_par' dir='ltr' id='par_1_1' title="bbox 392 278 499 339">
     <span class='ocr_line' id='line_1_1' title="bbox 392 278 499 339; baseline 0.009 -1"><span class='ocrx_word' id='word_1_1' title='bbox 392 278 499 339; x_wconf 71' lang='lat'><strong>283</strong></span> 
     </span>
    </p>
   </div>
   <div class='ocr_carea' id='block_1_2' title="bbox 1550 270 2441 338">
    <p class='ocr_par' dir='ltr' id='par_1_2' title="bbox 1550 270 2441 338">
     <span class='ocr_line' id='line_1_2' title="bbox 1550 270 2441 338; baseline -0.003 -3"><span class='ocrx_word' id='word_1_2' title='bbox 1550 276 1613 338; x_wconf 93' lang='lat' dir='ltr'><strong>S.</strong></span> <span class='ocrx_word' id='word_1_3' title='bbox 1641 272 1957 336; x_wconf 84' lang='lat' dir='ltr'><strong>EUSEBII</strong></span> <span class='ocrx_word' id='word_1_4' title='bbox 2000 270 2441 334; x_wconf 68' lang='lat' dir='ltr'><strong>HIERONYME</strong></span> 
     </span>
    </p>
   </div>
   <div class='ocr_carea' id='block_1_3' title="bbox 3557 265 3665 327">
    <p class='ocr_par' dir='ltr' id='par_1_3' title="bbox 3557 265 3665 327">
     <span class='ocr_line' id='line_1_3' title="bbox 3557 265 3665 327; baseline 0.019 -2"><span class='ocrx_word' id='word_1_5' title='bbox 3557 265 3665 327; x_wconf 65' lang='lat' dir='ltr'><strong>2M</strong></span> 
     </span>
    </p>
   </div>
   <div class='ocr_carea' id='block_1_4' title="bbox 389 376 3667 455">
    <p class='ocr_par' dir='ltr' id='par_1_4' title="bbox 389 376 3667 455">
     <span class='ocr_line' id='line_1_4' title="bbox 389 376 3667 455; baseline -0.004 -11"><span class='ocrx_word' id='word_1_6' title='bbox 389 401 475 444; x_wconf 87' lang='lat' dir='ltr'><strong>est</strong></span> <span class='ocrx_word' id='word_1_7' title='bbox 520 388 662 444; x_wconf 87' lang='lat' dir='ltr'><strong>ﬁlius</strong></span> <span class='ocrx_word' id='word_1_8' title='bbox 706 384 928 451; x_wconf 73' lang='lat' dir='ltr'><strong>Ilelcite,</strong></span> <span class='ocrx_word' id='word_1_9' title='bbox 955 384 1007 439; x_wconf 94' lang='lat' dir='ltr'><strong>id</strong></span> <span class='ocrx_word' id='word_1_10' title='bbox 1038 385 1142 448; x_wconf 82' lang='lat' dir='ltr'><strong>est,</strong></span> <span class='ocrx_word' id='word_1_11' title='bbox 1169 385 1339 455; x_wconf 82' lang='lat' dir='ltr'><strong>partis</strong></span> <span class='ocrx_word' id='word_1_12' title='bbox 1374 382 1610 448; x_wconf 87' lang='lat' dir='ltr'><strong>Domini,</strong></span> <span class='ocrx_word' id='word_1_13' title='bbox 1638 386 1869 455; x_wconf 75' lang='lat' dir='ltr'><strong>accipiet</strong></span> <span class='ocrx_word' id='word_1_14' title='bbox 1899 385 1977 438; x_wconf 84' lang='lat' dir='ltr'><strong>lo-</strong></span> <span class='ocrx_word' id='word_1_15' title='bbox 2008 387 2059 445; x_wconf 78' lang='grc' dir='ltr'><strong>Α</strong></span> <span class='ocrx_word' id='word_1_16' title='bbox 2087 381 2330 437; x_wconf 76' lang='lat' dir='ltr'><strong>dictandi</strong></span> <span class='ocrx_word' id='word_1_17' title='bbox 2366 394 2503 450; x_wconf 88' lang='lat' dir='ltr'><strong>pene</strong></span> <span class='ocrx_word' id='word_1_18' title='bbox 2535 377 2825 449; x_wconf 65' lang='lat' dir='ltr'><strong>praeteriit,</strong></span> <span class='ocrx_word' id='word_1_19' title='bbox 2873 376 3076 431; x_wconf 85' lang='lat' dir='ltr'><strong>Sobnas</strong></span> <span class='ocrx_word' id='word_1_20' title='bbox 3104 377 3495 444; x_wconf 86' lang='lat' dir='ltr'><strong>interpretatur</strong></span> <span class='ocrx_word' id='word_1_21' title='bbox 3539 393 3667 431; x_wconf 75' lang='lat' dir='ltr'><strong>eca-</strong></span> 
     </span>
    </p>
   </div>
   <div class='ocr_carea' id='block_1_5' title="bbox 389 474 1971 544">
    <p class='ocr_par' dir='ltr' id='par_1_5' title="bbox 389 474 1971 544">
     <span class='ocr_line' id='line_1_5' title="bbox 389 474 1971 544; baseline -0.003 -9"><span class='ocrx_word' id='word_1_22' title='bbox 389 496 511 535; x_wconf 88' lang='lat' dir='ltr'><strong>cum</strong></span> <span class='ocrx_word' id='word_1_23' title='bbox 545 489 720 541; x_wconf 85' lang='lat' dir='ltr'><strong>tuum,</strong></span> <span class='ocrx_word' id='word_1_24' title='bbox 762 486 962 544; x_wconf 89' lang='lat' dir='ltr'><strong>tuaque</strong></span> <span class='ocrx_word' id='word_1_25' title='bbox 997 476 1253 530; x_wconf 88' lang='lat' dir='ltr'><strong>induetur</strong></span> <span class='ocrx_word' id='word_1_26' title='bbox 1296 474 1458 540; x_wconf 88' lang='lat' dir='ltr'><strong>stola,</strong></span> <span class='ocrx_word' id='word_1_27' title='bbox 1501 485 1556 530; x_wconf 90' lang='lat' dir='ltr'><strong>et</strong></span> <span class='ocrx_word' id='word_1_28' title='bbox 1602 477 1822 544; x_wconf 76' lang='lat' dir='ltr'><strong>cingulo</strong></span> <span class='ocrx_word' id='word_1_29' title='bbox 1876 487 1971 530; x_wconf 91' lang='lat' dir='ltr'><strong>tuo</strong></span> 
     </span>
    </p>
   </div>
   <div class='ocr_carea' id='block_1_6' title="bbox 392 567 1969 634">
    <p class='ocr_par' dir='ltr' id='par_1_6' title="bbox 392 567 1969 634">
     <span class='ocr_line' id='line_1_6' title="bbox 392 567 1969 634; baseline -0.001 -9"><span class='ocrx_word' id='word_1_30' title='bbox 392 571 811 633; x_wconf 88' lang='lat' dir='ltr'><strong>confortabitur,</strong></span> <span class='ocrx_word' id='word_1_31' title='bbox 839 577 895 622; x_wconf 93' lang='lat' dir='ltr'><strong>ut</strong></span> <span class='ocrx_word' id='word_1_32' title='bbox 921 568 1060 634; x_wconf 90' lang='lat' dir='ltr'><strong>quod</strong></span> <span class='ocrx_word' id='word_1_33' title='bbox 1086 575 1140 619; x_wconf 85' lang='grc' dir='ltr'><strong>ιιι</strong></span> <span class='ocrx_word' id='word_1_34' title='bbox 1163 567 1397 621; x_wconf 63' lang='lat' dir='ltr'><strong>habebas</strong></span> <span class='ocrx_word' id='word_1_35' title='bbox 1422 568 1475 620; x_wconf 89' lang='lat' dir='ltr'><strong>in</strong></span> <span class='ocrx_word' id='word_1_36' title='bbox 1502 567 1705 632; x_wconf 92' lang='lat' dir='ltr'><strong>littera,</strong></span> <span class='ocrx_word' id='word_1_37' title='bbox 1728 568 1819 622; x_wconf 90' lang='lat' dir='ltr'><strong>ille</strong></span> <span class='ocrx_word' id='word_1_38' title='bbox 1844 584 1969 634; x_wconf 82' lang='lat' dir='ltr'><strong>pos-</strong></span> 
     </span>
    </p>
   </div>
   <div class='ocr_carea' id='block_1_7' title="bbox 394 659 1971 731">
    <p class='ocr_par' dir='ltr' id='par_1_7' title="bbox 394 659 1971 731">
     <span class='ocr_line' id='line_1_7' title="bbox 394 659 1971 731; baseline -0.002 -13"><span class='ocrx_word' id='word_1_39' title='bbox 394 665 568 718; x_wconf 58' lang='lat' dir='ltr'><strong>sideat</strong></span> <span class='ocrx_word' id='word_1_40' title='bbox 595 663 648 716; x_wconf 91' lang='lat' dir='ltr'><strong>in</strong></span> <span class='ocrx_word' id='word_1_41' title='bbox 681 661 899 731; x_wconf 76' lang='lat' dir='ltr'><strong>spiritu,</strong></span> <span class='ocrx_word' id='word_1_42' title='bbox 928 669 983 714; x_wconf 91' lang='lat' dir='ltr'><strong>et</strong></span> <span class='ocrx_word' id='word_1_43' title='bbox 1014 660 1118 713; x_wconf 78' lang='lat' dir='ltr'><strong>erit</strong></span> <span class='ocrx_word' id='word_1_44' title='bbox 1148 670 1300 727; x_wconf 82' lang='lat' dir='ltr'><strong>paler</strong></span> <span class='ocrx_word' id='word_1_45' title='bbox 1331 659 1693 715; x_wconf 85' lang='lat' dir='ltr'><strong>habitantium</strong></span> <span class='ocrx_word' id='word_1_46' title='bbox 1726 661 1781 714; x_wconf 90' lang='lat' dir='ltr'><strong>in</strong></span> <span class='ocrx_word' id='word_1_47' title='bbox 1810 660 1971 715; x_wconf 87' lang='lat' dir='ltr'><strong>Jeru-</strong></span> 
     </span>
    </p>
   </div>
   <div class='ocr_carea' id='block_1_8' title="bbox 401 750 1971 821">
    <p class='ocr_par' dir='ltr' id='par_1_8' title="bbox 401 750 1971 821">
     <span class='ocr_line' id='line_1_8' title="bbox 401 750 1971 821; baseline -0.003 -12"><span class='ocrx_word' id='word_1_48' title='bbox 401 757 592 817; x_wconf 84' lang='lat' dir='ltr'><strong>salem,</strong></span> <span class='ocrx_word' id='word_1_49' title='bbox 631 756 731 808; x_wconf 90' lang='lat' dir='ltr'><strong>hoc</strong></span> <span class='ocrx_word' id='word_1_50' title='bbox 764 764 867 816; x_wconf 85' lang='lat' dir='ltr'><strong>est,</strong></span> <span class='ocrx_word' id='word_1_51' title='bbox 901 752 952 804; x_wconf 92' lang='lat' dir='ltr'><strong>in</strong></span> <span class='ocrx_word' id='word_1_52' title='bbox 991 751 1201 805; x_wconf 72' lang='lat' dir='ltr'><strong>visione</strong></span> <span class='ocrx_word' id='word_1_53' title='bbox 1235 750 1404 817; x_wconf 83' lang='lat' dir='ltr'><strong>pacis,</strong></span> <span class='ocrx_word' id='word_1_54' title='bbox 1431 766 1552 820; x_wconf 68' lang='lat' dir='ltr'><strong>quae</strong></span> <span class='ocrx_word' id='word_1_55' title='bbox 1585 751 1971 821; x_wconf 89' lang='lat' dir='ltr'><strong>interpretatur</strong></span> 
     </span>
    </p>
   </div>
   <div class='ocr_carea' id='block_1_9' title="bbox 401 840 1968 905">
    <p class='ocr_par' dir='ltr' id='par_1_9' title="bbox 401 840 1968 905">
     <span class='ocr_line' id='line_1_9' title="bbox 401 840 1968 905; baseline -0.001 -7"><span class='ocrx_word' id='word_1_56' title='bbox 401 844 663 905; x_wconf 81' lang='lat' dir='ltr'><strong>Ecclesia,</strong></span> <span class='ocrx_word' id='word_1_57' title='bbox 685 853 737 896; x_wconf 90' lang='lat' dir='ltr'><strong>et</strong></span> <span class='ocrx_word' id='word_1_58' title='bbox 758 843 938 896; x_wconf 81' lang='lat' dir='ltr'><strong>domui</strong></span> <span class='ocrx_word' id='word_1_59' title='bbox 967 841 1127 903; x_wconf 71' lang='lat' dir='ltr'><strong>Julia,</strong></span> <span class='ocrx_word' id='word_1_60' title='bbox 1156 840 1247 895; x_wconf 91' lang='lat' dir='ltr'><strong>ubi</strong></span> <span class='ocrx_word' id='word_1_61' title='bbox 1276 850 1357 895; x_wconf 91' lang='lat' dir='ltr'><strong>est</strong></span> <span class='ocrx_word' id='word_1_62' title='bbox 1384 840 1504 895; x_wconf 81' lang='lat' dir='ltr'><strong>fidei</strong></span> <span class='ocrx_word' id='word_1_63' title='bbox 1527 856 1649 895; x_wconf 89' lang='lat' dir='ltr'><strong>vera</strong></span> <span class='ocrx_word' id='word_1_64' title='bbox 1676 841 1968 896; x_wconf 79' lang='lat' dir='ltr'><strong>confessio.</strong></span> 
     </span>
    </p>
   </div>
   <div class='ocr_carea' id='block_1_10' title="bbox 400 930 1973 1003">
    <p class='ocr_par' dir='ltr' id='par_1_10' title="bbox 400 930 1973 1003">
     <span class='ocr_line' id='line_1_10' title="bbox 400 930 1973 1003; baseline -0.003 -12"><span class='ocrx_word' id='word_1_65' title='bbox 400 936 556 992; x_wconf 85' lang='lat' dir='ltr'><strong>Unde</strong></span> <span class='ocrx_word' id='word_1_66' title='bbox 603 936 716 1003; x_wconf 86' lang='lat' dir='ltr'><strong>ipse</strong></span> <span class='ocrx_word' id='word_1_67' title='bbox 759 933 825 987; x_wconf 89' lang='lat' dir='ltr'><strong>ad</strong></span> <span class='ocrx_word' id='word_1_68' title='bbox 872 933 1158 1002; x_wconf 83' lang='lat' dir='ltr'><strong>Apostolus</strong></span> <span class='ocrx_word' id='word_1_69' title='bbox 1201 931 1440 1000; x_wconf 86' lang='lat' dir='ltr'><strong>loquitur</strong></span> <span class='ocrx_word' id='word_1_70' title='bbox 1480 946 1495 985; x_wconf 90' lang='lat'><strong>:</strong></span> <span class='ocrx_word' id='word_1_71' title='bbox 1547 930 1757 998; x_wconf 82' lang='lat' dir='ltr'><strong>Filioli,</strong></span> <span class='ocrx_word' id='word_1_72' title='bbox 1801 935 1973 987; x_wconf 85' lang='lat' dir='ltr'><strong>adhuc</strong></span> 
     </span>
    </p>
   </div>
   <div class='ocr_carea' id='block_1_11' title="bbox 398 1024 1971 1093">
    <p class='ocr_par' dir='ltr' id='par_1_11' title="bbox 398 1024 1971 1093">
     <span class='ocr_line' id='line_1_11' title="bbox 398 1024 1971 1093; baseline -0.001 -15"><span class='ocrx_word' id='word_1_73' title='bbox 398 1028 662 1079; x_wconf 84' lang='lat' dir='ltr'><strong>modicum</strong></span> <span class='ocrx_word' id='word_1_74' title='bbox 710 1026 973 1079; x_wconf 82' lang='lat' dir='ltr'><strong>vobiscum</strong></span> <span class='ocrx_word' id='word_1_75' title='bbox 1030 1042 1148 1077; x_wconf 84' lang='lat' dir='ltr'><strong>sum</strong></span> <span class='ocrx_word' id='word_1_76' title='bbox 1208 1024 1394 1093; x_wconf 84' lang='lat' dir='ltr'><strong>(Joan.</strong></span> <span class='ocrx_word' id='word_1_77' title='bbox 1449 1040 1567 1089; x_wconf 73' lang='lat' dir='ltr'><strong>xm,</strong></span> <span class='ocrx_word' id='word_1_78' title='bbox 1624 1025 1737 1092; x_wconf 79' lang='grc'><strong>55).</strong></span> <span class='ocrx_word' id='word_1_79' title='bbox 1790 1025 1855 1081; x_wconf 86' lang='lat' dir='ltr'><strong>Et</strong></span> <span class='ocrx_word' id='word_1_80' title='bbox 1905 1028 1971 1079; x_wconf 85' lang='lat' dir='ltr'><strong>ai</strong></span> 
     </span>
    </p>
   </div>
   <div class='ocr_carea' id='block_1_12' title="bbox 401 1115 1971 1186">
    <p class='ocr_par' dir='ltr' id='par_1_12' title="bbox 401 1115 1971 1186">
     <span class='ocr_line' id='line_1_12' title="bbox 401 1115 1971 1186; baseline 0.001 -17"><span class='ocrx_word' id='word_1_81' title='bbox 401 1121 565 1171; x_wconf 86' lang='lat' dir='ltr'><strong>alium</strong></span> <span class='ocrx_word' id='word_1_82' title='bbox 600 1135 614 1171; x_wconf 91' lang='lat'><strong>:</strong></span> <span class='ocrx_word' id='word_1_83' title='bbox 650 1115 780 1173; x_wconf 86' lang='lat' dir='ltr'><strong>Fili.</strong></span> <span class='ocrx_word' id='word_1_84' title='bbox 809 1118 1152 1169; x_wconf 80' lang='lat' dir='ltr'><strong>dimittuntur</strong></span> <span class='ocrx_word' id='word_1_85' title='bbox 1176 1116 1267 1168; x_wconf 88' lang='lat' dir='ltr'><strong>tibi</strong></span> <span class='ocrx_word' id='word_1_86' title='bbox 1295 1128 1509 1184; x_wconf 79' lang='lat' dir='ltr'><strong>peccata</strong></span> <span class='ocrx_word' id='word_1_87' title='bbox 1535 1128 1624 1169; x_wconf 90' lang='lat' dir='ltr'><strong>tua</strong></span> <span class='ocrx_word' id='word_1_88' title='bbox 1650 1116 1867 1186; x_wconf 82' lang='lat' dir='ltr'><strong>(Matth.</strong></span> <span class='ocrx_word' id='word_1_89' title='bbox 1895 1134 1971 1183; x_wconf 78' lang='lat' dir='ltr'><strong>lx,</strong></span> 
     </span>
    </p>
   </div>
   <div class='ocr_carea' id='block_1_13' title="bbox 401 1207 1970 1279">
    <p class='ocr_par' dir='ltr' id='par_1_13' title="bbox 401 1207 1970 1279">
     <span class='ocr_line' id='line_1_13' title="bbox 401 1207 1970 1279; baseline 0.001 -16"><span class='ocrx_word' id='word_1_90' title='bbox 401 1212 480 1277; x_wconf 72' lang='lat'><strong>2).</strong></span> <span class='ocrx_word' id='word_1_91' title='bbox 514 1210 577 1262; x_wconf 88' lang='lat' dir='ltr'><strong>Et</strong></span> <span class='ocrx_word' id='word_1_92' title='bbox 599 1210 665 1263; x_wconf 90' lang='lat' dir='ltr'><strong>ad</strong></span> <span class='ocrx_word' id='word_1_93' title='bbox 687 1209 844 1261; x_wconf 83' lang='lat' dir='ltr'><strong>aliam</strong></span> <span class='ocrx_word' id='word_1_94' title='bbox 875 1225 889 1260; x_wconf 86' lang='lat'><strong>:</strong></span> <span class='ocrx_word' id='word_1_95' title='bbox 915 1207 1076 1271; x_wconf 86' lang='lat' dir='ltr'><strong>Filia,</strong></span> <span class='ocrx_word' id='word_1_96' title='bbox 1105 1208 1233 1268; x_wconf 80' lang='lat' dir='ltr'><strong>ﬁdes</strong></span> <span class='ocrx_word' id='word_1_97' title='bbox 1253 1219 1343 1261; x_wconf 86' lang='lat' dir='ltr'><strong>tua</strong></span> <span class='ocrx_word' id='word_1_98' title='bbox 1367 1221 1414 1261; x_wconf 88' lang='lat' dir='ltr'><strong>te</strong></span> <span class='ocrx_word' id='word_1_99' title='bbox 1442 1210 1643 1263; x_wconf 87' lang='lat' dir='ltr'><strong>salvam</strong></span> <span class='ocrx_word' id='word_1_100' title='bbox 1666 1211 1790 1279; x_wconf 82' lang='lat' dir='ltr'><strong>fecit</strong></span> <span class='ocrx_word' id='word_1_101' title='bbox 1819 1210 1970 1279; x_wconf 85' lang='lat' dir='ltr'><strong>(an.</strong></span> 
     </span>
    </p>
   </div>
   <div class='ocr_carea' id='block_1_14' title="bbox 404 1288 1973 1372">
    <p class='ocr_par' dir='ltr' id='par_1_14' title="bbox 404 1288 1973 1372">
     <span class='ocr_line' id='line_1_14' title="bbox 404 1288 1973 1372; baseline 0.001 -17"><span class='ocrx_word' id='word_1_102' title='bbox 404 1318 502 1363; x_wconf 89' lang='lat' dir='ltr'><strong>vn,</strong></span> <span class='ocrx_word' id='word_1_103' title='bbox 536 1300 647 1370; x_wconf 85' lang='lat'><strong>50).</strong></span> <span class='ocrx_word' id='word_1_104' title='bbox 678 1299 846 1366; x_wconf 82' lang='lat' dir='ltr'><strong>Dabo,</strong></span> <span class='ocrx_word' id='word_1_105' title='bbox 880 1300 1074 1367; x_wconf 89' lang='lat' dir='ltr'><strong>inquit,</strong></span> <span class='ocrx_word' id='word_1_106' title='bbox 1108 1300 1157 1353; x_wconf 92' lang='lat' dir='ltr'><strong>ei</strong></span> <span class='ocrx_word' id='word_1_107' title='bbox 1178 1288 1395 1353; x_wconf 63' lang='lat' dir='ltr'><strong>&#39;clavem</strong></span> <span class='ocrx_word' id='word_1_108' title='bbox 1427 1300 1621 1355; x_wconf 89' lang='lat' dir='ltr'><strong>domus</strong></span> <span class='ocrx_word' id='word_1_109' title='bbox 1656 1301 1849 1368; x_wconf 80' lang='lat' dir='ltr'><strong>David,</strong></span> <span class='ocrx_word' id='word_1_110' title='bbox 1882 1304 1973 1372; x_wconf 92' lang='lat' dir='ltr'><strong>qui</strong></span> 
     </span>
    </p>
   </div>
   <div class='ocr_carea' id='block_1_15' title="bbox 406 1392 1976 1462">
    <p class='ocr_par' dir='ltr' id='par_1_15' title="bbox 406 1392 1976 1462">
     <span class='ocr_line' id='line_1_15' title="bbox 406 1392 1976 1462; baseline 0.002 -17"><span class='ocrx_word' id='word_1_111' title='bbox 406 1394 603 1459; x_wconf 89' lang='lat' dir='ltr'><strong>aperit,</strong></span> <span class='ocrx_word' id='word_1_112' title='bbox 627 1402 682 1447; x_wconf 89' lang='lat' dir='ltr'><strong>et</strong></span> <span class='ocrx_word' id='word_1_113' title='bbox 707 1407 863 1446; x_wconf 92' lang='lat' dir='ltr'><strong>nemo</strong></span> <span class='ocrx_word' id='word_1_114' title='bbox 886 1392 1125 1458; x_wconf 81' lang='lat' dir='ltr'><strong>claudit;</strong></span> <span class='ocrx_word' id='word_1_115' title='bbox 1157 1394 1249 1459; x_wconf 90' lang='lat' dir='ltr'><strong>qui</strong></span> <span class='ocrx_word' id='word_1_116' title='bbox 1278 1392 1498 1450; x_wconf 88' lang='lat' dir='ltr'><strong>claudit.</strong></span> <span class='ocrx_word' id='word_1_117' title='bbox 1533 1403 1587 1447; x_wconf 92' lang='lat' dir='ltr'><strong>et</strong></span> <span class='ocrx_word' id='word_1_118' title='bbox 1620 1410 1777 1447; x_wconf 91' lang='lat' dir='ltr'><strong>nemo</strong></span> <span class='ocrx_word' id='word_1_119' title='bbox 1804 1395 1976 1462; x_wconf 88' lang='lat' dir='ltr'><strong>aperit</strong></span> 
     </span>
    </p>
   </div>
   <div class='ocr_carea' id='block_1_16' title="bbox 408 1482 1974 1552">
    <p class='ocr_par' dir='ltr' id='par_1_16' title="bbox 408 1482 1974 1552">
     <span class='ocr_line' id='line_1_16' title="bbox 408 1482 1974 1552; baseline 0 -16"><span class='ocrx_word' id='word_1_120' title='bbox 408 1482 593 1551; x_wconf 72' lang='lat' dir='ltr'><strong>(Apoc.</strong></span> <span class='ocrx_word' id='word_1_121' title='bbox 632 1482 739 1552; x_wconf 85' lang='lat' dir='ltr'><strong>tn).</strong></span> <span class='ocrx_word' id='word_1_122' title='bbox 774 1484 836 1538; x_wconf 91' lang='lat' dir='ltr'><strong>Et</strong></span> <span class='ocrx_word' id='word_1_123' title='bbox 878 1485 991 1537; x_wconf 62' lang='lat' dir='ltr'><strong>haec</strong></span> <span class='ocrx_word' id='word_1_124' title='bbox 1022 1484 1131 1552; x_wconf 91' lang='lat' dir='ltr'><strong>ipsa</strong></span> <span class='ocrx_word' id='word_1_125' title='bbox 1167 1484 1334 1537; x_wconf 89' lang='lat' dir='ltr'><strong>clavis</strong></span> <span class='ocrx_word' id='word_1_126' title='bbox 1366 1484 1467 1537; x_wconf 90' lang='lat' dir='ltr'><strong>erit</strong></span> <span class='ocrx_word' id='word_1_127' title='bbox 1498 1499 1660 1552; x_wconf 89' lang='lat' dir='ltr'><strong>super</strong></span> <span class='ocrx_word' id='word_1_128' title='bbox 1688 1484 1974 1538; x_wconf 84' lang='lat' dir='ltr'><strong>humerum</strong></span> 
     </span>
    </p>
   </div>
   <div class='ocr_carea' id='block_1_17' title="bbox 406 1574 1977 1645">
    <p class='ocr_par' dir='ltr' id='par_1_17' title="bbox 406 1574 1977 1645">
     <span class='ocr_line' id='line_1_17' title="bbox 406 1574 1977 1645; baseline 0.001 -18"><span class='ocrx_word' id='word_1_129' title='bbox 406 1574 547 1643; x_wconf 91' lang='lat' dir='ltr'><strong>ejus,</strong></span> <span class='ocrx_word' id='word_1_130' title='bbox 582 1576 681 1627; x_wconf 89' lang='lat' dir='ltr'><strong>hoc</strong></span> <span class='ocrx_word' id='word_1_131' title='bbox 709 1584 811 1637; x_wconf 85' lang='lat' dir='ltr'><strong>est,</strong></span> <span class='ocrx_word' id='word_1_132' title='bbox 846 1574 900 1627; x_wconf 91' lang='lat' dir='ltr'><strong>in</strong></span> <span class='ocrx_word' id='word_1_133' title='bbox 938 1576 1212 1642; x_wconf 86' lang='lat' dir='ltr'><strong>passione,</strong></span> <span class='ocrx_word' id='word_1_134' title='bbox 1243 1576 1395 1642; x_wconf 84' lang='lat' dir='ltr'><strong>juxta</strong></span> <span class='ocrx_word' id='word_1_135' title='bbox 1433 1574 1561 1627; x_wconf 92' lang='lat' dir='ltr'><strong>illud</strong></span> <span class='ocrx_word' id='word_1_136' title='bbox 1602 1577 1743 1645; x_wconf 83' lang='lat' dir='ltr'><strong>quod</strong></span> <span class='ocrx_word' id='word_1_137' title='bbox 1778 1575 1829 1629; x_wconf 92' lang='lat' dir='ltr'><strong>in</strong></span> <span class='ocrx_word' id='word_1_138' title='bbox 1869 1576 1977 1628; x_wconf 89' lang='lat' dir='ltr'><strong>alio</strong></span> 
     </span>
    </p>
   </div>
   <div class='ocr_carea' id='block_1_18' title="bbox 408 1665 1973 1735">
    <p class='ocr_par' dir='ltr' id='par_1_18' title="bbox 408 1665 1973 1735">
     <span class='ocr_line' id='line_1_18' title="bbox 408 1665 1973 1735; baseline -0.001 -16"><span class='ocrx_word' id='word_1_139' title='bbox 408 1667 525 1719; x_wconf 81' lang='lat' dir='ltr'><strong>loro</strong></span> <span class='ocrx_word' id='word_1_140' title='bbox 566 1668 823 1719; x_wconf 79' lang='lat' dir='ltr'><strong>scribitur</strong></span> <span class='ocrx_word' id='word_1_141' title='bbox 869 1682 882 1717; x_wconf 92' lang='lat'>:</span> <span class='ocrx_word' id='word_1_142' title='bbox 928 1665 1100 1735; x_wconf 86' lang='lat' dir='ltr'><strong>Cujus</strong></span> <span class='ocrx_word' id='word_1_143' title='bbox 1137 1668 1463 1734; x_wconf 81' lang='lat' dir='ltr'><strong>principatus</strong></span> <span class='ocrx_word' id='word_1_144' title='bbox 1503 1683 1657 1731; x_wconf 87' lang='lat' dir='ltr'><strong>super</strong></span> <span class='ocrx_word' id='word_1_145' title='bbox 1700 1666 1973 1720; x_wconf 81' lang='lat' dir='ltr'><strong>humerum</strong></span> 
     </span>
    </p>
   </div>
   <div class='ocr_carea' id='block_1_19' title="bbox 404 1755 1966 1827">
    <p class='ocr_par' dir='ltr' id='par_1_19' title="bbox 404 1755 1966 1827">
     <span class='ocr_line' id='line_1_19' title="bbox 404 1755 1966 1827; baseline 0.003 -18"><span class='ocrx_word' id='word_1_146' title='bbox 404 1755 518 1816; x_wconf 76' lang='lat' dir='ltr'><strong>eius</strong></span> <span class='ocrx_word' id='word_1_147' title='bbox 552 1755 685 1827; x_wconf 88' lang='lat' dir='ltr'><strong>(Isa.</strong></span> <span class='ocrx_word' id='word_1_148' title='bbox 720 1774 794 1817; x_wconf 73' lang='lat' dir='ltr'><strong>tit,</strong></span> <span class='ocrx_word' id='word_1_149' title='bbox 820 1757 897 1813; x_wconf 89' lang='lat'><strong>6).</strong></span> <span class='ocrx_word' id='word_1_150' title='bbox 925 1756 1081 1821; x_wconf 82' lang='lat' dir='ltr'><strong>Quod</strong></span> <span class='ocrx_word' id='word_1_151' title='bbox 1108 1759 1251 1810; x_wconf 76' lang='lat' dir='ltr'><strong>enim</strong></span> <span class='ocrx_word' id='word_1_152' title='bbox 1285 1759 1373 1814; x_wconf 84' lang='lat' dir='ltr'><strong>ille</strong></span> <span class='ocrx_word' id='word_1_153' title='bbox 1409 1774 1500 1810; x_wconf 78' lang='lat' dir='ltr'><strong>sua</strong></span> <span class='ocrx_word' id='word_1_154' title='bbox 1534 1758 1786 1825; x_wconf 78' lang='lat' dir='ltr'><strong>passione</strong></span> <span class='ocrx_word' id='word_1_155' title='bbox 1827 1775 1966 1813; x_wconf 78' lang='lat' dir='ltr'><strong>rese-</strong></span> 
     </span>
    </p>
   </div>
   <div class='ocr_carea' id='block_1_20' title="bbox 409 1847 1974 1915">
    <p class='ocr_par' dir='ltr' id='par_1_20' title="bbox 409 1847 1974 1915">
     <span class='ocr_line' id='line_1_20' title="bbox 409 1847 1974 1915; baseline 0 -13"><span class='ocrx_word' id='word_1_156' title='bbox 409 1847 631 1909; x_wconf 88' lang='lat' dir='ltr'><strong>raverit,</strong></span> <span class='ocrx_word' id='word_1_157' title='bbox 678 1847 852 1901; x_wconf 83' lang='lat' dir='ltr'><strong>claudi</strong></span> <span class='ocrx_word' id='word_1_158' title='bbox 892 1864 996 1900; x_wconf 91' lang='lat' dir='ltr'><strong>non</strong></span> <span class='ocrx_word' id='word_1_159' title='bbox 1042 1847 1275 1915; x_wconf 83' lang='lat' dir='ltr'><strong>poterit;</strong></span> <span class='ocrx_word' id='word_1_160' title='bbox 1323 1858 1378 1902; x_wconf 86' lang='lat' dir='ltr'><strong>et;</strong></span> <span class='ocrx_word' id='word_1_161' title='bbox 1421 1851 1561 1915; x_wconf 88' lang='lat' dir='ltr'><strong>quod</strong></span> <span class='ocrx_word' id='word_1_162' title='bbox 1605 1849 1865 1901; x_wconf 82' lang='lat' dir='ltr'><strong>clauserit</strong></span> <span class='ocrx_word' id='word_1_163' title='bbox 1922 1849 1974 1902; x_wconf 90' lang='lat' dir='ltr'><strong>in</strong></span> 
     </span>
    </p>
   </div>
   <div class='ocr_carea' id='block_1_21' title="bbox 405 1935 1979 2008">
    <p class='ocr_par' dir='ltr' id='par_1_21' title="bbox 405 1935 1979 2008">
     <span class='ocr_line' id='line_1_21' title="bbox 405 1935 1979 2008; baseline -0.001 -15"><span class='ocrx_word' id='word_1_164' title='bbox 405 1939 742 1993; x_wconf 55' lang='lat' dir='ltr'><strong>caretttoiiiis</strong></span> <span class='ocrx_word' id='word_1_165' title='bbox 765 1935 1097 2003; x_wconf 73' lang='lat' dir='ltr'><strong>Jndmorum,</strong></span> <span class='ocrx_word' id='word_1_166' title='bbox 1123 1953 1151 1990; x_wconf 90' lang='lat' dir='ltr'><strong>a</strong></span> <span class='ocrx_word' id='word_1_167' title='bbox 1178 1938 1324 1991; x_wconf 94' lang='lat' dir='ltr'><strong>nullo</strong></span> <span class='ocrx_word' id='word_1_168' title='bbox 1348 1939 1453 1990; x_wconf 86' lang='lat' dir='ltr'><strong>alio</strong></span> <span class='ocrx_word' id='word_1_169' title='bbox 1475 1938 1767 2005; x_wconf 89' lang='lat' dir='ltr'><strong>aperietur.</strong></span> <span class='ocrx_word' id='word_1_170' title='bbox 1796 1939 1979 2008; x_wconf 88' lang='lat' dir='ltr'><strong>Figam</strong></span> 
     </span>
    </p>
   </div>
   <div class='ocr_carea' id='block_1_22' title="bbox 408 2029 1981 2100">
    <p class='ocr_par' dir='ltr' id='par_1_22' title="bbox 408 2029 1981 2100">
     <span class='ocr_line' id='line_1_22' title="bbox 408 2029 1981 2100; baseline 0.002 -17"><span class='ocrx_word' id='word_1_171' title='bbox 408 2032 551 2083; x_wconf 87' lang='lat' dir='ltr'><strong>enim</strong></span> <span class='ocrx_word' id='word_1_172' title='bbox 599 2031 747 2084; x_wconf 87' lang='lat' dir='ltr'><strong>illttm</strong></span> <span class='ocrx_word' id='word_1_173' title='bbox 800 2031 1053 2100; x_wconf 90' lang='lat' dir='ltr'><strong>paxillum</strong></span> <span class='ocrx_word' id='word_1_174' title='bbox 1099 2031 1152 2084; x_wconf 92' lang='lat' dir='ltr'><strong>in</strong></span> <span class='ocrx_word' id='word_1_175' title='bbox 1191 2031 1309 2084; x_wconf 88' lang='lat' dir='ltr'><strong>loco</strong></span> <span class='ocrx_word' id='word_1_176' title='bbox 1354 2030 1517 2095; x_wconf 87' lang='lat' dir='ltr'><strong>ﬁdeli,</strong></span> <span class='ocrx_word' id='word_1_177' title='bbox 1556 2029 1645 2083; x_wconf 89' lang='lat' dir='ltr'><strong>ubi</strong></span> <span class='ocrx_word' id='word_1_178' title='bbox 1682 2041 1981 2086; x_wconf 86' lang='lat' dir='ltr'><strong>conventus</strong></span> 
     </span>
    </p>
   </div>
   <div class='ocr_carea' id='block_1_23' title="bbox 411 2118 1983 2175">
    <p class='ocr_par' dir='ltr' id='par_1_23' title="bbox 411 2118 1983 2175">
     <span class='ocr_line' id='line_1_23' title="bbox 411 2118 1983 2175; baseline 0.002 -3"><span class='ocrx_word' id='word_1_179' title='bbox 411 2118 676 2173; x_wconf 82' lang='lat' dir='ltr'><strong>Fidelium</strong></span> <span class='ocrx_word' id='word_1_180' title='bbox 707 2130 812 2174; x_wconf 86' lang='lat' dir='ltr'><strong>est.</strong></span> <span class='ocrx_word' id='word_1_181' title='bbox 853 2119 1005 2173; x_wconf 84' lang='lat' dir='ltr'><strong>Unde</strong></span> <span class='ocrx_word' id='word_1_182' title='bbox 1041 2132 1093 2173; x_wconf 89' lang='lat' dir='ltr'><strong>et</strong></span> <span class='ocrx_word' id='word_1_183' title='bbox 1124 2121 1411 2175; x_wconf 81' lang='lat' dir='ltr'><strong>credentes</strong></span> <span class='ocrx_word' id='word_1_184' title='bbox 1445 2120 1499 2172; x_wconf 88' lang='lat' dir='ltr'><strong>in</strong></span> <span class='ocrx_word' id='word_1_185' title='bbox 1544 2119 1761 2174; x_wconf 84' lang='lat' dir='ltr'><strong>Christo</strong></span> <span class='ocrx_word' id='word_1_186' title='bbox 1799 2122 1983 2175; x_wconf 82' lang='lat' dir='ltr'><strong>ﬁdeles</strong></span> 
     </span>
    </p>
   </div>
   <div class='ocr_carea' id='block_1_24' title="bbox 410 2212 1983 2283">
    <p class='ocr_par' dir='ltr' id='par_1_24' title="bbox 410 2212 1983 2283">
     <span class='ocr_line' id='line_1_24' title="bbox 410 2212 1983 2283; baseline 0 -17"><span class='ocrx_word' id='word_1_187' title='bbox 410 2214 771 2283; x_wconf 84' lang='lat' dir='ltr'><strong>appellantur.</strong></span> <span class='ocrx_word' id='word_1_188' title='bbox 805 2213 865 2266; x_wconf 91' lang='lat' dir='ltr'><strong>Et</strong></span> <span class='ocrx_word' id='word_1_189' title='bbox 905 2213 1009 2267; x_wconf 86' lang='lat' dir='ltr'><strong>erit</strong></span> <span class='ocrx_word' id='word_1_190' title='bbox 1042 2215 1095 2266; x_wconf 92' lang='lat' dir='ltr'><strong>in</strong></span> <span class='ocrx_word' id='word_1_191' title='bbox 1130 2214 1325 2265; x_wconf 88' lang='lat' dir='ltr'><strong>solium</strong></span> <span class='ocrx_word' id='word_1_192' title='bbox 1361 2212 1545 2280; x_wconf 58' lang='lat' dir='ltr'><strong>gloriae</strong></span> <span class='ocrx_word' id='word_1_193' title='bbox 1578 2215 1772 2266; x_wconf 90' lang='lat' dir='ltr'><strong>domus</strong></span> <span class='ocrx_word' id='word_1_194' title='bbox 1813 2212 1983 2282; x_wconf 90' lang='lat' dir='ltr'><strong>patris</strong></span> 
     </span>
    </p>
   </div>
   <div class='ocr_carea' id='block_1_25' title="bbox 412 2305 1984 2375">
    <p class='ocr_par' dir='ltr' id='par_1_25' title="bbox 412 2305 1984 2375">
     <span class='ocr_line' id='line_1_25' title="bbox 412 2305 1984 2375; baseline -0.004 -15"><span class='ocrx_word' id='word_1_195' title='bbox 412 2308 518 2370; x_wconf 83' lang='lat' dir='ltr'><strong>sui,</strong></span> <span class='ocrx_word' id='word_1_196' title='bbox 545 2308 645 2360; x_wconf 92' lang='lat' dir='ltr'><strong>hoc</strong></span> <span class='ocrx_word' id='word_1_197' title='bbox 673 2316 753 2360; x_wconf 86' lang='lat' dir='ltr'><strong>est</strong></span> <span class='ocrx_word' id='word_1_198' title='bbox 775 2305 1071 2369; x_wconf 70' lang='lat' dir='ltr'><strong>Ecclesiae;</strong></span> <span class='ocrx_word' id='word_1_199' title='bbox 1102 2314 1156 2359; x_wconf 88' lang='lat' dir='ltr'><strong>et</strong></span> <span class='ocrx_word' id='word_1_200' title='bbox 1184 2309 1514 2375; x_wconf 75' lang='lat' dir='ltr'><strong>suspendant</strong></span> <span class='ocrx_word' id='word_1_201' title='bbox 1537 2319 1701 2373; x_wconf 84' lang='lat' dir='ltr'><strong>super</strong></span> <span class='ocrx_word' id='word_1_202' title='bbox 1721 2320 1843 2359; x_wconf 90' lang='lat' dir='ltr'><strong>eum</strong></span> <span class='ocrx_word' id='word_1_203' title='bbox 1870 2320 1984 2361; x_wconf 90' lang='lat' dir='ltr'><strong>0m-</strong></span> 
     </span>
    </p>
   </div>
   <div class='ocr_carea' id='block_1_26' title="bbox 412 2395 1987 2468">
    <p class='ocr_par' dir='ltr' id='par_1_26' title="bbox 412 2395 1987 2468">
     <span class='ocr_line' id='line_1_26' title="bbox 412 2395 1987 2468; baseline 0.001 -17"><span class='ocrx_word' id='word_1_204' title='bbox 412 2412 532 2451; x_wconf 90' lang='lat' dir='ltr'><strong>nem</strong></span> <span class='ocrx_word' id='word_1_205' title='bbox 558 2397 782 2468; x_wconf 81' lang='lat' dir='ltr'><strong>gloriam</strong></span> <span class='ocrx_word' id='word_1_206' title='bbox 802 2397 994 2451; x_wconf 87' lang='lat' dir='ltr'><strong>domus</strong></span> <span class='ocrx_word' id='word_1_207' title='bbox 1015 2396 1183 2466; x_wconf 87' lang='lat' dir='ltr'><strong>patris</strong></span> <span class='ocrx_word' id='word_1_208' title='bbox 1200 2398 1340 2466; x_wconf 84' lang='lat' dir='ltr'><strong>ejus.</strong></span> <span class='ocrx_word' id='word_1_209' title='bbox 1361 2396 1517 2451; x_wconf 90' lang='lat' dir='ltr'><strong>Unde</strong></span> <span class='ocrx_word' id='word_1_210' title='bbox 1541 2406 1596 2450; x_wconf 89' lang='lat' dir='ltr'><strong>et</strong></span> <span class='ocrx_word' id='word_1_211' title='bbox 1618 2398 1668 2449; x_wconf 90' lang='lat' dir='ltr'><strong>in</strong></span> <span class='ocrx_word' id='word_1_212' title='bbox 1692 2395 1987 2466; x_wconf 84' lang='lat' dir='ltr'><strong>Evangelio</strong></span> 
     </span>
    </p>
   </div>
   <div class='ocr_carea' id='block_1_27' title="bbox 410 2487 1984 2558">
    <p class='ocr_par' dir='ltr' id='par_1_27' title="bbox 410 2487 1984 2558">
     <span class='ocr_line' id='line_1_27' title="bbox 410 2487 1984 2558; baseline -0.001 -15"><span class='ocrx_word' id='word_1_213' title='bbox 410 2490 671 2543; x_wconf 86' lang='lat' dir='ltr'><strong>scribitur</strong></span> <span class='ocrx_word' id='word_1_214' title='bbox 700 2508 712 2543; x_wconf 94' lang='lat'>:</span> <span class='ocrx_word' id='word_1_215' title='bbox 744 2488 927 2544; x_wconf 86' lang='lat' dir='ltr'><strong>Omnis</strong></span> <span class='ocrx_word' id='word_1_216' title='bbox 955 2489 1175 2558; x_wconf 78' lang='lat' dir='ltr'><strong>papulas</strong></span> <span class='ocrx_word' id='word_1_217' title='bbox 1196 2490 1449 2556; x_wconf 83' lang='lat' dir='ltr'><strong>pendebat</strong></span> <span class='ocrx_word' id='word_1_218' title='bbox 1483 2504 1546 2542; x_wconf 75' lang='lat' dir='ltr'><strong>ex</strong></span> <span class='ocrx_word' id='word_1_219' title='bbox 1574 2505 1633 2542; x_wconf 91' lang='lat' dir='ltr'><strong>eo</strong></span> <span class='ocrx_word' id='word_1_220' title='bbox 1661 2487 1817 2553; x_wconf 88' lang='lat' dir='ltr'><strong>(Luc.</strong></span> <span class='ocrx_word' id='word_1_221' title='bbox 1846 2496 1984 2556; x_wconf 79' lang='lat' dir='ltr'><strong>xix).</strong></span> 
     </span>
    </p>
   </div>
   <div class='ocr_carea' id='block_1_28' title="bbox 408 2580 1987 2652">
    <p class='ocr_par' dir='ltr' id='par_1_28' title="bbox 408 2580 1987 2652">
     <span class='ocr_line' id='line_1_28' title="bbox 408 2580 1987 2652; baseline 0.004 -20"><span class='ocrx_word' id='word_1_222' title='bbox 408 2580 564 2648; x_wconf 85' lang='lat' dir='ltr'><strong>Quod</strong></span> <span class='ocrx_word' id='word_1_223' title='bbox 598 2590 652 2636; x_wconf 91' lang='lat' dir='ltr'><strong>ct</strong></span> <span class='ocrx_word' id='word_1_224' title='bbox 687 2582 905 2652; x_wconf 81' lang='lat' dir='ltr'><strong>quidem</strong></span> <span class='ocrx_word' id='word_1_225' title='bbox 956 2597 1062 2636; x_wconf 90' lang='lat' dir='ltr'><strong>non</strong></span> <span class='ocrx_word' id='word_1_226' title='bbox 1112 2581 1201 2635; x_wconf 94' lang='lat' dir='ltr'><strong>illo</strong></span> <span class='ocrx_word' id='word_1_227' title='bbox 1247 2592 1451 2634; x_wconf 88' lang='lat' dir='ltr'><strong>tantum</strong></span> <span class='ocrx_word' id='word_1_228' title='bbox 1498 2592 1737 2650; x_wconf 88' lang='lat' dir='ltr'><strong>tempore</strong></span> <span class='ocrx_word' id='word_1_229' title='bbox 1782 2580 1987 2639; x_wconf 80' lang='lat' dir='ltr'><strong>factum</strong></span> 
     </span>
    </p>
   </div>
   <div class='ocr_carea' id='block_1_29' title="bbox 409 2672 1988 2743">
    <p class='ocr_par' dir='ltr' id='par_1_29' title="bbox 409 2672 1988 2743">
     <span class='ocr_line' id='line_1_29' title="bbox 409 2672 1988 2743; baseline 0.001 -18"><span class='ocrx_word' id='word_1_230' title='bbox 409 2683 514 2735; x_wconf 89' lang='lat' dir='ltr'><strong>est,</strong></span> <span class='ocrx_word' id='word_1_231' title='bbox 544 2675 640 2727; x_wconf 88' lang='lat' dir='ltr'><strong>sed</strong></span> <span class='ocrx_word' id='word_1_232' title='bbox 675 2690 844 2742; x_wconf 61' lang='lat' dir='ltr'><strong>usque</strong></span> <span class='ocrx_word' id='word_1_233' title='bbox 880 2673 1041 2725; x_wconf 85' lang='lat' dir='ltr'><strong>hodie</strong></span> <span class='ocrx_word' id='word_1_234' title='bbox 1084 2673 1357 2739; x_wconf 86' lang='lat' dir='ltr'><strong>impletur,</strong></span> <span class='ocrx_word' id='word_1_235' title='bbox 1400 2684 1459 2726; x_wconf 92' lang='lat' dir='ltr'><strong>ut</strong></span> <span class='ocrx_word' id='word_1_236' title='bbox 1500 2672 1769 2743; x_wconf 88' lang='lat' dir='ltr'><strong>pendeant</strong></span> <span class='ocrx_word' id='word_1_237' title='bbox 1811 2688 1874 2727; x_wconf 85' lang='lat' dir='ltr'><strong>ex</strong></span> <span class='ocrx_word' id='word_1_238' title='bbox 1924 2688 1988 2726; x_wconf 88' lang='lat' dir='ltr'><strong>eo</strong></span> 
     </span>
    </p>
   </div>
   <div class='ocr_carea' id='block_1_30' title="bbox 410 2764 1991 2833">
    <p class='ocr_par' dir='ltr' id='par_1_30' title="bbox 410 2764 1991 2833">
     <span class='ocr_line' id='line_1_30' title="bbox 410 2764 1991 2833; baseline 0 -18"><span class='ocrx_word' id='word_1_239' title='bbox 410 2764 564 2831; x_wconf 88' lang='lat' dir='ltr'><strong>quasi</strong></span> <span class='ocrx_word' id='word_1_240' title='bbox 604 2781 732 2817; x_wconf 85' lang='lat' dir='ltr'><strong>vasa</strong></span> <span class='ocrx_word' id='word_1_241' title='bbox 773 2766 989 2817; x_wconf 83' lang='lat' dir='ltr'><strong>diversa</strong></span> <span class='ocrx_word' id='word_1_242' title='bbox 1024 2765 1139 2827; x_wconf 88' lang='lat' dir='ltr'><strong>Dei,</strong></span> <span class='ocrx_word' id='word_1_243' title='bbox 1171 2764 1436 2830; x_wconf 74' lang='lat' dir='ltr'><strong>sapit-otia</strong></span> <span class='ocrx_word' id='word_1_244' title='bbox 1463 2777 1517 2816; x_wconf 89' lang='lat' dir='ltr'><strong>et</strong></span> <span class='ocrx_word' id='word_1_245' title='bbox 1537 2764 1770 2833; x_wconf 86' lang='lat' dir='ltr'><strong>justitia,</strong></span> <span class='ocrx_word' id='word_1_246' title='bbox 1795 2775 1848 2816; x_wconf 92' lang='lat' dir='ltr'><strong>et</strong></span> <span class='ocrx_word' id='word_1_247' title='bbox 1874 2779 1991 2816; x_wconf 86' lang='lat' dir='ltr'><strong>om-</strong></span> 
     </span>
    </p>
   </div>
   <div class='ocr_carea' id='block_1_31' title="bbox 413 2854 1990 2924">
    <p class='ocr_par' dir='ltr' id='par_1_31' title="bbox 413 2854 1990 2924">
     <span class='ocr_line' id='line_1_31' title="bbox 413 2854 1990 2924; baseline 0 -16"><span class='ocrx_word' id='word_1_248' title='bbox 413 2856 504 2910; x_wconf 89' lang='lat' dir='ltr'><strong>nia</strong></span> <span class='ocrx_word' id='word_1_249' title='bbox 534 2855 730 2924; x_wconf 84' lang='lat' dir='ltr'><strong>quibus</strong></span> <span class='ocrx_word' id='word_1_250' title='bbox 756 2855 1008 2910; x_wconf 87' lang='lat' dir='ltr'><strong>Christus</strong></span> <span class='ocrx_word' id='word_1_251' title='bbox 1035 2854 1637 2923; x_wconf 77' lang='lat' dir='ltr'><strong>appellatur.Vasorum</strong></span> <span class='ocrx_word' id='word_1_252' title='bbox 1658 2857 1868 2909; x_wconf 87' lang='lat' dir='ltr'><strong>diversa</strong></span> <span class='ocrx_word' id='word_1_253' title='bbox 1899 2872 1990 2924; x_wconf 84' lang='lat' dir='ltr'><strong>ge-</strong></span> 
     </span>
    </p>
   </div>
   <div class='ocr_carea' id='block_1_32' title="bbox 418 2948 1989 3016">
    <p class='ocr_par' dir='ltr' id='par_1_32' title="bbox 418 2948 1989 3016">
     <span class='ocr_line' id='line_1_32' title="bbox 418 2948 1989 3016; baseline 0 -16"><span class='ocrx_word' id='word_1_254' title='bbox 418 2964 570 3011; x_wconf 85' lang='lat' dir='ltr'><strong>nera,</strong></span> <span class='ocrx_word' id='word_1_255' title='bbox 618 2962 715 3014; x_wconf 90' lang='lat' dir='ltr'><strong>pro</strong></span> <span class='ocrx_word' id='word_1_256' title='bbox 763 2948 957 3016; x_wconf 81' lang='lat' dir='ltr'><strong>quibus</strong></span> <span class='ocrx_word' id='word_1_257' title='bbox 1000 2949 1195 3015; x_wconf 83' lang='lat' dir='ltr'><strong>Aquila</strong></span> <span class='ocrx_word' id='word_1_258' title='bbox 1243 2948 1630 3015; x_wconf 83' lang='lat' dir='ltr'><strong>interpretatus</strong></span> <span class='ocrx_word' id='word_1_259' title='bbox 1676 2957 1758 3001; x_wconf 89' lang='lat' dir='ltr'><strong>est</strong></span> <span class='ocrx_word' id='word_1_260' title='bbox 1802 2962 1989 3001; x_wconf 56' lang='lat' dir='ltr'><strong>suam</strong></span> 
     </span>
    </p>
   </div>
   <div class='ocr_carea' id='block_1_33' title="bbox 417 3039 1993 3109">
    <p class='ocr_par' dir='ltr' id='par_1_33' title="bbox 417 3039 1993 3109">
     <span class='ocr_line' id='line_1_33' title="bbox 417 3039 1993 3109; baseline -0.003 -13"><span class='ocrx_word' id='word_1_261' title='bbox 417 3040 690 3108; x_wconf 64' lang='lat' dir='ltr'><strong>(D’NXNL’)</strong></span> <span class='ocrx_word' id='word_1_262' title='bbox 743 3048 798 3095; x_wconf 88' lang='lat' dir='ltr'><strong>et</strong></span> <span class='ocrx_word' id='word_1_263' title='bbox 862 3053 1096 3092; x_wconf 79' lang='lat' dir='ltr'><strong>SEPitOTH</strong></span> <span class='ocrx_word' id='word_1_264' title='bbox 1131 3039 1375 3109; x_wconf 54' lang='lat' dir='ltr'><strong>(nteant),</strong></span> <span class='ocrx_word' id='word_1_265' title='bbox 1431 3039 1572 3107; x_wconf 88' lang='lat' dir='ltr'><strong>quod</strong></span> <span class='ocrx_word' id='word_1_266' title='bbox 1635 3039 1993 3109; x_wconf 76' lang='lat' dir='ltr'><strong>Symmachus</strong></span> 
     </span>
    </p>
   </div>
   <div class='ocr_carea' id='block_1_34' title="bbox 2077 468 3668 537">
    <p class='ocr_par' dir='ltr' id='par_1_34' title="bbox 2077 468 3668 537">
     <span class='ocr_line' id='line_1_34' title="bbox 2077 468 3668 537; baseline -0.007 -9"><span class='ocrx_word' id='word_1_267' title='bbox 2077 484 2273 529; x_wconf 84' lang='lat' dir='ltr'><strong>vertere</strong></span> <span class='ocrx_word' id='word_1_268' title='bbox 2303 489 2462 536; x_wconf 84' lang='lat' dir='ltr'><strong>nunc,</strong></span> <span class='ocrx_word' id='word_1_269' title='bbox 2492 472 2609 525; x_wconf 84' lang='lat' dir='ltr'><strong>sive</strong></span> <span class='ocrx_word' id='word_1_270' title='bbox 2638 470 2928 523; x_wconf 81' lang='lat' dir='ltr'><strong>conversio.</strong></span> <span class='ocrx_word' id='word_1_271' title='bbox 2962 468 3172 522; x_wconf 87' lang='lat' dir='ltr'><strong>Dicitur</strong></span> <span class='ocrx_word' id='word_1_272' title='bbox 3202 484 3335 536; x_wconf 85' lang='lat' dir='ltr'><strong>ergo</strong></span> <span class='ocrx_word' id='word_1_273' title='bbox 3364 468 3431 521; x_wconf 83' lang='lat' dir='ltr'><strong>ad</strong></span> <span class='ocrx_word' id='word_1_274' title='bbox 3465 468 3668 537; x_wconf 82' lang='lat' dir='ltr'><strong>princi-</strong></span> 
     </span>
    </p>
   </div>
   <div class='ocr_carea' id='block_1_35' title="bbox 2073 559 3667 633">
    <p class='ocr_par' dir='ltr' id='par_1_35' title="bbox 2073 559 3667 633">
     <span class='ocr_line' id='line_1_35' title="bbox 2073 559 3667 633; baseline -0.004 -14"><span class='ocrx_word' id='word_1_275' title='bbox 2073 580 2192 633; x_wconf 89' lang='lat' dir='ltr'><strong>pent</strong></span> <span class='ocrx_word' id='word_1_276' title='bbox 2224 564 2530 618; x_wconf 67' lang='lat' dir='ltr'><strong>Judteorum</strong></span> <span class='ocrx_word' id='word_1_277' title='bbox 2586 572 2643 616; x_wconf 91' lang='lat' dir='ltr'><strong>ut</strong></span> <span class='ocrx_word' id='word_1_278' title='bbox 2673 570 3029 615; x_wconf 83' lang='lat' dir='ltr'><strong>convertatur</strong></span> <span class='ocrx_word' id='word_1_279' title='bbox 3056 560 3124 614; x_wconf 88' lang='lat' dir='ltr'><strong>de</strong></span> <span class='ocrx_word' id='word_1_280' title='bbox 3156 559 3293 629; x_wconf 77' lang='lat' dir='ltr'><strong>Lege</strong></span> <span class='ocrx_word' id='word_1_281' title='bbox 3327 559 3392 613; x_wconf 89' lang='lat' dir='ltr'><strong>ad</strong></span> <span class='ocrx_word' id='word_1_282' title='bbox 3425 560 3667 629; x_wconf 84' lang='lat' dir='ltr'><strong>Evange-</strong></span> 
     </span>
    </p>
   </div>
   <div class='ocr_carea' id='block_1_36' title="bbox 2024 651 3665 721">
    <p class='ocr_par' dir='ltr' id='par_1_36' title="bbox 2024 651 3665 721">
     <span class='ocr_line' id='line_1_36' title="bbox 2024 651 3665 721; baseline -0.001 -15"><span class='ocrx_word' id='word_1_283' title='bbox 2024 698 2033 705; x_wconf 81' lang='lat'><strong>.</strong></span> <span class='ocrx_word' id='word_1_284' title='bbox 2076 656 2205 708; x_wconf 91' lang='lat' dir='ltr'><strong>lium</strong></span> <span class='ocrx_word' id='word_1_285' title='bbox 2240 671 2255 711; x_wconf 88' lang='lat'><strong>:</strong></span> <span class='ocrx_word' id='word_1_286' title='bbox 2283 664 2335 709; x_wconf 89' lang='lat' dir='ltr'><strong>et</strong></span> <span class='ocrx_word' id='word_1_287' title='bbox 2363 654 2712 708; x_wconf 76' lang='lat' dir='ltr'><strong>victimarum</strong></span> <span class='ocrx_word' id='word_1_288' title='bbox 2743 652 3074 721; x_wconf 78' lang='lat' dir='ltr'><strong>imaginibus</strong></span> <span class='ocrx_word' id='word_1_289' title='bbox 3100 653 3402 717; x_wconf 86' lang='lat' dir='ltr'><strong>derelictis,</strong></span> <span class='ocrx_word' id='word_1_290' title='bbox 3433 651 3665 705; x_wconf 90' lang='lat' dir='ltr'><strong>transfe-</strong></span> 
     </span>
    </p>
   </div>
   <div class='ocr_carea' id='block_1_37' title="bbox 2077 743 3308 813">
    <p class='ocr_par' dir='ltr' id='par_1_37' title="bbox 2077 743 3308 813">
     <span class='ocr_line' id='line_1_37' title="bbox 2077 743 3308 813; baseline -0.006 -11"><span class='ocrx_word' id='word_1_291' title='bbox 2077 758 2158 803; x_wconf 90' lang='lat' dir='ltr'><strong>rat</strong></span> <span class='ocrx_word' id='word_1_292' title='bbox 2196 763 2253 802; x_wconf 88' lang='lat' dir='ltr'><strong>se</strong></span> <span class='ocrx_word' id='word_1_293' title='bbox 2287 750 2352 799; x_wconf 86' lang='lat' dir='ltr'><strong>ad</strong></span> <span class='ocrx_word' id='word_1_294' title='bbox 2389 744 2689 813; x_wconf 76' lang='lat' dir='ltr'><strong>splrlltt‘ills</strong></span> <span class='ocrx_word' id='word_1_295' title='bbox 2716 744 2971 796; x_wconf 88' lang='lat' dir='ltr'><strong>sacriﬁcii</strong></span> <span class='ocrx_word' id='word_1_296' title='bbox 3000 743 3308 797; x_wconf 71' lang='lat' dir='ltr'><strong>veritatem.</strong></span> 
     </span>
    </p>
   </div>
   <div class='ocr_carea' id='block_1_38' title="bbox 2146 826 3665 909">
    <p class='ocr_par' dir='ltr' id='par_1_38' title="bbox 2146 826 3665 909">
     <span class='ocr_line' id='line_1_38' title="bbox 2146 826 3665 909; baseline -0.001 -16"><span class='ocrx_word' id='word_1_297' title='bbox 2146 839 2301 909; x_wconf 85' lang='lat' dir='ltr'><strong>(Cap.</strong></span> <span class='ocrx_word' id='word_1_298' title='bbox 2332 836 2516 892; x_wconf 79' lang='lat' dir='ltr'><strong>XXIII.</strong></span> <span class='ocrx_word' id='word_1_299' title='bbox 2553 867 2620 876; x_wconf 93' lang='lat'><strong>—</strong></span> <span class='ocrx_word' id='word_1_300' title='bbox 2651 833 2804 889; x_wconf 86' lang='lat' dir='ltr'><strong>Vers.</strong></span> <span class='ocrx_word' id='word_1_301' title='bbox 2840 834 2917 904; x_wconf 79' lang='grc' dir='ltr'><strong>Ι.)</strong></span> <span class='ocrx_word' id='word_1_302' title='bbox 2960 854 2978 886; x_wconf 80' lang='lat' dir='ltr'><strong>t</strong></span> <span class='ocrx_word' id='word_1_303' title='bbox 3020 833 3252 889; x_wconf 79' lang='lat' dir='ltr'><strong>Verbum</strong></span> <span class='ocrx_word' id='word_1_304' title='bbox 3283 826 3433 907; x_wconf 81' lang='lat' dir='ltr'><strong>Tyri.</strong></span> <span class='ocrx_word' id='word_1_305' title='bbox 3470 856 3490 890; x_wconf 70' lang='grc' dir='ltr'><strong>ι</strong></span> <span class='ocrx_word' id='word_1_306' title='bbox 3523 838 3665 906; x_wconf 81' lang='lat' dir='ltr'><strong>Quid</strong></span> 
     </span>
    </p>
   </div>
   <div class='ocr_carea' id='block_1_39' title="bbox 2078 926 3666 995">
    <p class='ocr_par' dir='ltr' id='par_1_39' title="bbox 2078 926 3666 995">
     <span class='ocr_line' id='line_1_39' title="bbox 2078 926 3666 995; baseline -0.002 -10"><span class='ocrx_word' id='word_1_307' title='bbox 2078 931 2236 985; x_wconf 89' lang='lat' dir='ltr'><strong>nobis</strong></span> <span class='ocrx_word' id='word_1_308' title='bbox 2304 930 2583 983; x_wconf 88' lang='lat' dir='ltr'><strong>videretur</strong></span> <span class='ocrx_word' id='word_1_309' title='bbox 2641 940 2807 995; x_wconf 88' lang='lat' dir='ltr'><strong>super</strong></span> <span class='ocrx_word' id='word_1_310' title='bbox 2878 941 3044 981; x_wconf 89' lang='lat' dir='ltr'><strong>onere</strong></span> <span class='ocrx_word' id='word_1_311' title='bbox 3105 926 3189 979; x_wconf 86' lang='lat' dir='ltr'><strong>vel</strong></span> <span class='ocrx_word' id='word_1_312' title='bbox 3249 927 3419 981; x_wconf 86' lang='lat' dir='ltr'><strong>verbo</strong></span> <span class='ocrx_word' id='word_1_313' title='bbox 3470 938 3527 981; x_wconf 89' lang='lat' dir='ltr'><strong>et</strong></span> <span class='ocrx_word' id='word_1_314' title='bbox 3572 943 3666 982; x_wconf 86' lang='lat' dir='ltr'><strong>as-</strong></span> 
     </span>
    </p>
   </div>
   <div class='ocr_carea' id='block_1_40' title="bbox 2078 1018 3666 1092">
    <p class='ocr_par' dir='ltr' id='par_1_40' title="bbox 2078 1018 3666 1092">
     <span class='ocr_line' id='line_1_40' title="bbox 2078 1018 3666 1092; baseline -0.003 -15"><span class='ocrx_word' id='word_1_315' title='bbox 2078 1023 2385 1092; x_wconf 85' lang='lat' dir='ltr'><strong>sutrptione</strong></span> <span class='ocrx_word' id='word_1_316' title='bbox 2440 1019 2567 1090; x_wconf 86' lang='lat' dir='ltr'><strong>Tyri</strong></span> <span class='ocrx_word' id='word_1_317' title='bbox 2638 1019 2791 1090; x_wconf 81' lang='lat' dir='ltr'><strong>juxta</strong></span> <span class='ocrx_word' id='word_1_318' title='bbox 2852 1019 3135 1085; x_wconf 68' lang='lat' dir='ltr'><strong>Hebraeos,</strong></span> <span class='ocrx_word' id='word_1_319' title='bbox 3186 1032 3353 1087; x_wconf 87' lang='lat' dir='ltr'><strong>supra</strong></span> <span class='ocrx_word' id='word_1_320' title='bbox 3420 1019 3475 1072; x_wconf 92' lang='lat' dir='ltr'><strong>in</strong></span> <span class='ocrx_word' id='word_1_321' title='bbox 3524 1018 3666 1072; x_wconf 88' lang='lat' dir='ltr'><strong>libro</strong></span> 
     </span>
    </p>
   </div>
   <div class='ocr_carea' id='block_1_41' title="bbox 2076 1108 3662 1172">
    <p class='ocr_par' dir='ltr' id='par_1_41' title="bbox 2076 1108 3662 1172">
     <span class='ocr_line' id='line_1_41' title="bbox 2076 1108 3662 1172; baseline -0.002 -9"><span class='ocrx_word' id='word_1_322' title='bbox 2076 1113 2263 1165; x_wconf 87' lang='lat' dir='ltr'><strong>decem</strong></span> <span class='ocrx_word' id='word_1_323' title='bbox 2294 1108 2580 1165; x_wconf 79' lang='lat' dir='ltr'><strong>Visionum</strong></span> <span class='ocrx_word' id='word_1_324' title='bbox 2633 1108 2910 1167; x_wconf 71' lang='lat' dir='ltr'><strong>bistoricae</strong></span> <span class='ocrx_word' id='word_1_325' title='bbox 2956 1109 3359 1172; x_wconf 65' lang='lat' dir='ltr'><strong>extvlanationis</strong></span> <span class='ocrx_word' id='word_1_326' title='bbox 3402 1108 3662 1161; x_wconf 76' lang='lat' dir='ltr'><strong>diximus.</strong></span> 
     </span>
    </p>
   </div>
   <div class='ocr_carea' id='block_1_42' title="bbox 2075 1199 3663 1270">
    <p class='ocr_par' dir='ltr' id='par_1_42' title="bbox 2075 1199 3663 1270">
     <span class='ocr_line' id='line_1_42' title="bbox 2075 1199 3663 1270; baseline -0.003 -14"><span class='ocrx_word' id='word_1_327' title='bbox 2075 1200 2233 1257; x_wconf 84' lang='lat' dir='ltr'><strong>Nunc</strong></span> <span class='ocrx_word' id='word_1_328' title='bbox 2261 1218 2480 1257; x_wconf 90' lang='lat' dir='ltr'><strong>omnem</strong></span> <span class='ocrx_word' id='word_1_329' title='bbox 2509 1213 2701 1256; x_wconf 89' lang='lat' dir='ltr'><strong>contra</strong></span> <span class='ocrx_word' id='word_1_330' title='bbox 2739 1199 2940 1270; x_wconf 86' lang='lat' dir='ltr'><strong>Tyrum</strong></span> <span class='ocrx_word' id='word_1_331' title='bbox 2980 1200 3325 1268; x_wconf 79' lang='lat' dir='ltr'><strong>prophetiam</strong></span> <span class='ocrx_word' id='word_1_332' title='bbox 3357 1200 3663 1253; x_wconf 87' lang='lat' dir='ltr'><strong>secundum</strong></span> 
     </span>
    </p>
   </div>
   <div class='ocr_carea' id='block_1_43' title="bbox 2077 1292 3664 1364">
    <p class='ocr_par' dir='ltr' id='par_1_43' title="bbox 2077 1292 3664 1364">
     <span class='ocr_line' id='line_1_43' title="bbox 2077 1292 3664 1364; baseline -0.003 -14"><span class='ocrx_word' id='word_1_333' title='bbox 2077 1296 2396 1364; x_wconf 82' lang='grc' dir='ltr'><strong>ἀναγωγήν,</strong></span> <span class='ocrx_word' id='word_1_334' title='bbox 2422 1305 2476 1349; x_wconf 89' lang='lat' dir='ltr'><strong>et</strong></span> <span class='ocrx_word' id='word_1_335' title='bbox 2506 1295 2798 1348; x_wconf 86' lang='lat' dir='ltr'><strong>editionem</strong></span> <span class='ocrx_word' id='word_1_336' title='bbox 2825 1292 2969 1346; x_wconf 72' lang='lat' dir='ltr'><strong>LXX</strong></span> <span class='ocrx_word' id='word_1_337' title='bbox 3003 1292 3239 1346; x_wconf 69' lang='lat' dir='ltr'><strong>bretiter</strong></span> <span class='ocrx_word' id='word_1_338' title='bbox 3264 1307 3664 1360; x_wconf 87' lang='lat' dir='ltr'><strong>percurretnus.</strong></span> 
     </span>
    </p>
   </div>
   <div class='ocr_carea' id='block_1_44' title="bbox 2084 1374 3662 1457">
    <p class='ocr_par' dir='ltr' id='par_1_44' title="bbox 2084 1374 3662 1457">
     <span class='ocr_line' id='line_1_44' title="bbox 2084 1374 3662 1457; baseline -0.003 -16"><span class='ocrx_word' id='word_1_339' title='bbox 2084 1390 2250 1457; x_wconf 80' lang='lat' dir='ltr'><strong>Tyrus</strong></span> <span class='ocrx_word' id='word_1_340' title='bbox 2305 1385 2485 1453; x_wconf 81' lang='lat' dir='ltr'><strong>lingua</strong></span> <span class='ocrx_word' id='word_1_341' title='bbox 2510 1384 2730 1438; x_wconf 78' lang='lat' dir='ltr'><strong>Hebrtea</strong></span> <span class='ocrx_word' id='word_1_342' title='bbox 2759 1400 2856 1439; x_wconf 83' lang='lat' dir='ltr'><strong>son</strong></span> <span class='ocrx_word' id='word_1_343' title='bbox 2883 1374 3005 1451; x_wconf 57' lang='grc' dir='ltr'><strong>(ἧῖ)</strong></span> <span class='ocrx_word' id='word_1_344' title='bbox 3030 1384 3250 1443; x_wconf 87' lang='lat' dir='ltr'><strong>dicitur,</strong></span> <span class='ocrx_word' id='word_1_345' title='bbox 3269 1384 3391 1437; x_wconf 90' lang='lat' dir='ltr'><strong>etin</strong></span> <span class='ocrx_word' id='word_1_346' title='bbox 3415 1394 3662 1437; x_wconf 89' lang='lat' dir='ltr'><strong>nostrum</strong></span> 
     </span>
    </p>
   </div>
   <div class='ocr_carea' id='block_1_45' title="bbox 2079 1474 3661 1547">
    <p class='ocr_par' dir='ltr' id='par_1_45' title="bbox 2079 1474 3661 1547">
     <span class='ocr_line' id='line_1_45' title="bbox 2079 1474 3661 1547; baseline -0.004 -12"><span class='ocrx_word' id='word_1_347' title='bbox 2079 1495 2386 1536; x_wconf 86' lang='lat' dir='ltr'><strong>sermonem</strong></span> <span class='ocrx_word' id='word_1_348' title='bbox 2409 1478 2758 1539; x_wconf 77' lang='lat' dir='ltr'><strong>transfertur,</strong></span> <span class='ocrx_word' id='word_1_349' title='bbox 2785 1478 3060 1547; x_wconf 85' lang='lat' dir='ltr'><strong>angustia.</strong></span> <span class='ocrx_word' id='word_1_350' title='bbox 3084 1474 3273 1531; x_wconf 89' lang='lat' dir='ltr'><strong>Omnis</strong></span> <span class='ocrx_word' id='word_1_351' title='bbox 3294 1477 3461 1545; x_wconf 91' lang='lat' dir='ltr'><strong>igitur</strong></span> <span class='ocrx_word' id='word_1_352' title='bbox 3481 1477 3661 1529; x_wconf 84' lang='lat' dir='ltr'><strong>anima</strong></span> 
     </span>
    </p>
   </div>
   <div class='ocr_carea' id='block_1_46' title="bbox 2079 1567 3665 1638">
    <p class='ocr_par' dir='ltr' id='par_1_46' title="bbox 2079 1567 3665 1638">
     <span class='ocr_line' id='line_1_46' title="bbox 2079 1567 3665 1638; baseline -0.004 -13"><span class='ocrx_word' id='word_1_353' title='bbox 2079 1572 2228 1626; x_wconf 83' lang='lat' dir='ltr'><strong>vitiis</strong></span> <span class='ocrx_word' id='word_1_354' title='bbox 2264 1578 2553 1638; x_wconf 87' lang='lat' dir='ltr'><strong>occupata,</strong></span> <span class='ocrx_word' id='word_1_355' title='bbox 2580 1580 2634 1623; x_wconf 91' lang='lat' dir='ltr'><strong>et</strong></span> <span class='ocrx_word' id='word_1_356' title='bbox 2668 1568 2850 1637; x_wconf 87' lang='lat' dir='ltr'><strong>pravis</strong></span> <span class='ocrx_word' id='word_1_357' title='bbox 2882 1568 3324 1638; x_wconf 75' lang='lat' dir='ltr'><strong>cogitationibus,</strong></span> <span class='ocrx_word' id='word_1_358' title='bbox 3358 1584 3449 1619; x_wconf 88' lang='lat' dir='ltr'><strong>sor</strong></span> <span class='ocrx_word' id='word_1_359' title='bbox 3478 1567 3665 1635; x_wconf 84' lang='lat' dir='ltr'><strong>appel-</strong></span> 
     </span>
    </p>
   </div>
   <div class='ocr_carea' id='block_1_47' title="bbox 2083 1656 3664 1732">
    <p class='ocr_par' dir='ltr' id='par_1_47' title="bbox 2083 1656 3664 1732">
     <span class='ocr_line' id='line_1_47' title="bbox 2083 1656 3664 1732; baseline -0.006 -16"><span class='ocrx_word' id='word_1_360' title='bbox 2083 1662 2178 1716; x_wconf 90' lang='lat' dir='ltr'><strong>lari</strong></span> <span class='ocrx_word' id='word_1_361' title='bbox 2219 1668 2414 1732; x_wconf 90' lang='lat' dir='ltr'><strong>potest.</strong></span> <span class='ocrx_word' id='word_1_362' title='bbox 2465 1677 2483 1710; x_wconf 85' lang='lat' dir='ltr'><strong>t</strong></span> <span class='ocrx_word' id='word_1_363' title='bbox 2533 1656 2769 1723; x_wconf 89' lang='lat' dir='ltr'><strong>Ululate,</strong></span> <span class='ocrx_word' id='word_1_364' title='bbox 2807 1673 2972 1711; x_wconf 89' lang='lat' dir='ltr'><strong>naves</strong></span> <span class='ocrx_word' id='word_1_365' title='bbox 3008 1656 3375 1725; x_wconf 81' lang='lat' dir='ltr'><strong>Carthaginis.</strong></span> <span class='ocrx_word' id='word_1_366' title='bbox 3413 1659 3537 1725; x_wconf 87' lang='lat' dir='ltr'><strong>quia</strong></span> <span class='ocrx_word' id='word_1_367' title='bbox 3574 1669 3664 1723; x_wconf 83' lang='lat' dir='ltr'><strong>pe-</strong></span> 
     </span>
    </p>
   </div>
   <div class='ocr_carea' id='block_1_48' title="bbox 2088 1750 3659 1816">
    <p class='ocr_par' dir='ltr' id='par_1_48' title="bbox 2088 1750 3659 1816">
     <span class='ocr_line' id='line_1_48' title="bbox 2088 1750 3659 1816; baseline -0.005 -9"><span class='ocrx_word' id='word_1_368' title='bbox 2088 1752 2317 1816; x_wconf 88' lang='lat' dir='ltr'><strong>rierunt,</strong></span> <span class='ocrx_word' id='word_1_369' title='bbox 2360 1762 2415 1806; x_wconf 92' lang='lat' dir='ltr'><strong>et</strong></span> <span class='ocrx_word' id='word_1_370' title='bbox 2462 1752 2602 1804; x_wconf 91' lang='lat' dir='ltr'><strong>ultra</strong></span> <span class='ocrx_word' id='word_1_371' title='bbox 2638 1766 2743 1804; x_wconf 91' lang='lat' dir='ltr'><strong>non</strong></span> <span class='ocrx_word' id='word_1_372' title='bbox 2792 1750 3034 1804; x_wconf 89' lang='lat' dir='ltr'><strong>venient.</strong></span> <span class='ocrx_word' id='word_1_373' title='bbox 3072 1752 3144 1804; x_wconf 90' lang='lat' dir='ltr'><strong>De</strong></span> <span class='ocrx_word' id='word_1_374' title='bbox 3189 1760 3333 1805; x_wconf 85' lang='lat' dir='ltr'><strong>terra</strong></span> <span class='ocrx_word' id='word_1_375' title='bbox 3370 1750 3659 1811; x_wconf 85' lang='lat' dir='ltr'><strong>Citiurum,</strong></span> 
     </span>
    </p>
   </div>
   <div class='ocr_carea' id='block_1_49' title="bbox 2086 1844 3665 1916">
    <p class='ocr_par' dir='ltr' id='par_1_49' title="bbox 2086 1844 3665 1916">
     <span class='ocr_line' id='line_1_49' title="bbox 2086 1844 3665 1916; baseline -0.003 -14"><span class='ocrx_word' id='word_1_376' title='bbox 2086 1848 2248 1902; x_wconf 89' lang='lat' dir='ltr'><strong>ducta</strong></span> <span class='ocrx_word' id='word_1_377' title='bbox 2276 1848 2489 1916; x_wconf 89' lang='lat' dir='ltr'><strong>captiva</strong></span> <span class='ocrx_word' id='word_1_378' title='bbox 2519 1856 2621 1903; x_wconf 87' lang='lat' dir='ltr'><strong>est.</strong></span> <span class='ocrx_word' id='word_1_379' title='bbox 2646 1844 2746 1901; x_wconf 86' lang='lat' dir='ltr'><strong>Cui</strong></span> <span class='ocrx_word' id='word_1_380' title='bbox 2774 1847 2984 1902; x_wconf 82' lang='lat' dir='ltr'><strong>similes</strong></span> <span class='ocrx_word' id='word_1_381' title='bbox 3010 1846 3138 1900; x_wconf 83' lang='lat' dir='ltr'><strong>farti</strong></span> <span class='ocrx_word' id='word_1_382' title='bbox 3168 1855 3294 1899; x_wconf 89' lang='lat' dir='ltr'><strong>sunt</strong></span> <span class='ocrx_word' id='word_1_383' title='bbox 3335 1845 3665 1899; x_wconf 74' lang='lat' dir='ltr'><strong>habitatores</strong></span> 
     </span>
    </p>
   </div>
   <div class='ocr_carea' id='block_1_50' title="bbox 2086 1934 3665 2005">
    <p class='ocr_par' dir='ltr' id='par_1_50' title="bbox 2086 1934 3665 2005">
     <span class='ocr_line' id='line_1_50' title="bbox 2086 1934 3665 2005; baseline -0.003 -15"><span class='ocrx_word' id='word_1_384' title='bbox 2086 1936 2300 2001; x_wconf 65' lang='lat' dir='ltr'><strong>insulae,</strong></span> <span class='ocrx_word' id='word_1_385' title='bbox 2330 1935 2696 2005; x_wconf 81' lang='lat' dir='ltr'><strong>negotiatores</strong></span> <span class='ocrx_word' id='word_1_386' title='bbox 2725 1934 3025 2000; x_wconf 71' lang='lat' dir='ltr'><strong>thnicis,</strong></span> <span class='ocrx_word' id='word_1_387' title='bbox 3060 1935 3484 1988; x_wconf 79' lang='lat' dir='ltr'><strong>transfretantes</strong></span> <span class='ocrx_word' id='word_1_388' title='bbox 3516 1949 3665 1987; x_wconf 87' lang='lat' dir='ltr'><strong>mare</strong></span> 
     </span>
    </p>
   </div>
   <div class='ocr_carea' id='block_1_51' title="bbox 2088 2025 3662 2097">
    <p class='ocr_par' dir='ltr' id='par_1_51' title="bbox 2088 2025 3662 2097">
     <span class='ocr_line' id='line_1_51' title="bbox 2088 2025 3662 2097; baseline -0.004 -14"><span class='ocrx_word' id='word_1_389' title='bbox 2088 2029 2143 2083; x_wconf 88' lang='lat' dir='ltr'><strong>itt</strong></span> <span class='ocrx_word' id='word_1_390' title='bbox 2176 2031 2334 2097; x_wconf 90' lang='lat' dir='ltr'><strong>aquis</strong></span> <span class='ocrx_word' id='word_1_391' title='bbox 2361 2026 2567 2090; x_wconf 85' lang='lat' dir='ltr'><strong>multis,</strong></span> <span class='ocrx_word' id='word_1_392' title='bbox 2596 2041 2783 2081; x_wconf 80' lang='lat' dir='ltr'><strong>semen</strong></span> <span class='ocrx_word' id='word_1_393' title='bbox 2812 2027 3204 2094; x_wconf 81' lang='lat' dir='ltr'><strong>negotiatorum</strong></span> <span class='ocrx_word' id='word_1_394' title='bbox 3228 2026 3379 2092; x_wconf 81' lang='lat' dir='ltr'><strong>quasi</strong></span> <span class='ocrx_word' id='word_1_395' title='bbox 3406 2025 3662 2077; x_wconf 72' lang='lat' dir='ltr'><strong>messium</strong></span> 
     </span>
    </p>
   </div>
   <div class='ocr_carea' id='block_1_52' title="bbox 2091 2116 3667 2186">
    <p class='ocr_par' dir='ltr' id='par_1_52' title="bbox 2091 2116 3667 2186">
     <span class='ocr_line' id='line_1_52' title="bbox 2091 2116 3667 2186; baseline -0.003 -14"><span class='ocrx_word' id='word_1_396' title='bbox 2091 2120 2383 2181; x_wconf 84' lang='lat' dir='ltr'><strong>illatarum,</strong></span> <span class='ocrx_word' id='word_1_397' title='bbox 2414 2119 2785 2185; x_wconf 76' lang='lat' dir='ltr'><strong>negotiatores</strong></span> <span class='ocrx_word' id='word_1_398' title='bbox 2819 2121 3085 2186; x_wconf 87' lang='lat' dir='ltr'><strong>gentium.</strong></span> <span class='ocrx_word' id='word_1_399' title='bbox 3140 2136 3159 2167; x_wconf 71' lang='grc' dir='ltr'><strong>ι</strong></span> <span class='ocrx_word' id='word_1_400' title='bbox 3207 2116 3311 2169; x_wconf 84' lang='lat' dir='ltr'><strong>Pro</strong></span> <span class='ocrx_word' id='word_1_401' title='bbox 3339 2116 3667 2183; x_wconf 80' lang='lat' dir='ltr'><strong>Carthagine</strong></span> 
     </span>
    </p>
   </div>
   <div class='ocr_carea' id='block_1_53' title="bbox 2091 2208 3665 2280">
    <p class='ocr_par' dir='ltr' id='par_1_53' title="bbox 2091 2208 3665 2280">
     <span class='ocr_line' id='line_1_53' title="bbox 2091 2208 3665 2280; baseline -0.003 -16"><span class='ocrx_word' id='word_1_402' title='bbox 2091 2211 2142 2264; x_wconf 92' lang='lat' dir='ltr'><strong>in</strong></span> <span class='ocrx_word' id='word_1_403' title='bbox 2183 2208 2411 2263; x_wconf 68' lang='lat' dir='ltr'><strong>Hebrazo</strong></span> <span class='ocrx_word' id='word_1_404' title='bbox 2446 2209 2707 2263; x_wconf 87' lang='lat' dir='ltr'><strong>scribitur</strong></span> <span class='ocrx_word' id='word_1_405' title='bbox 2754 2225 2974 2266; x_wconf 60' lang='lat' dir='ltr'><strong>manus</strong></span> <span class='ocrx_word' id='word_1_406' title='bbox 3011 2209 3267 2280; x_wconf 58' lang='lat' dir='ltr'><strong>(tritum)</strong></span> <span class='ocrx_word' id='word_1_407' title='bbox 3317 2209 3475 2279; x_wconf 71' lang='lat'><strong>321</strong></span> <span class='ocrx_word' id='word_1_408' title='bbox 3523 2208 3665 2275; x_wconf 86' lang='lat' dir='ltr'><strong>quod</strong></span> 
     </span>
    </p>
   </div>
   <div class='ocr_carea' id='block_1_54' title="bbox 2088 2300 3669 2363">
    <p class='ocr_par' dir='ltr' id='par_1_54' title="bbox 2088 2300 3669 2363">
     <span class='ocr_line' id='line_1_54' title="bbox 2088 2300 3669 2363; baseline -0.006 -2"><span class='ocrx_word' id='word_1_409' title='bbox 2088 2323 2278 2363; x_wconf 86' lang='lat' dir='ltr'><strong>omnes</strong></span> <span class='ocrx_word' id='word_1_410' title='bbox 2308 2307 2560 2362; x_wconf 88' lang='lat' dir='ltr'><strong>similiter</strong></span> <span class='ocrx_word' id='word_1_411' title='bbox 2588 2306 3007 2361; x_wconf 89' lang='lat' dir='ltr'><strong>transtulerunt.</strong></span> <span class='ocrx_word' id='word_1_412' title='bbox 3042 2302 3261 2356; x_wconf 82' lang='lat' dir='ltr'><strong>Tharsis</strong></span> <span class='ocrx_word' id='word_1_413' title='bbox 3290 2311 3465 2357; x_wconf 87' lang='lat' dir='ltr'><strong>autem</strong></span> <span class='ocrx_word' id='word_1_414' title='bbox 3496 2300 3669 2353; x_wconf 89' lang='lat' dir='ltr'><strong>inter-</strong></span> 
     </span>
    </p>
   </div>
   <div class='ocr_carea' id='block_1_55' title="bbox 2090 2390 3663 2467">
    <p class='ocr_par' dir='ltr' id='par_1_55' title="bbox 2090 2390 3663 2467">
     <span class='ocr_line' id='line_1_55' title="bbox 2090 2390 3663 2467; baseline -0.004 -17"><span class='ocrx_word' id='word_1_415' title='bbox 2090 2408 2341 2467; x_wconf 86' lang='lat' dir='ltr'><strong>pretatur</strong></span> <span class='ocrx_word' id='word_1_416' title='bbox 2381 2397 2755 2465; x_wconf 82' lang='lat' dir='ltr'><strong>contemplatio</strong></span> <span class='ocrx_word' id='word_1_417' title='bbox 2802 2396 2917 2450; x_wconf 87' lang='lat' dir='ltr'><strong>sive</strong></span> <span class='ocrx_word' id='word_1_418' title='bbox 2958 2395 3254 2463; x_wconf 72' lang='lat' dir='ltr'><strong>exploratio</strong></span> <span class='ocrx_word' id='word_1_419' title='bbox 3296 2390 3499 2462; x_wconf 82' lang='lat' dir='ltr'><strong>gaudii.</strong></span> <span class='ocrx_word' id='word_1_420' title='bbox 3541 2390 3663 2443; x_wconf 86' lang='lat' dir='ltr'><strong>Citii</strong></span> 
     </span>
    </p>
   </div>
   <div class='ocr_carea' id='block_1_56' title="bbox 2090 2486 3670 2558">
    <p class='ocr_par' dir='ltr' id='par_1_56' title="bbox 2090 2486 3670 2558">
     <span class='ocr_line' id='line_1_56' title="bbox 2090 2486 3670 2558; baseline -0.004 -16"><span class='ocrx_word' id='word_1_421' title='bbox 2090 2505 2308 2558; x_wconf 92' lang='lat' dir='ltr'><strong>quoque</strong></span> <span class='ocrx_word' id='word_1_422' title='bbox 2336 2491 2480 2558; x_wconf 90' lang='lat' dir='ltr'><strong>quod</strong></span> <span class='ocrx_word' id='word_1_423' title='bbox 2513 2488 2777 2543; x_wconf 87' lang='lat' dir='ltr'><strong>ilehraice</strong></span> <span class='ocrx_word' id='word_1_424' title='bbox 2809 2489 3009 2542; x_wconf 90' lang='lat' dir='ltr'><strong>dicitur</strong></span> <span class='ocrx_word' id='word_1_425' title='bbox 3036 2502 3231 2543; x_wconf 76' lang='grc' dir='ltr'><strong>ευετιιι</strong></span> <span class='ocrx_word' id='word_1_426' title='bbox 3263 2487 3471 2557; x_wconf 56' lang='lat' dir='ltr'><strong>(Dim),</strong></span> <span class='ocrx_word' id='word_1_427' title='bbox 3499 2486 3670 2538; x_wconf 82' lang='lat' dir='ltr'><strong>inter-</strong></span> 
     </span>
    </p>
   </div>
   <div class='ocr_carea' id='block_1_57' title="bbox 2092 2575 3668 2651">
    <p class='ocr_par' dir='ltr' id='par_1_57' title="bbox 2092 2575 3668 2651">
     <span class='ocr_line' id='line_1_57' title="bbox 2092 2575 3668 2651; baseline -0.002 -20"><span class='ocrx_word' id='word_1_428' title='bbox 2092 2590 2336 2651; x_wconf 77' lang='lat' dir='ltr'><strong>prt‘latttr</strong></span> <span class='ocrx_word' id='word_1_429' title='bbox 2367 2596 2513 2633; x_wconf 86' lang='lat' dir='ltr'><strong>mare</strong></span> <span class='ocrx_word' id='word_1_430' title='bbox 2549 2578 2918 2649; x_wconf 79' lang='lat' dir='ltr'><strong>congelascens</strong></span> <span class='ocrx_word' id='word_1_431' title='bbox 2955 2595 2973 2634; x_wconf 93' lang='lat'><strong><em>:</em></strong></span> <span class='ocrx_word' id='word_1_432' title='bbox 3005 2590 3058 2633; x_wconf 91' lang='lat' dir='ltr'><strong>et</strong></span> <span class='ocrx_word' id='word_1_433' title='bbox 3104 2593 3200 2648; x_wconf 89' lang='lat' dir='ltr'><strong>pro</strong></span> <span class='ocrx_word' id='word_1_434' title='bbox 3231 2578 3495 2633; x_wconf 71' lang='lat' dir='ltr'><strong>Phoenice</strong></span> <span class='ocrx_word' id='word_1_435' title='bbox 3525 2575 3668 2642; x_wconf 86' lang='lat' dir='ltr'><strong>apud</strong></span> 
     </span>
    </p>
   </div>
   <div class='ocr_carea' id='block_1_58' title="bbox 2092 2666 3672 2741">
    <p class='ocr_par' dir='ltr' id='par_1_58' title="bbox 2092 2666 3672 2741">
     <span class='ocr_line' id='line_1_58' title="bbox 2092 2666 3672 2741; baseline -0.001 -20"><span class='ocrx_word' id='word_1_436' title='bbox 2092 2690 2184 2724; x_wconf 76' lang='lat' dir='ltr'><strong>eos</strong></span> <span class='ocrx_word' id='word_1_437' title='bbox 2224 2671 2391 2725; x_wconf 72' lang='lat' dir='ltr'><strong>S‘don</strong></span> <span class='ocrx_word' id='word_1_438' title='bbox 2436 2672 2653 2741; x_wconf 85' lang='lat' dir='ltr'><strong>legitur.</strong></span> <span class='ocrx_word' id='word_1_439' title='bbox 2689 2673 3010 2741; x_wconf 89' lang='lat' dir='ltr'><strong>Arguuntur</strong></span> <span class='ocrx_word' id='word_1_440' title='bbox 3042 2671 3225 2739; x_wconf 85' lang='lat' dir='ltr'><strong>itaque</strong></span> <span class='ocrx_word' id='word_1_441' title='bbox 3250 2671 3300 2723; x_wconf 91' lang='lat' dir='ltr'><strong>bi</strong></span> <span class='ocrx_word' id='word_1_442' title='bbox 3329 2683 3465 2737; x_wconf 91' lang='lat' dir='ltr'><strong>quos</strong></span> <span class='ocrx_word' id='word_1_443' title='bbox 3504 2666 3672 2721; x_wconf 86' lang='lat' dir='ltr'><strong>mala-</strong></span> 
     </span>
    </p>
   </div>
   <div class='ocr_carea' id='block_1_59' title="bbox 2094 2760 3676 2834">
    <p class='ocr_par' dir='ltr' id='par_1_59' title="bbox 2094 2760 3676 2834">
     <span class='ocr_line' id='line_1_59' title="bbox 2094 2760 3676 2834; baseline -0.003 -16"><span class='ocrx_word' id='word_1_444' title='bbox 2094 2781 2214 2818; x_wconf 89' lang='lat' dir='ltr'><strong>rum</strong></span> <span class='ocrx_word' id='word_1_445' title='bbox 2246 2764 2637 2834; x_wconf 90' lang='lat' dir='ltr'><strong>cogitationum</strong></span> <span class='ocrx_word' id='word_1_446' title='bbox 2672 2765 2825 2818; x_wconf 89' lang='lat' dir='ltr'><strong>turba</strong></span> <span class='ocrx_word' id='word_1_447' title='bbox 2860 2764 3185 2828; x_wconf 86' lang='lat' dir='ltr'><strong>circumdat,</strong></span> <span class='ocrx_word' id='word_1_448' title='bbox 3219 2771 3274 2817; x_wconf 88' lang='lat' dir='ltr'><strong>et</strong></span> <span class='ocrx_word' id='word_1_449' title='bbox 3299 2761 3391 2830; x_wconf 88' lang='lat' dir='ltr'><strong>qui</strong></span> <span class='ocrx_word' id='word_1_450' title='bbox 3426 2760 3676 2814; x_wconf 82' lang='lat' dir='ltr'><strong>volentes</strong></span> 
     </span>
    </p>
   </div>
   <div class='ocr_carea' id='block_1_60' title="bbox 2088 2851 3672 2927">
    <p class='ocr_par' dir='ltr' id='par_1_60' title="bbox 2088 2851 3672 2927">
     <span class='ocr_line' id='line_1_60' title="bbox 2088 2851 3672 2927; baseline -0.004 -17"><span class='ocrx_word' id='word_1_451' title='bbox 2088 2856 2245 2927; x_wconf 79' lang='lat' dir='ltr'><strong>juxta</strong></span> <span class='ocrx_word' id='word_1_452' title='bbox 2262 2855 2578 2924; x_wconf 82' lang='lat' dir='ltr'><strong>Apostolum</strong></span> <span class='ocrx_word' id='word_1_453' title='bbox 2604 2855 2799 2909; x_wconf 91' lang='lat' dir='ltr'><strong>divites</strong></span> <span class='ocrx_word' id='word_1_454' title='bbox 2823 2854 2964 2921; x_wconf 90' lang='lat' dir='ltr'><strong>ﬁeri,</strong></span> <span class='ocrx_word' id='word_1_455' title='bbox 2988 2854 3236 2908; x_wconf 90' lang='lat' dir='ltr'><strong>incidunt</strong></span> <span class='ocrx_word' id='word_1_456' title='bbox 3262 2853 3316 2907; x_wconf 91' lang='lat' dir='ltr'><strong>in</strong></span> <span class='ocrx_word' id='word_1_457' title='bbox 3342 2851 3672 2906; x_wconf 87' lang='lat' dir='ltr'><strong>tentatioues</strong></span> 
     </span>
    </p>
   </div>
   <div class='ocr_carea' id='block_1_61' title="bbox 2094 2945 3673 3016">
    <p class='ocr_par' dir='ltr' id='par_1_61' title="bbox 2094 2945 3673 3016">
     <span class='ocr_line' id='line_1_61' title="bbox 2094 2945 3673 3016; baseline -0.004 -14"><span class='ocrx_word' id='word_1_458' title='bbox 2094 2958 2147 3002; x_wconf 85' lang='lat' dir='ltr'><strong>et</strong></span> <span class='ocrx_word' id='word_1_459' title='bbox 2177 2948 2407 3016; x_wconf 86' lang='lat' dir='ltr'><strong>laqueos</strong></span> <span class='ocrx_word' id='word_1_460' title='bbox 2446 2947 2670 3012; x_wconf 83' lang='lat' dir='ltr'><strong>diaboli,</strong></span> <span class='ocrx_word' id='word_1_461' title='bbox 2696 2957 2751 3001; x_wconf 91' lang='lat' dir='ltr'><strong>et</strong></span> <span class='ocrx_word' id='word_1_462' title='bbox 2770 2946 3044 3001; x_wconf 87' lang='lat' dir='ltr'><strong>desideria</strong></span> <span class='ocrx_word' id='word_1_463' title='bbox 3070 2946 3235 3000; x_wconf 89' lang='lat' dir='ltr'><strong>multa</strong></span> <span class='ocrx_word' id='word_1_464' title='bbox 3257 2957 3309 2997; x_wconf 82' lang='lat' dir='ltr'><strong>et</strong></span> <span class='ocrx_word' id='word_1_465' title='bbox 3337 2945 3519 3008; x_wconf 84' lang='lat' dir='ltr'><strong>noxia,</strong></span> <span class='ocrx_word' id='word_1_466' title='bbox 3549 2957 3673 3011; x_wconf 74' lang='lat' dir='ltr'><strong>qua:</strong></span> 
     </span>
    </p>
   </div>
   <div class='ocr_carea' id='block_1_62' title="bbox 2094 3032 3676 3109">
    <p class='ocr_par' dir='ltr' id='par_1_62' title="bbox 2094 3032 3676 3109">
     <span class='ocr_line' id='line_1_62' title="bbox 2094 3032 3676 3109; baseline -0.003 -17"><span class='ocrx_word' id='word_1_467' title='bbox 2094 3039 2384 3093; x_wconf 89' lang='lat' dir='ltr'><strong>detrahunt</strong></span> <span class='ocrx_word' id='word_1_468' title='bbox 2433 3039 2685 3093; x_wconf 87' lang='lat' dir='ltr'><strong>homines</strong></span> <span class='ocrx_word' id='word_1_469' title='bbox 2733 3038 2787 3093; x_wconf 88' lang='lat' dir='ltr'><strong>in</strong></span> <span class='ocrx_word' id='word_1_470' title='bbox 2835 3038 3162 3108; x_wconf 91' lang='lat' dir='ltr'><strong>profundum</strong></span> <span class='ocrx_word' id='word_1_471' title='bbox 3200 3035 3253 3109; x_wconf 93' lang='lat' dir='ltr'><strong>(I</strong></span> <span class='ocrx_word' id='word_1_472' title='bbox 3288 3036 3423 3092; x_wconf 86' lang='lat' dir='ltr'><strong>Tim.</strong></span> <span class='ocrx_word' id='word_1_473' title='bbox 3464 3036 3560 3106; x_wconf 78' lang='lat' dir='ltr'><strong>Vt).</strong></span> <span class='ocrx_word' id='word_1_474' title='bbox 3609 3032 3676 3087; x_wconf 83' lang='lat' dir='ltr'><strong>Et</strong></span> 
     </span>
    </p>
   </div>
   <div class='ocr_carea' id='block_1_63' title="bbox 417 3109 3679 3200">
    <p class='ocr_par' dir='ltr' id='par_1_63' title="bbox 417 3109 3679 3200">
     <span class='ocr_line' id='line_1_63' title="bbox 417 3109 3679 3200; baseline -0.001 -18"><span class='ocrx_word' id='word_1_475' title='bbox 417 3132 601 3191; x_wconf 83' lang='lat' dir='ltr'><strong>vertit,</strong></span> <span class='ocrx_word' id='word_1_476' title='bbox 637 3142 845 3199; x_wconf 67' lang='lat' dir='ltr'><strong>nepotes</strong></span> <span class='ocrx_word' id='word_1_477' title='bbox 886 3139 1040 3198; x_wconf 83' lang='lat' dir='ltr'><strong>atque</strong></span> <span class='ocrx_word' id='word_1_478' title='bbox 1074 3130 1375 3183; x_wconf 71' lang='lat' dir='ltr'><strong>commixtos</strong></span> <span class='ocrx_word' id='word_1_479' title='bbox 1409 3145 1427 3182; x_wconf 91' lang='lat'><strong><em>:</em></strong></span> <span class='ocrx_word' id='word_1_480' title='bbox 1462 3141 1518 3183; x_wconf 92' lang='lat' dir='ltr'><strong>ut</strong></span> <span class='ocrx_word' id='word_1_481' title='bbox 1550 3138 1603 3184; x_wconf 92' lang='lat' dir='ltr'><strong>et</strong></span> <span class='ocrx_word' id='word_1_482' title='bbox 1635 3130 1903 3199; x_wconf 86' lang='lat' dir='ltr'><strong>Apostoli,</strong></span> <span class='ocrx_word' id='word_1_483' title='bbox 1937 3138 1991 3183; x_wconf 90' lang='lat' dir='ltr'><strong>et</strong></span> <span class='ocrx_word' id='word_1_484' title='bbox 2020 3109 2064 3168; x_wconf 69' lang='grc' dir='ltr'><strong>(ἶ</strong></span> <span class='ocrx_word' id='word_1_485' title='bbox 2096 3130 2298 3184; x_wconf 90' lang='lat' dir='ltr'><strong>dicitur</strong></span> <span class='ocrx_word' id='word_1_486' title='bbox 2319 3131 2399 3186; x_wconf 91' lang='lat' dir='ltr'><strong>eis</strong></span> <span class='ocrx_word' id='word_1_487' title='bbox 2414 3130 2559 3200; x_wconf 92' lang='lat' dir='ltr'><strong>quod</strong></span> <span class='ocrx_word' id='word_1_488' title='bbox 2586 3131 2795 3185; x_wconf 82' lang='lat' dir='ltr'><strong>ululare</strong></span> <span class='ocrx_word' id='word_1_489' title='bbox 2815 3131 3069 3190; x_wconf 89' lang='lat' dir='ltr'><strong>debeant,</strong></span> <span class='ocrx_word' id='word_1_490' title='bbox 3096 3131 3331 3185; x_wconf 87' lang='lat' dir='ltr'><strong>scientes</strong></span> <span class='ocrx_word' id='word_1_491' title='bbox 3361 3143 3553 3183; x_wconf 87' lang='lat' dir='ltr'><strong>omnes</strong></span> <span class='ocrx_word' id='word_1_492' title='bbox 3580 3142 3679 3180; x_wconf 85' lang='lat' dir='ltr'><strong>ue-</strong></span> 
     </span>
    </p>
   </div>
   <div class='ocr_carea' id='block_1_64' title="bbox 418 3220 1990 3286">
    <p class='ocr_par' dir='ltr' id='par_1_64' title="bbox 418 3220 1990 3286">
     <span class='ocr_line' id='line_1_64' title="bbox 418 3220 1990 3286; baseline 0.001 -13"><span class='ocrx_word' id='word_1_493' title='bbox 418 3238 610 3274; x_wconf 89' lang='lat' dir='ltr'><strong>omnes</strong></span> <span class='ocrx_word' id='word_1_494' title='bbox 641 3224 948 3283; x_wconf 62' lang='lat' dir='ltr'><strong>credentes,</strong></span> <span class='ocrx_word' id='word_1_495' title='bbox 981 3225 1081 3276; x_wconf 92' lang='lat' dir='ltr'><strong>hoc</strong></span> <span class='ocrx_word' id='word_1_496' title='bbox 1107 3233 1191 3276; x_wconf 88' lang='lat' dir='ltr'><strong>est</strong></span> <span class='ocrx_word' id='word_1_497' title='bbox 1224 3222 1317 3275; x_wconf 88' lang='lat' dir='ltr'><strong>ﬁlii</strong></span> <span class='ocrx_word' id='word_1_498' title='bbox 1350 3222 1605 3286; x_wconf 88' lang='lat' dir='ltr'><strong>ﬁliorum,</strong></span> <span class='ocrx_word' id='word_1_499' title='bbox 1636 3232 1690 3276; x_wconf 89' lang='lat' dir='ltr'><strong>et</strong></span> <span class='ocrx_word' id='word_1_500' title='bbox 1719 3220 1990 3276; x_wconf 90' lang='lat' dir='ltr'><strong>commisti</strong></span> 
     </span>
    </p>
   </div>
   <div class='ocr_carea' id='block_1_65' title="bbox 420 3312 1993 3383">
    <p class='ocr_par' dir='ltr' id='par_1_65' title="bbox 420 3312 1993 3383">
     <span class='ocr_line' id='line_1_65' title="bbox 420 3312 1993 3383; baseline 0.002 -17"><span class='ocrx_word' id='word_1_501' title='bbox 420 3313 489 3367; x_wconf 87' lang='lat' dir='ltr'><strong>de</strong></span> <span class='ocrx_word' id='word_1_502' title='bbox 519 3314 787 3369; x_wconf 84' lang='lat' dir='ltr'><strong>universis</strong></span> <span class='ocrx_word' id='word_1_503' title='bbox 815 3316 1067 3383; x_wconf 82' lang='lat' dir='ltr'><strong>gentibus</strong></span> <span class='ocrx_word' id='word_1_504' title='bbox 1101 3315 1371 3383; x_wconf 84' lang='lat' dir='ltr'><strong>pendeant</strong></span> <span class='ocrx_word' id='word_1_505' title='bbox 1401 3329 1564 3381; x_wconf 88' lang='lat' dir='ltr'><strong>super</strong></span> <span class='ocrx_word' id='word_1_506' title='bbox 1596 3329 1741 3367; x_wconf 91' lang='lat' dir='ltr'><strong>eum.</strong></span> <span class='ocrx_word' id='word_1_507' title='bbox 1772 3314 1816 3367; x_wconf 83' lang='lat' dir='ltr'><strong>A</strong></span> <span class='ocrx_word' id='word_1_508' title='bbox 1845 3312 1993 3369; x_wconf 89' lang='lat' dir='ltr'><strong>vasis</strong></span> 
     </span>
    </p>
   </div>
   <div class='ocr_carea' id='block_1_66' title="bbox 419 3400 1993 3477">
    <p class='ocr_par' dir='ltr' id='par_1_66' title="bbox 419 3400 1993 3477">
     <span class='ocr_line' id='line_1_66' title="bbox 419 3400 1993 3477; baseline 0.004 -19"><span class='ocrx_word' id='word_1_509' title='bbox 419 3414 780 3471; x_wconf 82' lang='lat' dir='ltr'><strong>eraterarum,</strong></span> <span class='ocrx_word' id='word_1_510' title='bbox 810 3421 909 3475; x_wconf 92' lang='lat' dir='ltr'><strong>pro</strong></span> <span class='ocrx_word' id='word_1_511' title='bbox 938 3407 1135 3475; x_wconf 88' lang='lat' dir='ltr'><strong>quibus</strong></span> <span class='ocrx_word' id='word_1_512' title='bbox 1164 3406 1467 3460; x_wconf 82' lang='lat' dir='ltr'><strong>&#39;l‘heodotio</strong></span> <span class='ocrx_word' id='word_1_513' title='bbox 1513 3422 1755 3461; x_wconf 73' lang='lat' dir='ltr'><strong>AGANUTII</strong></span> <span class='ocrx_word' id='word_1_514' title='bbox 1787 3400 1993 3477; x_wconf 62' lang='grc' dir='ltr'><strong>(ηῆιλκ)</strong></span> 
     </span>
    </p>
   </div>
   <div class='ocr_carea' id='block_1_67' title="bbox 421 3494 1992 3567">
    <p class='ocr_par' dir='ltr' id='par_1_67' title="bbox 421 3494 1992 3567">
     <span class='ocr_line' id='line_1_67' title="bbox 421 3494 1992 3567; baseline 0.003 -20"><span class='ocrx_word' id='word_1_515' title='bbox 421 3497 627 3566; x_wconf 85' lang='lat' dir='ltr'><strong>posuit,</strong></span> <span class='ocrx_word' id='word_1_516' title='bbox 656 3504 709 3549; x_wconf 91' lang='lat' dir='ltr'><strong>et</strong></span> <span class='ocrx_word' id='word_1_517' title='bbox 746 3494 900 3565; x_wconf 89' lang='lat' dir='ltr'><strong>parvi</strong></span> <span class='ocrx_word' id='word_1_518' title='bbox 933 3497 1076 3550; x_wconf 89' lang='lat' dir='ltr'><strong>enim</strong></span> <span class='ocrx_word' id='word_1_519' title='bbox 1112 3496 1275 3566; x_wconf 76' lang='lat'><strong>320</strong></span> <span class='ocrx_word' id='word_1_520' title='bbox 1313 3506 1367 3551; x_wconf 90' lang='lat' dir='ltr'><strong>ct</strong></span> <span class='ocrx_word' id='word_1_521' title='bbox 1403 3499 1580 3567; x_wconf 88' lang='lat' dir='ltr'><strong>magni</strong></span> <span class='ocrx_word' id='word_1_522' title='bbox 1617 3499 1671 3551; x_wconf 91' lang='lat' dir='ltr'><strong>in</strong></span> <span class='ocrx_word' id='word_1_523' title='bbox 1708 3500 1992 3552; x_wconf 82' lang='lat' dir='ltr'><strong>Dominum</strong></span> 
     </span>
    </p>
   </div>
   <div class='ocr_carea' id='block_1_68' title="bbox 421 3586 1995 3659">
    <p class='ocr_par' dir='ltr' id='par_1_68' title="bbox 421 3586 1995 3659">
     <span class='ocr_line' id='line_1_68' title="bbox 421 3586 1995 3659; baseline 0.003 -17"><span class='ocrx_word' id='word_1_524' title='bbox 421 3588 683 3642; x_wconf 87' lang='lat' dir='ltr'><strong>credituri</strong></span> <span class='ocrx_word' id='word_1_525' title='bbox 713 3597 858 3651; x_wconf 71' lang='lat' dir='ltr'><strong>sunt,</strong></span> <span class='ocrx_word' id='word_1_526' title='bbox 892 3586 1150 3643; x_wconf 88' lang='lat' dir='ltr'><strong>Crateras</strong></span> <span class='ocrx_word' id='word_1_527' title='bbox 1178 3601 1357 3644; x_wconf 85' lang='lat' dir='ltr'><strong>autem</strong></span> <span class='ocrx_word' id='word_1_528' title='bbox 1390 3599 1517 3659; x_wconf 92' lang='lat' dir='ltr'><strong>puto</strong></span> <span class='ocrx_word' id='word_1_529' title='bbox 1548 3605 1669 3645; x_wconf 85' lang='lat' dir='ltr'><strong>esse</strong></span> <span class='ocrx_word' id='word_1_530' title='bbox 1700 3592 1995 3659; x_wconf 83' lang='lat' dir='ltr'><strong>Apostolos</strong></span> 
     </span>
    </p>
   </div>
   <div class='ocr_carea' id='block_1_69' title="bbox 420 3679 1998 3750">
    <p class='ocr_par' dir='ltr' id='par_1_69' title="bbox 420 3679 1998 3750">
     <span class='ocr_line' id='line_1_69' title="bbox 420 3679 1998 3750; baseline 0.003 -18"><span class='ocrx_word' id='word_1_531' title='bbox 420 3679 611 3750; x_wconf 87' lang='lat' dir='ltr'><strong>plenos</strong></span> <span class='ocrx_word' id='word_1_532' title='bbox 643 3679 895 3733; x_wconf 86' lang='lat' dir='ltr'><strong>vitalibus</strong></span> <span class='ocrx_word' id='word_1_533' title='bbox 926 3682 1099 3748; x_wconf 87' lang='lat' dir='ltr'><strong>aquis.</strong></span> <span class='ocrx_word' id='word_1_534' title='bbox 1141 3679 1215 3735; x_wconf 90' lang='lat' dir='ltr'><strong>De</strong></span> <span class='ocrx_word' id='word_1_535' title='bbox 1249 3682 1447 3749; x_wconf 91' lang='lat' dir='ltr'><strong>quibus</strong></span> <span class='ocrx_word' id='word_1_536' title='bbox 1485 3681 1684 3735; x_wconf 89' lang='lat' dir='ltr'><strong>dicitur</strong></span> <span class='ocrx_word' id='word_1_537' title='bbox 1718 3698 1733 3735; x_wconf 87' lang='lat'><strong>:</strong></span> <span class='ocrx_word' id='word_1_538' title='bbox 1769 3682 1998 3738; x_wconf 85' lang='lat' dir='ltr'><strong>Benedi-</strong></span> 
     </span>
    </p>
   </div>
   <div class='ocr_carea' id='block_1_70' title="bbox 420 3769 1999 3844">
    <p class='ocr_par' dir='ltr' id='par_1_70' title="bbox 420 3769 1999 3844">
     <span class='ocr_line' id='line_1_70' title="bbox 420 3769 1999 3844; baseline 0.003 -20"><span class='ocrx_word' id='word_1_539' title='bbox 420 3772 523 3825; x_wconf 86' lang='lat' dir='ltr'><strong>cite</strong></span> <span class='ocrx_word' id='word_1_540' title='bbox 545 3769 709 3823; x_wconf 86' lang='lat' dir='ltr'><strong>Deum</strong></span> <span class='ocrx_word' id='word_1_541' title='bbox 746 3770 1051 3839; x_wconf 76' lang='lat' dir='ltr'><strong>defontibus</strong></span> <span class='ocrx_word' id='word_1_542' title='bbox 1084 3770 1444 3836; x_wconf 68' lang='lat' dir='ltr'><strong>I’sracl(Psal.</strong></span> <span class='ocrx_word' id='word_1_543' title='bbox 1464 3790 1630 3837; x_wconf 78' lang='lat' dir='ltr'><strong>vatt,</strong></span> <span class='ocrx_word' id='word_1_544' title='bbox 1655 3775 1769 3843; x_wconf 69' lang='lat'><strong>27),</strong></span> <span class='ocrx_word' id='word_1_545' title='bbox 1798 3777 1849 3829; x_wconf 91' lang='lat' dir='ltr'><strong>in</strong></span> <span class='ocrx_word' id='word_1_546' title='bbox 1880 3778 1999 3844; x_wconf 85' lang='lat' dir='ltr'><strong>qui-</strong></span> 
     </span>
    </p>
   </div>
   <div class='ocr_carea' id='block_1_71' title="bbox 420 3863 2001 3934">
    <p class='ocr_par' dir='ltr' id='par_1_71' title="bbox 420 3863 2001 3934">
     <span class='ocr_line' id='line_1_71' title="bbox 420 3863 2001 3934; baseline 0.003 -18"><span class='ocrx_word' id='word_1_547' title='bbox 420 3864 523 3917; x_wconf 87' lang='lat' dir='ltr'><strong>bus</strong></span> <span class='ocrx_word' id='word_1_548' title='bbox 557 3864 865 3917; x_wconf 89' lang='lat' dir='ltr'><strong>crateribus</strong></span> <span class='ocrx_word' id='word_1_549' title='bbox 911 3863 1128 3918; x_wconf 85' lang='lat' dir='ltr'><strong>miscuit</strong></span> <span class='ocrx_word' id='word_1_550' title='bbox 1172 3866 1437 3934; x_wconf 82' lang='lat' dir='ltr'><strong>Sapientia</strong></span> <span class='ocrx_word' id='word_1_551' title='bbox 1477 3869 1656 3919; x_wconf 89' lang='lat' dir='ltr'><strong>vinttm</strong></span> <span class='ocrx_word' id='word_1_552' title='bbox 1707 3883 1885 3927; x_wconf 87' lang='lat' dir='ltr'><strong>suum.</strong></span> <span class='ocrx_word' id='word_1_553' title='bbox 1933 3869 2001 3921; x_wconf 87' lang='lat' dir='ltr'><strong>Et</strong></span> 
     </span>
    </p>
   </div>
   <div class='ocr_carea' id='block_1_72' title="bbox 420 3956 1998 4029">
    <p class='ocr_par' dir='ltr' id='par_1_72' title="bbox 420 3956 1998 4029">
     <span class='ocr_line' id='line_1_72' title="bbox 420 3956 1998 4029; baseline 0.003 -21"><span class='ocrx_word' id='word_1_554' title='bbox 420 3968 603 4016; x_wconf 92' lang='lat' dir='ltr'><strong>omne,</strong></span> <span class='ocrx_word' id='word_1_555' title='bbox 631 3956 824 4023; x_wconf 85' lang='lat' dir='ltr'><strong>inquit,</strong></span> <span class='ocrx_word' id='word_1_556' title='bbox 853 3969 943 4008; x_wconf 89' lang='lat' dir='ltr'><strong>vas</strong></span> <span class='ocrx_word' id='word_1_557' title='bbox 970 3958 1320 4018; x_wconf 89' lang='lat' dir='ltr'><strong>musicorum,</strong></span> <span class='ocrx_word' id='word_1_558' title='bbox 1347 3973 1534 4013; x_wconf 89' lang='lat' dir='ltr'><strong>eorum</strong></span> <span class='ocrx_word' id='word_1_559' title='bbox 1570 3961 1662 4029; x_wconf 89' lang='lat' dir='ltr'><strong>qui</strong></span> <span class='ocrx_word' id='word_1_560' title='bbox 1684 3962 1829 4014; x_wconf 88' lang='lat' dir='ltr'><strong>onmi</strong></span> <span class='ocrx_word' id='word_1_561' title='bbox 1859 3973 1998 4013; x_wconf 84' lang='lat' dir='ltr'><strong>tem-</strong></span> 
     </span>
    </p>
   </div>
   <div class='ocr_carea' id='block_1_73' title="bbox 421 4048 2001 4123">
    <p class='ocr_par' dir='ltr' id='par_1_73' title="bbox 421 4048 2001 4123">
     <span class='ocr_line' id='line_1_73' title="bbox 421 4048 2001 4123; baseline 0.003 -22"><span class='ocrx_word' id='word_1_562' title='bbox 421 4063 555 4118; x_wconf 86' lang='lat' dir='ltr'><strong>pore</strong></span> <span class='ocrx_word' id='word_1_563' title='bbox 600 4051 650 4101; x_wconf 94' lang='lat' dir='ltr'><strong>in</strong></span> <span class='ocrx_word' id='word_1_564' title='bbox 686 4048 775 4102; x_wconf 90' lang='lat' dir='ltr'><strong>Dei</strong></span> <span class='ocrx_word' id='word_1_565' title='bbox 834 4048 1019 4103; x_wconf 84' lang='lat' dir='ltr'><strong>laudes</strong></span> <span class='ocrx_word' id='word_1_566' title='bbox 1074 4060 1387 4118; x_wconf 87' lang='lat' dir='ltr'><strong>personant.</strong></span> <span class='ocrx_word' id='word_1_567' title='bbox 1425 4052 1578 4118; x_wconf 89' lang='lat' dir='ltr'><strong>Quod</strong></span> <span class='ocrx_word' id='word_1_568' title='bbox 1618 4054 1883 4123; x_wconf 88' lang='lat' dir='ltr'><strong>sequitur,</strong></span> <span class='ocrx_word' id='word_1_569' title='bbox 1918 4053 2001 4106; x_wconf 82' lang='lat' dir='ltr'><strong>vi-</strong></span> 
     </span>
    </p>
   </div>
   <div class='ocr_carea' id='block_1_74' title="bbox 420 4138 2000 4208">
    <p class='ocr_par' dir='ltr' id='par_1_74' title="bbox 420 4138 2000 4208">
     <span class='ocr_line' id='line_1_74' title="bbox 420 4138 2000 4208; baseline 0.002 -17"><span class='ocrx_word' id='word_1_570' title='bbox 420 4138 583 4193; x_wconf 84' lang='lat' dir='ltr'><strong>detur</strong></span> <span class='ocrx_word' id='word_1_571' title='bbox 631 4138 813 4191; x_wconf 79' lang='lat' dir='ltr'><strong>sensui</strong></span> <span class='ocrx_word' id='word_1_572' title='bbox 873 4148 1059 4191; x_wconf 92' lang='lat' dir='ltr'><strong>nostro</strong></span> <span class='ocrx_word' id='word_1_573' title='bbox 1117 4153 1240 4193; x_wconf 79' lang='lat' dir='ltr'><strong>esse</strong></span> <span class='ocrx_word' id='word_1_574' title='bbox 1303 4141 1669 4203; x_wconf 88' lang='lat' dir='ltr'><strong>contrarium,</strong></span> <span class='ocrx_word' id='word_1_575' title='bbox 1728 4139 2000 4208; x_wconf 89' lang='lat' dir='ltr'><strong>quomodo</strong></span> 
     </span>
    </p>
   </div>
   <div class='ocr_carea' id='block_1_75' title="bbox 421 4225 2000 4300">
    <p class='ocr_par' dir='ltr' id='par_1_75' title="bbox 421 4225 2000 4300">
     <span class='ocr_line' id='line_1_75' title="bbox 421 4225 2000 4300; baseline 0.003 -18"><span class='ocrx_word' id='word_1_576' title='bbox 421 4231 654 4298; x_wconf 80' lang='lat' dir='ltr'><strong>paxillus</strong></span> <span class='ocrx_word' id='word_1_577' title='bbox 679 4225 800 4294; x_wconf 76' lang='lat' dir='ltr'><strong>iste,</strong></span> <span class='ocrx_word' id='word_1_578' title='bbox 824 4231 917 4300; x_wconf 91' lang='lat' dir='ltr'><strong>qui</strong></span> <span class='ocrx_word' id='word_1_579' title='bbox 945 4232 1083 4285; x_wconf 80' lang='lat' dir='ltr'><strong>ﬁxus</strong></span> <span class='ocrx_word' id='word_1_580' title='bbox 1106 4230 1282 4285; x_wconf 84' lang='lat' dir='ltr'><strong>fuerat</strong></span> <span class='ocrx_word' id='word_1_581' title='bbox 1313 4234 1364 4285; x_wconf 90' lang='lat' dir='ltr'><strong>in</strong></span> <span class='ocrx_word' id='word_1_582' title='bbox 1393 4232 1509 4286; x_wconf 90' lang='lat' dir='ltr'><strong>loco</strong></span> <span class='ocrx_word' id='word_1_583' title='bbox 1531 4234 1696 4299; x_wconf 89' lang='lat' dir='ltr'><strong>ﬁdeli,</strong></span> <span class='ocrx_word' id='word_1_584' title='bbox 1716 4232 2000 4287; x_wconf 83' lang='lat' dir='ltr'><strong>auferatur</strong></span> 
     </span>
    </p>
   </div>
   <div class='ocr_carea' id='block_1_76' title="bbox 422 4321 2002 4396">
    <p class='ocr_par' dir='ltr' id='par_1_76' title="bbox 422 4321 2002 4396">
     <span class='ocr_line' id='line_1_76' title="bbox 422 4321 2002 4396; baseline 0.004 -21"><span class='ocrx_word' id='word_1_585' title='bbox 422 4331 479 4375; x_wconf 85' lang='lat' dir='ltr'><strong>et</strong></span> <span class='ocrx_word' id='word_1_586' title='bbox 532 4321 811 4390; x_wconf 87' lang='lat' dir='ltr'><strong>frangatur</strong></span> <span class='ocrx_word' id='word_1_587' title='bbox 850 4338 864 4379; x_wconf 86' lang='lat'>:</span> <span class='ocrx_word' id='word_1_588' title='bbox 910 4335 963 4378; x_wconf 90' lang='lat' dir='ltr'><strong>et</strong></span> <span class='ocrx_word' id='word_1_589' title='bbox 992 4324 1149 4378; x_wconf 89' lang='lat' dir='ltr'><strong>cadat</strong></span> <span class='ocrx_word' id='word_1_590' title='bbox 1181 4332 1234 4377; x_wconf 91' lang='lat' dir='ltr'><strong>et</strong></span> <span class='ocrx_word' id='word_1_591' title='bbox 1264 4333 1452 4393; x_wconf 87' lang='lat' dir='ltr'><strong>pereat</strong></span> <span class='ocrx_word' id='word_1_592' title='bbox 1493 4327 1635 4395; x_wconf 90' lang='lat' dir='ltr'><strong>quod</strong></span> <span class='ocrx_word' id='word_1_593' title='bbox 1672 4328 2002 4396; x_wconf 82' lang='lat' dir='ltr'><strong>pependerat</strong></span> 
     </span>
    </p>
   </div>
   <div class='ocr_carea' id='block_1_77' title="bbox 2095 3219 3679 3294">
    <p class='ocr_par' dir='ltr' id='par_1_77' title="bbox 2095 3219 3679 3294">
     <span class='ocr_line' id='line_1_77' title="bbox 2095 3219 3679 3294; baseline -0.005 -16"><span class='ocrx_word' id='word_1_594' title='bbox 2095 3224 2421 3294; x_wconf 61' lang='lat' dir='ltr'><strong>gotiationes</strong></span> <span class='ocrx_word' id='word_1_595' title='bbox 2448 3225 2628 3277; x_wconf 93' lang='lat' dir='ltr'><strong>mundi</strong></span> <span class='ocrx_word' id='word_1_596' title='bbox 2655 3223 2815 3288; x_wconf 91' lang='lat' dir='ltr'><strong>hujus</strong></span> <span class='ocrx_word' id='word_1_597' title='bbox 2833 3238 2951 3278; x_wconf 87' lang='lat' dir='ltr'><strong>esse</strong></span> <span class='ocrx_word' id='word_1_598' title='bbox 2969 3224 3321 3294; x_wconf 87' lang='lat' dir='ltr'><strong>pcrituras,et</strong></span> <span class='ocrx_word' id='word_1_599' title='bbox 3339 3219 3679 3289; x_wconf 86' lang='lat' dir='ltr'><strong>contempla-</strong></span> 
     </span>
    </p>
   </div>
   <div class='ocr_carea' id='block_1_78' title="bbox 2098 3312 3680 3385">
    <p class='ocr_par' dir='ltr' id='par_1_78' title="bbox 2098 3312 3680 3385">
     <span class='ocr_line' id='line_1_78' title="bbox 2098 3312 3680 3385; baseline -0.005 -16"><span class='ocrx_word' id='word_1_600' title='bbox 2098 3315 2297 3370; x_wconf 89' lang='lat' dir='ltr'><strong>tionem</strong></span> <span class='ocrx_word' id='word_1_601' title='bbox 2334 3315 2511 3385; x_wconf 83' lang='lat' dir='ltr'><strong>gaudii</strong></span> <span class='ocrx_word' id='word_1_602' title='bbox 2551 3324 2713 3383; x_wconf 89' lang='lat' dir='ltr'><strong>atque</strong></span> <span class='ocrx_word' id='word_1_603' title='bbox 2749 3315 2947 3369; x_wconf 64' lang='lat' dir='ltr'><strong>laetitia:</strong></span> <span class='ocrx_word' id='word_1_604' title='bbox 2978 3316 3029 3368; x_wconf 94' lang='lat' dir='ltr'><strong>in</strong></span> <span class='ocrx_word' id='word_1_605' title='bbox 3064 3314 3264 3369; x_wconf 89' lang='lat' dir='ltr'><strong>luctum</strong></span> <span class='ocrx_word' id='word_1_606' title='bbox 3295 3312 3680 3381; x_wconf 87' lang='lat' dir='ltr'><strong>lacrymasque</strong></span> 
     </span>
    </p>
   </div>
   <div class='ocr_carea' id='block_1_79' title="bbox 2098 3402 3682 3473">
    <p class='ocr_par' dir='ltr' id='par_1_79' title="bbox 2098 3402 3682 3473">
     <span class='ocr_line' id='line_1_79' title="bbox 2098 3402 3682 3473; baseline -0.003 -16"><span class='ocrx_word' id='word_1_607' title='bbox 2098 3404 2437 3459; x_wconf 87' lang='lat' dir='ltr'><strong>vertendam.</strong></span> <span class='ocrx_word' id='word_1_608' title='bbox 2474 3405 2622 3461; x_wconf 80' lang='lat' dir='ltr'><strong>Mare</strong></span> <span class='ocrx_word' id='word_1_609' title='bbox 2658 3407 2801 3460; x_wconf 87' lang='lat' dir='ltr'><strong>enim</strong></span> <span class='ocrx_word' id='word_1_610' title='bbox 2837 3408 2938 3459; x_wconf 87' lang='lat' dir='ltr'><strong>hoc</strong></span> <span class='ocrx_word' id='word_1_611' title='bbox 2982 3404 3125 3459; x_wconf 84' lang='lat' dir='ltr'><strong>ultra</strong></span> <span class='ocrx_word' id='word_1_612' title='bbox 3166 3420 3273 3459; x_wconf 89' lang='lat' dir='ltr'><strong>non</strong></span> <span class='ocrx_word' id='word_1_613' title='bbox 3306 3402 3502 3473; x_wconf 71' lang='lat' dir='ltr'><strong>poterit</strong></span> <span class='ocrx_word' id='word_1_614' title='bbox 3530 3402 3682 3454; x_wconf 80' lang='lat' dir='ltr'><strong>navi-</strong></span> 
     </span>
    </p>
   </div>
   <div class='ocr_carea' id='block_1_80' title="bbox 2097 3496 3679 3569">
    <p class='ocr_par' dir='ltr' id='par_1_80' title="bbox 2097 3496 3679 3569">
     <span class='ocr_line' id='line_1_80' title="bbox 2097 3496 3679 3569; baseline -0.004 -18"><span class='ocrx_word' id='word_1_615' title='bbox 2097 3498 2249 3569; x_wconf 88' lang='lat' dir='ltr'><strong>gari;</strong></span> <span class='ocrx_word' id='word_1_616' title='bbox 2274 3498 2367 3553; x_wconf 87' lang='lat' dir='ltr'><strong>sed</strong></span> <span class='ocrx_word' id='word_1_617' title='bbox 2395 3498 2576 3552; x_wconf 88' lang='lat' dir='ltr'><strong>omnia</strong></span> <span class='ocrx_word' id='word_1_618' title='bbox 2611 3497 2994 3567; x_wconf 86' lang='lat' dir='ltr'><strong>congelasceut</strong></span> <span class='ocrx_word' id='word_1_619' title='bbox 3021 3513 3036 3553; x_wconf 77' lang='lat' dir='ltr'>z</span> <span class='ocrx_word' id='word_1_620' title='bbox 3061 3506 3115 3550; x_wconf 89' lang='lat' dir='ltr'><strong>et</strong></span> <span class='ocrx_word' id='word_1_621' title='bbox 3136 3496 3359 3551; x_wconf 75' lang='lat' dir='ltr'><strong>colonia:</strong></span> <span class='ocrx_word' id='word_1_622' title='bbox 3388 3496 3679 3567; x_wconf 79' lang='lat' dir='ltr'><strong>Tyriorum</strong></span> 
     </span>
    </p>
   </div>
   <div class='ocr_carea' id='block_1_81' title="bbox 2098 3585 3683 3660">
    <p class='ocr_par' dir='ltr' id='par_1_81' title="bbox 2098 3585 3683 3660">
     <span class='ocr_line' id='line_1_81' title="bbox 2098 3585 3683 3660; baseline -0.002 -16"><span class='ocrx_word' id='word_1_623' title='bbox 2098 3592 2326 3660; x_wconf 68' lang='lat' dir='ltr'><strong>captiva:</strong></span> <span class='ocrx_word' id='word_1_624' title='bbox 2356 3591 2627 3643; x_wconf 88' lang='lat' dir='ltr'><strong>ducentur</strong></span> <span class='ocrx_word' id='word_1_625' title='bbox 2664 3588 2716 3642; x_wconf 89' lang='lat' dir='ltr'><strong>itt</strong></span> <span class='ocrx_word' id='word_1_626' title='bbox 2761 3603 2972 3658; x_wconf 71' lang='lat' dir='ltr'><strong>poenas.</strong></span> <span class='ocrx_word' id='word_1_627' title='bbox 3000 3585 3140 3641; x_wconf 81' lang='lat' dir='ltr'><strong>Nulli</strong></span> <span class='ocrx_word' id='word_1_628' title='bbox 3174 3587 3320 3641; x_wconf 89' lang='lat' dir='ltr'><strong>enim</strong></span> <span class='ocrx_word' id='word_1_629' title='bbox 3351 3588 3437 3639; x_wconf 86' lang='lat' dir='ltr'><strong>alii</strong></span> <span class='ocrx_word' id='word_1_630' title='bbox 3473 3586 3683 3641; x_wconf 86' lang='lat' dir='ltr'><strong>similes</strong></span> 
     </span>
    </p>
   </div>
   <div class='ocr_carea' id='block_1_82' title="bbox 2099 3677 3680 3750">
    <p class='ocr_par' dir='ltr' id='par_1_82' title="bbox 2099 3677 3680 3750">
     <span class='ocr_line' id='line_1_82' title="bbox 2099 3677 3680 3750; baseline -0.004 -15"><span class='ocrx_word' id='word_1_631' title='bbox 2099 3692 2225 3736; x_wconf 89' lang='lat' dir='ltr'><strong>sunt</strong></span> <span class='ocrx_word' id='word_1_632' title='bbox 2255 3683 2343 3750; x_wconf 92' lang='lat' dir='ltr'><strong>qui</strong></span> <span class='ocrx_word' id='word_1_633' title='bbox 2376 3680 2631 3735; x_wconf 86' lang='lat' dir='ltr'><strong>habitant</strong></span> <span class='ocrx_word' id='word_1_634' title='bbox 2656 3681 2709 3734; x_wconf 91' lang='lat' dir='ltr'><strong>in</strong></span> <span class='ocrx_word' id='word_1_635' title='bbox 2738 3680 2914 3734; x_wconf 90' lang='lat' dir='ltr'><strong>insula</strong></span> <span class='ocrx_word' id='word_1_636' title='bbox 2947 3680 3067 3743; x_wconf 90' lang='lat' dir='ltr'><strong>ista,</strong></span> <span class='ocrx_word' id='word_1_637' title='bbox 3095 3679 3197 3732; x_wconf 83' lang='lat' dir='ltr'><strong>nisi</strong></span> <span class='ocrx_word' id='word_1_638' title='bbox 3227 3677 3680 3749; x_wconf 81' lang='lat' dir='ltr'><strong>negotiatoribus,</strong></span> 
     </span>
    </p>
   </div>
   <div class='ocr_carea' id='block_1_83' title="bbox 2100 3771 3685 3841">
    <p class='ocr_par' dir='ltr' id='par_1_83' title="bbox 2100 3771 3685 3841">
     <span class='ocr_line' id='line_1_83' title="bbox 2100 3771 3685 3841; baseline -0.004 -12"><span class='ocrx_word' id='word_1_639' title='bbox 2100 3777 2215 3829; x_wconf 90' lang='lat' dir='ltr'><strong>sive</strong></span> <span class='ocrx_word' id='word_1_640' title='bbox 2245 3773 2661 3829; x_wconf 86' lang='lat' dir='ltr'><strong>translatoribus</strong></span> <span class='ocrx_word' id='word_1_641' title='bbox 2692 3773 2785 3841; x_wconf 87' lang='lat' dir='ltr'><strong>qui</strong></span> <span class='ocrx_word' id='word_1_642' title='bbox 2819 3771 3281 3827; x_wconf 85' lang='lat' dir='ltr'><strong>circumferuntur</strong></span> <span class='ocrx_word' id='word_1_643' title='bbox 3340 3771 3484 3824; x_wconf 89' lang='lat' dir='ltr'><strong>omni</strong></span> <span class='ocrx_word' id='word_1_644' title='bbox 3522 3779 3685 3823; x_wconf 84' lang='lat' dir='ltr'><strong>vento</strong></span> 
     </span>
    </p>
   </div>
   <div class='ocr_carea' id='block_1_84' title="bbox 2106 3858 3686 3929">
    <p class='ocr_par' dir='ltr' id='par_1_84' title="bbox 2106 3858 3686 3929">
     <span class='ocr_line' id='line_1_84' title="bbox 2106 3858 3686 3929; baseline -0.004 -11"><span class='ocrx_word' id='word_1_645' title='bbox 2106 3866 2392 3929; x_wconf 66' lang='lat' dir='ltr'><strong>doctrina‘,</strong></span> <span class='ocrx_word' id='word_1_646' title='bbox 2418 3874 2473 3920; x_wconf 88' lang='lat' dir='ltr'><strong>et</strong></span> <span class='ocrx_word' id='word_1_647' title='bbox 2503 3864 2571 3918; x_wconf 91' lang='lat' dir='ltr'><strong>de</strong></span> <span class='ocrx_word' id='word_1_648' title='bbox 2608 3862 2729 3916; x_wconf 90' lang='lat' dir='ltr'><strong>aliis</strong></span> <span class='ocrx_word' id='word_1_649' title='bbox 2759 3862 2829 3917; x_wconf 83' lang='lat' dir='ltr'><strong>ad</strong></span> <span class='ocrx_word' id='word_1_650' title='bbox 2869 3862 2971 3915; x_wconf 89' lang='lat' dir='ltr'><strong>alia</strong></span> <span class='ocrx_word' id='word_1_651' title='bbox 3004 3862 3130 3915; x_wconf 90' lang='lat' dir='ltr'><strong>vitia</strong></span> <span class='ocrx_word' id='word_1_652' title='bbox 3172 3870 3478 3915; x_wconf 86' lang='lat' dir='ltr'><strong>transeunt.</strong></span> <span class='ocrx_word' id='word_1_653' title='bbox 3518 3858 3686 3913; x_wconf 83' lang='lat' dir='ltr'><strong>ilabi-</strong></span> 
     </span>
    </p>
   </div>
   <div class='ocr_carea' id='block_1_85' title="bbox 2105 3950 3685 4024">
    <p class='ocr_par' dir='ltr' id='par_1_85' title="bbox 2105 3950 3685 4024">
     <span class='ocr_line' id='line_1_85' title="bbox 2105 3950 3685 4024; baseline -0.004 -13"><span class='ocrx_word' id='word_1_654' title='bbox 2105 3968 2280 4011; x_wconf 84' lang='lat' dir='ltr'><strong>tamus</strong></span> <span class='ocrx_word' id='word_1_655' title='bbox 2302 3967 2481 4011; x_wconf 89' lang='lat' dir='ltr'><strong>autem</strong></span> <span class='ocrx_word' id='word_1_656' title='bbox 2506 3957 2560 4010; x_wconf 90' lang='lat' dir='ltr'><strong>in</strong></span> <span class='ocrx_word' id='word_1_657' title='bbox 2587 3955 2787 4018; x_wconf 89' lang='lat' dir='ltr'><strong>insula,</strong></span> <span class='ocrx_word' id='word_1_658' title='bbox 2813 3953 3057 4024; x_wconf 90' lang='lat' dir='ltr'><strong>quandiu</strong></span> <span class='ocrx_word' id='word_1_659' title='bbox 3104 3952 3498 4007; x_wconf 86' lang='lat' dir='ltr'><strong>tentationibus</strong></span> <span class='ocrx_word' id='word_1_660' title='bbox 3523 3950 3685 4020; x_wconf 86' lang='lat' dir='ltr'><strong>hujus</strong></span> 
     </span>
    </p>
   </div>
   <div class='ocr_carea' id='block_1_86' title="bbox 2101 4042 3685 4113">
    <p class='ocr_par' dir='ltr' id='par_1_86' title="bbox 2101 4042 3685 4113">
     <span class='ocr_line' id='line_1_86' title="bbox 2101 4042 3685 4113; baseline -0.007 -8"><span class='ocrx_word' id='word_1_661' title='bbox 2101 4049 2284 4105; x_wconf 66' lang='lat' dir='ltr'><strong>saeculi</strong></span> <span class='ocrx_word' id='word_1_662' title='bbox 2335 4048 2611 4102; x_wconf 90' lang='lat' dir='ltr'><strong>tundimur</strong></span> <span class='ocrx_word' id='word_1_663' title='bbox 2656 4061 2671 4101; x_wconf 87' lang='lat'><strong>:</strong></span> <span class='ocrx_word' id='word_1_664' title='bbox 2720 4057 2773 4102; x_wconf 91' lang='lat' dir='ltr'><strong>et</strong></span> <span class='ocrx_word' id='word_1_665' title='bbox 2804 4062 2869 4102; x_wconf 79' lang='lat' dir='ltr'><strong>ex</strong></span> <span class='ocrx_word' id='word_1_666' title='bbox 2904 4044 3049 4099; x_wconf 92' lang='lat' dir='ltr'><strong>onmi</strong></span> <span class='ocrx_word' id='word_1_667' title='bbox 3084 4053 3240 4113; x_wconf 88' lang='lat' dir='ltr'><strong>parte</strong></span> <span class='ocrx_word' id='word_1_668' title='bbox 3273 4054 3454 4098; x_wconf 89' lang='lat' dir='ltr'><strong>nostra</strong></span> <span class='ocrx_word' id='word_1_669' title='bbox 3502 4042 3685 4096; x_wconf 85' lang='lat' dir='ltr'><strong>insula</strong></span> 
     </span>
    </p>
   </div>
   <div class='ocr_carea' id='block_1_87' title="bbox 2103 4133 3683 4211">
    <p class='ocr_par' dir='ltr' id='par_1_87' title="bbox 2103 4133 3683 4211">
     <span class='ocr_line' id='line_1_87' title="bbox 2103 4133 3683 4211; baseline -0.007 -16"><span class='ocrx_word' id='word_1_670' title='bbox 2103 4152 2266 4211; x_wconf 86' lang='lat' dir='ltr'><strong>atque</strong></span> <span class='ocrx_word' id='word_1_671' title='bbox 2299 4140 2544 4194; x_wconf 86' lang='lat' dir='ltr'><strong>navicula</strong></span> <span class='ocrx_word' id='word_1_672' title='bbox 2576 4141 2739 4194; x_wconf 88' lang='lat' dir='ltr'><strong>maris</strong></span> <span class='ocrx_word' id='word_1_673' title='bbox 2770 4138 2964 4195; x_wconf 90' lang='lat' dir='ltr'><strong>feritur</strong></span> <span class='ocrx_word' id='word_1_674' title='bbox 2991 4136 3268 4191; x_wconf 83' lang='lat' dir='ltr'><strong>ﬂuetibus.</strong></span> <span class='ocrx_word' id='word_1_675' title='bbox 3301 4133 3472 4201; x_wconf 86' lang='lat' dir='ltr'><strong>Hujus</strong></span> <span class='ocrx_word' id='word_1_676' title='bbox 3499 4145 3683 4189; x_wconf 88' lang='lat' dir='ltr'><strong>autem</strong></span> 
     </span>
    </p>
   </div>
   <div class='ocr_carea' id='block_1_88' title="bbox 2106 4228 3687 4305">
    <p class='ocr_par' dir='ltr' id='par_1_88' title="bbox 2106 4228 3687 4305">
     <span class='ocr_line' id='line_1_88' title="bbox 2106 4228 3687 4305; baseline -0.006 -17"><span class='ocrx_word' id='word_1_677' title='bbox 2106 4233 2295 4288; x_wconf 67' lang='lat' dir='ltr'><strong>insula:</strong></span> <span class='ocrx_word' id='word_1_678' title='bbox 2324 4234 2687 4305; x_wconf 86' lang='lat' dir='ltr'><strong>negotiatores</strong></span> <span class='ocrx_word' id='word_1_679' title='bbox 2712 4232 2780 4285; x_wconf 86' lang='lat' dir='ltr'><strong>de</strong></span> <span class='ocrx_word' id='word_1_680' title='bbox 2809 4231 3011 4285; x_wconf 87' lang='lat' dir='ltr'><strong>Sidone</strong></span> <span class='ocrx_word' id='word_1_681' title='bbox 3037 4239 3187 4292; x_wconf 91' lang='lat' dir='ltr'><strong>sunt,</strong></span> <span class='ocrx_word' id='word_1_682' title='bbox 3212 4244 3331 4298; x_wconf 68' lang='lat' dir='ltr'><strong>quae</strong></span> <span class='ocrx_word' id='word_1_683' title='bbox 3359 4228 3687 4296; x_wconf 86' lang='lat' dir='ltr'><strong>interpreta-</strong></span> 
     </span>
    </p>
   </div>
   <div class='ocr_carea' id='block_1_89' title="bbox 2108 4322 3683 4394">
    <p class='ocr_par' dir='ltr' id='par_1_89' title="bbox 2108 4322 3683 4394">
     <span class='ocr_line' id='line_1_89' title="bbox 2108 4322 3683 4394; baseline -0.004 -15"><span class='ocrx_word' id='word_1_684' title='bbox 2108 4336 2194 4379; x_wconf 91' lang='lat' dir='ltr'><strong>tur</strong></span> <span class='ocrx_word' id='word_1_685' title='bbox 2224 4328 2484 4391; x_wconf 72' lang='lat' dir='ltr'><strong>venatrix,</strong></span> <span class='ocrx_word' id='word_1_686' title='bbox 2521 4337 2575 4380; x_wconf 85' lang='lat' dir='ltr'><strong>et</strong></span> <span class='ocrx_word' id='word_1_687' title='bbox 2620 4326 2671 4379; x_wconf 93' lang='lat' dir='ltr'><strong>iu</strong></span> <span class='ocrx_word' id='word_1_688' title='bbox 2705 4340 2812 4394; x_wconf 87' lang='lat' dir='ltr'><strong>qua</strong></span> <span class='ocrx_word' id='word_1_689' title='bbox 2847 4324 3089 4378; x_wconf 84' lang='lat' dir='ltr'><strong>habitant</strong></span> <span class='ocrx_word' id='word_1_690' title='bbox 3122 4322 3337 4390; x_wconf 89' lang='lat' dir='ltr'><strong>plurimi</strong></span> <span class='ocrx_word' id='word_1_691' title='bbox 3374 4332 3683 4373; x_wconf 76' lang='lat' dir='ltr'><strong>venatores.</strong></span> 
     </span>
    </p>
   </div>
   <div class='ocr_carea' id='block_1_90' title="bbox 426 4412 3688 4503">
    <p class='ocr_par' dir='ltr' id='par_1_90' title="bbox 426 4412 3688 4503">
     <span class='ocr_line' id='line_1_90' title="bbox 426 4412 3688 4503; baseline -0.001 -35"><span class='ocrx_word' id='word_1_692' title='bbox 426 4415 481 4469; x_wconf 90' lang='lat' dir='ltr'><strong>in</strong></span> <span class='ocrx_word' id='word_1_693' title='bbox 512 4429 600 4479; x_wconf 90' lang='lat' dir='ltr'><strong>eo,</strong></span> <span class='ocrx_word' id='word_1_694' title='bbox 633 4422 687 4468; x_wconf 92' lang='lat' dir='ltr'><strong>et</strong></span> <span class='ocrx_word' id='word_1_695' title='bbox 722 4415 821 4468; x_wconf 89' lang='lat' dir='ltr'><strong>hoc</strong></span> <span class='ocrx_word' id='word_1_696' title='bbox 854 4416 946 4469; x_wconf 85' lang='lat' dir='ltr'><strong>ﬁat</strong></span> <span class='ocrx_word' id='word_1_697' title='bbox 971 4417 1097 4485; x_wconf 87' lang='lat' dir='ltr'><strong>quia</strong></span> <span class='ocrx_word' id='word_1_698' title='bbox 1130 4415 1395 4471; x_wconf 90' lang='lat' dir='ltr'><strong>Dominus</strong></span> <span class='ocrx_word' id='word_1_699' title='bbox 1439 4416 1651 4471; x_wconf 89' lang='lat' dir='ltr'><strong>locutus</strong></span> <span class='ocrx_word' id='word_1_700' title='bbox 1698 4428 1799 4473; x_wconf 89' lang='lat' dir='ltr'><strong>est.</strong></span> <span class='ocrx_word' id='word_1_701' title='bbox 1844 4418 1997 4484; x_wconf 89' lang='lat' dir='ltr'><strong>Quod</strong></span> <span class='ocrx_word' id='word_1_702' title='bbox 2032 4445 2078 4503; x_wconf 66' lang='grc' dir='ltr'>ο</span> <span class='ocrx_word' id='word_1_703' title='bbox 2108 4417 2181 4472; x_wconf 87' lang='lat' dir='ltr'><strong>De</strong></span> <span class='ocrx_word' id='word_1_704' title='bbox 2212 4418 2408 4487; x_wconf 85' lang='lat' dir='ltr'><strong>quibus</strong></span> <span class='ocrx_word' id='word_1_705' title='bbox 2439 4418 2700 4487; x_wconf 84' lang='lat' dir='ltr'><strong>scriptum</strong></span> <span class='ocrx_word' id='word_1_706' title='bbox 2735 4426 2818 4470; x_wconf 89' lang='lat' dir='ltr'><strong>est</strong></span> <span class='ocrx_word' id='word_1_707' title='bbox 2851 4431 2866 4471; x_wconf 87' lang='lat'><strong>:</strong></span> <span class='ocrx_word' id='word_1_708' title='bbox 2898 4413 3161 4469; x_wconf 87' lang='lat' dir='ltr'><strong>Liberabit</strong></span> <span class='ocrx_word' id='word_1_709' title='bbox 3199 4424 3246 4467; x_wconf 89' lang='lat' dir='ltr'><strong>te</strong></span> <span class='ocrx_word' id='word_1_710' title='bbox 3274 4415 3337 4466; x_wconf 87' lang='lat' dir='ltr'><strong>de</strong></span> <span class='ocrx_word' id='word_1_711' title='bbox 3367 4412 3550 4482; x_wconf 78' lang='lat' dir='ltr'><strong>laqueo</strong></span> <span class='ocrx_word' id='word_1_712' title='bbox 3585 4428 3688 4465; x_wconf 82' lang='lat' dir='ltr'><strong>ve-</strong></span> 
     </span>
    </p>
   </div>
   <div class='ocr_carea' id='block_1_91' title="bbox 423 4507 1999 4581">
    <p class='ocr_par' dir='ltr' id='par_1_91' title="bbox 423 4507 1999 4581">
     <span class='ocr_line' id='line_1_91' title="bbox 423 4507 1999 4581; baseline 0.003 -20"><span class='ocrx_word' id='word_1_713' title='bbox 423 4507 499 4561; x_wconf 70' lang='grc' dir='ltr'>ξω</span> <span class='ocrx_word' id='word_1_714' title='bbox 533 4507 663 4561; x_wconf 87' lang='lat' dir='ltr'><strong>solvi</strong></span> <span class='ocrx_word' id='word_1_715' title='bbox 699 4515 881 4577; x_wconf 89' lang='lat' dir='ltr'><strong>potest</strong></span> <span class='ocrx_word' id='word_1_716' title='bbox 909 4509 953 4561; x_wconf 87' lang='lat' dir='ltr'><strong>si</strong></span> <span class='ocrx_word' id='word_1_717' title='bbox 987 4509 1226 4576; x_wconf 88' lang='lat' dir='ltr'><strong>legamus</strong></span> <span class='ocrx_word' id='word_1_718' title='bbox 1263 4510 1393 4562; x_wconf 88' lang='lat' dir='ltr'><strong>illud</strong></span> <span class='ocrx_word' id='word_1_719' title='bbox 1431 4510 1730 4581; x_wconf 80' lang='lat' dir='ltr'><strong>Evangelii,</strong></span> <span class='ocrx_word' id='word_1_720' title='bbox 1762 4512 1909 4580; x_wconf 88' lang='lat' dir='ltr'><strong>quod</strong></span> <span class='ocrx_word' id='word_1_721' title='bbox 1947 4512 1999 4565; x_wconf 88' lang='lat' dir='ltr'><strong>in</strong></span> 
     </span>
    </p>
   </div>
   <div class='ocr_carea' id='block_1_92' title="bbox 426 4598 2000 4669">
    <p class='ocr_par' dir='ltr' id='par_1_92' title="bbox 426 4598 2000 4669">
     <span class='ocr_line' id='line_1_92' title="bbox 426 4598 2000 4669; baseline 0.002 -18"><span class='ocrx_word' id='word_1_722' title='bbox 426 4598 741 4653; x_wconf 75' lang='lat' dir='ltr'><strong>novissimis</strong></span> <span class='ocrx_word' id='word_1_723' title='bbox 791 4599 982 4654; x_wconf 89' lang='lat' dir='ltr'><strong>diebus</strong></span> <span class='ocrx_word' id='word_1_724' title='bbox 1040 4599 1360 4669; x_wconf 78' lang='lat' dir='ltr'><strong>refrigescat</strong></span> <span class='ocrx_word' id='word_1_725' title='bbox 1412 4602 1650 4655; x_wconf 75' lang='lat' dir='ltr'><strong>charitas</strong></span> <span class='ocrx_word' id='word_1_726' title='bbox 1708 4604 2000 4656; x_wconf 86' lang='lat' dir='ltr'><strong>multorum</strong></span> 
     </span>
    </p>
   </div>
   <div class='ocr_carea' id='block_1_93' title="bbox 424 4690 2004 4763">
    <p class='ocr_par' dir='ltr' id='par_1_93' title="bbox 424 4690 2004 4763">
     <span class='ocr_line' id='line_1_93' title="bbox 424 4690 2004 4763; baseline 0.001 -19"><span class='ocrx_word' id='word_1_727' title='bbox 424 4690 641 4759; x_wconf 83' lang='lat' dir='ltr'><strong>(Matth.</strong></span> <span class='ocrx_word' id='word_1_728' title='bbox 675 4690 860 4757; x_wconf 72' lang='lat' dir='ltr'><strong>xxxv);</strong></span> <span class='ocrx_word' id='word_1_729' title='bbox 893 4701 946 4745; x_wconf 89' lang='lat' dir='ltr'><strong>et</strong></span> <span class='ocrx_word' id='word_1_730' title='bbox 980 4691 1095 4761; x_wconf 88' lang='lat' dir='ltr'><strong>ipse</strong></span> <span class='ocrx_word' id='word_1_731' title='bbox 1128 4691 1388 4747; x_wconf 87' lang='lat' dir='ltr'><strong>Dominus</strong></span> <span class='ocrx_word' id='word_1_732' title='bbox 1422 4693 1563 4747; x_wconf 88' lang='lat' dir='ltr'><strong>dicat</strong></span> <span class='ocrx_word' id='word_1_733' title='bbox 1599 4710 1612 4748; x_wconf 92' lang='lat'>:</span> <span class='ocrx_word' id='word_1_734' title='bbox 1654 4692 1822 4749; x_wconf 83' lang='lat' dir='ltr'><strong>Putas</strong></span> <span class='ocrx_word' id='word_1_735' title='bbox 1860 4694 2004 4763; x_wconf 81' lang='lat' dir='ltr'><strong>ﬁlius</strong></span> 
     </span>
    </p>
   </div>
   <div class='ocr_carea' id='block_1_94' title="bbox 424 4781 2000 4856">
    <p class='ocr_par' dir='ltr' id='par_1_94' title="bbox 424 4781 2000 4856">
     <span class='ocr_line' id='line_1_94' title="bbox 424 4781 2000 4856; baseline 0.001 -17"><span class='ocrx_word' id='word_1_736' title='bbox 424 4782 652 4839; x_wconf 79' lang='lat' dir='ltr'><strong>hominis</strong></span> <span class='ocrx_word' id='word_1_737' title='bbox 693 4784 896 4835; x_wconf 80' lang='lat' dir='ltr'><strong>veniens</strong></span> <span class='ocrx_word' id='word_1_738' title='bbox 944 4781 1163 4837; x_wconf 79' lang='lat' dir='ltr'><strong>inveniet</strong></span> <span class='ocrx_word' id='word_1_739' title='bbox 1206 4783 1363 4852; x_wconf 76' lang='lat' dir='ltr'><strong>ﬁdem</strong></span> <span class='ocrx_word' id='word_1_740' title='bbox 1405 4801 1563 4855; x_wconf 81' lang='lat' dir='ltr'><strong>super</strong></span> <span class='ocrx_word' id='word_1_741' title='bbox 1602 4795 1798 4839; x_wconf 79' lang='lat' dir='ltr'><strong>(errant</strong></span> <span class='ocrx_word' id='word_1_742' title='bbox 1845 4785 2000 4856; x_wconf 87' lang='lat' dir='ltr'><strong>(Luc.</strong></span> 
     </span>
    </p>
   </div>
   <div class='ocr_carea' id='block_1_95' title="bbox 428 4873 2006 4948">
    <p class='ocr_par' dir='ltr' id='par_1_95' title="bbox 428 4873 2006 4948">
     <span class='ocr_line' id='line_1_95' title="bbox 428 4873 2006 4948; baseline 0.001 -19"><span class='ocrx_word' id='word_1_743' title='bbox 428 4890 583 4941; x_wconf 84' lang='lat' dir='ltr'><strong>xvtn,</strong></span> <span class='ocrx_word' id='word_1_744' title='bbox 616 4876 668 4945; x_wconf 91' lang='lat'><strong>8)</strong></span> <span class='ocrx_word' id='word_1_745' title='bbox 703 4873 728 4927; x_wconf 67' lang='grc' dir='ltr'><em>ἲ</em></span> <span class='ocrx_word' id='word_1_746' title='bbox 760 4874 873 4929; x_wconf 78' lang='lat' dir='ltr'><strong>Non</strong></span> <span class='ocrx_word' id='word_1_747' title='bbox 904 4890 1032 4948; x_wconf 89' lang='lat' dir='ltr'><strong>ergo</strong></span> <span class='ocrx_word' id='word_1_748' title='bbox 1068 4877 1299 4946; x_wconf 77' lang='lat' dir='ltr'><strong>paxillus</strong></span> <span class='ocrx_word' id='word_1_749' title='bbox 1342 4876 1626 4948; x_wconf 87' lang='lat' dir='ltr'><strong>frangetur</strong></span> <span class='ocrx_word' id='word_1_750' title='bbox 1674 4888 1727 4933; x_wconf 90' lang='lat' dir='ltr'><strong>et</strong></span> <span class='ocrx_word' id='word_1_751' title='bbox 1763 4881 1917 4932; x_wconf 79' lang='lat' dir='ltr'><strong>cadet</strong></span> <span class='ocrx_word' id='word_1_752' title='bbox 1953 4887 2006 4931; x_wconf 61' lang='lat' dir='ltr'><strong>et</strong></span> 
     </span>
    </p>
   </div>
   <div class='ocr_carea' id='block_1_96' title="bbox 425 4967 2005 5039">
    <p class='ocr_par' dir='ltr' id='par_1_96' title="bbox 425 4967 2005 5039">
     <span class='ocr_line' id='line_1_96' title="bbox 425 4967 2005 5039; baseline 0.003 -20"><span class='ocrx_word' id='word_1_753' title='bbox 425 4967 644 5036; x_wconf 85' lang='lat' dir='ltr'><strong>peribit,</strong></span> <span class='ocrx_word' id='word_1_754' title='bbox 676 4968 821 5037; x_wconf 90' lang='lat' dir='ltr'><strong>quod</strong></span> <span class='ocrx_word' id='word_1_755' title='bbox 854 4969 1080 5037; x_wconf 84' lang='lat' dir='ltr'><strong>impium</strong></span> <span class='ocrx_word' id='word_1_756' title='bbox 1114 4978 1200 5023; x_wconf 90' lang='lat' dir='ltr'><strong>est</strong></span> <span class='ocrx_word' id='word_1_757' title='bbox 1230 4969 1410 5023; x_wconf 90' lang='lat' dir='ltr'><strong>dicere</strong></span> <span class='ocrx_word' id='word_1_758' title='bbox 1447 4985 1460 5025; x_wconf 90' lang='lat'>:</span> <span class='ocrx_word' id='word_1_759' title='bbox 1512 4970 1604 5024; x_wconf 85' lang='lat' dir='ltr'><strong>sed</strong></span> <span class='ocrx_word' id='word_1_760' title='bbox 1641 4970 1874 5039; x_wconf 58' lang='lat' dir='ltr'><strong>paxillus</strong></span> <span class='ocrx_word' id='word_1_761' title='bbox 1907 4986 2005 5023; x_wconf 49' lang='lat' dir='ltr'><strong>au.</strong></span> 
     </span>
    </p>
   </div>
   <div class='ocr_carea' id='block_1_97' title="bbox 428 5058 2004 5130">
    <p class='ocr_par' dir='ltr' id='par_1_97' title="bbox 428 5058 2004 5130">
     <span class='ocr_line' id='line_1_97' title="bbox 428 5058 2004 5130; baseline -0.001 -18"><span class='ocrx_word' id='word_1_762' title='bbox 428 5058 639 5113; x_wconf 83' lang='lat' dir='ltr'><strong>feretur</strong></span> <span class='ocrx_word' id='word_1_763' title='bbox 662 5060 728 5113; x_wconf 90' lang='lat' dir='ltr'><strong>de</strong></span> <span class='ocrx_word' id='word_1_764' title='bbox 760 5060 880 5115; x_wconf 88' lang='lat' dir='ltr'><strong>loco</strong></span> <span class='ocrx_word' id='word_1_765' title='bbox 908 5060 1079 5123; x_wconf 84' lang='lat' dir='ltr'><strong>fideli,</strong></span> <span class='ocrx_word' id='word_1_766' title='bbox 1114 5060 1216 5115; x_wconf 88' lang='lat' dir='ltr'><strong>hoc</strong></span> <span class='ocrx_word' id='word_1_767' title='bbox 1251 5068 1356 5126; x_wconf 88' lang='lat' dir='ltr'><strong>est,</strong></span> <span class='ocrx_word' id='word_1_768' title='bbox 1398 5060 1465 5115; x_wconf 90' lang='lat' dir='ltr'><strong>de</strong></span> <span class='ocrx_word' id='word_1_769' title='bbox 1507 5058 1749 5115; x_wconf 86' lang='lat' dir='ltr'><strong>Ecclesia</strong></span> <span class='ocrx_word' id='word_1_770' title='bbox 1786 5077 1881 5130; x_wconf 90' lang='lat' dir='ltr'><strong>per</strong></span> <span class='ocrx_word' id='word_1_771' title='bbox 1913 5064 2004 5113; x_wconf 85' lang='lat' dir='ltr'><strong>im-</strong></span> 
     </span>
    </p>
   </div>
   <div class='ocr_carea' id='block_1_98' title="bbox 426 5150 2001 5223">
    <p class='ocr_par' dir='ltr' id='par_1_98' title="bbox 426 5150 2001 5223">
     <span class='ocr_line' id='line_1_98' title="bbox 426 5150 2001 5223; baseline 0.001 -20"><span class='ocrx_word' id='word_1_772' title='bbox 426 5150 682 5219; x_wconf 87' lang='lat' dir='ltr'><strong>pietatem</strong></span> <span class='ocrx_word' id='word_1_773' title='bbox 712 5152 956 5220; x_wconf 86' lang='lat' dir='ltr'><strong>quotidie</strong></span> <span class='ocrx_word' id='word_1_774' title='bbox 985 5154 1457 5219; x_wconf 86' lang='lat' dir='ltr'><strong>snbcrescentem,</strong></span> <span class='ocrx_word' id='word_1_775' title='bbox 1486 5161 1540 5207; x_wconf 93' lang='lat' dir='ltr'><strong>et</strong></span> <span class='ocrx_word' id='word_1_776' title='bbox 1568 5154 1658 5221; x_wconf 91' lang='lat' dir='ltr'><strong>qui</strong></span> <span class='ocrx_word' id='word_1_777' title='bbox 1689 5169 1852 5223; x_wconf 90' lang='lat' dir='ltr'><strong>super</strong></span> <span class='ocrx_word' id='word_1_778' title='bbox 1878 5168 2001 5206; x_wconf 91' lang='lat' dir='ltr'><strong>eum</strong></span> 
     </span>
    </p>
   </div>
   <div class='ocr_carea' id='block_1_99' title="bbox 428 5244 2005 5315">
    <p class='ocr_par' dir='ltr' id='par_1_99' title="bbox 428 5244 2005 5315">
     <span class='ocr_line' id='line_1_99' title="bbox 428 5244 2005 5315; baseline 0.002 -20"><span class='ocrx_word' id='word_1_779' title='bbox 428 5250 554 5295; x_wconf 89' lang='lat' dir='ltr'><strong>ante</strong></span> <span class='ocrx_word' id='word_1_780' title='bbox 575 5244 940 5309; x_wconf 85' lang='lat' dir='ltr'><strong>pependerant</strong></span> <span class='ocrx_word' id='word_1_781' title='bbox 962 5245 1085 5309; x_wconf 92' lang='lat' dir='ltr'><strong>ﬁde,</strong></span> <span class='ocrx_word' id='word_1_782' title='bbox 1111 5255 1297 5315; x_wconf 86' lang='lat' dir='ltr'><strong>postea</strong></span> <span class='ocrx_word' id='word_1_783' title='bbox 1338 5244 1657 5300; x_wconf 89' lang='lat' dir='ltr'><strong>inﬁdelitate</strong></span> <span class='ocrx_word' id='word_1_784' title='bbox 1685 5244 2005 5314; x_wconf 86' lang='lat' dir='ltr'><strong>frangentur</strong></span> 
     </span>
    </p>
   </div>
   <div class='ocr_carea' id='block_1_100' title="bbox 428 5334 2006 5407">
    <p class='ocr_par' dir='ltr' id='par_1_100' title="bbox 428 5334 2006 5407">
     <span class='ocr_line' id='line_1_100' title="bbox 428 5334 2006 5407; baseline 0.001 -19"><span class='ocrx_word' id='word_1_785' title='bbox 428 5344 483 5388; x_wconf 88' lang='lat' dir='ltr'><strong>et</strong></span> <span class='ocrx_word' id='word_1_786' title='bbox 513 5334 712 5389; x_wconf 88' lang='lat' dir='ltr'><strong>cadent</strong></span> <span class='ocrx_word' id='word_1_787' title='bbox 741 5349 794 5390; x_wconf 89' lang='lat' dir='ltr'><strong>et</strong></span> <span class='ocrx_word' id='word_1_788' title='bbox 826 5338 1102 5407; x_wconf 88' lang='lat' dir='ltr'><strong>peribunt.</strong></span> <span class='ocrx_word' id='word_1_789' title='bbox 1137 5336 1250 5394; x_wconf 77' lang='lat' dir='ltr'><strong>Hoc</strong></span> <span class='ocrx_word' id='word_1_790' title='bbox 1280 5346 1460 5393; x_wconf 89' lang='lat' dir='ltr'><strong>autem</strong></span> <span class='ocrx_word' id='word_1_791' title='bbox 1486 5338 1577 5391; x_wconf 88' lang='lat' dir='ltr'><strong>ﬁet</strong></span> <span class='ocrx_word' id='word_1_792' title='bbox 1612 5337 1662 5390; x_wconf 93' lang='lat' dir='ltr'><strong>in</strong></span> <span class='ocrx_word' id='word_1_793' title='bbox 1688 5336 1880 5391; x_wconf 90' lang='lat' dir='ltr'><strong>diebus</strong></span> <span class='ocrx_word' id='word_1_794' title='bbox 1908 5353 2006 5390; x_wconf 88' lang='lat' dir='ltr'><strong>no-</strong></span> 
     </span>
    </p>
   </div>
   <div class='ocr_carea' id='block_1_101' title="bbox 433 5428 2003 5499">
    <p class='ocr_par' dir='ltr' id='par_1_101' title="bbox 433 5428 2003 5499">
     <span class='ocr_line' id='line_1_101' title="bbox 433 5428 2003 5499; baseline 0 -17"><span class='ocrx_word' id='word_1_795' title='bbox 433 5428 691 5493; x_wconf 83' lang='lat' dir='ltr'><strong>vissimis,</strong></span> <span class='ocrx_word' id='word_1_796' title='bbox 730 5429 854 5497; x_wconf 91' lang='lat' dir='ltr'><strong>quia</strong></span> <span class='ocrx_word' id='word_1_797' title='bbox 897 5429 1160 5487; x_wconf 83' lang='lat' dir='ltr'><strong>Dominus</strong></span> <span class='ocrx_word' id='word_1_798' title='bbox 1214 5432 1431 5487; x_wconf 76' lang='lat' dir='ltr'><strong>locutus</strong></span> <span class='ocrx_word' id='word_1_799' title='bbox 1474 5438 1578 5487; x_wconf 91' lang='lat' dir='ltr'><strong>est.</strong></span> <span class='ocrx_word' id='word_1_800' title='bbox 1615 5429 1721 5484; x_wconf 86' lang='lat' dir='ltr'><strong>Pro</strong></span> <span class='ocrx_word' id='word_1_801' title='bbox 1782 5430 2003 5499; x_wconf 76' lang='lat' dir='ltr'><strong>paxillo,</strong></span> 
     </span>
    </p>
   </div>
   <div class='ocr_carea' id='block_1_102' title="bbox 428 5520 2006 5595">
    <p class='ocr_par' dir='ltr' id='par_1_102' title="bbox 428 5520 2006 5595">
     <span class='ocr_line' id='line_1_102' title="bbox 428 5520 2006 5595; baseline 0.003 -22"><span class='ocrx_word' id='word_1_802' title='bbox 428 5522 525 5591; x_wconf 24' lang='lat' dir='ltr'><strong>qui.</strong></span> <span class='ocrx_word' id='word_1_803' title='bbox 574 5520 841 5577; x_wconf 85' lang='lat' dir='ltr'><strong>Hebraiee</strong></span> <span class='ocrx_word' id='word_1_804' title='bbox 901 5520 1103 5578; x_wconf 89' lang='lat' dir='ltr'><strong>dicitur</strong></span> <span class='ocrx_word' id='word_1_805' title='bbox 1131 5540 1326 5579; x_wconf 71' lang='lat' dir='ltr'><strong>Jarnso</strong></span> <span class='ocrx_word' id='word_1_806' title='bbox 1364 5524 1531 5595; x_wconf 55' lang='lat' dir='ltr'><strong>(vni),</strong></span> <span class='ocrx_word' id='word_1_807' title='bbox 1566 5531 1622 5577; x_wconf 89' lang='lat' dir='ltr'><strong>et</strong></span> <span class='ocrx_word' id='word_1_808' title='bbox 1650 5523 1717 5578; x_wconf 89' lang='lat' dir='ltr'><strong>ab</strong></span> <span class='ocrx_word' id='word_1_809' title='bbox 1754 5522 2006 5578; x_wconf 90' lang='lat' dir='ltr'><strong>omnibus</strong></span> 
     </span>
    </p>
   </div>
   <div class='ocr_carea' id='block_1_103' title="bbox 432 5613 2008 5685">
    <p class='ocr_par' dir='ltr' id='par_1_103' title="bbox 432 5613 2008 5685">
     <span class='ocr_line' id='line_1_103' title="bbox 432 5613 2008 5685; baseline 0.003 -18"><span class='ocrx_word' id='word_1_810' title='bbox 432 5614 682 5673; x_wconf 72' lang='lat' dir='ltr'><strong>similiter</strong></span> <span class='ocrx_word' id='word_1_811' title='bbox 725 5614 973 5677; x_wconf 73' lang='lat' dir='ltr'><strong>eﬁertur.</strong></span> <span class='ocrx_word' id='word_1_812' title='bbox 1016 5615 1117 5670; x_wconf 87' lang='lat' dir='ltr'><strong>soli</strong></span> <span class='ocrx_word' id='word_1_813' title='bbox 1160 5613 1304 5669; x_wconf 80' lang='lat' dir='ltr'><strong>LXX</strong></span> <span class='ocrx_word' id='word_1_814' title='bbox 1351 5629 1517 5685; x_wconf 83' lang='lat' dir='ltr'><strong>supra</strong></span> <span class='ocrx_word' id='word_1_815' title='bbox 1559 5614 1871 5685; x_wconf 81' lang='lat' dir='ltr'><strong>principem,</strong></span> <span class='ocrx_word' id='word_1_816' title='bbox 1918 5615 2008 5671; x_wconf 90' lang='lat' dir='ltr'><strong>hic</strong></span> 
     </span>
    </p>
   </div>
   <div class='ocr_carea' id='block_1_104' title="bbox 434 5703 2007 5779">
    <p class='ocr_par' dir='ltr' id='par_1_104' title="bbox 434 5703 2007 5779">
     <span class='ocr_line' id='line_1_104' title="bbox 434 5703 2007 5779; baseline 0.008 -23"><span class='ocrx_word' id='word_1_817' title='bbox 434 5703 692 5761; x_wconf 72' lang='lat' dir='ltr'><strong>hominem</strong></span> <span class='ocrx_word' id='word_1_818' title='bbox 723 5706 1064 5779; x_wconf 88' lang='lat' dir='ltr'><strong>interpretati</strong></span> <span class='ocrx_word' id='word_1_819' title='bbox 1107 5715 1254 5764; x_wconf 85' lang='lat' dir='ltr'><strong>sunt.</strong></span> <span class='ocrx_word' id='word_1_820' title='bbox 1279 5706 1546 5779; x_wconf 84' lang='lat' dir='ltr'><strong>Quodque</strong></span> <span class='ocrx_word' id='word_1_821' title='bbox 1575 5720 1675 5767; x_wconf 82' lang='lat' dir='ltr'><strong>nos</strong></span> <span class='ocrx_word' id='word_1_822' title='bbox 1725 5706 2007 5767; x_wconf 82' lang='lat' dir='ltr'><strong>celeritate</strong></span> 
     </span>
    </p>
   </div>
   <div class='ocr_carea' id='block_1_105' title="bbox 2107 4507 3685 4582">
    <p class='ocr_par' dir='ltr' id='par_1_105' title="bbox 2107 4507 3685 4582">
     <span class='ocr_line' id='line_1_105' title="bbox 2107 4507 3685 4582; baseline -0.006 -17"><span class='ocrx_word' id='word_1_823' title='bbox 2107 4514 2350 4566; x_wconf 85' lang='lat' dir='ltr'><strong>nantium</strong></span> <span class='ocrx_word' id='word_1_824' title='bbox 2384 4509 2563 4582; x_wconf 79' lang='lat' dir='ltr'><strong>(Psal.</strong></span> <span class='ocrx_word' id='word_1_825' title='bbox 2589 4526 2678 4574; x_wconf 90' lang='lat' dir='ltr'><strong>xc,</strong></span> <span class='ocrx_word' id='word_1_826' title='bbox 2706 4510 2785 4581; x_wconf 80' lang='grc'><strong>5).</strong></span> <span class='ocrx_word' id='word_1_827' title='bbox 2818 4509 2885 4563; x_wconf 87' lang='grc' dir='ltr'><strong>Ει</strong></span> <span class='ocrx_word' id='word_1_828' title='bbox 2917 4510 2970 4564; x_wconf 91' lang='lat' dir='ltr'><strong>in</strong></span> <span class='ocrx_word' id='word_1_829' title='bbox 2990 4509 3097 4563; x_wconf 92' lang='lat' dir='ltr'><strong>alio</strong></span> <span class='ocrx_word' id='word_1_830' title='bbox 3127 4507 3247 4562; x_wconf 87' lang='lat' dir='ltr'><strong>loco</strong></span> <span class='ocrx_word' id='word_1_831' title='bbox 3282 4508 3496 4562; x_wconf 57' lang='lat' dir='ltr'><strong>laetatur</strong></span> <span class='ocrx_word' id='word_1_832' title='bbox 3552 4522 3685 4562; x_wconf 80' lang='lat' dir='ltr'><strong>san-</strong></span> 
     </span>
    </p>
   </div>
   <div class='ocr_carea' id='block_1_106' title="bbox 2106 4598 3682 4672">
    <p class='ocr_par' dir='ltr' id='par_1_106' title="bbox 2106 4598 3682 4672">
     <span class='ocr_line' id='line_1_106' title="bbox 2106 4598 3682 4672; baseline -0.001 -15"><span class='ocrx_word' id='word_1_833' title='bbox 2106 4616 2247 4669; x_wconf 90' lang='lat' dir='ltr'><strong>ctus,</strong></span> <span class='ocrx_word' id='word_1_834' title='bbox 2289 4603 2430 4672; x_wconf 88' lang='lat' dir='ltr'><strong>quod</strong></span> <span class='ocrx_word' id='word_1_835' title='bbox 2467 4604 2532 4656; x_wconf 89' lang='lat' dir='ltr'><strong>de</strong></span> <span class='ocrx_word' id='word_1_836' title='bbox 2555 4617 2742 4656; x_wconf 90' lang='lat' dir='ltr'><strong>eorum</strong></span> <span class='ocrx_word' id='word_1_837' title='bbox 2777 4601 2989 4659; x_wconf 89' lang='lat' dir='ltr'><strong>insidiis</strong></span> <span class='ocrx_word' id='word_1_838' title='bbox 3022 4600 3283 4654; x_wconf 89' lang='lat' dir='ltr'><strong>liberatus</strong></span> <span class='ocrx_word' id='word_1_839' title='bbox 3316 4599 3387 4652; x_wconf 90' lang='lat' dir='ltr'><strong>sit</strong></span> <span class='ocrx_word' id='word_1_840' title='bbox 3428 4598 3611 4652; x_wconf 87' lang='lat' dir='ltr'><strong>dicens</strong></span> <span class='ocrx_word' id='word_1_841' title='bbox 3663 4614 3682 4655; x_wconf 86' lang='lat'><strong>:</strong></span> 
     </span>
    </p>
   </div>
   <div class='ocr_carea' id='block_1_107' title="bbox 2106 4690 3683 4760">
    <p class='ocr_par' dir='ltr' id='par_1_107' title="bbox 2106 4690 3683 4760">
     <span class='ocr_line' id='line_1_107' title="bbox 2106 4690 3683 4760; baseline -0.004 -11"><span class='ocrx_word' id='word_1_842' title='bbox 2106 4696 2306 4749; x_wconf 79' lang='lat' dir='ltr'><strong>Anima</strong></span> <span class='ocrx_word' id='word_1_843' title='bbox 2335 4704 2510 4747; x_wconf 88' lang='lat' dir='ltr'><strong>nostra</strong></span> <span class='ocrx_word' id='word_1_844' title='bbox 2531 4694 2664 4747; x_wconf 82' lang='lat' dir='ltr'><strong>sicut</strong></span> <span class='ocrx_word' id='word_1_845' title='bbox 2690 4709 2873 4759; x_wconf 86' lang='lat' dir='ltr'><strong>passer</strong></span> <span class='ocrx_word' id='word_1_846' title='bbox 2894 4701 3068 4759; x_wconf 88' lang='lat' dir='ltr'><strong>erepta</strong></span> <span class='ocrx_word' id='word_1_847' title='bbox 3092 4704 3166 4745; x_wconf 89' lang='lat' dir='ltr'><strong>est</strong></span> <span class='ocrx_word' id='word_1_848' title='bbox 3190 4692 3255 4745; x_wconf 87' lang='lat' dir='ltr'><strong>de</strong></span> <span class='ocrx_word' id='word_1_849' title='bbox 3276 4690 3461 4760; x_wconf 83' lang='lat' dir='ltr'><strong>laqueo</strong></span> <span class='ocrx_word' id='word_1_850' title='bbox 3486 4706 3683 4743; x_wconf 83' lang='lat' dir='ltr'><strong>venan-</strong></span> 
     </span>
    </p>
   </div>
   <div class='ocr_carea' id='block_1_108' title="bbox 2107 4785 3684 4857">
    <p class='ocr_par' dir='ltr' id='par_1_108' title="bbox 2107 4785 3684 4857">
     <span class='ocr_line' id='line_1_108' title="bbox 2107 4785 3684 4857; baseline -0.004 -15"><span class='ocrx_word' id='word_1_851' title='bbox 2107 4791 2237 4842; x_wconf 84' lang='lat' dir='ltr'><strong>tium</strong></span> <span class='ocrx_word' id='word_1_852' title='bbox 2263 4786 2441 4857; x_wconf 85' lang='lat' dir='ltr'><strong>(Psal.</strong></span> <span class='ocrx_word' id='word_1_853' title='bbox 2462 4786 2944 4855; x_wconf 78' lang='lat' dir='ltr'><strong>cxxttt,7).Unmes</strong></span> <span class='ocrx_word' id='word_1_854' title='bbox 2968 4794 3144 4839; x_wconf 88' lang='lat' dir='ltr'><strong>autem</strong></span> <span class='ocrx_word' id='word_1_855' title='bbox 3167 4785 3528 4854; x_wconf 82' lang='lat' dir='ltr'><strong>negotiatores</strong></span> <span class='ocrx_word' id='word_1_856' title='bbox 3548 4799 3684 4851; x_wconf 86' lang='lat' dir='ltr'><strong>gen-</strong></span> 
     </span>
    </p>
   </div>
   <div class='ocr_carea' id='block_1_109' title="bbox 2109 4876 3683 4947">
    <p class='ocr_par' dir='ltr' id='par_1_109' title="bbox 2109 4876 3683 4947">
     <span class='ocr_line' id='line_1_109' title="bbox 2109 4876 3683 4947; baseline -0.001 -14"><span class='ocrx_word' id='word_1_857' title='bbox 2109 4882 2238 4933; x_wconf 86' lang='lat' dir='ltr'><strong>tium</strong></span> <span class='ocrx_word' id='word_1_858' title='bbox 2266 4879 2539 4947; x_wconf 86' lang='lat' dir='ltr'><strong>segetibus</strong></span> <span class='ocrx_word' id='word_1_859' title='bbox 2561 4888 2975 4947; x_wconf 86' lang='lat' dir='ltr'><strong>comparantur,</strong></span> <span class='ocrx_word' id='word_1_860' title='bbox 2995 4893 3115 4947; x_wconf 73' lang='lat' dir='ltr'><strong>qua:</strong></span> <span class='ocrx_word' id='word_1_861' title='bbox 3138 4876 3247 4930; x_wconf 87' lang='lat' dir='ltr'><strong>cito</strong></span> <span class='ocrx_word' id='word_1_862' title='bbox 3273 4887 3542 4942; x_wconf 88' lang='lat' dir='ltr'><strong>arescunt,</strong></span> <span class='ocrx_word' id='word_1_863' title='bbox 3565 4877 3683 4932; x_wconf 88' lang='lat' dir='ltr'><strong>sive</strong></span> 
     </span>
    </p>
   </div>
   <div class='ocr_carea' id='block_1_110' title="bbox 2110 4967 3681 5038">
    <p class='ocr_par' dir='ltr' id='par_1_110' title="bbox 2110 4967 3681 5038">
     <span class='ocr_line' id='line_1_110' title="bbox 2110 4967 3681 5038; baseline -0.004 -16"><span class='ocrx_word' id='word_1_864' title='bbox 2110 4971 2378 5024; x_wconf 74' lang='lat' dir='ltr'><strong>messibus</strong></span> <span class='ocrx_word' id='word_1_865' title='bbox 2405 4969 2638 5021; x_wconf 84' lang='lat' dir='ltr'><strong>ﬂuminis</strong></span> <span class='ocrx_word' id='word_1_866' title='bbox 2660 4985 2781 5038; x_wconf 75' lang='lat' dir='ltr'><strong>qua:</strong></span> <span class='ocrx_word' id='word_1_867' title='bbox 2802 4969 2867 5023; x_wconf 89' lang='lat' dir='ltr'><strong>de</strong></span> <span class='ocrx_word' id='word_1_868' title='bbox 2895 4968 3032 5023; x_wconf 71' lang='lat' dir='ltr'><strong>coelo</strong></span> <span class='ocrx_word' id='word_1_869' title='bbox 3064 4984 3170 5021; x_wconf 91' lang='lat' dir='ltr'><strong>non</strong></span> <span class='ocrx_word' id='word_1_870' title='bbox 3198 4969 3397 5021; x_wconf 84' lang='lat' dir='ltr'><strong>habent</strong></span> <span class='ocrx_word' id='word_1_871' title='bbox 3419 4967 3681 5036; x_wconf 79' lang='lat' dir='ltr'><strong>pluviam,</strong></span> 
     </span>
    </p>
   </div>
   <div class='ocr_carea' id='block_1_111' title="bbox 2107 5057 3676 5126">
    <p class='ocr_par' dir='ltr' id='par_1_111' title="bbox 2107 5057 3676 5126">
     <span class='ocr_line' id='line_1_111' title="bbox 2107 5057 3676 5126; baseline -0.003 -13"><span class='ocrx_word' id='word_1_872' title='bbox 2107 5060 2199 5113; x_wconf 87' lang='lat' dir='ltr'><strong>sed</strong></span> <span class='ocrx_word' id='word_1_873' title='bbox 2230 5060 2298 5114; x_wconf 89' lang='lat' dir='ltr'><strong>de</strong></span> <span class='ocrx_word' id='word_1_874' title='bbox 2330 5071 2470 5114; x_wconf 89' lang='lat' dir='ltr'><strong>terra</strong></span> <span class='ocrx_word' id='word_1_875' title='bbox 2499 5074 2513 5111; x_wconf 85' lang='lat'><strong>:</strong></span> <span class='ocrx_word' id='word_1_876' title='bbox 2548 5059 2773 5126; x_wconf 88' lang='lat' dir='ltr'><strong>ideoque</strong></span> <span class='ocrx_word' id='word_1_877' title='bbox 2804 5072 2931 5110; x_wconf 85' lang='lat' dir='ltr'><strong>cum</strong></span> <span class='ocrx_word' id='word_1_878' title='bbox 2965 5057 3216 5126; x_wconf 85' lang='lat' dir='ltr'><strong>gentibus</strong></span> <span class='ocrx_word' id='word_1_879' title='bbox 3245 5057 3498 5125; x_wconf 69' lang='lat' dir='ltr'><strong>periturae</strong></span> <span class='ocrx_word' id='word_1_880' title='bbox 3529 5064 3676 5109; x_wconf 92' lang='lat' dir='ltr'><strong>sunt.</strong></span> 
     </span>
    </p>
   </div>
   <div class='ocr_carea' id='block_1_112' title="bbox 2110 5145 3684 5218">
    <p class='ocr_par' dir='ltr' id='par_1_112' title="bbox 2110 5145 3684 5218">
     <span class='ocr_line' id='line_1_112' title="bbox 2110 5145 3684 5218; baseline -0.005 -11"><span class='ocrx_word' id='word_1_881' title='bbox 2110 5151 2210 5207; x_wconf 88' lang='lat' dir='ltr'><strong>Ubi</strong></span> <span class='ocrx_word' id='word_1_882' title='bbox 2246 5168 2343 5206; x_wconf 87' lang='lat' dir='ltr'><strong>nos</strong></span> <span class='ocrx_word' id='word_1_883' title='bbox 2377 5151 2627 5218; x_wconf 82' lang='lat' dir='ltr'><strong>legimus,</strong></span> <span class='ocrx_word' id='word_1_884' title='bbox 2675 5165 2848 5202; x_wconf 78' lang='lat' dir='ltr'><strong>semen</strong></span> <span class='ocrx_word' id='word_1_885' title='bbox 2898 5149 3307 5217; x_wconf 86' lang='lat' dir='ltr'><strong>negotiatorum,</strong></span> <span class='ocrx_word' id='word_1_886' title='bbox 3355 5148 3407 5199; x_wconf 93' lang='lat' dir='ltr'><strong>in</strong></span> <span class='ocrx_word' id='word_1_887' title='bbox 3456 5145 3684 5199; x_wconf 72' lang='lat' dir='ltr'><strong>Hebraeo</strong></span> 
     </span>
    </p>
   </div>
   <div class='ocr_carea' id='block_1_113' title="bbox 2107 5235 3681 5314">
    <p class='ocr_par' dir='ltr' id='par_1_113' title="bbox 2107 5235 3681 5314">
     <span class='ocr_line' id='line_1_113' title="bbox 2107 5235 3681 5314; baseline -0.008 -11"><span class='ocrx_word' id='word_1_888' title='bbox 2107 5248 2367 5314; x_wconf 76' lang='lat' dir='ltr'><strong>Scriptum</strong></span> <span class='ocrx_word' id='word_1_889' title='bbox 2398 5252 2502 5305; x_wconf 82' lang='lat' dir='ltr'><strong>est,</strong></span> <span class='ocrx_word' id='word_1_890' title='bbox 2539 5258 2711 5295; x_wconf 84' lang='lat' dir='ltr'><strong>semen</strong></span> <span class='ocrx_word' id='word_1_891' title='bbox 2740 5241 2870 5305; x_wconf 89' lang='lat' dir='ltr'><strong>sior,</strong></span> <span class='ocrx_word' id='word_1_892' title='bbox 2908 5241 3049 5305; x_wconf 89' lang='lat' dir='ltr'><strong>quod</strong></span> <span class='ocrx_word' id='word_1_893' title='bbox 3097 5240 3422 5293; x_wconf 77' lang='lat' dir='ltr'><strong>subauditur</strong></span> <span class='ocrx_word' id='word_1_894' title='bbox 3446 5235 3573 5304; x_wconf 81' lang='lat' dir='ltr'><strong>Nili,</strong></span> <span class='ocrx_word' id='word_1_895' title='bbox 3614 5251 3681 5291; x_wconf 87' lang='lat' dir='ltr'><strong>eo</strong></span> 
     </span>
    </p>
   </div>
   <div class='ocr_carea' id='block_1_114' title="bbox 2107 5330 3685 5408">
    <p class='ocr_par' dir='ltr' id='par_1_114' title="bbox 2107 5330 3685 5408">
     <span class='ocr_line' id='line_1_114' title="bbox 2107 5330 3685 5408; baseline -0.004 -17"><span class='ocrx_word' id='word_1_896' title='bbox 2107 5337 2251 5408; x_wconf 91' lang='lat' dir='ltr'><strong>quod</strong></span> <span class='ocrx_word' id='word_1_897' title='bbox 2285 5352 2453 5406; x_wconf 89' lang='lat' dir='ltr'><strong>aquas</strong></span> <span class='ocrx_word' id='word_1_898' title='bbox 2484 5334 2731 5389; x_wconf 88' lang='lat' dir='ltr'><strong>turbidas</strong></span> <span class='ocrx_word' id='word_1_899' title='bbox 2763 5334 2959 5387; x_wconf 89' lang='lat' dir='ltr'><strong>habeat</strong></span> <span class='ocrx_word' id='word_1_900' title='bbox 2990 5332 3191 5403; x_wconf 91' lang='lat' dir='ltr'><strong>quibus</strong></span> <span class='ocrx_word' id='word_1_901' title='bbox 3219 5330 3437 5402; x_wconf 61' lang='lat' dir='ltr'><strong>.Egypti</strong></span> <span class='ocrx_word' id='word_1_902' title='bbox 3473 5338 3685 5403; x_wconf 85' lang='lat' dir='ltr'><strong>segetes</strong></span> 
     </span>
    </p>
   </div>
   <div class='ocr_carea' id='block_1_115' title="bbox 2108 5432 2419 5499">
    <p class='ocr_par' dir='ltr' id='par_1_115' title="bbox 2108 5432 2419 5499">
     <span class='ocr_line' id='line_1_115' title="bbox 2108 5432 2419 5499; baseline -0.01 -13"><span class='ocrx_word' id='word_1_903' title='bbox 2108 5432 2419 5499; x_wconf 78' lang='lat' dir='ltr'><strong>irrigantur.</strong></span> 
     </span>
    </p>
   </div>
   <div class='ocr_carea' id='block_1_116' title="bbox 2181 5517 3684 5594">
    <p class='ocr_par' dir='ltr' id='par_1_116' title="bbox 2181 5517 3684 5594">
     <span class='ocr_line' id='line_1_116' title="bbox 2181 5517 3684 5594; baseline -0.004 -16"><span class='ocrx_word' id='word_1_904' title='bbox 2181 5519 2531 5594; x_wconf 69' lang='lat' dir='ltr'><strong>(Vers.4,5.)</strong></span> <span class='ocrx_word' id='word_1_905' title='bbox 2571 5539 2590 5573; x_wconf 75' lang='grc' dir='ltr'>ι</span> <span class='ocrx_word' id='word_1_906' title='bbox 2631 5520 2927 5582; x_wconf 84' lang='lat' dir='ltr'><strong>Erubesce,</strong></span> <span class='ocrx_word' id='word_1_907' title='bbox 2959 5517 3148 5584; x_wconf 88' lang='lat' dir='ltr'><strong>Sidon,</strong></span> <span class='ocrx_word' id='word_1_908' title='bbox 3182 5517 3317 5572; x_wconf 84' lang='lat' dir='ltr'><strong>dixit</strong></span> <span class='ocrx_word' id='word_1_909' title='bbox 3352 5533 3535 5583; x_wconf 88' lang='lat' dir='ltr'><strong>mare;</strong></span> <span class='ocrx_word' id='word_1_910' title='bbox 3571 5517 3684 5573; x_wconf 87' lang='lat' dir='ltr'><strong>for-</strong></span> 
     </span>
    </p>
   </div>
   <div class='ocr_carea' id='block_1_117' title="bbox 2110 5611 3685 5683">
    <p class='ocr_par' dir='ltr' id='par_1_117' title="bbox 2110 5611 3685 5683">
     <span class='ocr_line' id='line_1_117' title="bbox 2110 5611 3685 5683; baseline -0.006 -8"><span class='ocrx_word' id='word_1_911' title='bbox 2110 5618 2284 5675; x_wconf 88' lang='lat' dir='ltr'><strong>titudo</strong></span> <span class='ocrx_word' id='word_1_912' title='bbox 2311 5626 2490 5671; x_wconf 87' lang='lat' dir='ltr'><strong>autem</strong></span> <span class='ocrx_word' id='word_1_913' title='bbox 2532 5615 2718 5677; x_wconf 81' lang='lat' dir='ltr'><strong>maris,</strong></span> <span class='ocrx_word' id='word_1_914' title='bbox 2749 5611 2980 5679; x_wconf 85' lang='lat' dir='ltr'><strong>ait,Non</strong></span> <span class='ocrx_word' id='word_1_915' title='bbox 3007 5612 3491 5683; x_wconf 82' lang='lat' dir='ltr'><strong>parturivi,ncque</strong></span> <span class='ocrx_word' id='word_1_916' title='bbox 3522 5625 3685 5681; x_wconf 84' lang='lat' dir='ltr'><strong>pepe-</strong></span> 
     </span>
    </p>
   </div>
   <div class='ocr_carea' id='block_1_118' title="bbox 2111 5703 3678 5778">
    <p class='ocr_par' dir='ltr' id='par_1_118' title="bbox 2111 5703 3678 5778">
     <span class='ocr_line' id='line_1_118' title="bbox 2111 5703 3678 5778; baseline -0.004 -14"><span class='ocrx_word' id='word_1_917' title='bbox 2111 5709 2181 5776; x_wconf 90' lang='lat' dir='ltr'><strong>ri,</strong></span> <span class='ocrx_word' id='word_1_918' title='bbox 2209 5718 2380 5778; x_wconf 87' lang='lat' dir='ltr'><strong>ueque</strong></span> <span class='ocrx_word' id='word_1_919' title='bbox 2413 5703 2648 5761; x_wconf 85' lang='lat' dir='ltr'><strong>enutrivi</strong></span> <span class='ocrx_word' id='word_1_920' title='bbox 2675 5703 2922 5774; x_wconf 85' lang='lat' dir='ltr'><strong>juvenes,</strong></span> <span class='ocrx_word' id='word_1_921' title='bbox 2952 5718 3129 5773; x_wconf 85' lang='lat' dir='ltr'><strong>nequc</strong></span> <span class='ocrx_word' id='word_1_922' title='bbox 3155 5704 3387 5758; x_wconf 72' lang='lat' dir='ltr'><strong>exaltari</strong></span> <span class='ocrx_word' id='word_1_923' title='bbox 3414 5703 3678 5773; x_wconf 82' lang='lat' dir='ltr'><strong>virgines.</strong></span> 
     </span>
    </p>
   </div>
  </div>
