3972 6198
306 266 422 332 285

759 274 1266 345 COMMENTAR.
1312 283 1396 344 IN
1437 283 1706 345 ISAIAM
1744 285 2212 354 PROPHETAM
2251 294 2405 359 LIB.
2449 297 2582 371 νιι,
2624 295 2786 357 CAP.
2823 293 3056 355 XXIII.

3447 285 3556 348 286

306 380 662 474 (fumantem
691 386 934 442 amlitum
964 388 1124 444 fuerit
1150 391 1202 444 in
1231 391 1482 463 Egypto.
1514 396 1880 464 apprehendet

1991 416 2069 454 res
2103 403 2220 472 ejus
2247 405 2517 473 principes
2547 404 2826 470 Chanaan,
2861 401 3045 474 inclyti
3073 410 3252 455 rerrze.
3295 397 3556 452 Dominus

307 487 408 526 eos
438 471 594 528 dolor
620 488 788 542 super
815 475 978 548 Tyro.
1019 496 1039 531 ι
1077 480 1272 536 Saeculi
1311 485 1467 553 hujus
1494 501 1663 551 mare,
1697 487 1750 540 in
1778 503 1888 556 quo

307 561 560 616 habitant
579 565 834 620 animalia
864 584 1025 635 parva
1051 587 1173 625 cum
1205 575 1437 641 magnis,
1461 587 1515 630 et
1540 577 1704 632 draco
1725 593 1886 645 quem

310 654 598 724 plasmavit
629 654 772 712 Deus
815 660 886 712 ad
912 660 1244 716 illudendum
1279 667 1350 727 ei,
1384 667 1575 721 videns
1602 685 1630 720 a
1663 681 1889 723 venato—

315 747 468 801 ribus
491 746 716 812 Christi,
741 751 832 818 qui
861 753 924 806 de
951 754 1096 807 omni
1131 766 1312 810 monte
1341 771 1613 811 venamur
1642 768 1696 812 et
1726 761 1883 825 colle,

310 849 526 905 captos,
555 838 646 906 qui
678 839 830 907 prius
853 858 881 892 a
912 843 1249 899 dtemonibus
1279 847 1423 916 capti
1455 846 1693 914 fuerant,
1718 849 1890 918 loqui-

313 937 404 979 tur
445 928 510 980 ad
557 932 880 984 contrariam
925 933 1303 990 fortitudinem
1357 949 1678 992 venatorum
1708 979 1724 1004 ,
1769 957 1890 1010 qua:

307 1018 708 1086 interpretatur
743 1020 906 1091 322
956 1023 1148 1092 Sidon,
1192 1039 1245 1082 et
1294 1029 1426 1084 dicit
1455 1031 1505 1084 ei
1547 1048 1560 1087 :
1603 1031 1882 1097 Erubesce,

307 1105 512 1172 Sidon;
536 1122 640 1162 non
663 1111 807 1163 enim
834 1115 1118 1182 parturivi,
1148 1132 1321 1186 neque
1345 1121 1549 1189 peperi,
1577 1138 1674 1178 nec
1701 1136 1890 1192 captos

309 1213 340 1251 a
389 1208 443 1252 te
473 1201 670 1253 nutrivi
699 1201 955 1270 juvenes,
987 1222 1085 1262 nec
1127 1209 1329 1265 elevavi
1377 1213 1616 1281 virgines
1661 1233 1886 1284 quarum

306 1290 540 1344 stultitia
587 1291 642 1345 in
691 1292 983 1364 Evangelia
1025 1301 1421 1356 condemnatur
1467 1303 1684 1375 (Matth.
1737 1310 1882 1374 xxv).

308 1377 427 1433 Hea
459 1383 602 1436 enim
631 1387 941 1453 parturitio,
973 1401 1027 1443 et
1059 1403 1268 1458 partus.
1299 1405 1352 1446 et
1385 1398 1802 1461 nutrimentum.
1835 1414 1890 1458 et

309 1473 545 1528 elevatio
575 1477 868 1546 virginum.
891 1483 1273 1550 Apostolorum
1295 1487 1500 1544 Clll‘iSli
1531 1493 1890 1559 parturitione

307 1565 484 1619 deleta
515 1578 595 1622 est
623 1584 638 1631 ;
674 1585 904 1638 quorum
938 1588 1080 1628 unus
1129 1575 1457 1645 loquebatur
1499 1597 1514 1637 :
1545 1580 1734 1636 Filioli
1767 1587 1883 1645 mei,

304 1675 441 1724 quos
482 1661 670 1712 iterum
716 1665 983 1728 parturio,
1032 1666 1195 1720 donec
1241 1667 1485 1723 Christus
1533 1671 1790 1740 formetur
1833 1676 1888 1728 in

306 1750 449 1802 robis
486 1748 687 1815 (Colat.
724 1767 800 1813 tv,
837 1753 947 1822 i9).
998 1754 1061 1809 Et

305 1855 412 1890 non
441 1855 611 1892 escam
646 1839 694 1900 (1
734 1839 858 1896 Cor.
896 1860 978 1906 tu,
1010 1844 1090 1915 2).
1123 1848 1185 1902 Et
1217 1865 1427 1903 rursum
1473 1865 1490 1906 :
1537 1851 1664 1906 Volo
1707 1864 1882 1906 autem

306 1947 396 1983 eos
427 1947 605 1986 onmes
623 1933 869 2002 virginem
893 1949 1093 1992 castam
1125 1941 1364 1994 exhibere
1398 1941 1604 1997 Christo
1635 1942 1722 2012 (11
1756 1944 1880 2000 Cor.

311 2021 493 2091 11,2).
525 2023 659 2078 Cum
683 2026 788 2079 hoc
815 2026 1081 2096 Egyptus
1101 2031 1495 2103 audierit,qu:e
1508 2033 1770 2090 Hebraice
1800 2035 1886 2089 di-

309 2113 455 2168 citur
511 2131 740 2170 IESBAII
772 2118 1036 2190 (amri),
1073 2122 1216 2189 quod
1258 2123 1666 2192 interpretatur.
1703 2126 1883 2179 ἐκθλί-

308 2203 505 2269 6ουσα,
533 2205 706 2270 idest,
727 2209 1006 2268 tribulans.
1024 2220 1392 2275 etcoarctans,
1429 2214 1592 2268 etiam
1628 2215 1740 2281 ipsa
1779 2224 1886 2268 ter-

306 2298 538 2365 rebitur,
587 2318 645 2357 se
697 2319 913 2372 quoque
957 2303 1268 2369 intelligens
1308 2308 1497 2362 eadem
1546 2323 1666 2378 quae
1712 2309 1884 2378 Tyrus

308 2408 468 2464 passa
499 2403 602 2459 est,
631 2413 753 2450 esse
785 2412 1085 2464 passuram.
1114 2397 1269 2466 Quod
1301 2415 1422 2454 cum
1449 2402 1513 2454 ad
1542 2401 1721 2454 omnia
1754 2401 1882 2455 vitia

308 2484 606 2551 referatur,
639 2495 816 2556 poles!
843 2497 895 2540 et
924 2490 976 2541 in
1014 2489 1292 2543 haereseon
1329 2490 1642 2546 diversitate
1669 2494 1882 2557 sentiri,

309 2577 535 2649 quando
585 2579 688 2634 alla
737 2589 892 2650 capta
925 2581 1142 2645 haeresi,
1176 2581 1280 2637 alia
1312 2584 1701 2652 pertremiscit,
1743 2598 1796 2640 et
1832 2587 1883 2640 in

309 2671 536 2728 alterius
567 2671 914 2740 confusione,
947 2672 1088 2727 alter
1111 2688 1170 2728 se
1197 2673 1520 2741 capiendum
1551 2690 1672 2729 esse
1699 2677 1882 2731 sentit.

307 2765 597 2833 Quomodo
627 2775 806 2819 autem
837 2767 901 2820 de
941 2765 1194 2821 Sodomis
1242 2766 1446 2821 dicitur
1479 2782 1496 2822 :
1539 2766 1801 2833 Quoniam
1842 2769 1888 2823 si

309 2859 456 2929 facta
486 2859 710 2929 fuissent
738 2861 890 2926 signa
917 2860 972 2912 in
999 2860 1072 2913 eis
1102 2875 1218 2928 qua?
1247 2858 1392 2929 facta
1419 2871 1537 2913 sunt
1563 2862 1614 2913 in
1642 2859 1887 2929 Caphar-

308 2969 495 3016 uaum,
524 2953 841 3006 mansissent
863 2968 1022 3019 usque
1046 2951 1240 3016 hodie;
1264 2961 1317 3004 et
1347 2951 1581 3005 infertur
1616 2969 1631 3007 :
1670 2949 1886 3006 Verum-

309 3055 487 3097 tamen
520 3042 770 3098 Sodomis
796 3042 1123 3097 tolerabilius
1151 3044 1246 3097 erit
1277 3045 1346 3111 iin
1385 3044 1471 3097 die
1495 3044 1690 3112 judicii
1729 3061 1887 3114 quam

1990 492 2226 548 Sabaodi
2259 496 2514 564 cogitavit
2567 495 2856 550 dissolvere
2911 506 3125 547 omnem
3175 487 3554 544 contumeliam

1988 585 2357 653 gloriantium,
2392 598 2444 642 et
2477 587 2837 641 dehonestare
2886 599 3048 639 omne
3106 581 3248 651 quod
3301 579 3556 648 inclytum

1987 685 2071 730 est
2102 693 2263 746 super
2291 689 2508 731 terram.
2550 696 2569 729 ι
2605 675 2841 731 Verbum
2874 673 3178 734 Chanaan,‘
3201 675 3268 724 de
3312 668 3561 722 Theode-

1991 766 2150 819 tiouis
2187 767 2423 820 editioae
2457 767 2695 821 additum
2720 776 2824 825 est,
2855 779 2952 833 pro
2981 779 3086 832 quo
3130 761 3344 829 Aquila,
3396 772 3560 824 nego-

1990 858 2210 910 tiotores
2251 857 2554 910 transtulit.
2593 853 2896 926 Interrogat
2935 868 3064 923 ergo
3115 851 3352 919 Spiritus
3398 860 3561 902 sanc-

1989 957 2094 1008 tus,
2128 948 2237 1002 imo
2290 946 2719 1016 interrogatione
2783 946 3089 1009 conﬁrmat,
3123 940 3267 1010 quod
3303 939 3560 992 Dominus

1991 1037 2103 1091 haec
2145 1029 2445 1092 adversum
2482 1038 2610 1107 Tyri
2668 1035 2938 1106 principes
2996 1033 3267 1100 cogitarit,
3324 1042 3556 1100 quorum

1989 1129 2167 1182 omnis
2199 1129 2463 1182 industria
2488 1136 2573 1182 est
2623 1126 3081 1199 negotiationibus
3125 1139 3254 1192 epes
3292 1135 3555 1191 quaerere.

1991 1215 2057 1270 Et
2094 1220 2363 1284 quomodo
2394 1219 2447 1272 in
2479 1218 2772 1288 Evangelio
2818 1218 3043 1289 legimus
3095 1215 3368 1270 institores
3415 1227 3568 1265 mar-

1990 1308 2289 1374 garitarum
2315 1307 2532 1375 (Matth.
2572 1316 2714 1379 xm),
2742 1309 2835 1376 qui
2862 1307 3115 1362 omnibus
3139 1305 3367 1360 venditis
3396 1316 3557 1355 unam

1991 1398 2215 1465 cupiunt
2271 1414 2453 1452 emere
2508 1400 2887 1470 margaritam,
2917 1409 2970 1452 et
3021 1397 3208 1466 utique
3254 1393 3566 1464 appellandi.

1991 1499 2112 1541 sunt
2146 1489 2330 1559 inclyti
2373 1491 2739 1558 negotiatores
2786 1506 2889 1544 non
2924 1499 3108 1552 terrae,
3143 1491 3234 1541 sed
3271 1484 3433 1538 caeli:
3481 1483 3562 1537 sic

1990 1589 2208 1632 econtra
2247 1580 2617 1645 negotiatores
2649 1580 2803 1651 Tyri,
2837 1582 2938 1634 hoc
2967 1591 3072 1643 est,
3110 1577 3474 1632 tribulationis
3503 1582 3563 1628 et

1994 1671 2273 1738 angustior,
2305 1671 2603 1738 appcliandi
2639 1683 2768 1726 sunt
2801 1671 2991 1738 inclyti
3027 1682 3205 1735 tetras,
3233 1671 3360 1739 quia
3408 1668 3565 1738 quid-

1106 1770 1122 1811 τ
1171 1756 1284 1812 Lac
1331 1762 1472 1815 vobis
1535 1775 1708 1826 potum
1747 1766 1885 1830 dedi,
1919 1762 1965 1820 Β
1994 1760 2119 1828 quid
2147 1773 2330 1829 agunt,
2370 1773 2568 1816 terram
2606 1765 2868 1834 respicit:
2903 1776 2956 1818 et
2984 1764 3254 1832 principes
3278 1762 3560 1820 Chanaan.

1984 1849 2124 1918 quod
2152 1853 2537 1920 interpretatur
2567 1856 2882 1923 fluctuantes
2910 1865 3070 1923 atque
3121 1853 3387 1907 commoti.
3441 1849 3560 1904 Non

1983 1941 2126 1994 enim
2155 1953 2398 1996 statuunt
2423 1961 2580 2012 supra
2615 1958 2818 2013 petrant
2855 1946 3018 2014 pedes
3045 1963 3193 2008 suos,
3229 1960 3324 1997 nec
3385 1949 3564 2011 potest

1984 2031 2049 2085 de
2071 2033 2148 2086 eis
2165 2034 2270 2089 dici
2297 2033 2488 2090 :Petra
2517 2039 2778 2107 refugium
2801 2038 3082 2092 lterinociis
3103 2037 3274 2106 (Psal.
3296 2051 3478 2096 χχχιχ,
3495 2035 3564 2102 5;

1982 2138 2097 2189 cm,
2127 2125 2238 2191 1'8),
2266 2127 2381 2180 sive
2403 2126 2708 2200 leporibus;
2737 2130 2830 2182 sed
2861 2129 2990 2182 illud
3024 2128 3361 2196 potiusqttod
3385 2127 3565 2194 justus

1987 2229 2122 2282 pene
2151 2231 2342 2282 passus
2371 2221 2809 2280 est,snstinent:
2874 2219 2980 2273 Mei
3029 2233 3205 2272 autent
3251 2234 3378 2283 pene
3430 2217 3564 2271 moti

1983 2316 2104 2358 sunt
2134 2306 2285 2372 pedes
2312 2325 2330 2360 :
2355 2325 2480 2378 pene
2504 2310 2657 2378 e/I‘usi
2694 2319 2816 2364 sunt
2844 2327 3051 2378 gressus
3072 2312 3171 2362 mei
3194 2308 3346 2377 (Psal
3394 2323 3562 2372 Lutl,
3587 2366 3595 2373 _

1984 2395 2065 2463 2),
2099 2396 2363 2452 Dominus
2393 2414 2521 2467 ergo
2560 2402 2899 2454 exercituum
2935 2402 3035 2454 hoc
3083 2401 3367 2453 consilium
3415 2413 3565 2466 cogi-

1988 2488 2139 2554 tavit,
2177 2497 2236 2542 ut
2261 2490 2587 2546 dissolveret
2611 2491 2844 2559 pessima
2881 2493 3273 2561 negotiatorum
3327 2491 3561 2556 vincula,

1991 2579 2098 2633 imo
2173 2591 2510 2649 compactam
2565 2582 2821 2652 injuri-am
2878 2583 3193 2654 dissiparet,
3239 2597 3336 2651 per
3395 2595 3559 2646 quam

1988 2673 2166 2727 cuncti
2203 2675 2294 2743 qui
2327 2673 2470 2744 Tyro
2509 2675 2708 2729 subditi
2743 2683 2873 2730 sunt
2921 2675 3254 2744 Sttpcrbiunl.
3301 2672 3563 2741 Quodque

1989 2764 2190 2830 intulit,
2221 2775 2272 2819 et
2296 2767 2640 2820 dehonestare
2689 2782 2839 2819 omne
2871 2765 3011 2835 quod
3039 2766 3328 2834 gloriosum
3361 2773 3444 2817 est
3476 2779 3565 2816 su-

1987 2875 2079 2929 per
2111 2868 2328 2921 terram,
2377 2874 2482 2912 non
2546 2857 2810 2913 Dominus
2856 2855 3325 2912 dehonestamenti
3375 2865 3565 2910 auctor

1989 2960 2091 3015 est,
2120 2949 2212 3004 sed
2244 2949 2385 3019 quod
2420 2965 2516 3019 per
2543 2965 2600 3004 se
2627 2949 2936 3020 ignominia:
2957 2959 3126 3017 patet,
3180 2947 3420 3001 ostendit
3444 2961 3564 3000 esse

1994 3040 2444 3111 ignominiosum.
2477 3040 2630 3107 Quod
2659 3042 2873 3109 quidem
2904 3042 3052 3096 etde
3100 3041 3478 3096 sacerdotibus
3506 3039 3562 3092 iu

308 3135 454 3188 uobis
490 3149 510 3189 :
547 3134 627 3187 sic
673 3135 740 3188 de
779 3132 922 3204 Tyro
957 3143 1012 3189 et
1059 3133 1262 3188 Sidone
1313 3135 1573 3189 discimus
1610 3133 1889 3189 Salvatnre
1915 3108 1958 3163 θ
1992 3131 2235 3187 Levitico
2257 3132 2486 3202 legimus
2515 3148 2529 3186 :
2557 3130 3016 3186 Contaminatione
3046 3132 3420 3184 contaminarit
3447 3144 3565 3183 eum

307 3225 523 3280 dicente
554 3241 568 3278 :
606 3224 974 3280 Verumtamen
1012 3224 1172 3297 Tyro,
1203 3241 1250 3280 et
1289 3227 1478 3281 Sidoni
1507 3227 1667 3280 levius
1705 3229 1806 3280 erit
1834 3230 1887 3281 in

307 3317 394 3372 die
419 3317 609 3385 iudicii
653 3334 809 3386 quant
848 3319 1055 3372 civitati
1103 3319 1188 3373 illi
1236 3318 1456 3388 (Matth.
1505 3334 1580 3383 XI,
1615 3318 1676 3372 21
1706 3319 1884 3387 seqq.)

311 3407 468 3462 Unde
509 3417 566 3462 et
611 3407 916 3462 Chanantea
963 3424 1083 3478 qua:
1136 3411 1201 3464 ad
1246 3410 1612 3479 precationem
1661 3409 1883 3475 Christi,

311 3500 522 3564 ﬁliam,
581 3500 636 3555 id
688 3510 812 3564 est,
878 3502 1115 3554 animant
1171 3518 1321 3555 suam
1394 3502 1716 3570 gravissimo
1780 3502 1887 3556 dte-

312 3593 501 3648 monio
536 3595 715 3646 vexari
750 3593 1105 3661 intelligebat,
1142 3595 1317 3648 exisse
1346 3594 1552 3649 dicitur
1585 3594 1652 3649 de
1689 3593 1892 3654 ﬁnibus,

311 3685 440 3758 Tyri
463 3695 516 3741 et
538 3685 780 3740 Sidonis.
803 3683 991 3752 Neque
1011 3686 1155 3740 enim
1178 3695 1389 3753 poterat
1411 3686 1570 3740 aliter
1595 3700 1886 3741 occurrere

309 3778 608 3844 Salvatori,
632 3776 733 3832 nisi
765 3775 892 3848 Tyri
923 3787 977 3831 et
1009 3776 1231 3833 Sidonis
1259 3779 1522 3832 terminos
1544 3776 1885 3845 reliquisset.

381 3868 565 3942 (νοτε.
596 3865 652 3931 6,
681 3867 759 3934 7.)
791 3884 809 3917 ι
844 3867 919 3920 lte
951 3866 1331 3935 Carthaginem
1365 3866 1635 3930 :Ululate,
1666 3866 1757 3935 qui
1793 3868 1885 3919 ha-

309 3961 500 4016 bitatis
527 3964 577 4013 in
609 3959 784 4014 insula
819 3961 937 4012 hac.
967 3956 1158 4013 Nonne
1183 3957 1297 4011 baac
1325 3967 1408 4011 est
1433 3958 1760 4012 contumelia
1791 3971 1885 4012 ve-

308 4059 423 4106 stra
452 4064 483 4104 a
512 4048 777 4118 principio
801 4058 1093 4118 antequam
1116 4047 1451 4103 traderetur?
1477 4048 1741 4104 deducent
1764 4064 1884 4103 cam

312 4147 478 4214 pedes
504 4144 625 4213 ejus
656 4142 813 4212 longe
843 4142 908 4195 ad
943 4140 1424 4212 peregrinandum.
1463 4159 1481 4192 ι
1515 4139 1668 4207 Quod
1698 4144 1886 4210 sequi-

315 4249 404 4292 tur
439 4253 455 4293 :
489 4235 751 4290 Deducent
774 4250 891 4288 eam
925 4233 1077 4300 pedes
1107 4232 1221 4303 ejus
1259 4233 1413 4304 longe
1445 4234 1514 4286 ad
1548 4235 1887 4305 peregrinan-

314 4331 464 4391 dum,
498 4328 567 4381 de
595 4323 862 4380 Hebraico
887 4323 1132 4378 additum
1161 4333 1270 4386 est,
1296 4333 1350 4378 et
1380 4322 1665 4388 asterisco,
1698 4323 1750 4378 id
1778 4333 1882 4388 est,

1990 3224 2180 3289 (Leuit.
2213 3223 2349 3292 xxi).
2381 3223 2524 3277 haud
2554 3223 2776 3277 dubium
2811 3223 2940 3291 quin
2971 3222 3264 3279 sacerdos:
3297 3237 3404 3276 non
3457 3236 3568 3291 quo

1989 3313 2464 3370 contaminatiouis
2501 3324 2690 3368 auctor
2725 3314 2819 3379 sit,
2855 3314 2950 3368 sed
3001 3329 3108 3384 quo
3147 3313 3392 3366 ostendat
3442 3327 3568 3364 eum

1989 3407 2435 3472 contaminatum,
2465 3405 2558 3475 qui
2593 3407 2741 3476 prius
2778 3405 3010 3460 mundus
3044 3404 3291 3474 plurimis
3345 3402 3566 3458 videba-

1991 3509 2100 3555 tur.

2062 3593 2239 3665 (Vers.
2270 3591 2358 3657 lo,
2394 3589 2503 3660 ll.)
2539 3607 2559 3641 ι
2593 3587 2832 3658 Operare
2861 3596 3060 3642 terram
3113 3598 3306 3644 suam:
3359 3585 3562 3640 etenim

1989 3700 2157 3742 naves
2177 3698 2521 3755 nequaquam
2559 3683 2781 3738 veniunt
2814 3681 2878 3735 de
2911 3678 3259 3748 Carthagine,
3287 3688 3340 3733 et
3371 3691 3566 3731 nanus

1991 3788 2083 3834 tua
2115 3792 2460 3846 nequaquam
2511 3774 2790 3844 prmvalet,
2834 3788 2956 3843 quae
3011 3771 3064 3826 in
3116 3770 3250 3824 mari
3306 3778 3564 3838 provocat

1987 3882 2164 3938 reges.
2205 3885 2224 3918 ι
2264 3865 2490 3920 Multum
2515 3880 2543 3916 a
2568 3863 2782 3917 caneris
2809 3858 3219 3930 interpretibus,
3251 3866 3305 3911 et
3335 3859 3401 3910 ab
3446 3857 3565 3924 ipso

1990 3958 2254 4013 Hebraico
2288 3959 2341 4010 in
2394 3955 2498 4009 hoc
2550 3953 2668 4007 loco
2726 3950 2867 4006 LXX
2921 3951 3195 4005 discordat
3237 3947 3421 4010 editio,
3469 3948 3564 4000 sed

1990 4047 2328 4118 propositum
2366 4057 2782 4113 prosequamur.
2814 4041 2986 4110 Supra
3015 4040 3267 4093 dixerat:
3299 4035 3383 4090 Ite
3433 4034 3566 4090 Car-

1991 4142 2277 4209 thaginem,
2343 4135 2548 4190 ululata
2584 4134 2674 4204 qui
2731 4131 2982 4187 habitatis
3035 4127 3200 4200 32‘.
3255 4129 3308 4181 in
3366 4127 3561 4183 insula.

1987 4228 2144 4284 Nunc
2176 4227 2516 4283 contrarium
2553 4223 2817 4292 loquitur,
2849 4222 2976 4291 quia
3006 4235 3172 4276 naves
3218 4220 3290 4274 de
3333 4216 3565 4272 Cartha-

1989 4319 2114 4390 gine
2147 4316 2290 4371 ultra
2319 4330 2426 4369 non
2450 4313 2700 4379 veniunt,
2741 4325 2972 4381 operare
3007 4321 3212 4364 terram
3243 4319 3414 4363 tuam.
3440 4305 3566 4360 Pri»

311 4419 484 4476 stellis
513 4415 949 4472 illuniinantibus
975 4425 1327 4484 praenotatur.
1355 4412 1400 4469 0
1428 4415 1577 4486 Tyrii
1603 4415 1698 4485 qui
1729 4415 1882 4471 habi-
1911 4429 1963 4490 ι)
1992 4408 2089 4464 fuit
2112 4408 2254 4462 enim
2292 4405 2435 4478 'l‘yro
2465 4421 2627 4460 naves
2650 4405 2870 4460 interire
2899 4403 3237 4474 peregrinas,
3288 4412 3345 4455 ut
3401 4413 3563 4469 coga-

314 4508 443 4562 tatis
475 4508 529 4561 in
562 4507 810 4577 angustia
846 4505 978 4560 etin
1012 4507 1190 4561 insula
1225 4507 1662 4570 commoramini,
1700 4508 1790 4576 qui
1826 4522 1893 4563 ex

311 4600 459 4655 oumi
489 4607 646 4668 parte
675 4599 907 4667 expositi
938 4599 1073 4653 estis
1105 4598 1461 4653 Ientationum
1495 4597 1773 4663 ﬂuctibus,
1805 4614 1892 4653 re-

311 4692 490 4746 sedile
513 4691 578 4744 de
593 4704 680 4752 ea,
707 4701 760 4743 et
791 4689 866 4744 ite
892 4689 958 4742 ad
986 4687 1400 4757 Carthaginem,
1427 4689 1478 4742 id
1509 4699 1616 4751 est.
1641 4689 1890 4753 Tharsis,

312 4791 480 4850 atque
507 4779 578 4836 ad
607 4795 793 4834 verum
820 4780 1073 4851 gaudium
1095 4780 1368 4843 festinate,
1397 4780 1649 4849 lugentes
1669 4781 1891 4848 antiqua

313 4884 560 4945 peccata,
607 4882 661 4928 et
711 4885 952 4927 veterem
1002 4870 1414 4933 contumeliam,
1455 4885 1617 4939 quam
1662 4883 1753 4926 aut
1791 4872 1890 4939 ipsi

311 4966 434 5024 aliis
459 4963 807 5027 inferebatis,
834 4972 926 5017 aut
952 4963 1301 5032 patiebamini
1328 4963 1395 5018 ab
1423 4962 1550 5017 illis.
1573 4961 1687 5016 Hoc
1711 4973 1890 5017 autem

311 5055 433 5110 ideo
467 5052 750 5123 praecipio,
781 5053 908 5121 quia
941 5051 1142 5121 Tyrum
1180 5050 1372 5105 urbem
1403 5061 1644 5105 vestram
1683 5051 1749 5103 de
1777 5051 1893 5106 suis

311 5145 536 5200 sedibus
566 5153 622 5198 et
653 5143 933 5213 pr0posito
961 5142 1190 5196 cernitis
1221 5142 1288 5195 ad
1327 5142 1594 5197 terminos
1625 5142 1760 5195 alios
1791 5143 1895 5195 mi-

313 5248 620 5308 graturam,
676 5236 836 5306 323
893 5236 1113 5306 quando
1171 5236 1336 5290 veteri
1387 5250 1575 5290 errore
1626 5237 1891 5303 deposito,

316 5331 612 5399 Evangelia
635 5328 935 5383 Salvatoris
964 5329 1100 5383 colla
1135 5328 1508 5392 submiserint,
1529 5338 1586 5382 ut
1618 5329 1709 5397 qui
1744 5329 1894 5396 prius

316 5421 642 5476 habitabant
669 5421 722 5474 in
747 5422 1018 5488 angustia,
1050 5417 1309 5473 recedant
1337 5419 1641 5488 longius,et
1669 5421 1892 5472 advenas

313 5512 421 5566 sint
458 5523 626 5576 atque
654 5509 847 5564 incolae
877 5509 1137 5564 doctrinae
1173 5508 1386 5564 Domini
1416 5509 1740 5562 Salvatoris.

379 5600 560 5670 (νει-ε.
585 5602 637 5668 8,
670 5601 749 5671 9.)
786 5620 804 5653 ι
849 5601 982 5667 Quis
1000 5600 1256 5671 cogitavit
1290 5602 1402 5656 haec
1431 5617 1595 5670 super
1645 5601 1895 5672 Tyrum?

314 5691 565 5765 Nunquid
614 5695 792 5750 minor
823 5702 926 5759 est,
955 5704 1047 5748 aut
1085 5709 1193 5749 non
1228 5693 1482 5764 praevalet
1514 5694 1540 5748 ἲ
1582 5692 1895 5766 Negotiato-

1996 4510 2084 4555 tur
2111 4499 2322 4569 sperari
2353 4511 2550 4552 terram
2583 4513 2757 4552 suam.
2806 4497 2880 4550 De
2910 4511 3016 4566 qua
3045 4495 3098 4548 in
3131 4493 3441 4548 Proverbiis
3459 4492 3562 4560 1di-

1995 4593 2177 4647 citur:
2211 4589 2315 4655 Qui
2342 4599 2591 4657 operatur
2625 4598 2818 4642 terram
2845 4604 3018 4651 suain,
3052 4585 3389 4640 saturabitur
3408 4584 3564 4651 paui-

1995 4685 2089 4738 bus
2137 4682 2321 4753 (Prov.
2375 4697 2468 4746 xx,
2534 4681 2620 4749 15)
2651 4721 2668 4745 ,
2731 4689 2789 4734 ιιι
2842 4693 3182 4748 nequaquam
3234 4678 3306 4730 de
3357 4679 3568 4729 incerta

1994 4775 2258 4830 ﬂuetuum
2315 4773 2814 4844 naufragorumque
2851 4769 3191 4831 discrimine,
3239 4766 3331 4820 sed
3385 4764 3570 4830 operis

1996 4867 2080 4922 sui
2113 4868 2261 4920 vivat
2295 4865 2560 4935 frugibus.
2594 4863 2669 4918 De
2705 4862 2906 4933 quibus
2935 4865 2986 4915 in
3011 4859 3244 4914 Psalmis
3275 4857 3566 4924 adjnstum

1995 4960 2209 5014 canitur
2233 4957 2488 5015 :Labores
2509 4972 2757 5010 manuum
2787 4966 2997 5008 tuorum
3021 4949 3360 5004 manducobis
3385 4947 3564 5016 (ι).ηά

1994 5063 2198 5115 cxxvn,
2229 5048 2308 5118 2).
2344 5048 2618 5116 Scriptum
2659 5053 2744 5100 est
2792 5044 2844 5097 in
2889 5041 3047 5106 Osee,
3096 5037 3398 5092 meretricis
3450 5040 3568 5090 vias

1995 5152 2178 5210 septas
2216 5157 2339 5197 esse
2370 5156 2398 5193 a
2438 5139 2670 5193 Domino
2697 5137 2888 5204 spinis,
2926 5149 2996 5187 ne
3018 5132 3169 5201 sequi
3199 5131 3366 5200 possit
3413 5144 3563 5184 aina-

1999 5244 2150 5290 tores
2186 5249 2335 5298 suos,
2372 5244 2431 5286 ut
2468 5233 2570 5286 hac
2611 5229 2929 5283 necessitate
2972 5224 3270 5291 compulsa,
3334 5234 3569 5278 reverte-

1997 5337 2149 5382 retur
2181 5327 2251 5380 ad
2285 5326 2459 5378 virum
2487 5337 2640 5377 suum
2670 5319 2978 5388 pristinum.
3005 5316 3166 5382 Quod
3189 5327 3243 5370 et
3281 5317 3332 5369 in
3381 5315 3564 5369 saeculi

1998 5421 2158 5474 rebus
2185 5417 2506 5486 frequenter
2539 5410 3047 5473 animadvertimus,
3078 5409 3274 5464 multos
3314 5409 3406 5476 qui
3466 5421 3564 5473 per

1995 5525 2253 5582 prospera
2282 5517 2337 5563 et
2361 5503 2748 5562 abundantiam
2774 5503 3014 5556 omnium
3043 5517 3228 5555 rerum
3277 5499 3562 5552 Dominum

1995 5601 2200 5658 sentire
2232 5615 2336 5654 non
2383 5606 2651 5668 poterant,
2697 5594 3002 5662 intelligere
3044 5607 3140 5663 per
3193 5589 3451 5658 inopiam,
3509 5598 3566 5644 et

1997 5691 2240 5750 converti
2272 5690 2340 5746 ad
2373 5703 2535 5762 Opera
2571 5686 2813 5758 iustitiar,
2845 5697 3129 5757 postquam
3153 5696 3343 5738 manus
3372 5693 3564 5739 contra
