3972 6198
391 252 520 355 ast

1547 292 1605 353 s.
1639 292 1954 353 EUSEBII
2006 275 2440 352 HIERONYMI

3535 281 3644 342 288
3673 309 3675 312 ⁴

392 419 501 457 non
568 400 915 473 prmvaluerit
971 400 1225 457 felicitate
1282 401 1437 471 hujus
1499 405 1678 456 saeculi
1730 402 1955 473 perfrui,
1985 403 2030 462 Α
2061 403 2277 457 tradidit
2328 411 2646 470 peccatores
2693 399 2906 453 Satanae
2971 396 3024 468 (1
3043 395 3178 451 Tim.
3211 393 3274 464 t),
3318 401 3375 447 ιιι
3430 393 3646 450 discam

391 508 511 561 qtue
553 493 702 562 prius
743 493 796 547 in
851 494 985 547 ntari
1039 494 1364 561 provocabat
1417 509 1592 559 reges,
1643 495 1757 548 sive
1803 494 1957 562 juxta

396 583 781 656 Symmachum
822 585 1213 650 conturbabat;
1249 599 1478 652 quorum
1526 600 1620 638 cor
1663 587 1714 638 itt
1794 601 1954 638 manu

397 673 492 727 Dei
521 682 628 729 est.
669 677 844 740 Atque
879 674 1081 726 utinam
1118 683 1170 726 et
1205 689 1300 726 nos
1337 675 1503 726 maris
1535 674 1694 741 hujus
1726 673 1960 741 negotiav

400 763 548 817 tione
613 770 941 832 contempta,
987 777 1272 830 cperemur
1331 774 1530 818 terram
1585 775 1849 830 nostram,
1906 774 1960 817 et

400 869 740 922 nequaquam
809 865 1186 922 exspectemus
1235 869 1401 908 naves
1441 853 1806 924 Carthaginis,
1846 855 1961 908 sire

401 956 562 996 naves
591 941 738 1010 Tyri,
772 956 891 1008 quae
921 939 1298 1006 Carthaginem
1327 942 1407 996 ire
1457 951 1869 1005 consueverant,
1899 956 1962 996 ne

399 1030 754 1099 subjiciuntur
784 1031 1034 1098 potestati
1075 1031 1344 1092 draconis,
1401 1033 1494 1099 qui
1543 1031 1852 1084 dominatur
1907 1033 1958 1084 iit

399 1122 534 1175 tnari
569 1124 581 1176 !
621 1121 724 1177 Sed
771 1122 1019 1176 stabilem
1080 1125 1304 1188 gradum
1354 1123 1579 1191 figamus
1623 1123 1675 1176 in
1736 1132 1958 1188 terram,

398 1211 510 1266 into
597 1214 663 1266 ad
708 1212 950 1269 cmlestia
1011 1213 1348 1276 festinantes,
1406 1229 1690 1283 operemur
1762 1227 1962 1268 terram

401 1313 670 1368 nostram,
703 1314 759 1356 ιιι
794 1304 883 1357 hic
921 1303 1277 1367 seminantes,
1309 1302 1378 1356 ihi
1421 1313 1703 1358 metamus.
1778 1303 1964 1360 Manus

399 1408 617 1463 quoque
649 1404 851 1462 nostra,
909 1410 1028 1465 qua:
1061 1396 1207 1463 prius
1241 1396 1290 1448 in
1333 1395 1516 1449 mundi
1562 1397 1794 1464 negotiis
1841 1412 1962 1450 ver-

404 1483 648 1549 sabatur,
683 1494 736 1539 et
777 1500 872 1553 pro
903 1487 1140 1555 potentia
1177 1502 1240 1540 ac
1283 1486 1536 1540 felicitate
1581 1489 1740 1540 etiam
1791 1503 1963 1555 reges,

401 1573 453 1628 id
489 1583 589 1636 est,
624 1585 844 1630 sanctos
898 1579 961 1630 de
1003 1587 1141 1630 statu
1189 1591 1285 1631 suo
1343 1587 1552 1646 poterat
1601 1593 1965 1641 commovere,

403 1666 493 1716 fiat
523 1665 796 1720 imbecilla
829 1669 878 1720 in
912 1669 1070 1722 rebus
1098 1669 1284 1734 maris,
1319 1678 1374 1722 ut
1408 1668 1564 1722 fortis
1603 1673 1671 1722 sit
1696 1670 1749 1721 in
1803 1683 1966 1738 opere

403 1766 558 1811 ιεττιε
586 1773 716 1811 sum.

471 1843 656 1916 (Vers.
692 1847 802 1916 19..)
840 1867 858 1900 s
893 1848 1151 1904 Dominus
1185 1850 1420 1904 Sabaoth
1458 1854 1708 1921 praacepit
1733 1853 1798 1906 de
1824 1851 1968 1906 Cha-

401 1951 544 1991 naan
580 1941 805 2006 perdere
847 1941 1012 1995 robur
1068 1943 1206 2012 ejus,
1253 1954 1305 1997 et
1353 1944 1579 1998 dicent:
1634 1960 1965 2014 nequaquam

402 2030 670 2096 adjicietis
704 2031 951 2100 iujuriam
982 2033 1160 2087 facere
1188 2045 1240 2087 et
1263 2036 1600 2104 iniquitatem
1625 2038 1815 2104 virgini
1849 2037 1969 2090 filim

406 2115 644 2176 Silonis.
685 2139 703 2172 ι
749 2121 948 2191 Tyrum
989 2134 1042 2177 et
1093 2124 1345 2180 Sidonem
1377 2143 1498 2183 esse
1533 2130 1585 2182 itt
1637 2136 1777 2182 terra
1825 2129 1969 2182 Cha-

407 2224 569 2274 naau,
597 2221 649 2263 et
677 2225 836 2279 supra
867 2216 1224 2277 ostendimus,
1277 2217 1548 2286 Evangelii
1601 2221 1969 2275 testimonium

405 2311 791 2370 praponeutes‘,
817 2305 870 2358 in
904 2321 1008 2373 quo
1036 2307 1250 2378 legitur,
1287 2310 1647 2366 Chananaram
1691 2313 1966 2368 mulierem

404 2392 520 2444 sive
559 2392 1028 2464 Syrophmnissam
1065 2402 1242 2454 exisse
1277 2401 1346 2455 de
1374 2401 1574 2457 finibus
1622 2403 1747 2474 Tyri
1776 2415 1831 2459 et
1885 2405 1972 2459 Si-

405 2483 584 2548 donis,
614 2494 666 2538 et
695 2489 996 2543 occurrisse
1034 2489 1258 2546 Domino
1299 2492 1588 2548 Salvatori.
1633 2493 1823 2550 Omnis
1874 2511 1972 2549 au-

405 2583 514 2628 tem
545 2574 722 2630 anima
745 2592 862 2646 qua:
915 2578 964 2632 itt
1013 2581 1194 2636 saiculi
1240 2565 1494 2640 ﬂuctibus
1543 2586 1711 2653 posita
1767 2595 1873 2648 est,
1919 2595 1973 2640 et

405 2665 787 2722 circumfertur
819 2671 966 2723 omni
1001 2683 1164 2725 vento
1194 2672 1476 2739 doctrinm,
1507 2675 1763 2728 Chanaan
1788 2676 1974 2744 appel-

405 2759 564 2814 lauda
604 2770 706 2826 εει,
742 2777 862 2829 qua:
911 2764 1299 2832 interpretatur
1334 2767 1488 2834 quasi
1524 2767 1821 2836 ﬂuctuatio,
1859 2768 1974 2822 sive

406 2853 706 2907 commotio.
739 2851 912 2917 Unde,
941 2864 993 2908 et
1028 2855 1096 2908 ad
1137 2871 1320 2911 senem
1375 2858 1678 2912 adulterum
1724 2859 1923 2914 dicitur
1957 2876 1972 2914 :

407 2943 592 2996 Semen
615 2943 868 2998 Chanaan
894 2956 940 2999 et
973 2963 1073 2999 non
1098 2944 1133 2998 J
1141 2948 1267 3008 uda,
1292 2949 1484 3012 species
1514 2952 1710 3014 decepit
1735 2962 1782 3004 te
1805 2953 1971 3020 (Dan.

409 3039 551 3105 xm).
583 3034 808 3090 Prodest
841 3039 1003 3107 igitur
1033 3036 1174 3109 Tyro
1209 3039 1387 3108 .325
1431 3050 1483 3094 et
1537 3042 1657 3110 ejus
1710 3045 1974 3110 anguStiis

413 3130 578 3182 robur
607 3129 782 3195 perire
807 3128 1191 3205 Cltanantenm,
1227 3140 1281 3183 ut
1313 3133 1525 3185 dicatur
1581 3133 1978 3188 habitatoribus

409 3220 528 3288 ejus
555 3221 700 3290 quod
735 3221 874 3275 ultra
900 3237 1004 3275 non
1033 3223 1246 3276 valeant
1287 3224 1511 3293 injurias
1559 3223 1752 3287 facere,
1779 3233 1834 3279 et
1879 3241 1980 3295 ep-

411 3314 646 3382 primere
679 3327 774 3382 per
821 3313 1160 3383 iniquitatem
1211 3316 1474 3386 virginem
1526 3318 1688 3388 tiliam
1738 3317 1975 3373 Sidonis.

411 3405 732 3474 Quicunque
761 3423 789 3459 a
821 3405 1033 3460 diabolo
1082 3407 1293 3475 capitur
1319 3411 1369 3460 in
1399 3410 1732 3463 diversorum
1758 3417 1980 3477 pertur-

414 3498 634 3551 batione
663 3497 938 3562 vitiorum,
970 3509 1022 3552 et
1052 3501 1283 3553 traditur
1319 3500 1370 3552 iit
1432 3501 1796 3556 contumelias
1822 3504 1978 3570 igno-

416 3589 614 3652 miniae,
641 3601 693 3642 ιιι
718 3590 1130 3661 polluatcorpus
1147 3592 1532 3661 voluptatibus,
1555 3604 1606 3646 et
1624 3594 1982 3660 turpitudine,

413 3679 514 3733 iste.
539 3681 680 3734 filius
701 3681 780 3734 vel
804 3680 909 3733 filia
931 3692 1012 3736 est
1039 3678 1255 3736 Sidonis
1285 3701 1298 3736 :
1321 3693 1373 3736 et
1398 3682 1499 3736 hoc
1533 3685 1809 3738 sciendum
1837 3683 1985 3752 quod

414 3770 649 3826 Sabaoth
703 3774 753 3824 itt
785 3769 1054 3827 Hebraico
1105 3788 1210 3826 non
1269 3775 1513 3839 habetur,
1574 3785 1629 3830 et
1678 3759 1984 3833 econtrario

415 3864 559 3933 uirgo
587 3863 653 3918 de
684 3861 953 3917 liebraico
987 3863 1162 3916 addita
1192 3863 1282 3917 sit.
1585 3856 1595 3869 ’

488 3953 667 4024 (Vers.
699 3954 812 4022 15.)
847 3972 866 4005 t
905 3953 959 4007 Si
993 3951 1123 4008 ieris
1152 3954 1202 4008 iit
1234 3953 1425 4022 Citios,
1460 3971 1637 4026 neque
1664 3957 1736 4011 ibi
1769 3959 1872 4012 erit
1900 3974 1984 4012 re-

413 4046 568 4113 quies
601 4045 730 4111 tibi;
785 4053 840 4100 et
880 4046 927 4100 si
970 4045 1036 4100 ad
1083 4056 1280 4100 terram
1328 4046 1727 4112 Chaldaeorum,
1763 4059 1818 4104 et
1866 4050 1981 4118 ipsa

415 4147 622 4192 vastata
651 4147 735 4190 est
763 4137 830 4192 ab
860 4138 1118 4207 Assyriis.
1169 4136 1434 4191 Fundavit
1469 4153 1588 4192 eam
1648 4137 1804 4205 Siim,
1869 4149 1983 4194 sta-

417 4237 635 4280 tuerunt
686 4229 1085 4297 propugnacula
1125 4229 1268 4298 ejus,
1327 4228 1726 4284 suscitaverunt
1780 4240 1982 4286 turrem

417 4320 574 4388 ejus:
610 4319 786 4388 paries
819 4319 938 4388 ejus
981 4319 1200 4374 cecidit.
1235 4337 1254 4370 ι
1305 4317 1569 4388 Quodque
1623 4323 1870 4392 sequitur
1919 4326 1985 4380 de

2062 506 2169 546 non
2203 491 2575 558 blasphemare
2608 508 2621 545 :
2656 490 2745 556 qni
2779 489 3064 541 traduntur
3095 487 3147 538 itt
3201 484 3480 539 interitum
3522 497 3645 535 car-

2050 582 2166 644 ,nis,
2197 593 2254 635 ιιι
2282 581 2503 649 spiritus
2537 581 2719 632 salvus
2747 578 2859 631 fiat.
2889 577 3265 631 Chaldaeorum
3299 583 3476 627 autent
3505 572 3643 627 Siim

2063 671 2411 724 fundarat-uta
2431 672 2706 740 jereruut,
2727 683 2862 734 quos
2889 667 3131 736 intelligo
3155 665 3425 720 daemones
3469 663 3641 732 pessi-

2063 777 2199 824 tnns,
2231 762 2394 831 quiet
2428 762 2829 830 propugnacula
2882 770 2936 812 et
2987 770 3165 811 turres
3219 756 3647 825 superbissimas

2065 853 2214 907 urbis
2239 853 2506 906 Chaldaue
2561 862 2751 905 contra
2781 851 3069 906 scientiam
3105 848 3316 902 Domini
3343 850 3645 900 suscitave-

2064 956 2209 999 runt.
2250 944 2352 998 Sed
2371 945 2548 997 omnis
2571 958 2759 997 eorum
2785 943 3070 997 aedificatio
3093 942 3142 994 in
3168 938 3354 994 ruinas
3371 939 3644 1002 concidit;

2063 1035 2308 1103 sequitur
2328 1036 2494 1098 enim,
2520 1035 2693 1100 paries
2719 1033 2832 1100 ejus
2851 1035 3060 1086 recidit.
3082 1031 3194 1084 Nisi
3219 1032 3362 1084 enim
3387 1030 3648 1083 Dominus

2065 1124 2411 1179 mdificaverit
2449 1125 2688 1187 domum,
2709 1126 2760 1176 iit
2781 1139 2972 1176 vanum
2999 1123 3377 1175 laboraverunt
3401 1122 3487 1187 qui
3512 1121 3648 1172 tedi-
3677 1184 3688 1194 _

2066 1215 2229 1270 ticant
2253 1229 2370 1270 eam
2394 1216 2565 1284 (Psal.
2588 1230 2766 1280 cxxvt,
2801 1215 2875 1280 1).
2915 1214 3067 1282 Smpe
3095 1214 3337 1267 videmus
3365 1214 3414 1264 in
3447 1212 3647 1264 saaeulo

2065 1307 2329 1375 quosdam
2358 1309 2422 1360 de
2448 1307 2556 1359 alio
2585 1305 2861 1374 proposito
2894 1305 3124 1358 transire
3151 1305 3217 1355 ad
3253 1302 3422 1355 aliud.
3478 1300 3641 1354 Verbi

2067 1403 2260 1468 gratia,
2297 1409 2351 1451 ut
2384 1398 2475 1466 qui
2500 1398 2746 1451 militiam
2779 1398 2919 1450 male
2936 1395 3319 1466 experti‘sunt,
3367 1403 3648 1447 transeant

2067 1491 2132 1542 ad
2153 1489 2593 1559 negotiationem.
2622 1488 2966 1557 Rursumque
2999 1487 3303 1540 causidicos
3327 1484 3642 1540 bellatorum

2068 1594 2217 1633 arma
2250 1581 2546 1648 corripere.
2582 1578 2791 1633 Mutant
2823 1578 3170 1640 industriam,
3203 1586 3261 1629 ut
3312 1586 3515 1628 nmteut
3563 1576 3646 1629 itt-

2073 1673 2426 1736 fclicitatetn;
2481 1657 2542 1725 et
2602 1670 2956 1724 nihilominus
3013 1669 3418 1738 dispensatione
3482 1667 3650 1736 326

1998 1743 2039 1796 Β
2074 1763 2164 1819 Dei
2215 1765 2298 1817 his
2353 1777 2491 1832 quos
2539 1762 2751 1816 salvare
2814 1761 3088 1830 dignatur,
3138 1759 3320 1813 omnia
3349 1760 3644 1812 nitentibus

2069 1853 2290 1907 evenire
2321 1853 2597 1906 contraria
2633 1868 2645 1905 :
2680 1861 2738 1906 ut
2770 1866 2867 1921 per
2897 1852 3131 1919 inopiam
3160 1865 3225 1903 ac
3257 1852 3501 1904 miserias
3548 1864 3646 1902 co-

2069 1953 2266 2012 gantur
2295 1956 2402 1996 non
2436 1943 2487 1996 itt
2519 1957 2599 2008 se,
2635 1941 2729 1997 sed
2757 1943 2811 1996 in
2845 1942 3104 1996 Creatore
3129 1957 3229 1997 suo
3265 1942 3464 1995 habere
3510 1941 3646 1994 fidit-

2070 2035 2231 2088 ciam.

2145 2125 2321 2196 (Vers.
2354 2125 2464 2189 14.)
2491 2124 2766 2189 tUluIate,
2801 2139 2971 2179 naves
2997 2123 3364 2192 Carthaginis:
3389 2126 3642 2193 quoniam

2070 2218 2228 2285 periit
2257 2215 2513 2272 fortitudo
2547 2227 2745 2271 vestra.
2785 2234 2804 2268 ι
2845 2214 3017 2268 Naves
3042 2213 3410 2284 Carthaginis,
3457 2217 3507 2269 id
3537 2226 3645 2278 est,

2071 2307 2314 2371 Tltarsis,
2348 2309 2605 2378 iubentur
2652 2308 2859 2361 ululare
2898 2324 2913 2361 :
2967 2321 3306 2374 nequaquam
3372 2306 3542 2370 enim,
3589 2315 3649 2357 ot.

2071 2414 2256 2469 supra,
2293 2399 2589 2467 perierunt,
2619 2400 2732 2453 sive
2763 2414 2868 2453 non
2905 2399 3157 2465 venient;
3206 2399 3298 2450 sed
3327 2397 3485 2465 periit
3533 2398 3645 2449 for-

2074 2490 2243 2544 titudo
2274 2505 2480 2544 earum.
2512 2490 2726 2544 Titarsis
2752 2490 2896 2544 enim
2930 2492 3222 2545 secundum
3287 2489 3446 2542 aliam
3478 2488 3649 2540 inter-

2072 2584 2425 2648 pretationem
2451 2581 2502 2634 iit
2533 2581 2765 2650 linguam
2789 2589 3027 2633 nostram
3054 2579 3282 2634 vertitur
3320 2592 3649 2632 consumma-

2075 2670 2146 2721 tio
2167 2685 2277 2732 δεῖ,
2309 2670 2422 2725 sive
2443 2669 2660 2724 lwtitiw.
2700 2670 2754 2723 lit
2797 2685 2887 2723 sex
2930 2681 3110 2724 autem
3151 2670 3338 2724 diebus
3385 2669 3643 2722 ntundnnt

2075 2759 2234 2814 istum
2263 2760 2464 2815 factum
2499 2762 2750 2831 legimus,
2793 2763 2883 2830 qui
2906 2763 3060 2832 juxta
3110 2761 3433 2815 traditiones
3473 2761 3650 2815 eccle-

2074 2852 2323 2907 siasticas
2353 2862 2539 2922 postea
2573 2855 3065 2906 ronsummabitur.
3102 2850 3296 2906 Omnia
3336 2866 3468 2920 ergo
3507 2852 3646 2906 bona

2075 2945 2253 3000 saeculi
2283 2945 2468 3014 hujus.
2491 2955 2544 2999 et
2567 2946 2852 2999 universus
2909 2946 3210 2998 n.orta|imu
3240 2945 3408 3006 labor,
3441 2945 3652 2997 incerto

2000 3071 2045 3130 ε
2078 3037 2293 3092 navium
2329 3037 2509 3106 cursui
2539 3047 2911 3104 comparatur,
2943 3035 3086 3106 quod
3106 3038 3212 3090 cito
3239 3037 3479 3104 peritura
3517 3036 3650 3103 sint,

2079 3140 2135 3184 et
2173 3138 2368 3182 cuneta
2400 3128 2768 3197 navigantium
2803 3126 3068 3182 fortitudo
3096 3128 3356 3181 solvatur.
3394 3125 3545 3181 Unde
3586 3139 3654 3206 ,ει

2080 3221 2133 3275 in
2167 3219 2454 3275 Salomone
2484 3221 2749 3289 scriptum
2779 3229 2859 3273 est
2893 3237 2906 3274 :
2946 3219 3192 3273 Civitates
3213 3221 3394 3287 ﬁrmas
3421 3221 3655 3273 ascendit

2079 3315 2325 3378 sapiens:
2351 3322 2400 3366 et
2463 3314 2716 3367 destruxit
2751 3313 3064 3365 munitiones
3099 3328 3278 3366 eorum
3305 3312 3481 3383 (Prov.
3538 3329 3651 3374 ut.

2080 3403 2196 3471 22).
2232 3402 2502 3473 Quidquid
2533 3405 2678 3459 enim
2710 3405 3089 3458 hmreticorum
3117 3413 3169 3457 et
3219 3409 3499 3472 sapientia:
3547 3421 3654 3460 sa:-

2081 3497 2301 3563 cularis,
2337 3497 2844 3564 contrariorumque
2896 3496 3209 3565 dogmatum
3270 3509 3388 3552 arte
3433 3513 3658 3567 compo-

2080 3590 2248 3654 nitur,
2279 3588 2360 3642 vir
2382 3588 2783 3642 ecclesiasticus
2815 3587 3068 3653 destruit,
3090 3588 3278 3644 etsuis
3306 3590 3462 3644 docet
3509 3589 3658 3659 pedi-

2082 3673 2182 3728 bus
2206 3689 2326 3729 csse
2351 3676 2675 3746 subjectum.

2157 3765 2332 3835 (Vers.
2372 3765 2437 3818 15
2465 3775 2519 3819 ει
2550 3766 2729 3835 seqq.)
2769 3785 2786 3817 ι
2826 3765 2890 3819 Et
2925 3767 3028 3822 erit
3057 3768 3107 3820 in
3136 3767 3224 3822 die
3259 3767 3368 3830 illa,
3424 3769 3660 3823 derelin-

2083 3857 2474 3926 quetanyrus
2497 3863 2832 3926 septuaginta
2865 3860 3048 3920 annis,
3096 3861 3238 3912 sicut
3263 3871 3468 3928 tempus
3517 3863 3656 3931 regis

2087 3963 2246 4002 unius
2279 3963 2294 4012 ;
2332 3952 2472 4000 sicut
2502 3959 2712 4010 tempus
2745 3949 2998 4002 hominis.
3051 3949 3119 4004 Et
3150 3961 3267 4020 post
3315 3955 3654 4022 septuaginta

2085 4055 2257 4093 annos
2287 4039 2386 4092 erit
2422 4039 2595 4110 Tyrus
2627 4041 2779 4108 quasi
2811 4042 3087 4095 canticum
3124 4045 3448 4099 meretricis.
3485 4047 3653 4101 Sume

2084 4135 2370 4196 citharam,
2397 4146 2612 4200 vagare,
2641 4133 2832 4186 civitas
2851 4136 3128 4199 meretrix,
3149 4137 3406 4191 oblivioni
3438 4140 3652 4196 tradita.

2086 4227 2232 4280 Bene
2255 4226 2542 4288 cithariza,
2567 4225 2855 4295 plurimum
2877 4236 3058 4293 canta,
3089 4238 3145 4282 ut
3169 4229 3241 4281 sit
3266 4230 3340 4281 tui
3369 4232 3650 4287 memoria.

2087 4317 2216 4373 Post
2243 4318 2582 4388 septuaginta
2612 4327 2790 4372 autem
2844 4333 3037 4382 annos,
3083 4319 3449 4374 visitationem
3495 4319 3658 4375 fat-iet

419 4408 804 4464 Tlteodotionis
835 4411 1094 4475 editione,
1129 4412 1228 4464 sub
1262 4411 1539 4466 asteriscis
1568 4413 1810 4467 additum
1853 4423 1932 4468 est
1966 4433 1981 4469 :
2018 4407 2059 4463 D
2094 4412 2233 4468 Dens
2259 4412 2385 4483 Tyri
2417 4430 2432 4470 ;
2487 4419 2542 4466 et
2591 4413 2784 4466 iterum
2847 4415 3163 4467 restituetur
3216 4412 3270 4466 iu
3327 4415 3606 4482 antiquum
3638 4429 3653 4477 ;

420 4500 471 4555 Γ
474 4501 689 4555 undavit
710 4517 826 4556 eam
847 4500 1002 4567 Siim,
1028 4511 1326 4555 statuerunt
1379 4504 1773 4573 prot'ugnacula
1823 4507 1938 4575 ejus
1967 4522 1986 4562 :

418 4594 803 4648 suscitaverunt
823 4601 1016 4647 turrem
1046 4593 1157 4663 ejus
1173 4609 1193 4648 :
1216 4605 1267 4649 et
1285 4600 1492 4663 absque
1512 4598 1788 4651 asteriscis
1803 4598 1990 4669 jungi-

421 4698 508 4745 tur
541 4704 557 4744 :
591 4687 765 4756 paries
785 4685 898 4752 ejus
929 4687 1137 4740 cecidit.
1188 4685 1314 4740 Citii
1361 4687 1783 4755 interpretantur
1831 4691 1989 4762 plaga

414 4787 788 4832 consummata
819 4777 936 4831 sive
985 4775 1260 4844 perfecta:
1317 4775 1554 4831 Chaldaei
1587 4779 1638 4832 iit
1697 4781 1797 4834 hoc
1845 4781 1986 4843 loro,

417 4871 569 4939 quasi
600 4867 760 4922 ubera
781 4883 799 4921 .·
823 4865 1052 4937 Assyrii,
1087 4875 1383 4934 arguentes.
1427 4865 1558 4919 Siittt
1607 4867 1987 4937 etymologiam

421 4975 522 5016 nec
560 4975 659 5016 nos
711 4959 980 5026 potuimus
1029 4956 1294 5017 invenire,
1341 4967 1394 5010 et
1431 4957 1610 5012 caateri
1669 4959 1991 5026 interpretes

422 5054 539 5122 ipso
576 5064 682 5120 quo
714 5052 853 5119 apud
884 5047 1140 5102 Hebraeos
1175 5048 1432 5103 scribitur
1483 5049 1701 5104 nomine
1749 5058 1992 5103 transtu~

421 5145 622 5200 lerunt.
656 5143 861 5198 Dicitur
885 5155 1013 5212 ergo
1043 5143 1109 5197 ad
1138 5141 1364 5213 Tyrum,
1391 5143 1535 5212 quod
1560 5142 1688 5197 licet
1721 5142 1788 5196 ad
1821 5142 1990 5196 Citius

424 5235 506 5290 ire
560 5239 874 5304 contendat,
923 5247 979 5293 et
1049 5237 1423 5305 angustiarum
1481 5249 1700 5291 suarum
1781 5235 1990 5304 plagattt

421 5327 618 5390 vitare,
650 5327 939 5397 perfectam
961 5328 1128 5384 etiam
1177 5328 1249 5382 ibi
1297 5327 1536 5396 requiem
1592 5325 1835 5381 invenire
1886 5341 1992 5378 non

424 5418 620 5474 valeat.
657 5419 1000 5490 Rursumque
1029 5421 1073 5474 si
1109 5422 1293 5490 cupiat
1340 5418 1420 5473 ire
1470 5418 1538 5472 ad
1579 5416 1883 5479 Chaldaeos,
1939 5427 1993 5471 et

424 5509 676 5568 ubertate
705 5528 893 5571 eorum
926 5527 991 5566 ac
1018 5526 1198 5567 rerum
1233 5511 1472 5566 omnium
1522 5509 1847 5564 abundantia
1875 5523 1995 5577 per-

426 5603 555 5667 frui,
586 5607 746 5659 etiam
773 5604 894 5659 illos
921 5603 1162 5657 inveniat
1191 5601 1486 5668 desol’atos,
1514 5602 1868 5671 arguentibus
1894 5602 1994 5656 As-

429 5696 591 5769 syriis
619 5710 804 5751 eorum
849 5693 1208 5760 sterilitatem,
1230 5693 1382 5762 juxta
1421 5695 1568 5762 quod
1597 5701 1653 5748 et
1700 5694 1994 5764 Aposmlus

2089 4503 2302 4572 eritque
2338 4503 2631 4572 negotiatio
2653 4503 2769 4573 ejus
2803 4505 3053 4558 omnibus
3088 4505 3266 4572 regnis
3293 4505 3441 4556 orbis
3483 4516 3658 4558 terra-

2091 4608 2207 4647 rum
2243 4607 2408 4660 super
2444 4591 2632 4646 faciem
2665 4600 2842 4646 terraa.
2885 4589 2950 4642 Et
2974 4591 3078 4644 erit
3109 4591 3402 4658 negotiatio
3429 4590 3572 4658 ejus,
3603 4599 3657 4641 et

2091 4698 2300 4739 merces
2324 4693 2509 4736 sancta
2535 4683 2762 4737 Domino
2790 4699 2806 4746 ;
2830 4684 2920 4737 sed
2944 4699 3048 4736 non
3073 4684 3201 4750 ipsis
3218 4685 3658 4751 congregabitnr,

2091 4778 2184 4830 sed
2205 4775 2288 4829 his
2319 4775 2408 4844 qui
2425 4775 2668 4830 habitant
2685 4789 2865 4828 coram
2889 4773 3136 4828 Domino.
3159 4772 3348 4828 Omnis
3369 4775 3662 4844 negotiatio

2091 4866 2209 4934 ejus
2240 4868 2522 4920 comedere
2560 4874 2615 4918 et
2641 4864 2823 4918 bibere
2871 4874 2926 4918 et
2959 4865 3171 4933 impleri
3201 4865 3253 4917 iit
3286 4865 3656 4930 collationem,

2094 4958 2404 5012 ntemoriale
2424 4973 2604 5012 coram
2633 4956 2884 5060 Dontino‘,
2913 4974 2930 5006 ι
2963 4955 3076 5010 Hoc
3101 4957 3242 5026 quod
3274 4957 3473 5010 dicitur
3506 4975 3520 5010 :
3546 4955 3661 5009 Me-

2093 5048 2320 5108 moriale
2351 5063 2529 5101 coram
2568 5045 2793 5100 Domino
2823 5045 2921 5101 :‘et
2955 5064 3110 5116 super
3147 5047 3330 5116 [aciem
3373 5059 3547 5106 terrae,
3607 5053 3664 5098 et

2092 5141 2230 5194 sicut
2261 5149 2460 5208 tempus
2484 5139 2730 5204 hominis,
2761 5140 2815 5192 iit
2852 5137 3119 5192 Hebraico
3151 5153 3252 5190 non
3291 5138 3538 5201 habetur,
3566 5133 3662 5188 sed

2095 5232 2360 5288 illGl’EBCO
2412 5231 2652 5284 additum
2703 5239 2807 5284 est.
2856 5231 3200 5301 Septuaginta
3269 5238 3449 5282 autem
3504 5228 3664 5282 annis

2094 5326 2274 5396 'I'yrus
2311 5325 2581 5393 quondam
2616 5333 2973 5393 coangustata
3006 5321 3326 5387 dimittitur,
3361 5332 3417 5375 ut
3441 5322 3659 5386 expleto

2097 5417 2399 5475 solitudinis
2435 5427 2698 5486 tempore,
2731 5431 2950 5470 carmen
2983 5417 3251 5483 quondam
3291 5414 3660 5468 meretricium

2099 5519 2275 5566 vertat
2311 5511 2364 5565 iu
2391 5509 2574 5564 laudes
2607 5509 2726 5572 Dei,
2760 5521 3154 5573 assumeusque
3177 5507 3444 5560 citharam
3474 5522 3663 5560 onmes

2098 5604 2330 5659 chordas
2396 5603 2594 5657 habeat
2645 5599 3039 5655 concinentes:
3089 5608 3146 5650 ut
3190 5608 3470 5666 postquam
3526 5601 3663 5655 bene

2099 5694 2437 5752 concinuerit
2460 5703 2513 5748 et
2543 5693 2706 5750 multa
2731 5692 3050 5758 cantavcrit,
3075 5689 3166 5745 fiat
3189 5690 3307 5754 eius
3331 5693 3471 5753 apud
3494 5691 3660 5748 Deum
