3972 6198
287 333 406 398 289

289 541 490 593 tradita
524 548 644 592 erat
673 556 688 592 :
717 549 772 593 et
825 542 1146 595 restituatur
1201 543 1254 596 in
1300 545 1588 612 pristinum
1635 553 1861 608 statum,

290 629 594 694 habeatque
625 629 841 682 divitias
877 629 1037 698 327
1076 645 1363 699 regnorum
1399 635 1566 686 totius
1593 634 1764 695 Orbis,
1810 640 1864 684 et

287 720 572 769 mercedes
601 715 799 770 laboris
835 717 979 771 illius
1009 734 1346 785 nequaquam
1402 721 1580 790 Tyriis
1631 736 1860 788 congre-

286 806 652 874 genturz~sed
681 805 761 858 his
793 807 882 873 qui
924 808 1165 860 habitant
1204 812 1254 862 in
1285 822 1574 877 conspectu
1630 809 1860 876 Domini,

287 898 698 965 comedautque
748 907 802 950 et
856 900 1060 963 bibant,
1093 911 1146 954 et
1205 902 1533 968 impleantur
1610 904 1863 956 omnibus

287 989 447 1042 bonis
477 1005 596 1057 quae
627 992 682 1042 in
706 993 942 1045 convivii
981 993 1218 1047 laetitiam
1275 1004 1594 1049 cunctorum
1658 996 1865 1050 fuerint

259 1080 478 1156 _labore
508 1082 727 1135 collata.
765 1082 1020 1138 Sidonem
1052 1099 1116 1137 ac
1172 1083 1371 1155 Tyrum
1421 1101 1602 1140 sermo
1649 1087 1864 1140 divinus

292 1172 359 1221 ad
389 1171 758 1238 penitentiam
786 1171 1125 1238 cohortatur,
1172 1187 1226 1228 et
1261 1175 1476 1229 labores
1522 1177 1638 1244 ejus
1703 1186 1866 1244 atque

293 1262 573 1314 mercedes
647 1259 876 1314 Domino
911 1265 1327 1317 sanctificandas
1401 1281 1523 1320 esse
1577 1267 1862 1334 promittit.

291 1351 428 1414 Quis
461 1367 568 1404 non
602 1361 946 1420 peccatorum
971 1369 1120 1419 spem
1172 1357 1363 1411 salutis
1417 1357 1633 1423 habeat,
1689 1359 1734 1413 si
1788 1366 1866 1411 ta-

292 1458 420 1496 men
457 1445 594 1498 bene
621 1445 903 1508 cecinerit,
927 1457 980 1500 et
1013 1449 1282 1504 universa:
1309 1452 1528 1506 chordae
1581 1453 1866 1518 virtutum,

291 1551 414 1603 quae
448 1537 718 1603 quoadain
750 1537 960 1594 fuerant
1002 1540 1276 1602 relaxatae,
1316 1543 1368 1594 in
1416 1543 1606 1597 laudes
1653 1543 1866 1597 Domini

293 1631 752 1695 componantur?
805 1631 1056 1700 Legimus
1102 1634 1153 1685 iti
1205 1636 1620 1706 quadragesimo
1672 1646 1868 1704 quarto

294 1715 537 1783 Psalmo,
567 1723 658 1789 qui
688 1724 998 1792 specialiter
1018 1725 1085 1778 ad
1121 1728 1556 1795 conjunctioueui
1581 1729 1763 1796 sponsi
1815 1739 1871 1783 et

768 337 1263 403 COMMENTAR.
1310 339 1400 401 IM
1441 339 1710 403 ISAHM
1753 339 2214 404 PROPHETAM
2253 340 2400 402 LIB.
2439 339 2612 412 VIII,
2653 339 2810 402 CAP.
2856 339 3063 400 XXIV.

286 447 582 516 memoria,
634 461 754 517 quae
813 459 1037 519 propter
1105 451 1522 507 fornicationem
1608 426 1866 510 oblivioni
1896 452 2192 513 Aaudient
2251 465 2280 504 a
2335 451 2570 506 Domino
2621 450 2906 506 Salvatore

3426 338 3533 402 290

2956 467 2970 504 :
3023 449 3190 518 328
3249 447 3540 514 Comedite,

1971 545 2130 598 amici
2151 546 2272 609 mei,
2301 554 2350 597 et
2372 544 2549 608 bibite,
2571 551 2620 597 et
2639 542 2990 605 inebriamini,
3018 540 3313 594 charissimi
3364 541 3541 611 (Cant.

1973 649 2026 698 ν,
2059 633 2133 701 l).
2165 632 2305 697 Quid
2335 634 2404 687 sit
2436 643 2616 686 autem
2639 634 2924 686 comedere
2955 641 3010 686 et
3041 633 3247 697 bibere,
3296 642 3351 687 et
3392 643 3545 687 satu-

1975 726 2082 778 rari
2116 725 2353 778 omnium
2383 725 2672 777 collatione
2706 730 2988 784 virtutum.
3027 723 3200 776 fidelis
3245 725 3417 778 lector
3464 725 3546 777 iti-

1975 814 2188 884 telligit.
2221 814 2570 881 Septuaginta
2602 816 2759 867 annis
2819 813 3116 866 desolatuin
3171 811 3340 867 fuisse
3394 821 3546 866 teni-

1974 903 2145 971 pluui,
2173 915 2224 956 et
2252 901 2520 957 Jeremias
2551 908 2688 971 (cap.
2736 903 2886 971 uix)
2917 914 2971 956 et
2996 904 3181 958 Daniel
3212 905 3347 973 (cap.
3373 904 3447 972 is)
3494 913 3549 956 et

1973 994 2264 1048 Zacharias
2299 994 2440 1063 (cap.
2469 995 2564 1059 vn)
2600 995 2814 1046 docent.
2865 994 2927 1042 Et
2975 992 3026 1042 in
3077 991 3353 1046 Ezechiele
3402 995 3547 1059 (cap.

1977 1086 2090 1152 xvi)
2127 1087 2193 1138 de
2223 1083 2455 1137 Sodoma
2498 1082 2750 1150 legimus.
2791 1080 2932 1148 quod
2970 1081 3288 1134 restituatur
3313 1081 3365 1132 in
3401 1081 3545 1130 auti-

1973 1190 2162 1244 quum,
2191 1184 2247 1228 et
2275 1175 2341 1229 de
2369 1171 2786 1244 Egypto,quod
2821 1180 2940 1238 post
2971 1169 3357 1224 desolationem
3391 1179 3550 1222 terra:

1981 1265 2210 1335 Λεωτριί
2247 1276 2299 1318 et
2342 1265 2646 1318 ariditateni
2705 1271 2909 1330 septem
2970 1261 3271 1323 fluminum,
3314 1271 3548 1313 veterem

1976 1357 2205 1424 recipiat
2236 1357 2562 1410 ubertatem.
2601 1353 2957 1421 Sepienarius
2991 1362 3169 1405 autem
3221 1359 3275 1404 et
3325 1364 3550 1418 septua-

1973 1447 2210 1514 gesiinus
2249 1459 2520 1506 numerus,
2554 1443 2644 1510 qui
2677 1442 2758 1495 vel
2820 1441 2889 1494 de
2931 1439 3160 1510 singulis
3212 1439 3424 1503 diebus,
3470 1438 3553 1493 vel

1978 1540 2044 1592 de
2078 1548 2289 1605 septem
2325 1537 2612 1590 conﬁcitur
2642 1533 2960 1596 decadibus,
3014 1530 3306 1600 perfectam
3347 1532 3556 1600 signiti-

1973 1641 2061 1685 cat
2087 1640 2141 1683 et
2171 1637 2596 1684 coiisuuimatain
2628 1626 3001 1696 pmnitentiain
3039 1641 3053 1676 :
3095 1633 3151 1676 ut
3190 1623 3336 1691 juste
3356 1619 3554 1692 Tyrus,

1976 1721 2193 1788 expleto
2249 1717 2581 1783 paenitentia:
2631 1709 2978 1784 tctnpore,in
3033 1712 3315 1781 antiquum
3375 1711 3556 1764 redeat

293 1824 530 1878 sponsae,
561 1810 613 1864 id
643 1820 748 1877 est,
780 1815 845 1866 ad
904 1816 1065 1869 Deum
1113 1815 1448 1870 Salv-storem
1509 1829 1562 1870 el
1619 1817 1868 1871 Ecclesia;
1900 1807 1941 1861 Β
1969 1821 2188 1866 statuat.
2225 1809 2299 1862 De
2336 1809 2438 1862 hac
2461 1811 2698 1862 arbitror
2729 1806 3016 1859 meretrice
3047 1815 3100 1858 et
3133 1804 3262 1857 illud
3293 1805 3346 1857 in
3405 1805 3506 1858 l‘io

295 1902 532 1969 pertinet
562 1916 926 1970 sacramenta,
955 1908 1059 1961 dici
1113 1908 1254 1961 inter
1283 1919 1474 1962 caetera
1506 1926 1519 1962 :
1565 1907 1724 1962 Filiae
1752 1911 1870 1978 Tyri

295 1997 350 2047 in
377 1996 699 2060 muneribus,
735 1999 921 2065 faciem
949 2008 1095 2052 tuam
1121 2001 1476 2066 precabantur
1529 1999 1716 2056 divites
1763 2003 1876 2070 ple-

295 2087 378 2139 bis
398 2087 573 2154 (Psal.
596 2105 738 2152 sLtv,
760 2092 867 2160 13).
891 2091 953 2143 Et
984 2092 1096 2158 ipse
1119 2109 1333 2145 rursum
1370 2109 1599 2161 sponsus
1625 2095 1692 2148 ad
1714 2099 1876 2162 s'pon-

298 2194 413 2229 sam
446 2176 662 2246 Tyriam
697 2180 941 2249 loquitur
970 2202 984 2234 :
1021 2183 1184 2241 Audi.
1207 2183 1344 2248 lilia,
1373 2193 1420 2235 et
1446 2183 1583 2245 vide,
1609 2194 1656 2235 et
1679 2183 1874 2235 inclina

298 2285 483 2320 aurem
517 2280 660 2321 tuam
691 2287 707 2333 ;
740 2281 786 2324 et
816 2270 1114 2325 obliriscere
1137 2273 1315 2342 populi
1340 2275 1438 2335 lui,
1467 2282 1516 2326 et
1544 2274 1752 2326 domum
1778 2290 1876 2341 pa-

301 2361 399 2412 tris
433 2362 537 2425 tui,
572 2366 695 2430 quia
723 2366 1046 2430 concupiscet
1079 2380 1168 2417 rea:
1214 2364 1454 2417 decorem
1506 2376 1654 2416 tuum
1705 2363 1872 2433 (Ibid.

303 2451 393 2513 il,
427 2451 534 2517 li).
566 2451 714 2507 Unde
745 2467 798 2506 et
825 2454 878 2506 in
911 2455 1277 2524 descriptione
1310 2456 1730 2523 pulchritudinis
1757 2456 1875 2521 ejus

303 2542 535 2596 infertur
563 2560 578 2596 :
610 2545 789 2597 Astitit
815 2546 993 2611 regina
1022 2561 1054 2598 a
1089 2546 1286 2599 dextris
1315 2547 1439 2607 tuis,
1471 2547 1524 2599 in
1557 2547 1743 2599 vestitu
1787 2546 1877 2601 de-

299 2644 515 2694 aurato,
550 2633 881 2687 circumdata
905 2637 1155 2689 varietate
1181 2636 1351 2704 (Ibid.
1373 2674 1388 2698 .
1420 2637 1526 2702 l0).
1556 2637 1618 2690 Et
1643 2638 1873 2691 iterum:

304 2716 489 2773 Omnis
518 2723 692 2790 gloria
731 2725 860 2790 ﬁlice
888 2726 1020 2795 regis
1047 2726 1362 2779 intrinsecus
1415 2726 1582 2796 (Ibid.
1612 2765 1628 2786 .
1676 2725 1788 2794 14).
1818 2726 1876 2781 Si

304 2822 485 2866 autem
516 2818 829 2883 concupivit
857 2833 947 2871 rex
985 2818 1441 2887 pulchritudinem
1473 2817 1650 2888 Tyria:
1698 2818 1876 2886 pinni-

308 2905 492 2967 tentis,
524 2915 580 2958 et
605 2909 878 2961 variarum
935 2909 1185 2964 habentis
1237 2920 1553 2963 ornamenta
1597 2911 1876 2975 virtutum,

305 3003 508 3060 quanto
533 2999 706 3066 magis
733 3014 939 3054 merces
960 3004 1078 3069 ejus
1105 3012 1158 3054 et
1181 3003 1494 3070 negotiatio,
1523 3015 1632 3054 non
1658 3003 1711 3054 in
1739 3001 1880 3070 Tyro

1978 1902 2184 1956 verbiis
2234 1901 2540 1954 SalouiOnis
2587 1900 2812 1968 mystico
2862 1911 3113 1950 sermone
3157 1898 3412 1962 signari:
3471 1894 3556 1948 Ne

1973 1993 2213 2046 attendas
2239 1993 2520 2060 pessimam
2571 1991 2842 2043 mulierem
2880 2003 2900 2052 ;
2937 1987 3037 2040 mel
3063 2003 3200 2040 enim
3233 1986 3460 2038 dislillal
3491 1989 3556 2037 de

1975 2085 2132 2139 labiis
2187 2065 2424 2144 mulieris
2461 2084 2776 2150 meretricis,
2804 2098 2919 2150 qua:
2953 2081 3022 2133 ad
3063 2081 3224 2146 brere_
3267 2081 3558 2148 impingunt

1974 2179 2152 2246 fauces
2177 2189 2318 2242 tuas,
2348 2188 2397 2230 et
2423 2186 2603 2242 postea
2649 2178 2885 2230 amarius
2918 2175 3038 2244 felle
3092 2176 3315 2242 reperies
3369 2173 3554 2241 (I’ruv.

1974 2286 2028 2333 v,
2055 2269 2200 2336 2-4).
2231 2268 2338 2323 Per
2369 2268 2663 2323 fenestram
2696 2270 2839 2320 enim
2867 2267 3063 2320 domus
3087 2281 3201 2319 suae
3237 2267 3288 2318 in
3349 2266 3556 2332 ιιιειιθηδ

1976 2363 2230 2430 proschit
2263 2379 2277 2416 :
2309 2363 2436 2429 quia
2475 2362 2582 2414 lata
2632 2369 2715 2413 est
2763 2369 2818 2412 et
2853 2358 3090 2426 spa'iosa
3143 2359 3224 2411 vis
3257 2373 3377 2427 qua:
3406 2358 3558 2411 ducit

1977 2456 2042 2504 ad
2073 2462 2296 2507 mortem
2329 2452 2547 2523 (Matth.
2577 2453 2696 2518 vit),
2728 2462 2782 2505 et
2810 2465 3184 2518 quemcunque
3213 2450 3555 2516 insipientem

1976 2541 2467 2609 videritjuveneni,
2500 2547 2776 2609 sapientes
2799 2547 2997 2610 quippe
3053 2553 3260 2594 tentare
3304 2557 3407 2593 non
3459 2555 3558 2592 au-

1977 2631 2086 2694 ilet,
2120 2644 2173 2684 et
2207 2635 2437 2686 transire
2462 2636 2618 2700 juxta
2659 2632 2906 2701 angulos,
2958 2632 3048 2700 qui
3105 2645 3304 2683 rectam
3359 2631 3552 2683 lincain

1978 2726 2326 2792 perdiderunt
2357 2740 2374 2778 :
2414 2723 2652 2792 loquitur
2673 2731 2720 2777 ei
2762 2724 2814 2776 iii
2852 2723 3090 2775 tenebris
3128 2731 3183 2775 et
3215 2721 3267 2774 in
3301 2721 3554 2789 caligine,

1977 2827 2029 2868 et
2059 2821 2158 2868 sub
2188 2816 2367 2884 specie
2399 2817 2727 2883 voluptatum
2775 2815 2931 2882 quasi
2979 2813 3249 2867 victimant
3298 2814 3445 2865 ducit
3491 2816 3556 2864 ad

1981 2916 2231 2960 mortem.
2266 2905 2390 2959 Haec
2421 2907 2463 2958 si
2499 2923 2758 2960 conversa
2818 2907 3003 2969 fuerit,
3045 2916 3100 2958 ct
3153 2905 3288 2958 bene
3345 2907 3559 2957 cecine-

1983 2999 2076 3062 rit,
2102 3010 2155 3052 et
2184 2999 2436 3066 perfectae
2461 2999 2796 3066 paenitentia:
2828 3013 3094 3052 annorum
3123 3006 3338 3065 tempus
3373 2997 3564 3065 imple:-

306 3087 761 3154 permanentium,
799 3090 892 3143 sed
918 3106 1104 3144 eorum
1132 3093 1235 3144 erit
1270 3093 1360 3160 qui
1388 3091 1632 3144 habitant
1657 3093 1709 3142 in
1749 3105 1880 3144 con-
1907 3065 1954 3124 ο
1987 3094 2145 3150 verit,
2178 3065 2424 3142 comedet
2450 3065 2502 3143 et
2529 3092 2692 3154 bibet,
2730 3103 2785 3144 et
2813 3090 3166 3144 saturabitur.
3219 3088 3416 3143 Audiat
3453 3088 3562 3144 No-

306 3187 494 3244 spectu
514 3176 726 3232 Dontini
759 3180 773 3234 ι
801 3180 902 3246 Qui
945 3191 1230 3250 postquam
1251 3183 1461 3251 egerint
1481 3181 1879 3250 paenitentiam,

1991 3180 2262 3247 vatiauus,
2294 3191 2349 3234 et
2379 3190 2576 3236 taceat.

1431 3547 1698 3635 LIBE
1725 3551 1786 3634 [ἰ
1877 3544 2257 3640 OCTAV
2285 3547 2457 3634 US.

409 3891 609 3946 Sextus
669 3899 725 3946 et
781 3891 1045 3962 septimus
1095 3893 1416 3962 superiores
1483 3891 1605 3946 libri
1681 3891 1888 3961 allego-

315 3986 456 4040 riam
509 3983 688 4054 quinti
764 3984 1056 4038 voluminis
1106 3985 1409 4047 continent,
1461 3985 1601 4052 quod
1641 3983 1766 4037 olim
1809 3982 1890 4035 lii-

312 4077 519 4131 storica
570 4075 951 4143 explanatione
1023 4073 1247 4128 dictavi.
1328 4073 1575 4127 Prmscns
1628 4088 1786 4141 Opus,
1835 4072 1888 4126 id

314 4180 420 4230 est,
450 4177 678 4222 octavus
710 4167 868 4231 liber,
906 4164 970 4218 ad
1007 4177 1240 4234 emptam
1276 4165 1780 4234 interpretationem
1810 4179 1892 4218 re-

319 4262 575 4324 vertitur,
607 4269 666 4312 ut
687 4268 739 4313 et
760 4258 1038 4312 historiam
1063 4267 1116 4312 et
1139 4255 1495 4326 tropologiaui
1511 4258 1664 4324 juxta
1691 4263 1896 4307 uti-am-

320 4366 425 4420 que
463 4351 756 4403 editionem
781 4351 984 4416 pariter
1013 4348 1265 4400 disserat.
1322 4345 1452 4412 Quae
1480 4347 1522 4399 si
1574 4345 1728 4414 longa
1791 4343 1884 4396 tibi

1989 3889 2230 3956 nobitnn,
2283 3890 2650 3956 Lactantium,
2683 3889 2965 3944 Ililarium.
3027 3888 3191 3944 Nobis
3226 3893 3560 3960 propositum

1987 3995 2065 4036 est
2097 3966 2289 4036 Isaiam
2315 3997 2408 4050 per
2434 3999 2530 4036 nos
2557 3983 2804 4050 intelligi,
2836 3995 2888 4035 et
2914 3997 3251 4051 nequaquam
3285 3983 3383 4036 sub
3407 3982 3561 4036 Isaiae

1992 4090 2286 4128 occaswne
2317 4087 2502 4129 nostra
2541 4077 2699 4128 verba
2735 4075 2968 4126 laudari.

2062 4167 2227 4236 329
2259 4167 2410 4237 (Cap.
2448 4164 2634 4220 XXIV.
2667 4196 2734 4208 —
2774 4163 2932 4220 Vers.
2968 4169 3008 4218 1·
3045 4174 3100 4218 et
3132 4171 3313 4234 seqq.)
3347 4183 3365 4217 ι
3425 4166 3565 4220 Ecce

1994 4257 2255 4311 Dominus
2302 4257 2586 4326 dissipabit
2638 4267 2864 4322 terram,
2909 4267 2963 4310 et
3009 4258 3231 4311 nudabit
3291 4271 3439 4323 eam,
3501 4266 3557 4312 et

1998 4350 2194 4418 amiget
2228 4349 2416 4403 facient
2443 4350 2583 4417 ejus,
2612 4357 2667 4402 et
2694 4351 2971 4417 disperget
3005 4348 3342 4402 habitatores
3395 4349 3514 4417 ejus
3543 4363 3560 4404 :

323 4443 622 4504 Videbitur,
655 4455 688 4493 ο
723 4440 872 4506 virgo
928 4436 1134 4492 Christi
1179 4437 1556 4500 Eustochium,
1613 4451 1719 4490 non
1755 4435 1888 4488 milit
1914 4430 1969 4492 D
1995 4454 2048 4496 ei
2082 4445 2185 4495 erit
2217 4441 2359 4495 sicut
2388 4441 2638 4510 populus,
2662 4441 2739 4493 sic
2757 4439 3017 4494 sacerdos
3057 4454 3071 4493 :
3100 4449 3155 4492 et
3189 4439 3324 4493 sicut
3352 4454 3563 4503 servus,

325 4537 585 4604 imputes,
630 4533 724 4587 sed
762 4533 1057 4599 Scriptura:
1092 4541 1292 4582 sancta:
1330 4527 1653 4592 dillicultati,
1701 4527 1890 4597 pra-ci-

323 4641 537 4695 pueque
582 4625 733 4677 Isaia:
788 4623 1091 4692 praphetze,
1125 4623 1214 4689 qui
1265 4615 1428 4673 tantis
1467 4618 1886 4679 obscuritatibus

317 4717 592 4769 involutus
614 4723 718 4776 est,
745 4725 800 4766 ut
819 4728 927 4782 pra:
959 4711 1326 4780 magnitudine
1348 4710 1444 4774 rei,
1471 4709 1688 4764 brevem
1708 4710 1885 4777 expla-

317 4809 595 4861 nationem
629 4787 832 4872 putem,
867 4819 988 4872 quai
1035 4819 1131 4872 per
1161 4817 1220 4857 se
1258 4801 1418 4869 longa
1455 4810 1556 4854 est.
1594 4801 1753 4855 Certe
1791 4815 1889 4855 nos

315 4900 579 4953 studiosis
627 4895 940 4957 scribimus,
999 4905 1051 4947 et
1075 4903 1318 4948 sanctam
1371 4893 1707 4960 Scripturam
1749 4891 1891 4944 scire

315 4988 690 5058 cupientibus,
718 5003 826 5040 non
858 4986 1172 5048 lastidiosis,
1201 4995 1255 5038 et
1285 4984 1352 5036 ad
1386 4982 1596 5051 singula
1626 4997 1893 5034 nausean-

321 5085 489 5136 tibus.
560 5078 660 5145 Qui
695 5081 738 5133 si
772 5079 974 5131 [lumen
1018 5077 1360 5145 eloquentize,
1397 5087 1450 5128 et
1472 5077 1768 5128 concinnas
1798 5072 1890 5126 de-

322 5173 684 5225 clamationes
730 5170 1062 5231 desiderant,
1101 5169 1278 5238 legant
1310 5164 1566 5229 Tullium,
1604 5165 1890 5232 Quintilia-

325 5278 450 5314 nuni
486 5262 526 5326 ¹,
567 5260 893 5326 Gallionem,
949 5257 1336 5322 Gubinialtuttt,
1387 5269 1438 5311 et
1470 5268 1525 5310 ut
1571 5259 1636 5310 ad
1680 5265 1891 5310 nostros

325 5357 562 5415 veniant,
596 5348 1012 5416 Tertullianum,
1043 5349 1394 5418 Cyprianum,
1442 5346 1753 5414 Minutiuut,
1791 5347 1891 5398 Ar-

394 5531 412 5561 ⁸
448 5529 652 5594 Vatic.,
680 5530 1097 5596 Quintilianum,
1124 5527 1508 5588 Cabinianum,
1539 5531 1738 5582 omissa
1761 5527 1892 5581 Cal-

323 5603 480 5654 lionis
540 5604 778 5653 nomine.
815 5600 932 5652 Mox
975 5612 1030 5654 et
1077 5600 1516 5666 conjuncttottein
1578 5615 1643 5650 es
1697 5605 1886 5652 eodem

321 5676 654 5740 suppleinus.
682 5669 859 5740 Porro,
881 5671 1026 5740 istud
1061 5683 1280 5740 quoque
1308 5670 1881 5732 illiilliatinl'lelldlﬂll,

323 5737 521 5796 «ἤδιο
548 5739 866 5809 llicronytni
921 5741 972 5792 in
1001 5739 1203 5792 Isaiam
1243 5737 1388 5793 libro
1447 5740 1739 5792 conﬂatam
1769 5754 1889 5794 esse

1993 4536 2070 4590 sic
2102 4534 2362 4588 Dominus
2393 4532 2509 4599 ejus
2545 4548 2559 4589 :
2598 4533 2741 4586 sicut
2773 4532 3000 4593 ancilla,
3033 4533 3111 4584 sic
3141 4531 3363 4584 dOmina
3386 4531 3506 4598 ejus
3542 4544 3556 4584 :

1995 4630 2136 4682 sicut
2166 4641 2373 4689 etttetts,
2417 4625 2496 4678 sic
2559 4623 2649 4677 ille
2682 4624 2773 4692 qui
2823 4624 3010 4676 vendit
3043 4624 3227 4677 :sicut
3277 4623 3566 4685 fenerator,

1995 4719 2074 4772 sic
2113 4719 2158 4772 is
2207 4716 2299 4784 qui
2340 4723 2586 4769 niutuuui
2643 4715 2836 4784 accipit
2873 4731 2888 4769 :
2923 4716 3063 4768 sicut
3108 4714 3196 4782 qui
3232 4716 3442 4782 repetit,
3490 4717 3569 4765 sic

1997 4812 2088 4880 qui
2118 4810 2316 4863 debet:
2361 4808 2717 4876 dissipatione
2767 4806 3122 4875 dissipabitur
3158 4816 3323 4866 terra,
3383 4813 3434 4854 et
3484 4802 3567 4855 di-

1997 4901 2245 4970 reptione
2297 4901 2625 4970 praedabitur
2658 4916 2672 4954 :
2702 4899 2957 4954 Dominus
3009 4895 3152 4949 enim
3194 4894 3410 4948 locutus
3468 4905 3555 4946 est

1999 4994 2218 5044 verbnnt
2246 4992 2370 5044 hoc.
2405 5009 2423 5042 ι
2481 4992 2610 5046 Post
2635 4992 2920 5060 specialem
2949 4989 3288 5059 singularum
3324 4989 3562 5058 gentium

1996 5085 2410 5150 correptioneui,
2436 5083 2658 5147 JUtiiEiB,
2690 5082 3005 5153 Babylonis,
3037 5079 3350 5146 Pliilistiitn,
3385 5080 3564 5148 Moab,

1997 5172 2273 5234 Damasci,
2322 5171 2510 5236 lsrael,
2565 5171 2807 5238 Egypti,
2839 5170 3038 5223 deserti
3078 5170 3266 5236 utaris,
3311 5170 3562 5223 Iduum-3:1:

1998 5274 2050 5318 ct
2079 5267 2310 5331 Arabiae,
2356 5266 2512 5320 vallis
2555 5265 2798 5327 visionis,
2835 5275 2889 5318 et
2948 5265 3012 5316 ad
3049 5272 3351 5318 extremum
3381 5261 3505 5332 Tyri
3547 5277 3563 5318 ς

2003 5358 2052 5409 in
2100 5374 2324 5424 quarum
2358 5359 2738 5425 eitplanatione
2773 5372 2891 5424 qua:
2945 5357 3219 5426 potuimus
3261 5355 3499 5409 diximus
3539 5367 3555 5406 :

2001 5535 2221 5588 totidem
2259 5550 2400 5603 saepe
2436 5535 2615 5588 verbis
2645 5545 2854 5602 partem
2890 5533 3139 5597 alteram,
3176 5545 3341 5603 nonae
3376 5529 3553 5598 Orige-

1999 5613 2106 5665 nis,
2163 5605 2278 5660 sive
2329 5600 2448 5673 qua:
2515 5600 2736 5674 Origcni
2803 5605 3128 5668 ascribitur,
3192 5600 3437 5655 Humilia:
3507 5616 3561 5653 in

1996 5678 2250 5729 diversos.
