3898 6184
399 345 505 412 291

1578 345 1645 405 S.
1682 340 1995 404 EUSEBII
2037 340 2473 403 HIERONYMI

3561 335 3678 401 2‘12

403 478 551 518 nunc
578 458 705 532 quid
737 469 882 515 totus
924 458 1076 515 orbis
1126 458 1179 512 in
1219 456 1687 512 consummatione
1717 471 1980 525 passurus
2007 464 2057 520 Α
2082 460 2209 508 sunt
2242 462 2465 522 propter
2497 465 2590 506 eos
2611 448 2705 520 qui
2765 448 3097 519 sanguinem
3126 450 3378 522 sanguini
3430 450 3678 505 miscue-

403 557 501 616 sit,
562 552 910 623 prOpheticus
968 566 1153 606 sermo
1201 548 1488 613 describit,
1524 560 1581 602 et
1633 563 1981 617 nequ-aquam

409 650 476 703 de
515 646 741 717 singulis
778 645 1046 715 gentibus,
1070 645 1163 697 sed
1199 642 1266 695 de
1318 641 1538 694 cunctis
1588 641 1801 710 pariter
1854 654 1988 708 pro-

400 741 682 806 phetutttr.
715 739 776 792 Et
811 739 1044 806 primum
1089 734 1309 804 quidem
1359 748 1478 803 quae
1509 734 1661 801 impii
1713 744 1985 787 tormenta

404 830 621 898 passuri
684 830 834 884 sint:
873 838 927 882 et
981 826 1255 897 quotnodo
1312 826 1468 894 juxta
1521 823 1877 893 Evangelium
1933 832 1988 876 et

404 924 743 990 Apostolum,
786 929 1126 989 pertranseat
1165 918 1364 973 catlum
1416 926 1471 970 et
1506 925 1672 980 terra,
1721 922 1776 968 et
1819 915 1989 983 figura

403 1016 594 1070 mundi
628 1014 782 1064 istius
842 1008 1066 1079 (Matth.
1122 1023 1244 1060 xxiv
1278 1023 1295 1074 ;
1339 1006 1367 1059 I
1394 1006 1518 1061 Cor.
1556 1007 1674 1075 Hi),
1704 1014 1761 1061 et
1821 1007 1989 1059 dedu-

407 1111 603 1153 cantur
635 1108 947 1166 peccatores
979 1098 1031 1148 iu
1066 1095 1335 1148 internum
1363 1093 1539 1163 (Psal.
1574 1094 1726 1161 xxx),
1755 1092 1823 1147 de
1861 1092 1987 1160 qni-

408 1191 508 1244 bns
552 1192 815 1257 scriptum
859 1195 981 1239 est:
1024 1184 1396 1253 lugredientur
1424 1185 1494 1237 ad
1527 1195 1763 1236 extrema
1813 1190 1989 1242 terrw,

404 1284 684 1331 tradentur
715 1278 767 1328 in
816 1291 1005 1328 manus
1052 1274 1242 1343 gladii,
1301 1282 1481 1339 partes
1530 1273 1768 1339 vulpium
1828 1279 1984 1324 erunt

407 1369 583 1441 (Psal.
610 1384 747 1433 uti,
789 1368 897 1435 10).
932 1367 1136 1421 Deinde
1181 1367 1309 1435 quia
1342 1379 1441 1435 pro
1472 1365 1734 1433 qualitate
1764 1364 1991 1418 merito-

414 1478 534 1516 rntn
578 1462 761 1513 multat
815 1469 940 1512 sunt
976 1458 1287 1511 mansiones
1308 1456 1452 1526 apud
1485 1454 1729 1521 Patrem,
1791 1453 1994 1509 dicitur

398 1552 681 1622 quomodo
713 1550 888 1604 saneti
926 1550 1211 1618 rapiantur
1253 1547 1307 1600 in
1338 1546 1575 1600 nubibus
1622 1545 1838 1600 obviam
1887 1545 1993 1599 Do-

408 1646 554 1697 mino
587 1646 639 1695 in
671 1658 795 1696 aera
824 1642 865 1707 ¹,
900 1652 956 1695 ει
989 1653 1204 1708 semper
1238 1654 1358 1692 cum
1384 1654 1450 1692 eo
1474 1639 1641 1691 l'nturi
1671 1639 1779 1693 sint
1808 1634 1991 1707 (locu.

405 1751 531 1799 xiv;
586 1733 634 1803 (I
670 1732 971 1800 Thess.tv).
1012 1730 1115 1783 Pro
1132 1729 1393 1798 dissipata
1448 1739 1611 1793 terra,
1636 1729 1991 1799 Septuaginta

396 1839 709 1895 corruptum
737 1829 914 1878 orbem
965 1824 1309 1892 interpretati
1365 1830 1492 1876 sunt
1518 1838 1538 1877 ξ
1569 1833 1625 1876 et
1662 1838 1761 1892 pro
1791 1823 1983 1891 afﬂicta
2019 1814 2062 1870 Β

404 1919 546 1987 {acie
589 1916 756 1982 illius,
793 1917 844 1969 id
888 1923 994 1980 est,
1040 1925 1218 1980 terrae,
1256 1914 1420 1968 iidem
1458 1915 1883 1978 transtulerunt,
1932 1921 1983 1966 et

407 2008 652 2060 rerelabit
672 2007 858 2075 [aciem
893 2006 1046 2067 eius;
1073 2015 1126 2057 ut
1156 2006 1455 2073 procedant
1490 2007 1688 2058 mortui
1721 2008 1784 2058 dc
1808 2003 1987 2073 sepub-

400 2099 521 2152 cris
571 2100 684 2152 suis
712 2113 729 2154 :
765 2099 881 2152 sive
909 2096 1135 2149 nudabit
1168 2111 1310 2158 eam,
1364 2106 1422 2149 ut
1466 2098 1646 2149 omnia
1679 2109 1843 2164 opera
1868 2100 1989 2163 ejus

408 2192 754 2259 proferantur
777 2192 827 2242 in
850 2188 1147 2258 publicum,
1168 2197 1223 2241 et
1248 2188 1629 2255 disperguntur
1657 2188 1988 2240 habitatores

396 2279 524 2346 ejus
548 2281 605 2332 in
626 2279 840 2332 diversa
863 2278 1004 2339 loca,
1033 2276 1269 2345 prmuiis
1295 2276 1375 2328 vel
1410 2276 1687 2344 suppliciis
1711 2277 1984 2329 destinati.

415 2372 568 2426 Tune
601 2372 747 2424 nulla
780 2371 886 2424 erit
912 2369 1199 2425 diversitas
1234 2368 1376 2422 inter
1407 2369 1662 2430 nobilem,
1682 2377 1738 2421 et
1769 2368 1985 2435 ignobi-

394 2465 539 2526 lem,
559 2464 896 2518 sacerdotem
919 2470 974 2516 et
993 2461 1217 2524 laicutu,
1245 2474 1461 2514 serunt:
1486 2468 1540 2511 et
1566 2459 1866 2523 dominum,
1894 2473 1991 2511 an—

406 2557 590 2611 cilium
614 2566 673 2611 et
699 2556 1002 2614 dominam,
1029 2551 1252 2607 divitem
1291 2561 1347 2606 et
1371 2564 1693 2621 pauperem,
1714 2550 1992 2604 fenerato-

400 2664 521 2703 rem
550 2655 603 2701 et
626 2662 750 2703 eum
782 2647 872 2716 qui
893 2660 1001 2700 tere
1020 2644 1183 2715 330
1207 2645 1384 2699 alieno
1401 2642 1693 2713 premitur,
1717 2653 1986 2697 ementem

394 2756 570 2809 atque
626 2741 978 2794 vendentem.
1026 2737 1229 2791 Omnes
1278 2738 1422 2791 enim
1459 2750 1527 2790 ex
1572 2749 1731 2804 aequo
1767 2736 1990 2789 stabunt

409 2846 539 2885 ante
595 2830 841 2883 tribunal
893 2828 1121 2893 Christi,
1155 2841 1256 2881 nec
1282 2828 1387 2881 erit
1440 2828 1687 2895 acceptio
1725 2838 1987 2893 persana-

402 2935 528 2974 rum
565 2922 707 2988 apud
746 2919 916 2975 Deum
960 2915 1135 2988 (Rom.
1177 2932 1300 2984 ειν,
1348 2916 1555 2973 Colon.
1596 2921 1696 2988 ut).
1754 2918 1829 2972 De
1876 2931 1988 2986 quo

398 3021 462 3066 et
495 3009 596 3065 lob
639 3011 843 3066 eisdem
876 3008 1265 3079 prapeutodum
1305 3012 1484 3063 verbis
1527 3011 1763 3079 loquitur
1792 3023 1812 3065 ς
1844 3007 1984 3061 Par-

396 3118 499 3157 Utta
527 3113 575 3156 et
605 3118 822 3172 magnus
843 3101 915 3154 ibi
952 3110 1103 3165 sunt,
1138 3110 1187 3154 et
1218 3116 1396 3154 servus
1443 3116 1544 3154 non
1583 3103 1768 3154 timens
1802 3103 1983 3155 Domi-

400 3212 534 3248 num
568 3211 723 3247 suum
754 3194 883 3264 (Job
944 3208 1026 3258 ut,
1057 3193 1169 3262 i9).
1209 3193 1271 3245 Et
1302 3193 1552 3246 Salvator
1583 3194 1635 3246 iu
1665 3195 1979 3262 Evangelia.

406 3293 495 3343 eui
549 3304 711 3341 omne
754 3286 1018 3355 judicium
1058 3287 1318 3338 traditum
1369 3295 1473 3350 est,
1514 3285 1673 3355 pleno
1727 3298 1984 3339 sermone

412 3391 664 3435 testatur.
701 3379 1065 3447 Dissipstbitur
1092 3392 1225 3447 ergo
1277 3388 1445 3443 terra,
1469 3388 1524 3431 et
1552 3378 1732 3433 omnia
1764 3386 1981 3431 terrena

402 3489 575 3542 opera
639 3472 949 3539 redigentur
1004 3469 1072 3524 ad
1102 3469 1357 3534 nihilum,
1397 3481 1455 3524 ut
1498 3469 1703 3523 abolita
1747 3469 1984 3540 imagine

403 3563 622 3634 χοϊκοῦ,
670 3569 992 3632 permaneat
1052 3562 1230 3631 imago
1295 3559 1726 3628 superccelestis.
1768 3560 1983 3614 Primus

400 3659 547 3710 enim
579 3658 734 3709 homo
766 3656 838 3708 de
876 3664 1018 3707 terra
1049 3664 1313 3717 terrenus,
1358 3662 1410 3708 et
1456 3653 1717 3707 secundus
1763 3654 1825 3706 de
1846 3654 1983 3706 caelo

402 3748 633 3802 (celestis
661 3763 683 3801 .'
713 3746 885 3816 qualis
919 3756 1174 3809 terrenus,
1202 3744 1335 3798 tales
1358 3756 1405 3798 et
1463 3746 1695 3809 terreni;
1725 3751 1772 3798 et
1810 3745 1983 3813 qualis

399 3839 819 3905 supercwlestis,
872 3836 1004 3891 tales
1045 3848 1091 3890 et
1123 3836 1513 3905 supercmlestes
1534 3851 1557 3890 ε
1589 3847 1644 3888 ut
1689 3839 1828 3889 sicut
1854 3852 1983 3905 por-

400 3934 632 3984 lavimus
697 3929 980 3997 imaginem
1033 3929 1250 3992 terreni,
1313 3937 1579 3997 portemus
1623 3939 1669 3981 et
1700 3928 1982 3996 imaginem

401 4020 785 4091 supercwlestis
819 4016 873 4085 (1
898 4017 1023 4071 Cor.
1061 4031 1152 4083 xv,
1184 4017 1394 4084 47-49).
1452 4015 1607 4072 Unde
1662 4018 1799 4071 idem
1831 4018 1982 4087 Apo-

400 4115 578 4169 stolus
638 4108 1074 4180 loquitur:Caro
1099 4119 1144 4161 et
1177 4110 1392 4177 sanguis
1447 4124 1661 4177 regnum
1721 4108 1819 4161 Dei
1878 4125 1982 4161 non

404 4205 751 4276 possidebunt
816 4201 1140 4275 (Ibid.,50).
1200 4201 1316 4257 Non
1373 4202 1517 4271 quod
1548 4203 1847 4255 secundum
1871 4202 1983 4255 lue-

406 4298 611 4350 retires
645 4297 915 4364 dispereat
946 4305 1140 4347 natura
1174 4307 1487 4363 corporum,
1538 4295 1633 4347 sed
1684 4292 1825 4362 quod
1858 4306 1979 4347 cor-

410 4388 683 4456 mptivuut
732 4388 841 4439 hoc
887 4386 1075 4438 induat
1116 4386 1604 4452 incorruptionem,
1643 4398 1695 4438 et
1750 4384 1983 4439 mortale

2092 552 2243 606 runt,
2296 554 2351 598 et
2384 543 2436 595 itt
2464 557 2670 596 morem
2711 541 2992 610 sanguinis
3042 541 3200 605 Abel,
3245 541 3670 596 interfectorum

2088 651 2339 691 cruorem
2369 634 2438 689 ad
2470 635 2634 689 Deum
2658 635 2898 689 clamare
2920 632 3171 689 iecerunt
3200 630 3358 703 (Gen.
3388 635 3485 701 iv).

2164 727 2348 799 (Vers.
2404 727 2486 798 6.)
2529 743 2547 778 ι
2585 726 2719 791 Quia
2762 727 3093 796 transgressi
3144 727 3315 798 legent
3353 736 3498 792 sunt,
3539 741 3679 780 rau-

2091 828 2350 875 taverunt
2399 818 2512 888 jus,
2566 819 2967 886 dissipaverunt
3023 818 3199 872 foedus
3256 818 3675 884 sctttpiternum.

2089 911 2317 981 Propter
2335 912 2438 965 hoc
2466 909 2776 964 maledictio
2800 911 3012 963 vorabit
3042 920 3340 974 terram,et
3365 911 3678 978 peccatum

2093 1003 2434 1059 habitatores
2466 1003 2588 1074 ejus
2618 1017 2632 1055 ε
2667 1002 2789 1056 ideo
2824 1000 3095 1056 iusauient
3120 1002 3361 1055 cultores
3411 1003 3544 1072 ejus,
3603 1012 3678 1055 ei.

2093 1092 2471 1163 relinquentur
2506 1092 2752 1146 homines
2806 1091 2990 1161 pauci.
3032 1109 3051 1142 ι
3091 1089 3234 1143 LXX
3271 1107 3286 1144 :
3322 1108 3342 1142 ι
3370 1089 3681 1161 Quiapraa-

2090 1184 2498 1255 varicati331
2542 1192 2672 1238 sunt
2734 1183 2930 1252 legem,
2971 1192 3315 1237 mutaverunt
3370 1195 3674 1252 przecepla,

2095 1284 2482 1330 testamentum
2545 1282 2833 1328 azternum.
2909 1272 3138 1340 Propter
3193 1272 3296 1325 hoc
3356 1272 3678 1327 maledictio

2091 1366 2305 1421 vorabit
2328 1374 2551 1429 terram,
2579 1366 2704 1434 quia
2738 1374 3105 1434 peccaverunt
3142 1364 3469 1419 habitatores
3497 1366 3624 1432 ejus
3656 1381 3679 1419 z

2093 1459 2215 1515 ideo
2276 1474 2540 1529 pauperes
2618 1470 2782 1513 erunt
2809 1458 3147 1511 habitatores
3182 1468 3360 1522 term,
3397 1471 3449 1510 et
3477 1457 3682 1511 dimit-

2093 1560 2278 1608 tentur
2308 1551 2557 1606 homines
2622 1552 2805 1621 pauci.
2847 1568 2867 1604 ι
2924 1550 3162 1604 Audiant
3212 1548 3405 1613 Judaei,
3447 1551 3534 1620 qui
3602 1564 3680 1604 se

2094 1643 2242 1700 solos
2275 1642 2476 1713 “legem
2527 1642 2808 1712 accepisse
2878 1641 3091 1695 Domini
3141 1641 3463 1710 gloriantur,
3508 1642 3677 1709 quod

2096 1738 2369 1792 universa:
2402 1735 2638 1804 primum
2668 1745 2861 1806 gentes
2900 1746 3153 1805 totusque
3176 1735 3328 1788 orbis
3352 1733 3676 1787 natutalcm

2088 1827 2359 1897 acceperit
2390 1826 2589 1895 legem,
2632 1835 2689 1880 et
2717 1824 2922 1880 idcirco
2965 1834 3152 1892 postea
3188 1825 3276 1879 lex
3307 1826 3425 1878 data
3446 1826 3514 1877 sit
3549 1838 3675 1890 per

2087 1920 2330 1989 Moysen,
2380 1921 2507 1988 quia
2550 1918 2726 1988 prima
2783 1920 2867 1972 lex
2922 1919 3186 1985 dissipata
3244 1929 3350 1972 est.
3432 1920 3501 1972 lie
3539 1932 3676 1985 qua

2086 2014 2373 2084 Apostolus
2424 2012 2666 2082 loquitur
2712 2026 2732 2066 ε
2768 2010 2898 2066 Cum
2938 2011 3079 2063 enim
3141 2018 3341 2079 gentes,
3382 2023 3491 2077 qua
3543 2023 3675 2059 non

2086 2107 2277 2160 habent
2322 2105 2506 2175 legem,
2563 2103 2891 2157 naturaliter
2944 2117 3007 2157 ea
3062 2116 3178 2171 quia
3228 2101 3353 2170 legis
3403 2112 3516 2152 sum
3564 2099 3676 2163 [a-

2086 2200 2252 2263 ciun't,
2300 2198 2392 2250 isti
2436 2196 2600 2266 legem
2631 2210 2733 2248 non
2773 2193 3043 2257 habentes,
3070 2194 3173 2263 ipsi
3211 2193 3311 2246 sibi
3357 2202 3472 2245 sunt
3516 2191 3615 2244 (ea:
3652 2208 3673 2243 :

2088 2291 2177 2359 qui
2212 2288 2496 2343 ostendunt
2534 2302 2665 2355 opus
2699 2286 2826 2355 legis
2867 2288 3122 2353 scriptam
3175 2287 3233 2337 in
3278 2284 3514 2337 cordibus
3538 2299 3675 2335 sam

2089 2379 2271 2449 (Rom.
2307 2394 2369 2445 tt,
2400 2378 2511 2447 Μ).
2556 2378 2656 2443 Qui
2695 2376 2860 2446 igitur
2893 2377 2994 2429 has
3032 2375 3178 2444 leges
3217 2373 3673 2435 observaverint,

2089 2472 2309 2541 praemia
2346 2477 2748 2538 consequent-tr
2781 2482 2796 2521 :
2844 2468 2935 2535 qui
2960 2477 3141 2522 autem
3178 2465 3503 2536 neglexerint
3529 2478 3671 2530 eas,

2089 2561 2440 2617 sustinebunt
2477 2574 2597 2628 qua:
2634 2572 2789 2613 nunc
2817 2572 2996 2613 sermo
3026 2557 3372 2627 propheticus
3425 2559 3670 2609 commi-

2091 2662 2271 2705 natur.
2331 2649 2398 2703 Et
2449 2650 2722 2717 quomodo
2770 2649 2824 2702 iu
2881 2649 3151 2717 principio
3192 2647 3454 2701 benedixit
3504 2643 3675 2698 Deus

2089 2743 2238 2797 omni
2308 2752 2570 2796 creatura:
2628 2754 2792 2809 quam
2855 2740 3057 2795 fecerat
3126 2737 3527 2809 (Geu.t):sic
3612 2740 3671 2790 in

2088 2835 2561 2889 consummatione
2620 2834 2808 2888 mundi
2859 2833 3149 2888 maledicet
3180 2834 3265 2888 bis
3312 2833 3402 2903 qui
3445 2834 3671 2884 terreni

2090 2934 2236 2991 sunt,
2275 2935 2331 2982 et
2389 2941 2497 2981 non
2555 2927 2757 2981 iuerint
2814 2927 3111 2997 peregrini,
3177 2926 3272 2980 sed
3329 2924 3675 2980 habitatores

2095 3027 2277 3084 teme,
2330 3028 2385 3073 et
2449 3018 2503 3072 in
2553 3032 2618 3073 ea
2691 3020 3073 3087 peccaverint;
3121 3020 3215 3086 qui
3265 3016 3409 3068 obliti
3462 3016 3676 3067 condi-

2090 3111 2254 3165 tionis
2328 3125 2479 3176 suae,
2537 3122 2725 3165 contra
2798 3125 2859 3164 se
2910 3119 3097 3163 mutuo
3164 3107 3345 3163 furore
3406 3106 3675 3161 harenati

2085 3215 2234 3262 sunt.
2271 3205 2335 3257 Et
2377 3205 2530 3273 pauci
2568 3208 2925 3259 remanebunt
2956 3203 3048 3272 qui
3080 3203 3316 3256 habeant
3364 3202 3673 3267 imaginum

2088 3298 2538 3366 snpercoelestem
2565 3315 2579 3351 :
2608 3299 2744 3359 sive,
2789 3297 2944 3364 juxta
2994 3293 3159 3359 LXX,
3207 3307 3451 3360 pauperes
3494 3300 3675 3345 eruat:

2084 3390 2405 3443 habitatores
2460 3397 2634 3453 terra},
2674 3389 2803 3457 quia
2856 3385 3172 3455 spirituales
3221 3385 3430 3438 divitias
3473 3385 3667 3451 perdi-

2086 3484 2304 3536 derunt.

2157 3568 2340 3639 (Vers.
2376 3570 2408 3621 7
2444 3566 2623 3637 seqq.)
2656 3585 2675 3618 t
2716 3565 2878 3620 Luxit
2912 3564 3213 3630 vindemia,
3267 3564 3528 3619 inﬁrmata
3564 3577 3670 3621 est

2086 3660 2234 3724 vitis,
2283 3660 2673 3729 ingemuerunt
2720 3671 2914 3711 omnes
2952 3656 3046 3726 qui
3096 3657 3420 3710 [relabantur
3462 3660 3666 3712 corde.

2084 3752 2330 3808 Cessavit
2393 3752 2650 3823 gaudium
2714 3760 3116 3820 tympanorum,
3192 3749 3393 3817 quievit
3442 3750 3670 3805 sonitus

2086 3843 2402 3904 ltetautiutu,
2452 3839 2966 3895 conticuitdulcedo
2995 3838 3244 3901 citharae,
3276 3852 3398 3892 cum
3442 3838 3668 3893 cantico

2085 3947 2193 3987 non
2250 3932 2435 3986 bibent
2484 3932 2694 3995 vinum,
2752 3942 2939 3983 amara
2998 3930 3104 3982 erit
3134 3930 3279 3997 potio
3341 3928 3668 3983 bibentibus

2086 4026 2253 4079 illam.
2309 4024 2509 4077 Attrita
2583 4032 2667 4076 est
2720 4021 2915 4076 civitas
2968 4020 3248 4085 vanitatis,
3304 4024 3487 4075 clausa
3565 4034 3659 4075 est

2085 4115 2261 4170 omnis
2295 4118 2488 4168 donius
2517 4113 2665 4167 nullo
2721 4115 3053 4167 introeunte.
3108 4111 3327 4166 Clamor
3363 4116 3468 4167 erit
3494 4127 3668 4177 super

2086 4207 2211 4260 vino
2250 4208 2300 4260 in
2329 4206 2544 4271 plateis,
2577 4203 2792 4258 deserta
2823 4211 2905 4258 est
2936 4204 3113 4257 omnis
3172 4204 3377 4267 laetitia,
3425 4206 3671 4259 transla-

2084 4308 2196 4353 tum
2227 4307 2309 4352 est
2341 4298 2598 4367 gaudium
2629 4305 2803 4349 terrae.
2843 4295 2910 4349 Et
2945 4296 3132 4351 relicta
3163 4306 3247 4351 est
3282 4297 3334 4351 in
3362 4299 3494 4351 urbe
3522 4297 3667 4351 soli-

2086 4390 2237 4453 tudo,
2256 4398 2310 4442 ει
2340 4389 2625 4443 calamitas
2645 4390 2914 4457 opprimet
2938 4400 3157 4456 portas:
3188 4391 3314 4457 quia
3349 4389 3464 4443 btec
3492 4400 3671 4443 erunt

406 4477 511 4531 hoc
550 4478 738 4531 induat
779 4477 1266 4530 itnt‘nortalitatem.
1312 4476 1382 4530 Et
1419 4478 1531 4531 huic
1576 4478 1759 4532 omnia
1809 4480 1978 4534 lient:
2012 4480 2057 4537 D
2082 4483 2135 4537 in
2165 4482 2344 4538 medio
2377 4491 2556 4547 terrae,
2587 4483 2638 4534 in
2671 4482 2847 4534 medio
2889 4482 3230 4549 populorum.
3268 4498 3286 4531 ι
3317 4481 3375 4534 In
3405 4496 3675 4535 consum-

404 4569 537 4637 quia
595 4569 739 4637 quod
792 4566 1035 4621 futurum
1080 4576 1185 4633 est,
1232 4581 1330 4635 per
1384 4569 1680 4638 prepbetas
1720 4567 1981 4623 Dominus

409 4663 623 4716 locutus
659 4669 764 4714 est.

480 4751 659 4823 (Vers.
686 4753 742 4815 4,
776 4750 859 4822 5.)
897 4769 915 4803 t
955 4750 1118 4807 Luxit
1148 4759 1202 4805 et
1262 4748 1486 4805 deﬂuxit
1525 4759 1694 4816 terra,
1746 4758 1801 4803 et
1835 4747 1984 4801 inﬁr-

412 4860 557 4903 mata
596 4860 682 4903 est
720 4863 736 4903 :
768 4847 991 4901 deﬂuxit
1020 4847 1192 4913 orbis,
1227 4845 1497 4899 inﬁrmata
1532 4854 1613 4922 est
1643 4846 1872 4898 altitudo
1891 4857 1985 4910 po-

413 4942 522 5012 puli
552 4950 735 5004 terrae,
766 4950 821 4995 et
858 4951 1004 4995 terra
1036 4937 1319 4992 interiecta
1367 4948 1451 4990 est
1484 4938 1549 4990 ab
1586 4935 1983 4990 habitatoribus

412 5035 544 5087 suis.
578 5051 596 5084 ι
656 5032 797 5086 LXX
832 5047 897 5089 ξ(
934 5030 1102 5085 Luxit
1152 5040 1320 5094 terra,
1353 5040 1641 5098 corruptus
1677 5037 1762 5082 est
1811 5027 1982 5085 orbis.

408 5124 664 5178 luxerunt
711 5126 921 5181 excelsi
995 5134 1175 5186 terra,
1226 5131 1373 5177 terra
1431 5133 1608 5175 autem
1646 5121 1763 5189 egit
1824 5116 1987 5187 impie

408 5224 632 5284 propter
663 5215 997 5271 habitatores
1036 5231 1185 5271 suos.
1233 5233 1252 5267 ι
1290 5212 1435 5269 Deus
1468 5212 1720 5283 Superbis
1760 5211 1983 5270 Γθεὶδιίιν

409 5318 464 5361 ει
496 5308 789 5361 humilibus
844 5310 936 5363 dat
966 5310 1195 5380 gratiam
1232 5307 1421 5379 (Iacob
1447 5322 1523 5374 tv,
1556 5306 1637 5377 6).
1670 5303 1827 5360 Unde
1872 5307 1986 5373 pri-

414 5418 500 5455 ma
560 5401 827 5453 sententia
878 5410 964 5454 est
1005 5411 1195 5454 contra
1264 5416 1381 5466 eos,
1440 5401 1532 5469 qui
1597 5398 1798 5455 excelsi
1856 5407 1987 5452 sunt

413 5506 593 5559 terrm,
648 5501 707 5546 ut
753 5491 1101 5546 intirtueutur
1158 5494 1413 5548 universa
1456 5507 1575 5562 qua:
1637 5505 1780 5544 nunc
1825 5489 1984 5544 fortia

487 5629 504 5659 ⁸
550 5625 706 5681 Hunc
734 5627 914 5683 locum
942 5624 1205 5683 Servatus
1239 5627 1424 5696 Lupus
1451 5628 1503 5680 in
1561 5625 1898 5680 Collectaneo
1920 5626 1986 5677 de

413 5700 581 5753 tribus
615 5698 1005 5762 Qua'slionibus
1034 5712 1155 5752 cum
1191 5700 1310 5751 aliis
1342 5712 1405 5750 ex
1439 5696 1768 5765 Hieronymo
1798 5711 1988 5750 excer-

414 5775 522 5840 ptis
549 5777 847 5836 componit,
878 5779 1137 5839 aptatque
1166 5767 1695 5831 l’rtedestinztttonis,
1758 5768 1823 5819 de
1876 5782 1982 5833 qua

2085 4576 2325 4630 malione
2386 4575 2593 4633 mundi.
2628 4574 3029 4643 prartet'itaruttt
3090 4572 3408 4626 deliciarum
3481 4585 3677 4626 τερον·

2084 4669 2232 4723 datio
2268 4666 2373 4722 erit
2415 4668 2639 4721 materia
2674 4666 3040 4719 cruciatuum.
3082 4663 3235 4719 Unde
3268 4674 3321 4719 et
3367 4666 3515 4718 dives
3565 4666 3673 4721 ille

2086 4762 2138 4813 itt
2168 4758 2419 4814 convivio
2443 4769 2795 4827 purpuratus,
2829 4758 2919 4826 qui
2947 4769 3227 4826 receperat
3279 4761 3423 4810 bona
3457 4773 3546 4811 sua
3608 4758 3671 4812 its

2089 4853 2195 4905 vita
2232 4869 2349 4918 sua,
2380 4855 2599 4905 elevans
2628 4850 2817 4904 oculos
2862 4866 2990 4905 suos
3024 4850 3092 4904 de
3125 4852 3357 4915 inferno,
3396 4853 3672 4905 Lazarum

2086 4942 2261 4996 cernit
2288 4943 2338 4994 in
2371 4942 2554 5009 requie
2582 4938 2731 5010 (Luc.
2764 4943 2896 5007 xvi).
2941 4939 3005 4992 Et
3044 4939 3309 4993 Dominus
3369 4942 3677 5008 increpans

2090 5034 2283 5087 divites
2327 5043 2381 5086 et
2417 5031 2725 5085 luxuriosos
2773 5042 2936 5100 atque
2997 5032 3260 5095 ridentes,
3312 5031 3543 5100 loquitur
3613 5034 3675 5087 in

2091 5124 2384 5193 Evangelio
2421 5140 2436 5178 :
2475 5122 2566 5177 Va:
2596 5124 2739 5177 vobis
2768 5124 3041 5188 divitibus,
3088 5124 3338 5193 quoniam
3388 5129 3678 5189 recepistis

2089 5217 2499 5272 consolationem
2522 5224 2769 5269 vestram.
2818 5214 2904 5270 Va:
2931 5216 3071 5269 vobis
3103 5217 3193 5284 qui
3246 5232 3383 5268 nunc
3430 5220 3683 5271 saturats'

2089 5311 2235 5374 estis,
2268 5312 2513 5378 quoniam
2544 5309 2809 5361 esurietis.
2855 5307 2939 5362 Va:
2968 5309 3109 5363 vobis
3146 5310 3236 5377 qui
3268 5325 3405 5362 nunc
3452 5310 3679 5375 ridetis,

2092 5404 2217 5472 quia
2244 5399 2488 5467 lugebitis
2528 5400 2784 5469 etﬂebitis
2815 5397 3005 5470 (Ibid.,
3040 5399 3131 5464 24,
3160 5400 3275 5467 25).
3304 5398 3527 5464 Quando
3554 5400 3643 5468 igi
3663 5432 3679 5441 ο

2093 5500 2181 5544 tur
2212 5490 2375 5544 fuerit
2415 5490 2749 5544 resurrectio
2784 5499 3142 5557 mortuorum,
3184 5499 3236 5543 et
3262 5488 3452 5558 judicii
3494 5490 3686 5543 adve-

2095 5625 2357 5692 disputat,
2406 5623 2615 5678 sensui.
2660 5622 2862 5677 Confer
2911 5621 2969 5676 S.
3035 5620 3213 5676 Patris
3250 5620 3413 5674 nostri
3463 5618 3682 5677 libr-mn

2092 5696 2630 5815 primumradrersus
2666 5694 2980 5761 Pelagianos
3014 5701 3137 5762 post
3165 5693 3424 5755 medium,
3459 5697 3509 5741 et
3554 5700 3686 5744 ter-

2097 5777 2226 5815 ttntn
2256 5779 2309 5815 ιιι
2363 5780 2470 5815 inc.

2097 5777 2226 5817 ltum
2256 5779 2309 5816 111
2346 5777 2470 5817 huc.
