3972 6198
286 361 402 424 2ὶ3

757 360 1260 425 COMMENTAR.
1303 358 1384 420 IN
1427 357 1698 418 ISAIAM
1739 356 2207 417 PROPHETAM
2250 355 2395 418 LIB.
2431 355 2600 428 VIII,
2633 356 2789 418 CAP.
2830 358 3038 421 XXIV.

3423 363 3530 426 ει

289 467 590 533 neritdics,
631 466 794 538 332
830 479 956 524 tunc
985 469 1188 538 lugebit
1247 469 1433 521 vinum
1472 475 1635 536 atque
1668 465 1857 519 vinde-
1888 472 1930 524 Α
1965 461 2168 518 riosum
2208 461 2336 528 erit,
2369 461 2579 516 Domini
2611 462 2699 517 Dei
2723 463 2938 520 Israel.)
2969 465 3192 523 Relictis
3216 467 3532 527 hominibus

287 561 422 624 mia,
451 561 520 614 de
545 576 647 628 qua
679 561 890 630 Moyses
913 561 1154 628 loquitur
1191 577 1204 614 :
1239 559 1313 612 De
1333 560 1482 614 vinea
1507 556 1858 612 Sodomorum

287 654 440 705 vinea
492 667 694 716 eorum,
745 669 978 722 propago
1036 669 1215 706 eorum
1259 653 1323 706 de
1377 651 1693 707 Gomorrha.
1749 647 1860 700 Uva

284 757 469 794 eorum
501 755 600 793 tum
633 740 793 805 fellis,
825 743 1006 794 botrus
1049 741 1421 794 amaritudinis
1443 755 1647 793 eorum.
1683 736 1861 791 Furor

286 834 573 883 draconum
603 835 778 884 vinum
804 847 1008 892 eorum,
1061 843 1108 885 et
1137 831 1290 898 [uror
1349 832 1590 899 aspidum
1645 831 1860 884 insana-

288 921 411 974 bilis
437 922 616 990 (Deut.
639 939 808 984 xxxii,
831 922 924 986 32,
946 923 1061 992 35).
1095 923 1248 977 Tunc
1279 924 1459 976 cunnis
1478 923 1642 990 potio,
1661 923 1774 975 sive
1800 929 1854 974 ut

290 1012 550 1066 llebraice
587 1014 809 1074 dicitur,
837 1014 1027 1074 sicera.
1079 1013 1130 1066 id
1161 1023 1263 1076 est,
1313 1013 1559 1078 ebrietas,
1593 1027 1714 1082 qua:
1742 1023 1856 1066 sta-

289 1113 405 1156 tu
460 1103 656 1156 uternis
686 1106 898 1166 evertit,
930 1115 984 1157 et
1014 1104 1262 1158 homines
1306 1103 1529 1171 vigilare
1576 1118 1683 1156 non
1717 1101 1856 1168 pati-

286 1206 400 1260 tur,
448 1196 811 1250 amaritudine
859 1196 1301 1260 commutabitur,
1349 1210 1472 1265 qua:
1528 1194 1596 1249 ad
1645 1203 1854 1263 tempus

287 1288 568 1342 utentibus
593 1302 652 1342 se
688 1287 844 1341 mella
893 1287 1174 1349 mentitur,
1212 1297 1265 1341 et
1294 1288 1349 1342 in
1381 1288 1676 1341 novissimo
1704 1302 1856 1340 ama-

287 1381 405 1433 rior
442 1375 568 1434 lelle
594 1381 913 1448 reperietur.
955 1377 1113 1434 Tunc
1153 1379 1330 1434 omnis
1367 1379 1602 1433 dulcedo
1658 1378 1852 1432 lauan-

287 1474 420 1526 tium
451 1483 506 1527 et
529 1483 903 1542 tympanorum
927 1485 992 1525 ac
1013 1472 1236 1524 cithara:
1264 1471 1540 1525 sonitusin
1567 1469 1847 1539 planctum

286 1574 527 1617 vertetur
563 1578 629 1616 ac
661 1562 944 1629 gemitum.
997 1559 1308 1630 ingeramus
1340 1562 1444 1615 lioc
1476 1559 1850 1614 testimonium

286 1658 373 1710 his
403 1656 496 1723 qui
531 1655 585 1707 in
620 1653 886 1707 conviviis
918 1667 1025 1706 non
1056 1652 1231 1708 solum
1280 1651 1404 1722 gula
1453 1659 1509 1706 et
1558 1651 1846 1710 ebrietate.

281 1747 377 1800 sed
417 1753 474 1799 et
519 1746 743 1798 auribus
804 1743 1108 1804 luxuriant,
1145 1753 1204 1794 nt
1251 1757 1346 1809 per
1401 1757 1591 1796 omnes
1647 1755 1842 1795 sensus

1970 554 2174 621 paucis,
2199 554 2412 621 quando
2436 554 2741 609 maledictio
2795 560 3071 613 voraverit
3129 569 3352 626 terram,
3393 574 3445 618 et
3478 568 3530 619 in

1968 643 2101 698 urbe
2148 643 2310 698 fuerit
2334 644 2590 707 solitudo,
2611 657 2665 700 et
2695 647 2811 701 haec
2842 649 3092 704 universa
3122 653 3444 721 contigerint
3478 656 3531 708 in

1967 735 2145 788 medio
2171 742 2349 800 teme,
2384 736 2437 788 in
2473 735 2652 791 medio
2675 739 2988 807 populorum
3018 751 3068 795 et
3103 745 3533 810 gentium,tanta

1965 824 2068 877 erit
2095 835 2402 878 sanctorum
2430 828 2691 893 paucitas,
2712 829 2779 882 de
2795 830 2992 900 quibus
3009 831 3271 887 Dominus
3291 836 3533 901 loquitur

1966 916 2016 968 in
2049 915 2343 984 Evangelia
2372 931 2388 970 :
2415 917 2568 969 Multi
2598 922 2790 983 vocati,
2842 931 2891 973 et
2921 925 3078 989 pauci
3115 926 3262 980 electi
3311 927 3530 996 (Matth.

1965 1022 2054 1070 xx,
2095 1008 2182 1076 16)
2213 1022 2228 1060 :
2257 1017 2312 1062 et
2350 1019 2457 1060 tam
2503 1008 2799 1063 vehemens
2829 1027 3080 1079 pressura
3107 1015 3405 1081 juStorum,
3469 1029 3529 1070 nt

1966 1107 2258 1162 tententur,
2283 1098 2326 1152 si
2354 1098 2466 1153 lleri
2523 1108 2724 1166 potest,
2752 1101 2915 1154 etiam
2951 1102 3106 1157 electi
3140 1103 3231 1156 Dei
3263 1119 3276 1157 :
3315 1118 3367 1158 et
3398 1123 3528 1174 pau-

1961 1192 2096 1245 citas
2121 1207 2306 1246 eornm
2332 1195 2513 1248 baccis
2531 1195 2796 1248 olivarum
2823 1197 3118 1250 rarissimis
3155 1209 3526 1266 comparetur,

1962 1297 2081 1352 qua;
2113 1299 2236 1336 cum
2268 1299 2510 1339 excussa:
2542 1285 2739 1340 fuerint
2765 1297 2930 1356 atque
2949 1289 3233 1350 demessa,
3268 1291 3355 1342 vix
3388 1305 3525 1357 pan.-

1960 1383 2037 1422 ca:
2067 1381 2349 1424 remanent
2391 1372 2444 1425 in
2471 1387 2746 1427 ramorum
2795 1378 3120 1444 cacumine;
3153 1388 3209 1432 et
3254 1377 3527 1446 quomodo

1959 1472 2081 1513 cum
2119 1459 2284 1514 fuerit
2317 1461 2466 1516 ﬁnita
2509 1464 2807 1529 vindemia,
2867 1467 3042 1522 solent
3078 1485 3366 1538 pauperes,
3399 1485 3527 1540 ege—

1960 1555 2104 1600 state
2136 1559 2386 1618 cogente,
2423 1565 2624 1606 vacuas
2663 1555 2894 1607 circuire
2926 1556 3085 1621 vites,
3113 1569 3166 1612 et
3201 1575 3369 1628 pauca
3396 1577 3526 1615 uva-

1959 1652 2076 1690 rum
2109 1654 2275 1708 grana
2333 1641 2610 1709 colligere.
2647 1641 2712 1696 ili
2777 1644 2944 1712 igitur
2990 1648 3081 1716 qui
3142 1653 3525 1717 remanserint,

1956 1737 2009 1781 et
2036 1742 2157 1796 post
2188 1731 2512 1785 vindemiam
2540 1734 2722 1787 mundi
2752 1747 2916 1803 atque
2940 1739 3254 1806 'presSuram
3281 1782 3296 1804 ,
3333 1757 3528 1796 manus

285 1837 483 1890 anime
517 1836 776 1889 fortitudo
824 1835 1124 1889 mollescat.
1196 1834 1477 1888 Atteretur
1508 1834 1701 1887 civitas
1753 1848 1844 1886 va-

1957 1825 2232 1890 quiverint
2289 1826 2614 1882 Antichristi
2674 1818 3056 1900 pet-sequentis
3086 1830 3343 1901 ell'ugere,
3408 1835 3523 1886 sive

285 1929 496 1987 uitatis,
525 1928 641 1981 sive
668 1927 845 1981 omnis
886 1926 1100 1986 civitas,
1134 1924 1218 1978 vel
1243 1924 1542 1993 spiritualis
1585 1923 1851 1994 Babylon.

281 2034 404 2087 quae
444 2019 598 2071 sedet
635 2019 689 2070 in
744 2026 948 2086 septem
1007 2018 1282 2070 montibus
1317 2025 1636 2085 purpurata,
1691 2015 1852 2082 cujus

281 2107 547 2177 supplicia
566 2108 618 2160 in
637 2105 1444 2177 Apocalypsiloannislegimus
1464 2107 1651 2172 (Apoc.
1672 2106 1847 2172 xviii).

281 2198 622 2267 Pulcltreque
649 2198 787 2252 dixit
821 2201 1008 2252 urbem
1043 2200 1317 2253 vanitatis.
1355 2198 1410 2252 Si
1441 2199 1586 2251 enim
1621 2198 1687 2250 de
1713 2197 1852 2252 etelo

279 2302 334 2344 et
369 2301 538 2354 terra,
562 2301 616 2344 et
655 2291 719 2344 de
744 2289 1003 2344 ciuilibus
1029 2304 1150 2358 qua:
1188 2297 1403 2342 terrena
1437 2297 1564 2342 sunt
1594 2289 1799 2344 dicitur
1833 2318 1849 2353 ε

291 2379 511 2434 Vauitas
537 2382 849 2446 sanitatum,
889 2389 940 2433 et
987 2380 1166 2434 omnia
1210 2379 1414 2432 sanitas
1443 2378 1638 2448 (Eccle.
1671 2394 1709 2442 ι,
1740 2379 1776 2432 2
1804 2382 1846 2447 ):

279 2488 484 2542 quanto
524 2488 697 2544 magis
727 2474 827 2528 hoc
855 2473 924 2527 de
969 2488 1073 2526 una
1104 2475 1235 2526 urbe
1269 2472 1555 2527 dicendum
1595 2481 1702 2536 est,
1729 2487 1849 2541 quae

283 2567 448 2618 totius
482 2565 629 2619 orbis
659 2581 784 2634 pars
817 2565 1026 2618 modica
1048 2575 1130 2618 est
1161 2564 1175 2616 !
1211 2561 1364 2618 Tunc
1397 2562 1592 2642 domus
1618 2576 1846 2631 quarunt

283 2671 430 2709 nunc
469 2667 597 2710 sunt
624 2667 813 2709 aurata
841 2655 1143 2723 laquearia,
1177 2663 1230 2708 et
1270 2653 1598 2725 pauperibus
1643 2654 1849 2720 absque

285 2757 426 2801 tecto
444 2757 501 2801 et
528 2749 744 2812 tugurio
763 2747 787 2799 l'
789 2748 966 2816 rigore
989 2746 1368 2810 morientibus,
1393 2746 1626 2813 parietes
1657 2760 1844 2800 earnm

282 2842 590 2894 vestiuntur
621 2854 950 2893 marmorum
976 2839 1200 2904 crustis,
1259 2848 1314 2892 et
1351 2839 1486 2895 secti
1519 2840 1702 2892 eboris
1765 2839 1848 2890 ni-

284 2945 398 2988 tore
427 2932 796 3000 resplendent,
834 2932 1194 2986 remanebunt
1231 2946 1430 2985 vacuas.
1491 2931 1708 2987 Clamor
1742 2931 1849 2984 erit

284 3026 336 3076 in
385 3023 585 3092 plateis
613 3037 778 3091 super
807 3024 954 3084 vino,
990 3036 1094 3074 non
1125 3022 1176 3074 in
1207 3031 1360 3073 arcta
1416 3031 1470 3074 et
1503 3029 1729 3089 angusta
1762 3020 1844 3072 via

280 3129 395 3183 quae
426 3112 582 3165 ducit
610 3111 678 3164 ad
714 3111 874 3165 vitam
913 3112 1048 3165 :sed
1100 3111 1152 3163 in
1187 3111 1295 3163 lata
1333 3120 1384 3164 et
1412 3109 1674 3179 spatiosa,
1726 3124 1847 3176 quae

280 3205 427 3258 ducit
448 3205 515 3256 ad
550 3212 776 3256 mortem
805 3205 824 3272 (
852 3200 1042 3256 Hatth.
1078 3205 1193 3272 vn).
1231 3199 1407 3270 Super
1432 3201 1558 3254 vino
1581 3211 1638 3254 et
1667 3201 1844 3256 ebrie-

279 3305 386 3350 tate
411 3296 619 3350 erroris
638 3309 844 3355 eorum,
879 3297 972 3364 qui
991 3293 1331 3348 dormierunt
1357 3308 1618 3348 somnum
1657 3308 1841 3358 suum,

277 3394 328 3438 et
351 3385 485 3438 nihil
513 3387 840 3436 invenerunt
867 3399 1059 3438 omnes
1092 3385 1194 3437 viri
1224 3383 1531 3439 divitiarum
1565 3385 1619 3438 in
1663 3383 1838 3437 mani-

277 3477 375 3529 bus
421 3475 540 3530 suis
571 3470 948 3546 (Psal.|.xxv).
990 3472 1335 3530 Translatum
1382 3485 1466 3530 est
1519 3479 1719 3546 quippe
1787 3475 1842 3528 in

274 3567 446 3621 caelos
471 3567 732 3630 gaudium
783 3579 961 3632 terrae,
993 3577 1049 3622 et
1098 3568 1284 3621 relicta
1314 3576 1396 3622 est
1427 3568 1480 3621 in
1514 3571 1646 3620 urbe
1671 3583 1844 3635 quon-

274 3657 398 3711 dam
441 3658 796 3712 celeberrima
845 3657 1106 3720 solitudo,
1157 3668 1213 3713 et
1245 3668 1430 3728 portas
1480 3659 1690 3711 viarum
1735 3658 1844 3710 tre-

272 3749 561 3818 quentium
594 3763 690 3818 per
718 3764 852 3818 quas
903 3750 1222 3818 pepulorum
1281 3749 1575 3805 induebant
1603 3751 1840 3818 agmina,

271 3840 549 3909 apprimet
588 3840 951 3893 habitatorum
1002 3839 1305 3894 calamitas.
1371 3841 1434 3893 Et
1463 3849 1520 3893 ut
1575 3841 1844 3893 sciremus

272 3932 565 4000 perspicue
589 3931 654 3984 de
676 3932 841 3984 totius
874 3932 1023 3984 orbis
1054 3931 1277 3986 interitu
1323 3930 1584 3996 nuntiari,
1637 3931 1839 3991 intulit,

263 4025 394 4076 Bm:
425 4030 582 4075 erant
636 4020 690 4072 in
723 4024 892 4075 medio
925 4031 1076 4076 terra?
1105 4037 1126 4077 :
1158 4022 1213 4076 in
1244 4022 1414 4075 medio
1451 4023 1684 4093 gentium
1729 4024 1843 4075 sive

269 4115 613 4183 populorum.

343 4205 534 4273 σω.
563 4203 767 4274 15-15.)
801 4221 820 4256 ι
859 4203 1144 4270 Quomodo
1192 4204 1237 4259 si
1276 4218 1460 4274 paucae
1497 4204 1671 4268 olivae,
1721 4221 1840 4273 quae

272 4305 677 4358 remanserunt,
705 4297 1048 4348 excutiantur
1078 4279 1324 4362 ex‘olea,
1354 4303 1409 4348 et
1462 4296 1660 4348 racemi
1715 4309 1838 4350 cum

273 4388 447 4442 luerit
505 4386 656 4439 ﬁnita
687 4386 980 4438 vindemia.
1035 4383 1101 4437 Hi
1144 4385 1398 4439 levabunt
1462 4399 1648 4440 vocem
1683 4399 1836 4438 suam

1955 1927 2130 1982 paena:
2165 1916 2503 1973 imminentis
2536 1921 2783 1987 ardores,
2817 1923 3068 1976 levabnnt
3097 1939 3258 1978 voces
3289 1940 3414 1979 snas
3467 1927 3522 1978 in

1955 2009 2206 2074 sublime,
2266 2009 2544 2080 Deumque
2567 2015 2881 2068 laudabunt.
2913 2015 3136 2080 Quando
3177 2019 3386 2071 venerit
3419 2016 3522 2070 Do-

1957 2099 2139 2152 minus
2171 2101 2224 2152 in
2256 2101 2424 2170 gloria
2453 2102 2632 2158 Patris
2657 2106 2764 2170 sui,
2796 2121 2916 2159 cum
2954 2108 3105 2175 Auge
3128 2106 3175 2161 is
3219 2109 3440 2174 sanctis,
3467 2120 3522 2162 et

1964 2205 2090 2243 eum
2133 2189 2250 2260 [ΑΙ.
2297 2193 2448 2264 cum]
2489 2195 2723 2247 viderint
2752 2197 2802 2249 in
2847 2196 3129 2262 majestate
3182 2209 3521 2268 regnantem,

1957 2291 2089 2336 tunc
2147 2284 2396 2338 binment
2438 2286 2492 2337 in
2537 2300 2796 2352 equorum
2831 2288 3267 2354 similitudinem,
3319 2290 3523 2345 laetitiae

1953 2373 2328 2440 magnitudine
2366 2375 2687 2442 gestientes,
2712 2387 2766 2430 et
2804 2377 3050 2432 binnient
3091 2380 3157 2434 de
3187 2383 3322 2433 mari
3362 2381 3522 2453 hujus

1952 2461 2157 2514 szeculi.
2199 2463 2498 2532 Pr0pterea
2537 2468 2628 2533 qui
2689 2483 2832 2521 nunc
2863 2469 2913 2520 in
2967 2469 3264 2538 Scriptnris
3311 2477 3524 2528 salictis

1950 2553 2149 2606 eruditi
2175 2555 2330 2616 estis,
2371 2565 2424 2610 et
2462 2558 2617 2610 scitis
2647 2559 2804 2612 vobis
2845 2571 3052 2614 tantum
3089 2563 3340 2629 gaudium
3398 2575 3519 2616 tau-

1955 2656 2112 2715 laque
2168 2648 2392 2716 pra-mia
2452 2652 2739 2715 reservari,
2793 2653 2843 2702 in
2891 2652 3154 2706 doctrinis
3214 2654 3518 2721 glorilicate

1948 2735 2257 2802 Dominum,
2290 2739 2579 2796 audientes
2616 2741 2747 2794 illud
2775 2745 2920 2811 quod
2944 2744 3205 2812 scriptum
3242 2754 3324 2798 est
3371 2744 3520 2810 :Qui

1947 2833 2230 2904 gloriatur,
2263 2837 2318 2890 in
2349 2837 2570 2889 Domino
2597 2838 2851 2905 glorietur
2881 2837 2965 2904 (Il
3002 2838 3124 2892 Cor.
3149 2857 3202 2904 x,
3243 2840 3353 2908 l7).
3414 2841 3520 2894 Ne-

1948 2944 2220 2998 quaquam
2268 2930 2320 2983 in
2349 2940 2490 2983 terra
2529 2927 2746 2996 Iudaeae,
2777 2936 2871 2985 sed
2903 2932 2955 2984 in
2999 2933 3207 2996 insulis,
3241 2933 3291 2986 id
3325 2945 3426 3000 est,
3462 2935 3520 2988 in

1946 3019 2206 3077 Ecclesiis
2241 3021 2403 3089 bnjns
2429 3023 2595 3078 maris
2629 3035 2684 3077 et
2710 3024 2914 3086 smculi,
2940 3023 3211 3094 inquibus
3244 3026 3518 3081 benedici-

1952 3120 2040 3165 tur
2080 3120 2242 3180 atque
2290 3112 2547 3166 laudatur
2601 3129 2794 3167 nomen
2852 3115 3062 3170 Domini
3099 3117 3192 3171 Dei
3243 3120 3518 3186 quondam

1947 3199 2134 3266 Israel,
2182 3205 2320 3268 sive,
2350 3205 2576 3257 hominis
2637 3206 2864 3260 videntis
2909 3206 3097 3260 Deum.
3157 3207 3314 3262 Juxta
3354 3209 3518 3276 LXX,

1946 3291 2132 3344 omnia
2162 3308 2279 3361 qua:
2306 3295 2371 3347 de
2412 3297 2619 3350 sanctis
2666 3298 3054 3365 intelleximus,
3080 3301 3266 3354 referti
3293 3317 3520 3369 possunt

1946 3384 2011 3434 ad
2043 3383 2254 3452 impios,
2287 3387 2426 3453 quod
2452 3401 2571 3440 cum
2595 3387 2758 3442 fuerit
2791 3388 2940 3444 ﬁnita
2971 3389 3261 3457 vindemia,
3288 3405 3413 3446 tunc
3441 3395 3522 3448 illi

1945 3475 2185 3528 clament
2214 3476 2266 3529 in
2286 3478 2564 3546 suppliciis
2593 3486 2894 3536 constituti.
2925 3486 3025 3549 Qui
3047 3495 3220 3538 autem
3248 3489 3521 3540 evaserint

1946 3565 2230 3634 impiorum
2271 3585 2554 3624 numerum
2615 3574 2859 3628 la-tentnr
2916 3578 2968 3629 in
3005 3577 3175 3644 gloria
3199 3578 3434 3644 Domini,
3462 3591 3518 3632 et

1944 3658 2338 3730 crniturbeutar
2397 3675 2550 3730 aqum
2601 3670 2919 3733 populorum
2983 3667 3144 3738 hujus
3204 3668 3316 3740 [ΑΙ.
3375 3669 3523 3738 ejus}

1900 3754 1905 3760 '
1943 3748 2149 3803 saeculi.

2019 3840 2182 3913 334
2209 3840 2386 3912 (Vers.
2416 3845 2525 3914 l6.)
2559 3865 2579 3897 ι
2615 3847 2660 3900 A
2697 3849 2897 3905 ﬁnibus
2929 3860 3086 3906 terra:
3121 3855 3306 3909 laudes
3358 3859 3518 3907 audi-

1944 3934 2141 4001 vimus,
2188 3936 2415 4006 gloriam
2459 3942 2616 4008 justi,
2653 3951 2706 3996 et
2760 3944 2872 3996 dixi
2926 3962 2943 3999 :
2995 3946 3274 4001 Secretum
3336 3964 3520 4001 meum

1943 4028 2102 4093 mihi,
2155 4039 2421 4084 secretum
2471 4048 2651 4087 meum
2708 4037 2838 4089 mibi
2873 4055 2891 4092 :
2930 4053 3006 4094 va:
3040 4040 3227 4094 mihi‘.
3275 4058 3295 4092 ι
3332 4040 3472 4096 LXX
3499 4055 3520 4096 ε

1949 4135 1968 4170 ι
2004 4121 2086 4175 Ab
2119 4120 2237 4174 aliis
2273 4129 2433 4177 terrae
2487 4135 2737 4194 portenta
2795 4131 3122 4196 audivimus,
3184 4148 3310 4202 spes
3339 4135 3519 4206 justo,

1941 4223 1993 4263 ει
2024 4212 2246 4278 dicent,
2296 4215 2364 4282 χ
2437 4222 2757 4287 mysterium
2835 4237 3012 4274 meum
3080 4225 3334 4290 mibi.‘,n
3403 4226 3519 4280 lloc

1941 4304 2085 4373 quod
2135 4307 2334 4360 dicitur
2369 4315 2672 4377 mysterium
2728 4330 2900 4366 meum
2957 4317 3104 4381 mihi,
3139 4319 3190 4371 in
3233 4319 3376 4373 LXX
3407 4339 3517 4376 ιιυιι

1943 4398 2191 4464 habetur,
2216 4405 2310 4454 sed
2339 4403 2404 4456 dc
2435 4397 2824 4461 Tlieodotionis
2849 4412 3202 4464 translatiOne
3237 4413 3288 4466 in
3322 4411 3518 4467 (ἐνιπεεο

270 4493 438 4546 atque
473 4475 794 4536 laudabunt,
825 4491 948 4528 cum
981 4475 1315 4543 gloriﬁcalus
1338 4475 1504 4528 fuerit
1553 4476 1834 4544 Dominus,

1951 4491 2182 4544 additum
2236 4501 2338 4546 est.
2385 4494 2615 4547 ltnrsuni
2679 4513 2776 4561 pro
2822 4515 2886 4551 eo
2935 4503 3077 4567 quod
3108 4503 3182 4554 illi
3215 4517 3516 4571 posuerunt

271 4567 528 4621 hinnient
573 4567 640 4619 de
670 4567 804 4618 mari
849 4584 864 4619 :
897 4575 1122 4635 propter
1153 4566 1255 4619 hoc
1281 4567 1337 4619 in
1369 4566 1633 4621 doctrinis
1673 4567 1838 4636 glori-

272 4659 433 4712 licate
465 4657 751 4712 Domimnn
781 4677 795 4712 :
829 4660 880 4712 in
931 4660 1126 4714 insulis
1160 4661 1326 4714 maris
1381 4674 1577 4713 nomen
1627 4659 1839 4713 Domini

275 4749 367 4805 Dei
400 4749 589 4803 Israel.
629 4768 650 4801 ι
675 4752 943 4815 Quantum
978 4753 1046 4804 ab
1077 4750 1343 4806 Hebraica
1373 4756 1604 4804 veritate
1648 4753 1697 4802 in
1739 4752 1841 4804 hoc

268 4841 433 4911 333
460 4842 580 4895 loco
615 4839 758 4894 LXX
784 4844 947 4896 distet
995 4843 1302 4908 translatio,
1354 4843 1634 4912 sequentia
1675 4843 1839 4895 verba

269 4935 676 4984 nionstrabnnt.
713 4930 853 4984 LXX
889 4949 906 4986 :
947 4952 966 4984 ι
1016 4933 1300 4998 Quomodo
1330 4934 1374 4988 si
1428 4934 1550 5002 quis
1595 4935 1839 4986 excutiat

266 5023 493 5087 olivam,
529 5023 609 5076 sic
639 5024 918 5078 excutient
961 5040 1055 5080 eos
1085 5034 1176 5080 :et
1199 5029 1242 5079 si
1267 5025 1512 5094 quiescat
1546 5024 1836 5086 vindemia,

265 5114 352 5166 isti
393 5113 635 5169 clamore
666 5116 1126 5170 vociferabnntur.
1157 5117 1258 5182 Qui
1299 5128 1478 5171 autem
1514 5119 1686 5171 relicti
1720 5118 1836 5170 l‘ue-

264 5206 373 5256 rint
416 5221 585 5274 super
631 5217 857 5272 terram,
931 5208 1260 5264 laetabuntur
1313 5211 1474 5263 simul
1509 5225 1630 5264 cum
1664 5211 1832 5279 gloria

263 5297 503 5363 Doniini,
523 5302 935 5356 conturbabitur
963 5318 1102 5371 aqua
1130 5305 1321 5367 maris,
1355 5314 1635 5372 propterea
1662 5307 1832 5373 gloria

259 5387 479 5442 Domini
516 5389 571 5442 in
613 5392 808 5446 insulis
834 5395 939 5448 erit
973 5397 1162 5461 maris,
1200 5411 1398 5450 noxnen
1437 5395 1650 5451 Domini
1712 5399 1832 5466 gloo

331 5553 350 5630 ξ
399 5553 460 5608 In
513 5552 690 5609 Vatic.
735 5564 785 5608 et
834 5557 1055 5612 dicent:
1100 5558 1184 5613 Vae
1235 5560 1726 5630 prwvaricatoribus
1777 5570 1832 5614 et

259 5624 490 5692 reliqua,
546 5636 655 5679 tum
721 5630 906 5698 verba,
939 5624 1246 5697 mysterium'
1290 5645 1458 5682 meum
1508 5631 1636 5683 mihi
1675 5647 1830 5698 repe-

259 5697 1004 5768 tuntnrpquorumalterum
1050 5700 1117 5750 ad
1159 5698 1700 5768 Septuagintaviralis
1730 5697 1826 5753 eo-

256 5762 392 5817 dicis
424 5762 583 5819 tidem
613 5765 835 5836 propius
881 5767 1148 5833 videatur,
1185 5762 1272 5823 ubi
1301 5762 1391 5823 est'
1409 5770 1533 5821 οὐαὶ
1559 5773 1670 5832 τοῖς
1695 5771 1822 5823 ἀθε-

1941 4597 2040 4645 υω,
2075 4593 2132 4635 ιιι
2183 4585 2431 4654 sequenti
2481 4588 3115 4661 versiculojnngeretur,
3146 4596 3198 4649 in
3249 4595 3514 4652 Hebraico

1942 4673 2140 4727 dicitur
2190 4689 2242 4730 οι
2304 4692 2355 4731 ιι
2435 4662 2510 4747 (τ’)
2548 4683 2678 4749 ius),
2731 4689 2872 4750 quod
2935 4687 3148 4754 proprie
3206 4701 3397 4751 sntiat,
3439 4704 3517 4742 rit

1941 4766 2088 4818 mihi.
2118 4767 2220 4820 Pro
2255 4769 2454 4821 linibus
2492 4787 2708 4841 quoque
2759 4773 2902 4842 quod
2944 4791 3044 4829 nos
3071 4790 3293 4847 pr0pter
3324 4783 3514 4847 expla-

1941 4858 2211 4909 nationem
2261 4873 2454 4912 sensus
2512 4867 2751 4929 apertius
2807 4868 3102 4934 posuimus,
3134 4867 3187 4918 in
3241 4866 3512 4921 licbraico

1942 4948 2167 5001 habetur
2200 4964 2540 5006 liceattamen
2582 4957 2786 5040 (εμπ),
2814 4957 2954 5025 quod
3002 4957 3166 5021 alain,
3197 4973 3304 5011 non
3347 4960 3508 5026 ﬁnem

1938 5049 2112 5092 sonat.
2141 5040 2209 5094 lli
2239 5059 2389 5110 ergo,
2431 5050 2495 5099 de
2539 5056 2736 5114 quibus
2767 5061 2930 5114 supra
2972 5048 3172 5100 dictum
3207 5059 3311 5112 est,
3344 5048 3508 5104 Leva-

1938 5128 2060 5181 bunt
2110 5148 2280 5185 vocem
2322 5152 2472 5187 suam
2524 5151 2676 5204 atque
2720 5137 3035 5203 laudabunt,
3065 5153 3186 5192 cum
3214 5142 3510 5196 binnierint

1937 5225 2004 5276 de
2038 5228 2193 5287 mari,
2220 5238 2272 5280 et
2317 5227 2370 5282 in
2407 5231 2670 5282 doctrinis
2715 5229 3140 5298 glorilicaverint
3194 5233 3505 5299 Dominum,

1935 5325 1990 5368 et
2030 5317 2262 5371 viderint
2309 5319 2362 5372 in
2406 5323 2596 5373 insulis
2624 5322 2791 5375 maris
2817 5322 3025 5375 laudari
3065 5339 3258 5378 nomen
3293 5325 3503 5378 Domini

1936 5409 2030 5462 Dei
2063 5409 2247 5476 Israel,
2275 5421 2401 5464 tunc
2429 5428 2668 5466 consona
2703 5428 2834 5468 voce
2861 5419 3178 5482 cantabunt,
3203 5430 3255 5473 et
3285 5418 3465 5472 dicent
3489 5434 3504 5474 :

1933 5566 2159 5630 τοῦσινς
2202 5567 2432 5623 alterum
2472 5569 2862 5646 Tbeodotionis
2906 5576 3267 5638 translationi,
3305 5591 3336 5630 e
3396 5569 3504 5646 qua

1933 5647 2214 5718 sumptum
2269 5649 2390 5703 est,
2419 5655 2726 5718 _consouat.
2769 5645 2994 5700 Leviora
3041 5646 3284 5716 qnmdam
3341 5645 3505 5718 supra

1932 5718 2093 5775 atque
2131 5709 2214 5761 inf
2215 5723 2270 5761 ra
2299 5711 2648 5780 castigamus.
3057 5709 3072 5716 ’
3395 5743 3398 5748 ·
