3898 6184
457 291 566 354 295

1632 292 1696 352 S.
1733 286 2047 350 EUSEBII
2101 285 2547 347 HlERONYMl

3622 277 3730 340 Ξ).ῧῦ

455 413 535 467 Ab
591 409 716 464 alia
783 416 959 478 terra,
993 409 1098 465 hoc
1130 415 1235 477 est,
1276 423 1307 464 a
1356 407 1640 478 prophetis
1685 415 1740 460 et
1773 420 1804 459 a
1840 404 2045 458 sanctis
2076 414 2125 469 Α
2153 417 2272 456 neut
2310 403 2443 456 ebrii
2475 417 2490 457 :
2533 415 2639 454 non
2674 399 2815 467 quod
2853 399 2966 467 ipsa
3001 405 3145 453 terra
3188 396 3466 465 redigatur
3523 393 3579 448 in
3614 395 3729 462 pul-

456 503 695 569 Domini,
728 502 820 574 qui
855 502 1152 572 assumptis
1207 502 1310 556 alis
1361 500 1646 560 columbae,
1687 498 1754 552 ad
1786 497 2050 551 caelorum

457 608 626 664 regna
680 594 956 658 festinant,
992 592 1177 648 laudes
1211 592 1328 662 ejus
1373 589 1681 646 audivimus
1716 587 2001 658 praedicari
2036 602 2051 640 :

460 694 514 739 et
548 687 692 755 quod
752 685 918 753 gloria
957 684 1038 738 vel
1087 698 1210 754 spes
1255 682 1387 753 justi
1444 697 1552 736 non
1601 681 1675 734 sit
1731 680 1908 740 irrita,
1957 677 2055 732 sed

464 776 628 830 rebus
684 777 866 830 omnia
933 777 1327 841 compleantur.
1363 772 1678 826 Dicentibus
1723 770 1905 838 itaque
1933 769 2049 824 hate

470 867 696 927 sanctis,
744 880 800 921 et
833 867 1204 922 binuieutibus
1236 866 1305 919 de
1332 864 1489 928 mari,
1516 873 1569 916 et
1600 862 1902 915 levantibus
1952 874 2048 914 vo-

465 974 582 1012 Cum
633 975 783 1012 suam
825 970 989 1024 atque
1040 957 1405 1017 laudantibus,
1438 953 1708 1022 Propheta
1746 952 2050 1019 sibimetips

463 1047 700 1114 loquitur
733 1062 747 1101 :
783 1044 942 1110 Cum,
1009 1047 1210 1115 inquit,
1248 1047 1362 1100 haec
1425 1048 1723 1110 audissem,
1751 1056 1806 1100 et
1836 1047 1888 1100 in
1925 1047 2055 1100 sub-

464 1139 768 1190 versionem
793 1138 941 1192 orbis
966 1138 1280 1191 vaticinium
1308 1139 1694 1208 prophetarum
1725 1141 2054 1207 explendum

468 1245 589 1282 esse
621 1231 1006 1297 perspicerem,
1042 1232 1255 1285 locutus
1304 1248 1420 1284 sum
1451 1232 1578 1285 mihi
1611 1235 1822 1285 interno
1871 1232 2056 1285 cordis

468 1320 661 1373 alfectu
685 1335 698 1373 :
718 1322 831 1374 Non
869 1338 1084 1390 possunt
1115 1333 1306 1377 cuncta
1333 1338 1558 1376 narrare
1584 1338 1701 1391 qua:
1731 1339 1914 1377 cerno.
1937 1321 2056 1376 liae-

473 1420 554 1463 ret
581 1412 761 1480 lingua
803 1414 1051 1469 faucibus
1097 1416 1254 1479 meis,
1301 1430 1401 1468 vox
1441 1414 1629 1468 dolore
1673 1414 2047 1468 concluditur.

471 1497 565 1552 Vae
600 1503 751 1565 mihi,
786 1514 1026 1570 quantus
1057 1503 1192 1556 ordo
1219 1518 1502 1570 pinnarum
1540 1512 1666 1557 ante
1711 1503 1898 1556 oculos
1931 1517 2056 1556 ver-

474 1605 628 1647 satur
670 1596 856 1649 meos!
894 1610 1060 1648 cerno
1101 1599 1386 1666 przesentia
1419 1613 1537 1666 qua:
1570 1595 1751 1649 futura
1779 1606 1924 1651 sunt.
1961 1597 2057 1649 Er-

473 1693 600 1736 rant
647 1693 822 1737 auteut
858 1685 952 1754 qui
987 1687 1089 1747 hoc
1142 1697 1331 1755 putant
1361 1703 1425 1741 ex
1467 1702 1695 1756 persona
1720 1685 1816 1740 Dei
1855 1685 2056 1741 debere

475 1775 719 1844 intelligi,
767 1791 947 1829 rerum
1000 1778 1248 1831 ordinem
1283 1794 1387 1832 non
1423 1789 1742 1849 sequentes.
1780 1777 2055 1846 Mirorque

473 1881 582 1935 quo
632 1882 792 1921 sensu
853 1882 950 1935 pro
1003 1869 1248 1934 psalmis,
1290 1879 1343 1921 et
1380 1871 1650 1930 laudibus,
1683 1875 1824 1937 quod
1857 1870 1908 1920 in
1948 1868 2055 1922 lie-

478 1959 660 2010 braico
699 1959 893 2025 legitur
919 1973 1166 2011 ZEIROTH
1197 1965 1408 2031 (mam)
1447 1963 1490 2023 ‘,
1523 1960 1661 2013 LXX
1685 1971 1928 2028 portenta
1970 1962 2055 2015 in-

480 2053 762 2120 terpretati
798 2064 955 2117 sunt,
990 2053 1092 2107 nisi
1133 2052 1272 2106 forte
1322 2053 1538 2121 signum
1587 2066 1672 2108 est
1705 2066 1870 2122 atque
1922 2068 2058 2121 por-

481 2150 712 2208 tentum,
747 2153 805 2196 ut
854 2143 1077 2196 excluso
1137 2143 1336 2212 populo
1384 2131 1720 2212 Judarorum,
1777 2144 2057 2199 incredula

479 2232 629 2300 prius
664 2234 905 2300 gentium
941 2233 1094 2286 turba
1127 2233 1383 2287 salvetur.

549 2321 732 2392 (Vers.
768 2324 856 2388 l7,
894 2323 1006 2394 18.)
1035 2342 1052 2375 ι
1078 2323 1504 2379 Praevaricatites
1535 2327 1875 2394 przcvarirati
1911 2338 2059 2394 sunt,

479 2426 534 2470 et
555 2417 1008 2485 praevaricatione
1049 2427 1511 2486 transgressurum
1536 2421 1875 2486 praevaricati
1908 2432 2057 2474 sunt.

477 2507 730 2562 Formido
766 2520 819 2563 et
843 2510 996 2564 fovea
1024 2519 1080 2564 et
1107 2511 1329 2579 laqueus
1358 2526 1519 2579 super
1547 2521 1620 2576 te,
1842 2516 1931 2582 qui
1966 2516 2062 2566 ba-

480 2602 677 2654 bitator
707 2617 765 2654 es
802 2611 992 2669 terrai;
1031 2613 1085 2656 et
1125 2605 1248 2667 erit,
1279 2606 1371 2671 qui
1407 2601 1607 2672 fugerit
1641 2620 1670 2656 a
1706 2620 1836 2658 voce
1867 2605 2056 2659 tormi-

477 2693 624 2747 dinis
670 2694 827 2748 cadet
869 2695 924 2747 in
960 2694 1196 2756 foveam,
1228 2702 1283 2748 et
1323 2694 1414 2760 qui
1440 2708 1497 2746 se
1534 2694 1858 2762 explicuerit
1886 2695 1952 2749 de
1979 2695 2058 2750 fo-

477 2801 600 2850 vea,
639 2788 914 2841 tenebitur
939 2803 968 2840 a
995 2787 1212 2855 laqueo.
1249 2805 1267 2837 ›
1320 2783 1462 2838 LXX
1494 2801 1508 2837 :
1549 2805 1567 2836 ι
1618 2785 1705 2840 Vae
1739 2791 2063 2857 pracvarica-

477 2878 689 2931 toribus
721 2878 810 2946 qui
844 2880 1273 2947 pra-varicautur
1306 2877 1498 2947 legem.
1527 2877 1714 2931 'l‘imor
1745 2890 1798 2932 et
1829 2880 1978 2935 fovea
2008 2891 2062 2935 et

479 2971 708 3036 laqueus
741 2987 906 3040 super
933 2986 1028 3025 vos
1051 2972 1141 3039 qui
1171 2971 1428 3024 habitatis
1467 2981 1696 3023 terram.
1733 2971 1797 3024 Et
1834 2974 1936 3026 erit
1971 2977 2061 3040 qui

2089 1749 2130 1805 Β

2159 509 2361 556 verem,
2402 502 2455 548 et
2489 493 2543 547 in
2578 492 2850 555 nihilum;
2913 489 3007 545 sed
3044 488 3189 558 quod
3225 488 3479 542 universa
3521 496 3728 540 terrena

2161 593 2566 654 pertranseaut,
2635 593 2690 637 et
2741 581 3000 636 succedat
3062 578 3170 632 alia
3244 577 3615 632 conversatio.
3675 572 3730 629 Et

2157 676 2432 745 quomodo
2467 673 2656 730 ebrius
2702 673 2880 727 nescit
2915 671 3042 741 quid
3075 679 3221 740 agat,
3255 668 3348 724 sed
3403 667 3732 722 hebeseentio

2157 771 2258 823 bus
2290 768 2551 822 ebrietate
2578 765 2784 829 nervis,
2830 779 2929 818 nec
2963 779 3056 832 pes
3087 776 3189 815 nec
3224 773 3376 814 meus
3407 767 3518 812 stat
3545 762 3599 811 in
3643 773 3731 812 suo

2160 859 2340 914 officio
2379 873 2393 912 :
2422 859 2500 913 sic
2522 859 2701 912 omnis
2733 867 2900 921 terra,
2935 855 2987 908 id
3021 864 3126 918 est,
3156 866 3346 906 omnes
3376 850 3626 905 homines
3648 851 3728 918 qui

2157 957 2449 1003 versantur
2501 948 2553 1000 iu
2610 958 2774 1012 terra,
2833 944 3095 999 malorum
3156 941 3533 1012 magnitudine
3584 950 3733 1009 atque

2158 1056 2441 1112 poenarum
2468 1040 2605 1093 ebrii
2643 1049 2824 1101 erunt,
2849 1049 2902 1092 et
2935 1037 3234 1104 stupehunt
3275 1035 3342 1087 ad
3390 1046 3591 1087 cuncta
3622 1048 3731 1100 qua:

2159 1143 2404 1189 cernent.
2440 1131 2505 1186 Et
2532 1133 2672 1187 sicut
2713 1133 2876 1185 unius
2913 1130 3086 1185 noctis
3125 1126 3541 1182 tabernaculum
3573 1136 3726 1194 atque

2162 1227 2452 1278 tentorium
2503 1222 2838 1277 transfertur
2897 1221 3113 1276 deloco
3158 1221 3223 1272 ad
3270 1218 3471 1284 locum,
3505 1227 3561 1271 et
3592 1219 3730 1270 locus

2164 1313 2386 1366 tentorii
2445 1311 2660 1380 pristini
2691 1325 2720 1364 a
2751 1313 2958 1363 viatore
2991 1308 3281 1368 deseritur,
3312 1306 3387 1358 ita
3429 1315 3490 1358 ut
3535 1305 3728 1357 nullum

2164 1404 2446 1474 vestigium
2469 1399 3051 1468 remaneatpraeteritae
3073 1397 3372 1452 mansionis
3401 1411 3417 1449 :
3446 1395 3528 1451 sic
3559 1404 3730 1448 trans-

2161 1497 2260 1551 ibit
2319 1496 2488 1564 ligura
2539 1493 2700 1564 hujus
2724 1493 2930 1556 mundi,
2953 1502 3009 1546 et
3041 1491 3148 1545 erit
3177 1496 3319 1543 terra
3347 1488 3566 1542 deserta
3582 1487 3731 1558 336

2161 1603 2278 1658 quae
2337 1597 2559 1657 gravata
2634 1595 2716 1640 est
2763 1583 3050 1651 iniquitate
3081 1597 3202 1644 sua,
3241 1580 3400 1651 cujus
3442 1580 3656 1649 pondus
3686 1589 3731 1634 et

2163 1680 2542 1749 gravissimum
2579 1692 2716 1731 onus
2751 1676 2804 1729 in
2849 1674 3114 1730 Zacharia
3168 1675 3470 1728 scribitur:
3509 1671 3636 1738 Quae
3661 1666 3761 1726 u-°

2161 1770 2315 1824 debat
2345 1785 2496 1839 super
2523 1770 2781 1823 talentum
2821 1769 3024 1839 plumbi
3062 1765 3250 1838 (Zach.
3280 1782 3333 1832 v,
3371 1768 3449 1835 7).
3520 1767 3586 1819 Et
3622 1780 3729 1819 eor-

2161 1872 2301 1924 ruet,
2340 1862 2535 1929 inquit,
2573 1872 2628 1915 et
2661 1876 2768 1914 non
2805 1861 3022 1928 adiiciet
3055 1868 3114 1913 ut
3147 1866 3416 1927 resurgat.
3464 1857 3578 1911 Non
3603 1857 3724 1926 quod

2163 1953 2496 2007 resurrectio
2527 1961 2754 2022 negetur
2787 1951 3095 2019 hominum,
3129 1963 3183 2006 et
3221 1953 3466 2006 omnium
3506 1951 3594 2019 qui
3627 1965 3724 2002 ver-

2160 2047 2423 2099 sabantur
2453 2047 2506 2098 in
2535 2055 2698 2110 terra,
2733 2047 2824 2098 sed
2855 2059 3199 2114 nequaquam
3224 2045 3330 2098 erit
3361 2057 3578 2096 terrena
3613 2059 3724 2096 con-

2161 2137 2416 2198 versatio,
2436 2143 2485 2188 et
2508 2135 2746 2203 prisuina:
2766 2134 2886 2188 vitae
2917 2146 3110 2195 status,
3137 2149 3258 2188 cum
3291 2132 3360 2188 ad
3391 2134 3492 2187 hoc
3511 2135 3721 2185 humana

2168 2237 2452 2294 resurgant
2481 2242 2730 2295 corpora,
2768 2237 2825 2281 ut
2849 2227 3041 2280 anima:
3067 2227 3290 2291 eisdem,
3325 2240 3448 2295 quae
3480 2240 3626 2292 prms
3654 2229 3728 2276 ιιρ-

2163 2331 2474 2388 posuerunt,
2539 2319 2860 2387 corporibus
2910 2318 3226 2383 vestiantur,
3296 2327 3353 2371 et
3403 2318 3660 2382 recipiant
3702 2335 3723 2368 a

2164 2415 2272 2464 Deo
2289 2413 2402 2466 sive
2426 2413 2586 2473 bona,
2609 2415 2720 2464 sive
2746 2412 2908 2474 mala,
2932 2425 3052 2480 quae
3082 2421 3309 2481 egerunt
3331 2426 3500 2481 super
3526 2423 3722 2462 terrain.

2237 2503 2416 2573 (Vers.
2473 2503 2533 2556 21
2585 2502 2764 2572 seqq.)
2804 2522 2822 2554 r
2857 2501 2922 2557 Et
2969 2504 3072 2557 erit
3126 2503 3180 2556 in
3226 2503 3311 2556 die
3361 2503 3474 2566 illa,
3508 2501 3722 2555 visitabit

2164 2595 2424 2648 Dominus
2451 2611 2617 2665 super
2661 2596 2909 2650 militiam
2959 2595 3084 2650 cteli
3123 2597 3176 2649 in
3209 2597 3447 2660 excelso,
3481 2607 3536 2650 et
3582 2610 3721 2662 Super

2167 2703 2319 2758 rcges
2367 2699 2522 2742 terrae
2562 2689 2654 2757 qui
2694 2699 2825 2742 sunt
2861 2702 3024 2756 super
3074 2698 3293 2742 terram.
3339 2688 3402 2741 Et
3439 2702 3721 2756 congrega-

2167 2782 2367 2832 buntur
2419 2779 2470 2832 iu
2512 2781 2990 2850 congregationem
3031 2780 3194 2833 unius
3230 2777 3397 2832 fascis
3446 2778 3501 2831 in
3546 2780 3720 2841 lacum,

2163 2883 2217 2926 et
2266 2872 2589 2928 claudentur
2622 2874 2693 2926 ibi
2749 2874 2802 2927 in
2848 2887 3092 2935 carcere.
3140 2864 3344 2941 etpost
3393 2871 3587 2925 multos
3623 2870 3724 2924 dies

2165 2965 2550 3019 visitabuntur.
2577 2963 2640 3017 Et
2666 2967 2956 3019 erubescet
2981 2964 3128 3028 luna,
3161 2973 3215 3018 et
3248 2966 3609 3019 confundetur
3633 2965 3722 3027 sol,

482 3060 682 3130 fugerit
711 3063 981 3126 timorem,
1014 3065 1172 3114 cadet
1205 3061 1254 3112 in
1286 3059 1464 3123 fovea,
1489 3069 1536 3112 et
1565 3063 1656 3126 qui
1683 3062 1878 3114 exierit
1899 3063 1963 3117 de
1989 3065 2072 3119 fo-
2099 3087 2140 3143 ο
2177 3075 2299 3112 cum
2336 3059 2642 3127 regnaverit
2670 3057 2929 3111 Dominus
2961 3056 3298 3112 exercituum
3332 3057 3384 3109 in
3415 3066 3593 3111 monte
3614 3057 3725 3109 Sion

483 3171 581 3208 vea
613 3155 853 3224 capietur
883 3155 1130 3223 laqueo.’
1167 3153 1290 3207 llaec
1320 3161 1403 3206 est
1424 3168 1586 3207 causa
1619 3153 1794 3208 luctus
1813 3165 1868 3208 et
1897 3161 2064 3224 gemi-

483 3259 568 3302 tus
595 3249 719 3310 mei,
747 3259 964 3317 propter
990 3262 1150 3316 quant
1177 3247 1412 3302 secundo
1433 3245 1567 3310 dixi,
1593 3259 1865 3300 secretum
1889 3264 2068 3302 nicum

484 3341 640 3405 inibi,
664 3350 934 3394 Secretum
960 3354 1141 3394 meum
1170 3339 1299 3392 mihi
1332 3354 1346 3393 :
1375 3337 1498 3406 quia
1524 3353 1712 3391 (illilies
1731 3341 2068 3407 prtevaricati

482 3438 611 3482 Sunt
635 3430 803 3498 legem
839 3429 956 3495 Dei,
992 3438 1046 3482 et
1081 3444 1422 3498 nequaquam
1453 3429 1665 3483 Domini
1699 3444 1856 3497 pmua
1881 3431 2069 3483 dilfer-

481 3528 592 3587 tur,
617 3536 716 3574 nec
746 3519 926 3574 futura
984 3521 1313 3590 praedicitur,
1343 3521 1437 3575 sed
1487 3521 1752 3586 imminet,
1801 3532 1851 3574 et
1917 3523 2069 3575 bubi-

486 3623 687 3666 tatores
729 3623 884 3667 terra:
942 3622 1132 3681 captos
1176 3620 1338 3666 tenet.
1372 3613 1617 3682 Cumque
1669 3629 1726 3666 se
1758 3615 2068 3682 putaverint

483 3704 708 3768 fugisse,
744 3721 807 3759 ex
873 3707 981 3758 alio
1015 3705 1256 3759 incident
1279 3706 1330 3758 in
1364 3707 1533 3769 aliud,
1567 3717 1620 3760 et
1660 3721 1981 3775 quocunque
2007 3720 2066 3759 se

482 3799 769 3862 verterint,
800 3797 1197 3865 impendentem
1228 3797 1364 3852 iram
1394 3797 1608 3852 Domini
1658 3813 1762 3853 non
1810 3797 2064 3854 evadent.

556 3883 735 3952 (Vera.
792 3885 880 3950 l9,
938 3887 1053 3951 20.)
1111 3904 1129 3938 ‹
1201 3886 1336 3953 Quia
1380 3897 1676 3942 cataracta:
1732 3891 1798 3942 de
1837 3889 2067 3941 excelsis

482 3994 685 4048 apertae
734 3990 878 4045 sunt,
917 3991 972 4034 et
1032 3982 1412 4037 concutientur
1468 3979 1822 4036 fundamenta
1883 3990 2062 4035 terrai.

483 4073 866 4129 Cunfractione
894 4074 1268 4143 confringetur
1303 4082 1468 4136 terra,
1510 4073 1839 4128 contritione
1873 4083 2065 4126 conte-

490 4174 640 4220 retur
675 4178 838 4227 terra.
873 4168 1237 4222 commotione
1284 4165 1714 4220 commovebitur
1737 4176 1902 4221 terra.
1939 4165 2065 4234 Agi-

491 4259 692 4312 tatione
736 4260 1024 4328 agitabitur
1061 4271 1201 4314 terra
1254 4260 1394 4313 sicut
1429 4259 1636 4321 ebrius,
1667 4266 1722 4311 et
1783 4258 2064 4311 auferetur

490 4356 643 4418 quasi
676 4353 1080 4405 tabernaculum
1115 4353 1276 4406 unius
1325 4353 1524 4416 noctis,
1565 4361 1620 4404 et
1659 4351 1903 4418 gravabit
1943 4365 2061 4403 eam

2175 3165 2227 3206 et
2259 3155 2308 3206 in
2356 3151 2682 3216 Jerusalem,
2712 3162 2767 3208 et
2823 3153 2875 3206 in
2935 3163 3224 3221 conspectu
3283 3167 3477 3206 senum
3527 3167 3727 3206 suorum

2175 3246 2337 3300 fuerit
2384 3246 2737 3315 glorificatus.
2773 3265 2792 3298 ι
2826 3247 2928 3300 Pro
2981 3262 3045 3302 eo
3082 3248 3222 3315 quod
3256 3263 3358 3301 nos
3411 3247 3725 3313 interpretati

2172 3354 2381 3402 sumus,
2407 3349 2455 3393 et
2487 3327 2746 3394 erubescet
2775 3339 2922 3406 luna,
2947 3349 2994 3393 et
3021 3339 3376 3408 confundetur
3390 3343 3493 3403 sol,
3524 3340 3728 3409 Septua-

2173 3429 2318 3499 ginta
2397 3433 2820 3496 traustuleruut,
2862 3431 3116 3501 liqueﬁeri
3165 3431 3427 3495 laterem,
3460 3443 3510 3485 et
3565 3432 3726 3485 cadere

2173 3539 2379 3576 murum
2412 3539 2429 3576 :
2465 3539 2583 3592 qua:
2638 3534 2818 3578 autem
2871 3526 3074 3577 erroris
3108 3539 3273 3578 causa
3339 3527 3430 3587 sit,
3473 3524 3724 3590 sequentia

2174 3615 2334 3670 verba
2388 3616 2796 3671 monstrabunt.
2858 3615 2950 3670 Sol
3007 3617 3190 3684 lingua
3245 3615 3513 3669 Hebraica
3572 3615 3721 3667 tribus

2170 3707 2458 3775 generibus
2481 3707 2783 3778 appellatur
2809 3723 2824 3762 :
2849 3723 3014 3763 SEIES
3045 3717 3262 3776 tum),
3279 3719 3332 3762 et
3350 3723 3530 3761 lLtIlA
3554 3713 3722 3775 (rima

2171 3799 2315 3868 quod
2382 3800 2771 3870 interpretatur
2823 3799 2992 3866 calor,
3045 3808 3100 3852 et
3159 3815 3327 3854 naues
3372 3799 3552 3868 (mn),
3597 3796 3723 3865 quod

2169 3891 2462 3962 ὄστρακον,
2490 3891 2543 3946 id
2574 3903 2677 3958 est,
2707 3904 2897 3946 testam
2939 3892 3022 3947 vel
3056 3894 3366 3945 ariditatem
3400 3901 3572 3945 sonat.
3601 3903 3724 3943 nos

2171 3985 2344 4054 (‘87:)
2378 3995 2580 4050 autem,
2615 3986 2756 4054 quod
2797 3984 2985 4039 Graiae
3013 3987 3265 4053 φωστὴρ,
3298 3983 3497 4040 Latine
3549 3985 3726 4038 dicitur

2170 4078 2458 4144 luminare,
2487 4077 2586 4131 soli
2623 4077 2870 4146 lunaeque
2900 4093 3187 4132 commune
3227 4090 3336 4133 est.
3362 4077 3590 4133 Rursqu
3614 4077 3725 4129 luna

2168 4179 2397 4224 vocatur
2426 4184 2625 4224 ranam!
2656 4169 2828 4238 (m7),
2863 4184 2981 4239 qua:
3006 4169 3196 4224 Graece
3229 4171 3432 4224 dicitur
3481 4173 3630 4239 μήνη,
3663 4183 3726 4220 eo

2169 4261 2311 4330 quod
2351 4260 2567 4328 triginta
2622 4261 2834 4313 dierum
2883 4260 3116 4313 circuitu
3149 4275 3393 4315 mensem
3450 4260 3645 4316 alliciat,
3677 4268 3730 4310 et

2168 4367 2365 4406 unum
2407 4333 2609 4419 (.1335),
2636 4349 2688 4403 id
2713 4360 2817 4417 est,
2854 4350 2973 4403 alba
3008 4351 3090 4404 vel
3117 4352 3369 4404 candida.
3411 4351 3468 4405 lu
3497 4350 3725 4421 praesenti

491 4443 750 4512 iniquitas
784 4459 902 4508 sua,
933 4454 987 4496 et
1010 4453 1254 4508 corruet,
1293 4451 1347 4496 et
1393 4459 1497 4496 non
1531 4443 1744 4512 atljiciet
1778 4441 1890 4510 (At.
1923 4442 2059 4511 adji-
2089 4419 2142 4479 Ῑ)
2171 4446 2336 4515 igitur
2384 4443 2506 4498 loco
2565 4459 2662 4513 pro
2715 4459 2938 4506 unum,
2969 4443 3020 4496 id
3055 4453 3161 4510 est,
3215 4444 3363 4508 luna,
3397 4419 3727 4513 Septuaginta

489 4535 691 4604 cietur)
719 4547 778 4589 ut
826 4543 1095 4606 resurgat.
1129 4553 1148 4587 ι
1185 4535 1475 4606 Propterea
1511 4536 1872 4600 formidinem,
1911 4546 1963 4589 et
1986 4535 2064 4587 la-

488 4643 683 4697 queum
720 4636 775 4680 et
825 4626 1035 4680 foveam
1077 4627 1287 4680 Domini
1325 4628 1503 4682 nullus
1555 4627 1769 4691 evadet,
1808 4627 1935 4695 quia
1973 4640 2063 4679 ca-

489 4727 712 4774 taractae
745 4719 808 4770 de
836 4717 1092 4779 excelsis,
1112 4719 1225 4772 sive
1255 4729 1312 4770 ut
1345 4716 1485 4770 LXX
1512 4717 1849 4769 manifestius
1886 4727 2064 4769 trans-

489 4811 747 4874 tulerunt,
798 4813 1038 4880 [eireatrte
1079 4810 1195 4862 εωῑξ
1243 4818 1437 4876 aperta:
1469 4819 1617 4873 sunt,
1651 4817 1710 4861 ut
1761 4808 2066 4876 despiceret

489 4897 752 4956 Dominus
818 4901 1099 4956 hominum
1159 4902 1409 4955 univerSa
1448 4909 1690 4969 peccata,
1739 4915 1858 4969 qua:
1893 4899 2064 4969 prius,

487 4995 615 5063 quia
671 5011 779 5048 non
837 4993 1116 5068 puniebat,
1163 4992 1448 5046 videbatur
1489 4991 1866 5062 peccatoribus
1917 4990 2068 5060 igno-

491 5099 635 5137 rare.
666 5083 958 5153 Postquam
984 5094 1167 5137 autem
1196 5085 1400 5153 apertis
1428 5083 1680 5136 fenestris
1709 5083 1843 5136 vidit
1871 5090 2066 5136 cuncta

489 5190 652 5241 opera
683 5179 1010 5240 mortalium,
1035 5190 1298 5229 concussa
1329 5187 1457 5229 sunt
1502 5172 1850 5227 fundamenta
1887 5184 2066 5234 terrre,

485 5265 638 5333 juxta
670 5266 795 5318 illud
819 5269 960 5334 quod
987 5270 1037 5320 in
1070 5269 1175 5320 alio
1215 5268 1332 5322 loco
1367 5271 1432 5320 de
1463 5266 1553 5320 Dei
1583 5266 1778 5319 intuitu
1805 5267 2066 5334 scriptum

490 5367 620 5412 est:
656 5356 757 5420 Qui
813 5360 1027 5425 respicit
1093 5371 1308 5423 terram,
1350 5369 1398 5412 et
1452 5359 1614 5425 faciet
1669 5374 1783 5410 eum
1852 5366 2069 5410 tremere

490 5450 671 5521 (l’sal.
696 5464 811 5514 cui,
834 5451 921 5519 752)
947 5467 963 5516 ς
999 5465 1125 5507 tunc
1156 5453 1530 5521 confringatur
1576 5461 1627 5504 et
1654 5460 1985 5512 conteretur,
2017 5458 2070 5502 et

488 5542 919 5596 commovebitur
951 5556 1115 5612 atque
1143 5545 1439 5613 agitabitur
1473 5553 1617 5599 terra
1669 5544 1721 5595 iu
1757 5541 2066 5596 similitudi-

562 5719 580 5750 ‘
615 5717 810 5788 νείιὶοη
849 5737 1133 5776 zauino'rtt.

2171 4537 2515 4605 interpretati
2570 4546 2696 4590 sunt
2748 4537 2992 4601 laterem,
3027 4537 3114 4602 qui
3156 4535 3422 4590 Hebraice
3456 4538 3729 4605 appellatur

2168 4645 2395 4695 Lenem,
2439 4630 2586 4682 verbi
2652 4628 3007 4696 ambiguitate
3059 4628 3291 4697 decepti.
3362 4628 3585 4681 Rursum
3631 4638 3724 4692 pro

2167 4737 2382 4786 munra,
2420 4723 2468 4773 id
2518 4729 2624 4786 est,
2685 4721 2882 4781 calore,
2913 4737 3008 4787 per
3059 4736 3222 4788 quem
3269 4719 3593 4790 intelligitur,
3627 4717 3723 4778 sol,

2169 4823 2468 4883 posuerunt
2488 4829 2718 4873 murum,
2737 4814 2827 4881 qui
2863 4812 3127 4866 Hebraice
3151 4811 3349 4864 dicitur
3366 4826 3501 4863 non
3523 4806 3720 4877 (nm).

2171 4887 2293 4957 Est~
2326 4915 2505 4956 autem
2566 4905 2654 4957 hic
2699 4919 2895 4958 sensus
2951 4903 3118 4958 totius
3170 4902 3440 4970 capituli:
3478 4899 3727 4953 Ferreum-

2171 4995 2288 5048 τίεΙί
2332 5007 2528 5060 aperta:
2579 5005 2724 5059 sunt,
2759 5005 2815 5046 ttt
2864 4995 3224 5064 prospiciente
3265 4992 3491 5049 Domino
3524 5001 3727 5044 terrena

2172 5098 2427 5155 peccata,
2506 5089 2684 5141 omnis
2753 5088 2920 5155 figura
2995 5097 3335 5141 terrenorum
3376 5083 3729 5154 .,pra:teriret,

2172 5192 2226 5234 et
2290 5182 2601 5248 corruereti,
2656 5188 2710 5234 et
2760 5194 3102 5248 nequaquam
3151 5180 3292 5231 uitra
3348 5178 3400 5230 in
3453 5175 3727 5245 pristinum

2172 5284 2369 5328 statum
2432 5282 2760 5342 resurgeret.
2817 5272 2873 5325 lu
2931 5273 3020 5324 die
3074 5270 3187 5334 illa,
3241 5271 3347 5324 hoc
3407 5279 3508 5332 est,
3543 5271 3590 5318 in
3638 5264 3729 5315 die

2167 5366 2358 5435 judicii
2390 5365 2629 5420 visitabit
2653 5364 2912 5418 Dominus
2936 5380 3098 5433 super
3136 5363 3408 5428 militiam,
3440 5361 3544 5415 sive
3568 5369 3732 5420 super

2173 5467 2422 5511 ornatum
2463 5456 2586 5512 (ια)ιὶ
2622 5457 2674 5510 in
2723 5456 2973 5521 excelsis,
3025 5466 3083 5511 ut
3137 5469 3247 5508 non
3277 5456 3447 5509 solum
3499 5461 3728 5507 terrena,

2173 5550 2266 5605 sed
2291 5561 2344 5624 et
2367 5549 2854 5620 cmlcstiajudicet.
2889 5549 3020 5615 Quis
3052 5548 3123 5604 sit
3150 5556 3329 5603 autent
3373 5554 3582 5607 ornatus
3597 5537 3727 5594 celi

3634 5799 3689 5814 ιο.
