3972 6198
246 243 352 307 297

718 232 1233 298 COMMENTAR.
1278 233 1357 293 IN
1404 231 1676 293 ISAIAM
1718 225 2181 291 PROPliETAM
2231 225 2385 286 LIB.
2425 222 2597 293 VIII,
2636 222 2796 283 CAP.
2830 221 3008 282 XXV.

3392 215 3497 279 28

244 359 364 412 sive
412 352 629 416 militia,
664 351 845 421 Moyse
888 349 1186 414 scribente,
1235 347 1548 403 discamus:
1578 344 1715 402 Cave
1763 361 1824 397 ne
1854 367 1901 425 Α
1926 342 2018 404 ‘29.
2052 341 2165 412 30).
2204 339 2497 393 Didicimus
2550 336 2960 392 subversionem
3006 343 3185 402 terr-.13,
3235 332 3504 425 visitatio-

244 448 537 514 saspieiens
569 443 776 509 omium,
823 452 875 495 et
907 443 1087 495 videns
1119 440 1303 504 solem,
1340 440 1501 510 337
1538 452 1585 494 et
1616 443 1821 501 lunam,

247 540 429 595 stellas
450 548 504 591 et
530 551 739 590 onmem
782 544 1029 588 ornatum
1054 533 1193 595 cali,
1222 533 1526 600 decipiaris,
1562 542 1608 584 et
1642 530 1826 583 adores

245 650 307 686 ea
336 631 518 702 (Deut.
558 645 633 689 tv,
670 627 779 694 l9).
818 624 1074 680 Visitabit
1100 634 1279 678 autem
1313 623 1595 685 Dominus,
1632 636 1829 676 secun-

246 729 373 776 dum
406 722 611 776 idioma
640 720 1075 785 Scripturarum,
1105 716 1259 786 quasi
1288 723 1639 784 aegrotantem
1680 713 1830 767 mlli-

248 816 401 878 tiam,
436 825 495 866 et
528 811 828 866 exercitum
861 808 1009 871 coeli,
1048 815 1102 861 et
1126 805 1275 861 ferro
1305 817 1358 859 et
1388 806 1645 861 cauteriis
1684 807 1830 860 indi-

248 914 491 976 genteri,
532 902 828 956 secundum
859 898 989 953 illud
1023 915 1037 952 :
1083 897 1319 952 Visitabo
1353 899 1406 950 in
1435 899 1579 966 virga
1615 906 1831 965 peccata

248 1011 454 1055 eorum,
475 1006 525 1046 et
543 996 597 1044 in
618 989 841 1061 ﬂagellis
857 990 1162 1059 iniquitates
1180 1003 1359 1042 eorum
1375 989 1551 1058 (Psal.
1567 1002 1831 1051 Lxxxvtu,

247 1084 360 1151 33).
394 1083 526 1135 Nam
560 1093 614 1136 et
640 1084 692 1134 in
734 1080 1094 1149 sequentibus
1127 1079 1355 1149 legimus
1384 1097 1397 1133 :
1426 1078 1728 1132 Inebriatus
1759 1086 1835 1129 est

249 1180 466 1245 gladius
494 1192 639 1228 uicus
674 1176 726 1228 in
754 1173 879 1226 calo
905 1169 1310 1240 (lnfra,xxx1v,
1334 1172 1408 1240 5);
1437 1172 1555 1225 etin
1575 1170 1675 1224 Job
1699 1188 1712 1224 :
1741 1171 1840 1223 As-

252 1280 337 1320 tra
375 1284 482 1320 non
512 1276 631 1319 sunt
672 1265 867 1317 munda
899 1265 952 1317 in
983 1270 1257 1331 conspectu
1279 1262 1394 1331 ejus
1427 1260 1573 1333 (Job,
1598 1276 1687 1321 xv,
1714 1261 1837 1329 15);

252 1371 329 1425 et,
389 1362 678 1413 Adversum
713 1356 927 1423 angelos
959 1371 1083 1409 suos
1142 1368 1442 1422 perversum
1496 1353 1622 1422 quid
1650 1354 1841 1422 reperit

250 1451 404 1520 (Job.
423 1468 454 1504 χ
468 1467 497 1504 x
508 1466 558 1514 ν,
576 1447 913 1516 5).V’isitabit
934 1461 1148 1515 quoque
1158 1460 1320 1515 super
1333 1459 1487 1516 reges
1503 1456 1556 1498 et
1576 1445 1844 1516 principes

256 1558 439 1605 term,
490 1551 730 1595 recteres
766 1539 1110 1593 tenebrarum
1154 1538 1405 1602 istarum,
1438 1546 1492 1591 et
1539 1536 1842 1606 spiritualia

256 1634 518 1703 nequitia:
540 1633 594 1687 iu
623 1631 954 1687 cmlestibus.
979 1632 1051 1685 De
1069 1631 1265 1699 quibus
1294 1630 1629 1699 principibus
1669 1629 1847 1683 diver-

1935 450 2054 489 nem
2098 432 2300 486 militia:
2333 431 2478 495 coeli,
2522 428 2999 499 congregationem
3044 439 3233 493 regum
3261 432 3317 478 et
3351 424 3503 492 priu-
3568 426 3584 441 '

1933 527 2113 594 cipum
2159 526 2211 577 in
2248 537 2414 577 unum
2451 521 2683 585 fascem,
2708 529 2762 576 et
2789 519 3159 574 detrusiouem
3197 515 3250 570 in
3300 516 3503 580 lacum,
3575 542 3585 559 ‹

1934 627 1988 670 et
2042 615 2341 668 custodiam
2389 611 2647 675 carceris,
2689 619 2741 664 et
2775 611 3085 664 clausorum
3128 616 3250 676 post
3285 605 3505 673 longum

1934 716 2149 774 tempus
2183 705 2571 764 visitationem,
2603 704 2851 755 ruborem
2885 702 3027 754 lunae
3052 697 3506 754 etconfusiouem

1936 797 2088 853 solis.
2141 797 2270 850 Post
2317 794 2432 857 haec
2460 794 2655 853 omnia
2698 794 2947 860 regnabit
3010 790 3267 844 Dominus
3302 786 3511 842 excrci-

1940 878 2087 946 tuum
2121 891 2173 944 iu
2203 896 2383 943 monte
2406 887 2536 941 Sion
2567 888 2696 940 etin
2725 885 3023 940 Jerusalem
3052 883 3282 948 cmlesti,
3312 885 3377 935 de
3401 896 3507 950 qua

1939 990 1992 1035 et
2026 981 2078 1034 in
2110 979 2351 1047 Epistula
2381 977 2637 1032 scribitur
2656 977 2720 1028 ad
2747 975 2997 1028 Hebrmos
3028 972 3172 1042 (cap.
3198 976 3317 1040 xu).
3352 973 3418 1025 Et
3456 973 3510 1026 ia

1937 1079 2215 1141 conspectu
2257 1084 2435 1123 senum
2475 1082 2692 1121 suorum
2731 1063 3047 1134 gloriabitur
3075 1079 3095 1115 :
3129 1064 3313 1129 Qualis
3344 1076 3513 1116 senex

1943 1160 2045 1216 fuit
2066 1163 2359 1223 Abraham,
2400 1159 2491 1228 qui
2532 1164 2781 1212 mortuus
2819 1165 2902 1211 est
2941 1156 2995 1208 in
3035 1162 3315 1208 senectute
3345 1153 3512 1216 bona,

1944 1266 1997 1310 et
2036 1254 2314 1322 appositus
2338 1260 2420 1308 est
2452 1250 2515 1306 ad
2558 1259 2740 1319 patres
2782 1263 2909 1303 suos
2951 1246 3107 1317 (Gen.
3148 1243 3517 1314 xxv).Quaics

1942 1346 2165 1416 iubetur
2221 1355 2277 1398 et
2331 1342 2544 1413 Moyses
2584 1341 2937 1413 presbyteros
2996 1337 3218 1407 eligere,
3245 1352 3383 1406 quos
3414 1337 3518 1391 scit

1946 1453 2066 1493 esse
2116 1438 2463 1506 presbyteros
2500 1434 2698 1504 (Num.
2726 1441 2801 1501 si)
2840 1448 2856 1486 :
2902 1431 3036 1486 Cani
3094 1430 3234 1483 enim
3295 1428 3519 1482 hominis

1948 1530 2207 1600 sapientia
2238 1529 2354 1598 ejus
2387 1531 2407 1560 ⁸
2439 1526 2586 1596 (Sap.
2620 1542 2693 1593 tv,
2728 1528 2804 1595 8),
2859 1525 2950 1593 qui
2987 1525 3284 1590 imitantur
3315 1521 3521 1577 Vetus-

1954 1633 2067 1675 tum
2101 1621 2334 1683 dierum,
2390 1622 2547 1687 cujus
2588 1617 2838 1672 caesaries
2881 1614 3213 1671 describitur
3261 1613 3517 1677 candida,

264 1728 341 1780 sis
375 1725 676 1796 provinciis
705 1722 1122 1791 praesidentibus
1146 1734 1200 1776 et
1250 1724 1305 1774 in
1333 1719 1553 1775 Danielc
1583 1722 1840 1796 scriptum
1879 1706 1919 1759 Β
1948 1724 2006 1766 ut
2036 1713 2212 1766 artatis
2235 1710 2518 1783 lungitudo
2542 1716 2877 1796 monstretur
2903 1707 3068 1781 (Dan.
3101 1722 3202 1771 vn,
3230 1707 3309 1773 9).
3335 1705 3519 1759 Potest

258 1828 345 1872 est
362 1794 552 1871 :sziit
579 1819 635 1870 in
651 1831 927 1870 occursum
945 1815 1074 1867 mihi
1093 1815 1330 1882 princeps
1354 1814 1501 1881 regni
1530 1794 1837 1880 Persarum,

261 1918 314 1963 et
343 1910 589 1978 princeps
639 1910 784 1977 regni
828 1905 1127 1969 Medorum,
1159 1917 1208 1959 et
1258 1907 1497 1974 princeps
1532 1905 1676 1973 regni
1695 1902 1842 1957 στω-

262 2016 442 2055 corum
479 1997 641 2067 (Dan.
678 2012 732 2063 ι,
773 1998 859 2062 l3,
892 1995 1006 2065 20).
1038 1994 1148 2049 Iios
1208 1993 1372 2063 igitur
1428 1992 1722 2060 principes,
1748 1992 1839 2061 qui

264 2104 421 2141 suum
452 2103 567 2142 non
597 2094 949 2141 servaverunt
995 2083 1244 2151 gradum,
1275 2082 1624 2153 rougrcgabit
1662 2082 1842 2137 Domi-

263 2193 364 2232 Ius
379 2179 433 2232 in
452 2179 543 2231 die
557 2176 771 2246 judicii,
786 2175 939 2245 quasi
964 2176 1015 2229 in
1038 2189 1144 2228 uno
1163 2174 1306 2228 fasce
1323 2173 1524 2242 pariter
1538 2172 1843 2241 colligatos,

267 2277 323 2322 ct
350 2271 529 2320 mittet
555 2268 607 2319 in
640 2266 821 2320 lacum
845 2264 1064 2325 inferni,
1084 2263 1210 2320 utin
1240 2261 1347 2317 illis
1368 2275 1583 2331 quoque
1616 2262 1841 2329 implea-

270 2369 353 2411 tur
376 2359 522 2427 quod
547 2359 614 2411 de
638 2356 819 2426 impiis
847 2354 1114 2424 scriptum
1148 2362 1266 2407 est:
1303 2351 1498 2406 Lucum
1532 2353 1766 2420 aperuit,
1792 2361 1839 2405 et

266 2450 445 2519 efodit
478 2464 618 2513 eum,
641 2456 689 2502 et
720 2447 901 2502 incidit
921 2447 974 2499 in
995 2448 1195 2517 {oleam
1220 2460 1380 2515 quam
1406 2444 1526 2513 fecit
1549 2443 1718 2513 (Psal.
1749 2458 1841 2508 ut,

270 2538 377 2606 16).
410 2538 476 2591 Et
507 2537 854 2593 includantur
879 2539 931 2591 in
963 2550 1203 2599 carcere,
1233 2536 1389 2605 juxta
1413 2534 1545 2587 illud
1583 2534 1728 2600 quod
1768 2534 1844 2589 ait

272 2631 531 2685 Dominus
565 2647 584 2685 ;
624 2629 705 2684 Ite
755 2631 810 2683 in
845 2617 1016 2699 ignem
1048 2642 1322 2692 internum,
1372 2629 1463 2697 qui
1513 2637 1842 2696 prazparatus

268 2731 342 2777 est
373 2723 594 2775 diabolo
641 2733 690 2775 et
725 2716 928 2792 angelis
958 2721 1073 2789 ejus
1103 2719 1323 2791 (Matth.
1375 2736 1497 2787 uti,
1534 2720 1648 2790 4i).
1688 2719 1843 2785 Quod

272 2826 451 2870 autem
501 2814 789 2883 sequitur:
819 2812 886 2867 Et
938 2820 1056 2883 post
1090 2814 1281 2866 inultos
1320 2811 1429 2866 dies
1467 2811 1842 2876 risitabuntur,

273 2905 484 2959 videtur
514 2903 841 2974 applaudere
864 2903 1054 2958 altricis
1080 2904 1214 2958 meis
1242 2904 1279 2968 ',
1303 2901 1395 2971 qui
1428 2902 1641 2957 diabolo
1658 2910 1711 2956 et
1735 2903 1845 2958 dae-

274 2999 527 3053 monibus
557 3000 685 3052 dant
717 2997 1115 3066 paenitentiam,
1141 2996 1284 3065 quod
1336 2994 1503 3049 multa
1536 3004 1656 3064 post
1706 3005 1845 3050 tem-

274 3107 400 3161 pora
448 3107 481 3145 a
536 3091 761 3145 Omnino
814 3090 1125 3144 visitentur.
1174 3088 1280 3142 Sed
1325 3088 1674 3142 considerent
1701 3088 1843 3156 quod

275 3199 378 3239 non
413 3183 616 3237 dixerit
666 3192 851 3251 aperte
892 3180 1174 3251 Scriptura
1219 3182 1426 3244 divina,
1466 3180 1844 3234 Visitabuntur

272 3290 305 3329 a
332 3275 589 3340 Domino,
638 3275 725 3327 vel
761 3272 1142 3327 \‘isitabuntur
1173 3271 1244 3326 ab
1272 3272 1500 3341 angelis,
1538 3272 1632 3325 sed
1685 3278 1847 3325 abso-

274 3368 403 3429 lute,
443 3364 821 3419 risitabuntur.
865 3366 942 3417 Ex
975 3378 1081 3433 qua
1107 3364 1459 3435 ambiguitate
1499 3362 1646 3417 verbi
1685 3371 1738 3416 et
1762 3374 1850 3414 re-

274 3459 508 3512 medium
565 3465 744 3526 potest
791 3456 1041 3524 intelligi,
1075 3465 1131 3510 ct
1180 3458 1476 3525 correptio,
1518 3456 1662 3525 quod
1706 3462 1851 3522 post-

272 3566 433 3618 quam
466 3550 599 3618 justi
632 3549 854 3618 praemia
888 3548 1217 3617 receperint,
1249 3548 1326 3601 illi
1356 3549 1409 3601 in
1448 3549 1628 3617 pmuis
1664 3561 1853 3617 perpe-

274 3643 380 3696 tuis
412 3641 728 3695 visitentur.
757 3639 852 3695 Est
882 3648 1063 3693 tamen
1097 3639 1396 3703 sciendum,
1423 3639 1568 3708 quod
1592 3637 1852 3706 judicium

276 3737 365 3791 Dei
392 3712 630 3789 humana
668 3749 772 3787 non
798 3733 967 3802 possit
996 3732 1140 3786 scire
1170 3732 1464 3803 fragilitas,
1499 3747 1599 3787 nec
1630 3732 1696 3788 de
1740 3744 1856 3801 pm-

269 3839 472 3878 narum
520 3822 899 3891 magnitudine
944 3830 1112 3892 atque
1156 3837 1411 3921 menspra
1449 3822 1594 3877 ferre
1636 3832 1857 3878 senten-

274 3915 427 3980 tiam,
460 3929 582 3982 qua:
610 3913 822 3967 Domini
857 3913 1084 3968 arbitrio
1110 3911 1370 3968 derelicta
1398 3922 1500 3967 est.
1543 3911 1697 3966 Tunc
1737 3928 1860 3966 cru-

270 4009 436 4061 bescet
494 4006 660 4070 luna,
695 4016 742 4059 et
786 4004 1149 4073 confundetur
1202 4006 1305 4069 sol,
1342 4005 1498 4074 juxta
1541 4004 1671 4059 illud
1714 4003 1857 4072 quod

271 4096 565 4166 Apostolus
601 4097 681 4150 ait
718 4113 733 4150 :
766 4095 979 4150 Etenim
1007 4104 1256 4151 creatura
1285 4096 1401 4165 ipsa
1444 4096 1780 4165 congemiscit
1814 4100 1864 4149 et

271 4189 505 4256 parturit
540 4187 716 4257 (liam.
756 4203 873 4251 vui,
906 4187 1019 4255 ἓξ),
1062 4202 1295 4243 cernens
1340 4187 1593 4242 homines
1622 4187 1713 4255 qui
1761 4199 1864 4243 suo

274 4281 601 4333 lruebantur
652 4279 873 4341 lumine,
965 4280 1099 4333 nihil
1140 4278 1357 4349 dignum
1443 4278 1538 4332 Dei
1622 4278 1866 4332 bonitate

1948 1805 2050 1857 hoc.
2079 1811 2131 1857 et
2153 1801 2221 1855 de
2239 1801 2617 1857 ecclesiastico
2643 1793 2809 1870 gradu
2842 1797 3091 1868 intelligi,
3122 1798 3166 1852 si
3196 1805 3377 1852 tamen
3408 1810 3518 1849 non

1930 1893 2227 1948 'destruaut
2251 1893 2506 1962 operibus
2542 1891 2882 1962 dignitatem.

2012 1986 2171 2056 (Cap.
2221 1984 2387 2040 XXV.
2416 2015 2484 2025 —-
2525 1984 2679 2039 Vcrs.
2723 1984 2748 2038 l
2784 1982 2960 2052 seqq.)
3016 2000 3035 2033 σ
3094 1981 3341 2044 nomine,
3378 1978 3519 2033 Deus

1948 2095 2102 2134 uicus
2150 2094 2209 2134 cs
2254 2090 2308 2133 tu
2344 2096 2360 2130 :
2406 2078 2657 2134 exaltubo
2706 2087 2777 2141 te,
2823 2075 3126 2130 contitebor
3163 2075 3362 2128 nomini
3407 2083 3520 2136 tuo,

1950 2173 2204 2239 quoniam
2232 2170 2412 2226 fecisti
2462 2169 2757 2235 mirabilia,
2800 2166 3157 2234 cogitationes
3181 2167 3433 2231 antiquas
3464 2163 3522 2215 ti-

1951 2261 2135 2315 dcies:
2171 2274 2351 2315 amen.
2386 2262 2520 2326 Quia
2565 2258 2797 2329 posuisti
2845 2258 3117 2314 civitatem
3147 2258 3201 2310 in
3233 2254 3519 2314 tumulum,

1950 2352 2135 2406 urbem
2181 2351 2371 2407 fortem
2432 2352 2485 2405 in
2539 2351 2769 2413 ruinam,
2813 2348 3032 2404 domum
3076 2347 3370 2402 alienorum
3414 2352 3523 2400 :ut

1950 2457 2055 2494 nun
2087 2442 2158 2496 sit
2186 2442 2399 2505 civitas,
2442 2451 2495 2494 et
2526 2441 2576 2494 in
2626 2441 3016 2506 sempiternum
3046 2452 3153 2491 non
3199 2436 3517 2490 aediﬁcetur.

1950 2531 2126 2603 Super
2152 2534 2251 2587 boc
2284 2533 2525 2588 laudabit
2571 2541 2622 2587 te
2667 2532 2897 2601 populus
2934 2530 3114 2592 fortis,
3157 2528 3350 2582 Civitas
3382 2541 3515 2597 geu-

1951 2626 2083 2679 tittm
2112 2627 2453 2680 robustarmn
2505 2626 2715 2681 timebit
2754 2639 2827 2681 te.
2862 2626 2996 2691 Quia
3048 2640 3227 2682 tactus
3275 2639 3335 2680 es
3368 2624 3524 2679 forti-

1952 2719 2080 2773 tudo
2102 2720 2349 2789 pauperi,
2386 2719 2644 2774 fortitudo
2690 2734 2860 2790 egeno
2903 2721 2955 2775 in
2994 2720 3344 2777 tribulatione
3396 2738 3516 2786 sua,

1950 2826 2073 2880 spes
2097 2826 2125 2864 ι
2158 2812 2392 2877 turbine,
2422 2812 2798 2867 umbracuium
2822 2815 2888 2867 ab
2910 2822 3041 2868 aestu
3076 2833 3090 2870 :
3119 2816 3345 2884 spiritus
3375 2817 3518 2870 enim

1952 2903 2300 2957 robustorum
2336 2905 2488 2972 quasi
2527 2905 2688 2961 turbo
2734 2907 3015 2976 impellens
3052 2910 3331 2977 parietem.
3369 2908 3523 2963 Sicut

1951 3004 2117 3050 iustus
2142 2995 2196 3048 in
2230 2998 2344 3059 siti,
2376 2996 2663 3053 tumultum
2710 3000 3011 3054 alienorum
3072 3002 3380 3057 bumiiiabis
3414 3018 3429 3055 :
3469 3012 3525 3056 et

1953 3087 2105 3155 quasi
2130 3088 2310 3141 calore
2344 3087 2442 3140 snb
2468 3090 2606 3143 nube
2637 3099 2896 3155 torrente,
2930 3095 3275 3163 propaginem
3304 3094 3521 3148 fortium

1954 3193 2290 3234 marcescere
2321 3180 2507 3235 facies.
2550 3201 2569 3233 ι
2621 3181 2761 3236 LXX
2793 3195 2809 3237 τ
2848 3202 2866 3237 ι
2906 3185 3125 3241 Domine
3161 3186 3302 3243 Deus
3345 3203 3519 3254 meus,

1955 3267 2267 3336 glorificabo
2308 3280 2356 3323 te
2390 3288 2405 3325 :
2442 3272 2671 3326 laudabo
2704 3288 2895 3329 nomen
2940 3284 3111 3341 tuum,
3158 3277 3415 3346 quoniam
3442 3277 3522 3333 fe-

1954 3360 2076 3415 cisti
2115 3362 2464 3417 admirabiles
2519 3378 2623 3426 res,
2651 3364 2934 3418 consilium
2991 3368 3271 3436 antiquum
3306 3385 3522 3434 verum,

1957 3450 2071 3505 iiut.
2108 3452 2241 3518 Quia
2288 3455 2515 3522 pOSlliSlI
2552 3456 2800 3510 civitates
2834 3455 2887 3510 in
2934 3459 3202 3511 tmnulum
3235 3462 3528 3517 :cwitatcs

1958 3543 2147 3605 fortes,
2192 3554 2250 3598 ut
2292 3547 2547 3602 caderent
2587 3546 2933 3603 fundamenta
2969 3564 3176 3605 earum.
3229 3550 3521 3620 impiorum

1958 3635 2209 3691 civitates
2240 3637 2293 3691 in
2316 3650 2577 3691 aeternum
2608 3655 2712 3695 non
2758 3639 3191 3697 wdiiicabuntur.
3238 3642 3525 3713 Propterea

1960 3726 2248 3783 bonedicet
2295 3729 2390 3783 tibi
2426 3731 2653 3800 populus
2705 3748 3024 3804 pauperum,
3066 3747 3120 3792 ct
3149 3737 3399 3792 civitates
3429 3741 3530 3791 lin-

1966 3816 2170 3870 minum
2223 3818 2565 3887 iniquitatem
2616 3823 3004 3879 suStinentium
3048 3824 3368 3883 benedicent
3409 3828 3530 3881 tibi.

1960 3906 2125 3978 339
2157 3907 2328 3964 Fuisti
2360 3913 2502 3965 enim
2538 3914 2682 3967 omni
2731 3914 2934 3971 ciVitati
2985 3919 3175 3973 humili
3218 3911 3531 3989 auxili‘a‘tbi,

1962 4012 2017 4052 et
2049 4001 2296 4057 tristibus
2334 4014 2553 4073 propter
2593 4005 2829 4074 inopiam
2863 4013 3127 4078 protectio
3160 4013 3265 4067 :ab
3300 4013 3533 4069 homini-

1966 4096 2066 4152 bus
2101 4099 2352 4166 pessimis
2376 4099 2635 4158 liberabis
2661 4118 2753 4159 eos
2774 4121 2789 4170 ;
2812 4104 3185 4162 umbraculum
3210 4110 3532 4172 sitientium.

1966 4199 2022 4243 et
2046 4189 2267 4256 Spiritus
2294 4191 2569 4246 hominum
2596 4192 2936 4263 iniquitatem
2970 4197 3355 4253 sustinentium
3379 4204 3533 4271 quasi

1971 4278 2216 4334 homines
2242 4281 2608 4348 pusillanimes
2650 4284 2892 4339 sitientes
2927 4286 2979 4339 iu
3014 4287 3145 4341 Sion
3197 4289 3265 4343 ab
3306 4289 3535 4346 homini-

272 4372 497 4435 lecisse,
535 4371 629 4438 qui
659 4371 828 4425 solem
883 4386 1043 4427 suum
1101 4372 1237 4425 oriri
1294 4371 1425 4425 facit
1478 4385 1643 4439 super
1683 4369 1862 4438 justas
1897 4379 1939 4432 ι)
1966 4369 2069 4422 bus
2114 4370 2318 4440 impiis,
2352 4373 2551 4443 quibus
2596 4391 2694 4431 nos
2754 4379 3045 4435 tradidisti.
3082 4400 3100 4432 ι
3131 4382 3329 4453 Duplex
3377 4384 3535 4454 hujus

272 4476 325 4518 et
344 4465 581 4533 injustas
597 4462 814 4529 (Matth.
835 4463 906 4532 ν).
936 4463 1220 4531 Quomodo
1239 4463 1283 4517 si
1300 4464 1640 4532 dispensator
1653 4472 1709 4515 et
1727 4461 1864 4516 viiii-

273 4570 393 4618 cus,
430 4554 683 4609 veniente
706 4554 957 4617 Domiuo,
993 4569 1176 4609 cernat
1208 4554 1468 4609 familiam
1490 4555 1654 4608 variis
1670 4553 1861 4619 subjici

275 4646 642 4710 cruciatibus,
683 4656 737 4699 et
766 4660 1114 4714 nequaquam
1144 4660 1239 4700 sua
1275 4644 1531 4714 implesse
1566 4652 1859 4714 praecepta.

274 4737 442 4807 338
494 4736 574 4790 De
627 4737 731 4791 hoc
790 4737 981 4792 eodem
1043 4738 1163 4791 loco
1220 4736 1434 4806 plenius
1491 4735 1739 4791 Salvator
1803 4737 1860 4789 iu

275 4828 603 4897 Evangelico
624 4832 813 4884 docet:
842 4828 936 4883 Sol
954 4829 1344 4895 obscurabitur,
1366 4839 1419 4883 et
1441 4830 1565 4883 luna
1590 4845 1689 4884 non
1714 4831 1859 4884 dabit

276 4919 452 4971 lumen
501 4933 679 4982 suum,
709 4930 757 4971 et
789 4919 956 4972 stellis
1015 4921 1201 4972 cadent
1248 4920 1311 4973 de
1361 4921 1512 4985 calo,
1546 4928 1596 4973 ct
1647 4922 1857 4975 virtutes

276 5010 527 5062 cmlorum
588 5011 960 5073 mouebantur,
1032 5013 1242 5079 quando
1302 5013 1603 5081 apparuerit
1653 5013 1858 5081 signant

282 5096 409 5151 Filii
440 5100 670 5153 hominis
711 5101 763 5152 in
807 5102 956 5166 mlo,
978 5113 1028 5156 et
1060 5103 1361 5172 planxerint
1404 5121 1459 5158 se
1488 5120 1664 5158 omnes
1692 5106 1858 5158 tribus

277 5201 456 5253 terre,
489 5202 536 5244 et
591 5192 818 5246 viderint
878 5192 1083 5248 Filium
1137 5197 1365 5250 hominis
1418 5199 1703 5252 venientem
1740 5213 1856 5250 cum

279 5285 498 5339 nubibus
533 5285 743 5348 calida
780 5289 968 5340 uirtute
988 5298 1035 5342 et
1060 5288 1230 5359 gloria
1268 5289 1434 5342 multa
1470 5288 1853 5358 (.lfattlt.xmv,

354 5450 369 5520 Ξ
398 5447 592 5520 Carpit
626 5448 878 5520 Rufinum
926 5458 981 5504 et
1016 5448 1383 5520 Origenistas.

349 5519 370 5549 '
411 5518 672 5590 ﬂartian.
734 5519 867 5586 legit
913 5518 1366 5590 inverso'ordine,
1417 5521 1508 5590 qui
1573 5519 1856 5574 imitantur

279 5599 537 5655 retusum
558 5588 762 5642 dierum
797 5603 816 5640 :
848 5589 967 5642 cani
1006 5592 1146 5644 enim
1167 5591 1394 5645 hominis
1421 5588 1688 5656 sapientia
1713 5591 1851 5658 ejus.

268 5660 607 5717 Conciunius
642 5663 832 5722 multo,
865 5674 1025 5726 quem
1061 5661 1443 5732 describimus,
1483 5658 1660 5717 Vatic.
1695 5661 1851 5717 liber.

596 5749 869 5809 Punct.
922 5748 1141 5813 XXIV.

1966 4459 2066 4516 loci
2099 4465 2366 4531 expositio
2403 4473 2505 4519 est.
2539 4465 2705 4522 Judaei
2756 4480 2946 4536 putant
2990 4488 3174 4527 vocem
3221 4489 3536 4533 sanctorum

1963 4569 2106 4621 esse,
2158 4558 2453 4628 populique
2501 4562 2773 4617 credentis
2818 4578 2990 4630 ;curn
3058 4564 3196 4620 Deus
3249 4569 3535 4625 adversum

1964 4662 2178 4702 onlnem
2233 4653 2421 4704 orbem
2481 4668 2603 4720 qua:
2665 4670 2825 4723 supra
2886 4658 3026 4712 dicta
3075 4669 3203 4715 sunt
3237 4659 3446 4723 fecerit,
3482 4671 3533 4716 et

1964 4740 2201 4795 omnium
2246 4745 2627 4810 prophetarum
2669 4745 2871 4801 fuerint
2924 4751 3190 4818 completa
3240 4750 3534 4816 vaticinia;

1962 4833 2342 4904 civitatemque
2402 4836 2755 4903 subversam,
2811 4838 3037 4894 Romam
3084 4843 3533 4911 interpretantur,

1962 4940 2083 4993 qua:
2122 4925 2359 5005 delenda
2395 4930 2460 4981 sit
2510 4931 2744 4997 penims,
2798 4934 3162 5002 pOpulumque
3193 4931 3411 4998 fortem,
3440 4937 3535 5004 qui

1962 5016 2143 5071 laudet
2180 5017 2486 5081 Dominum,
2524 5031 2581 5075 el.
2622 5028 2708 5078 cui
2755 5022 2931 5078 factus
2960 5026 3030 5077 sit
3064 5023 3322 5083 Dominus
3379 5027 3534 5083 [orli-

1963 5111 2089 5163 tudo
2125 5109 2178 5164 in
2237 5113 2584 5169 tribulatione
2627 5130 2721 5169 sua
2771 5125 2823 5169 et
2877 5115 3144 5183 angustia,
3182 5117 3424 5173 referunt
3464 5122 3532 5176 ad

1963 5199 2151 5265 lsrael,
2188 5204 2277 5272 qui
2314 5206 2378 5257 de
2429 5207 2800 5268 persecutione
2841 5209 3082 5274 gentium
3129 5209 3283 5277 quasi
3312 5210 3366 5263 in
3397 5221 3534 5266 testu

1960 5294 2343 5350 ardentissimo
2375 5305 2429 5349 ct
2482 5297 2535 5350 in
2588 5297 2676 5353 siti
2734 5298 2999 5354 liberatus
3040 5301 3131 5357 sit.
3182 5303 3287 5357 Abi
3319 5318 3445 5359 vero
3477 5313 3540 5378 et

1959 5450 2144 5519 Neque
2166 5453 2310 5507 enim
2342 5467 2423 5508 rei
2438 5454 2502 5510 ba
2548 5454 2638 5524 qui
2677 5456 2976 5524 imitantur,
3007 5466 3136 5523 etc.,
3194 5460 3376 5515 italico
3403 5459 3535 5513 cita-

1961 5531 2173 5600 ract_e_re
2198 5524 2574 5600 distinguenda
2603 5532 2955 5598 erant,quasi
2988 5527 3283 5600 Scriptura»
3305 5540 3535 5597 textum,

1960 5590 2038 5646 uti
2072 5590 2417 5651 Martianqu
2446 5593 2598 5655 fecit.

3225 5760 3302 5823 ιο
