3972 6198
420 269 527 329 9%

1592 256 1648 315 S.
1697 249 2006 315 EUSEBll
2073 247 2553 309 IIlERONYMl-

3583 247 3688 309 300

425 381 620 434 melius
644 386 697 432 et
743 377 945 432 rectius
993 391 1055 430 ex
1105 386 1327 444 persona
1367 358 1640 439 proiiltctm
1675 368 1778 421 diei
1810 364 2014 421 intelli—
2039 374 2089 425 ,Α
2119 366 2445 433 perspicuus
2479 372 2581 430 est,
2611 362 2681 418 ob
2703 361 3116 418 similitudinem
3138 361 3287 417 verbi
3314 375 3470 416 suos
3495 369 3549 415 et
3572 373 3689 414 smn

426 482 580 543 gout,
614 485 711 537 pro
738 469 991 539 passione
1039 465 1252 520 Domini
1286 461 1584 517 Salvatoris
1614 460 1821 528 gratias
1860 453 2007 510 Patri

432 560 745 623 referentis,
783 558 925 626 quod
970 555 1158 610 fecerit
1207 550 1496 613 mirabilia,
1546 556 1601 601 et
1653 545 2012 616 cogitationes

432 652 686 721 antiquas
735 648 965 702 veritate
1015 632 1386 710 compleverit,
1441 640 1656 708 quando
1712 646 1915 691 stantes
1944 635 2009 687 ad

434 747 712 798 dexteram
772 739 990 792 audient
1029 753 1043 791 :
1088 734 1296 796 Venite,
1346 721 1598 789 benedicti
1654 728 1830 783 Patris
1888 727 2009 789 mei,

429 835 691 909 possidete
735 839 1101 902 prwparatttm
1149 826 1288 882 vobis
1339 840 1553 895 regnum
1587 820 2015 874 aconstitutione

433 927 618 980 mundi
644 924 862 993 (Matth.
888 939 1017 984 xxv,
1052 920 1165 990 54).
1206 917 1359 983 Quod
1392 925 1444 969 et
1470 913 1675 968 Paulus
1708 911 2015 979 intelligens

440 1019 761 1088 loquebatur
792 1030 808 1072 :
843 1014 987 1067 Sicut
1021 1011 1179 1080 elegit
1211 1024 1303 1062 nos
1340 1008 1391 1060 in
1432 1007 1543 1074 ipsa
1588 1014 1712 1058 ante
1754 1003 2017 1056 constitu-

432 1112 627 1162 tionem
674 1106 859 1159 mundi
886 1144 901 1166 ,
966 1117 1075 1156 esse
1130 1116 1223 1154 nos
1274 1107 1492 1153 sanctos
1552 1106 1600 1151 et
1648 1093 2018 1149 immaculatos

437 1197 654 1265 (Eplies.
683 1211 720 1262 t,
746 1195 839 1261 lt);
893 1193 1316 1259 desideransque
1366 1189 1481 1247 ﬁeri
1518 1189 1660 1258 quod
1711 1187 2016 1258 prOpbetat,

437 1289 684 1359 adiungit
735 1288 955 1340 verbum
1017 1283 1341 1339 Hebraieum
1395 1297 1533 1336 ausu
1585 1280 1733 1367 (past)
1757 1295 1856 1347 pro
1909 1292 2019 1348 quo

438 1380 583 1435 LXX
612 1379 1011 1435 transtulerunt
1049 1375 1172 1442 ﬁat.
1210 1375 1276 1429 Et
1320 1373 1582 1427 Dominus
1623 1373 1677 1425 in
1728 1369 2019 1438 Evangelio

430 1490 582 1544 sarpe
611 1474 711 1527 hoc
738 1471 902 1526 verbo
948 1468 1118 1521 utitur
1155 1484 1169 1521 :
1205 1466 1389 1529 Amen,
1441 1481 1618 1527 amen,
1668 1463 1719 1527 id
1751 1474 1852 1525 est,
1883 1479 2016 1527 rere,

439 1583 555 1622 rere
589 1567 703 1620 dico
735 1564 873 1619 vobis
907 1560 1092 1630 (Joan.
1134 1574 1209 1619 vr,
1240 1558 1354 1619 54).
1390 1560 1568 1624 Quare
1610 1565 1789 1609 autem
1836 1555 2019 1609 laudet

442 1670 497 1713 et
520 1659 842 1713 confiteatur
879 1651 1081 1708 nomini
1119 1651 1357 1713 Domini,
1390 1662 1442 1704 et
1491 1666 1611 1718 qum
1644 1651 1753 1705 sint
1779 1649 1880 1702 ista
1909 1647 2013 1701 mi-

443 1753 658 1814 rabilia,
692 1761 744 1803 et
786 1747 1144 1818 cogitationes
1181 1746 1442 1813 antiqtue,
1484 1759 1619 1812 quas
1663 1757 1820 1797 veras
1858 1754 2023 1809 opere
2055 1704 2097 1820 ξ

442 1842 859 1903 demonstravit,
900 1839 1148 1908 sequitur
1189 1854 1205 1893 ι
1239 1838 1378 1903 Quia
1427 1836 1649 1903 posuisti
1678 1835 1936 1888 civitatem
1966 1833 2020 1886 in
2058 1826 2063 1829 ’

423 1935 727 1998 σειιηιαιιιηι,
774 1932 952 1985 urbem
1000 1933 1189 1998 fortem
1219 1930 1275 1981 in
1304 1928 1537 1991 ruinam,
1575 1928 1789 1980 domum
1819 1928 2031 1980 alieno-°

432 2045 590 2090 .rum,
613 2038 665 2079 ut
692 2041 794 2078 non
821 2025 886 2077 sit
915 2022 1122 2084 civitas,
1149 2029 1196 2073 et
1220 2022 1274 2073 in
1296 2032 1550 2074 a'temum
1584 2034 1684 2071 non
1712 2016 2027 2085 a’diﬁcetur.

427 2121 650 2174 "Civitas
683 2117 954 2185 quondam
985 2113 1143 2168 fortis
1181 2112 1483 2167 Jerusalem
1536 2110 1876 2179 intelligitur,
1906 2121 2028 2177 qum

425 2214 593 2265 facta
637 2217 719 2265 est
767 2212 960 2263 domus
1015 2206 1359 2272 alienorum;
1423 2204 1489 2258 de
1538 2202 1736 2271 quibus
1785 2200 2034 2256 SaIVator

446 2304 585 2359 dicit
615 2304 666 2357 iu
711 2300 922 2355 Psalmo
954 2315 970 2352 :
1007 2297 1138 2351 Filii
1174 2296 1336 2351 alieni
1383 2296 1584 2349 mentiti
1609 2303 1730 2347 sunt
1757 2291 1901 2355 mihi,
1932 2289 2032 2359 ﬁlii

436 2396 612 2449 alieni
636 2396 1058 2449 inveteraverunt
1092 2400 1138 2444 et
1171 2389 1598 2443 claudicaverunt
1631 2387 1686 2440 in
1706 2384 1903 2439 semitis
1926 2383 2034 2436 suis

453 2486 624 2543 iPsaL
666 2501 795 2545 xvtt,
827 2484 938 2553 46).
973 2482 1095 2538 llaec
1128 2482 1321 2536 civitas
1347 2495 1467 2534 cum
1523 2478 1801 2532 deStrueta
1850 2474 2034 2536 fuerit,

457 2581 506 2630 in
533 2585 794 2630 aeternum
833 2588 940 2625 noti
972 2568 1329 2625 mditicabitur
1350 2608 1364 2632 ,
1392 2576 1449 2621 tit
1476 2567 1622 2621 mille
1660 2580 1924 2620 annorutn
1949 2576 2035 2617 re.

446 2684 618 2735 gnum
652 2678 705 2721 et
749 2679 928 2720 aurea:
970 2660 1274 2717 Jerusalem
1304 2668 1467 2730 atque
1502 2666 1792 2729 gctnmataa
1823 2653 2039 2710 somnia

452 2752 867 2830 conquiescant.
917 2756 1200 2810 Destructa
1244 2763 1421 2807 autem
1453 2750 1754 2806 Jerusalem
1800 2763 1896 2819 pro
1931 2747 2037 2801 itii-

449 2854 654 2920 pictate
692 2864 811 2911 sua,
851 2846 1015 2918 340
1050 2845 1297 2899 laudabit
1333 2843 1621 2897 Dominum
1667 2841 1894 2910 populus
1930 2838 2041 2892 for-

460 2945 547 2997 tis.
579 2943 712 3006 Quis
746 2943 818 2994 sit
870 2948 1050 2991 autern
1096 2935 1323 3006 populus
1362 2934 1536 2997 fortis,
1576 2948 1808 3000 sequens
1851 2946 2040 2985 versus

2086 1824 2286 1904 Δ34],
2320 1845 2464 1883 mors
2523 1827 2843 1897 praevalens.
2898 1844 2916 1877 ι
2967 1826 3034 1880 Et
3092 1841 3309 1880 rursum

2117 458 2307 530 (Ambo
2327 458 2476 527 νηί),
2507 457 2653 526 quod
2682 456 2886 512 eisdem
2915 455 3161 525 signatur
3185 453 3528 509 elementis‘.

2188 545 2381 615 (Vers.
2437 544 2597 613 6-8.)
2660 563 2678 596 t
2752 543 2816 597 Et
2844 541 3005 598 faciet
3043 542 3306 598 Dominus
3350 543 3691 598 exercituum

2116 639 2366 693 Omnibus
2395 636 2607 707 populis
2637 637 2687 689 iu
2714 646 2897 691 monte
2925 637 3025 690 hoc
3052 636 3357 690 convivium
3389 636 3693 705 pinguium,

2118 728 2423 782 convivium
2481 726 2765 781 vindemia:
2832 742 2847 789 ;
2910 727 3190 796 pinguium
3253 728 3697 793 medullatorum,

2120 819 2407 874 vindemiae
2441 819 2739 874 defaecata.
2782 818 2847 873 Et
2892 818 3246 887 priBCipilnbil
3282 819 3337 873 in
3379 830 3562 874 monte
3589 819 3701 873 isto

2119 912 2311 967 faciem
2373 912 2573 968 vinculi
2628 910 2867 980 colligati
2921 925 3086 979 super
3135 924 3324 966 omnes
3355 910 3608 979 populos,
3640 917 3699 965 et

2120 1002 2282 1056 telam
2328 1017 2489 1072 quam
2518 1002 2727 1056 orditus
2778 1011 2861 1055 est
2900 1015 3064 1069 super
3105 1015 3295 1054 omnes
3324 1001 3595 1057 nationes.
3636 999 3706 1056 Et

2119 1095 2477 1165 praecipitabit
2518 1105 2744 1148 mortem
2806 1093 2862 1148 in
2908 1092 3326 1162 sempiternum.
3382 1100 3441 1147 et
3486 1091 3703 1169 auferet

2122 1188 2386 1242 Dominus
2430 1185 2570 1241 Deus
2608 1188 2906 1257 laerymam
2952 1185 3020 1240 ab
3050 1185 3197 1240 omni
3225 1184 3384 1250 facie,
3421 1196 3477 1240 et
3504 1201 3705 1256 oppro-

2121 1279 2300 1335 brium
2338 1279 2522 1348 populi
2558 1279 2642 1334 sui
2675 1278 2888 1334 auferet
2942 1279 3008 1333 de
3058 1279 3316 1334 universa
3358 1289 3525 1344 terra,
3575 1279 3703 1346 quia

2123 1374 2386 1428 Dominus
2430 1374 2640 1429 locutus
2685 1383 2788 1429 est.
2838 1391 2857 1425 ι
2914 1370 3052 1427 LXX
3095 1389 3110 1429 :
3157 1390 3174 1423 t
3212 1372 3277 1426 Et
3315 1372 3478 1427 faciet
3524 1370 3711 1425 Domi-

2125 1484 2224 1521 nus
2250 1466 2487 1520 Sabaoth
2510 1465 2764 1519 omnibus
2786 1465 3039 1535 gentibus
3060 1480 3223 1529 super
3253 1475 3490 1519 montem
3518 1465 3707 1530 istum,

2125 1559 2311 1613 bibent
2341 1557 2606 1620 laetitiam,
2661 1556 2851 1611 bibent
2889 1557 3098 1612 vinum.
3126 1553 3404 1625 Ungentur
3432 1565 3710 1623 unguento

2129 1649 2181 1704 in
2217 1658 2399 1702 monte
2451 1648 2577 1703 isto.
2635 1644 2814 1699 Trade
2843 1645 3025 1699 omnia
3069 1647 3184 1699 lucc
3209 1644 3482 1713 gentibus,
3524 1644 3711 1698 consi-

2126 1739 2259 1795 lium
2316 1738 2462 1792 enim
2517 1737 2620 1792 hoc
2686 1748 2847 1804 super
2894 1747 3088 1789 omnes
3132 1741 3372 1801 gentes;
3424 1731 3711 1786 devoravit

3361 1841 3378 1881 :
3419 1843 3438 1875 ι
3475 1824 3713 1878 Abstulit

2129 1922 2391 1976 Dominus
2424 1916 2566 1972 Deus
2598 1932 2813 1978 omnem
2854 1918 3145 1985 laet'ymam
3180 1916 3245 1968 ab
3279 1914 3426 1969 omni
3461 1913 3626 1974 facie.
3656 1923 3711 1967 ct

2130 2013 2476 2084 opprobrium
2519 2011 2703 2081 populi
2739 2013 2823 2067 sui
2869 2011 3091 2065 abstulit
3144 2011 3212 2064 ab
3244 2013 3391 2065 ontni
3432 2021 3600 2064 terra.
3640 2009 3713 2064 0s

2133 2108 2275 2162 enim
2315 2105 2523 2159 DOittitli
2552 2104 2788 2158 locutum
2831 2115 2931 2158 est.
2967 2122 2985 2155 ι
3025 2103 3130 2157 Pro
3165 2119 3230 2157 eo
3276 2106 3420 2172 quod
3452 2117 3553 2156 nos
3587 2118 3714 2155 ver.

2137 2200 2320 2263 timus,
2359 2197 2545 2266 [aciem
2583 2195 2774 2251 vinculi
2807 2196 3041 2265 colligati
3075 2213 3232 2262 super
3260 2212 3436 2249 omnes
3465 2195 3714 2265 papulas,

2135 2289 2332 2359 Aquila
2362 2290 2751 2358 interpretatus
2805 2297 2911 2350 est,
2967 2291 3158 2356 [aciem
3199 2289 3528 2342 tenebrarum
3552 2302 3721 2355 super

2136 2399 2315 2436 omnes
2342 2382 2581 2452 populos.
2614 2381 2859 2451 Cumque
2885 2380 3080 2449 Aquila
3107 2380 3190 2435 bis
3215 2382 3466 2435 tenebras
3495 2381 3720 2442 dixerit,

2141 2473 2438 2527 Thcodotio
2471 2473 2639 2528 semel
2672 2472 2923 2527 tenebras
2978 2469 3299 2535 nominavit,
3335 2480 3529 2525 cietera
3559 2469 3726 2522 simi-

2142 2567 2286 2621 liter.
2306 2565 2413 2619 Pro
2445 2582 2552 2635 quo
2578 2566 2942 2636 Symmachus
2976 2564 3275 2630 transtulit,
3322 2563 3509 2632 faciem
3536 2562 3721 2616 Domi-

2144 2662 2344 2715 uatoris
2375 2661 2465 2729 qui
2498 2660 2805 2713 dominatur
2850 2669 3008 2727 super
3059 2671 3239 2712 omnes
3281 2658 3523 2726 populos.
3572 2656 3721 2723 Quid

2143 2759 2322 2804 autem
2357 2750 2627 2802 voluerint
2675 2762 2774 2817 pro
2833 2747 2937 2803 hoc
2970 2748 3086 2803 loco
3117 2747 3463 2817 Septuaginta
3491 2746 3677 2802 dicere
3707 2763 3724 2801 :

2147 2841 2317 2903 Trade
2343 2843 2517 2894 omnia
2550 2841 2659 2894 litae
2691 2840 2955 2910 gentibus,
3000 2838 3196 2909 legenti
3243 2838 3585 2908 perspicuum
3613 2847 3730 2905 est.

2147 2936 2288 3003 quod
2327 2949 2433 2986 nou
2482 2930 2779 2999 Scriptura:
2814 2930 2998 2993 verba,
3040 2927 3132 2983 sed
3172 2943 3330 2982 suum
3372 2943 3591 2983 sensum
3626 2943 3729 2997 po-

444 3031 696 3085 ostcndit
736 3046 750 3086 :
782 3027 978 3084 Civitas
1035 3026 1272 3098 gentium
1329 3025 1665 3079 robustorum
1712 3025 1906 3077 timebit
1968 3031 2037 3076 te.
2068 3053 2110 3110 ο
2144 3028 2376 3091 suerinl,
2416 3042 2482 3082 eo
2526 3027 2672 3095 quod
2704 3026 2886 3080 omnia
2946 3023 3198 3094 mysteria
3245 3021 3403 3091 Legis
3430 3030 3480 3075 et
3516 3020 3727 3088 Tempii

456 3123 571 3176 illis
609 3116 1136 3188 blasphemantibus,
1186 3115 1427 3186 gentium
1463 3115 1689 3184 populus
1723 3124 1774 3168 te
1808 3112 2037 3167 timebit.

461 3212 792 3279 Principium
829 3210 965 3263 enim
1006 3208 1278 3278 sapientia:
1312 3207 1468 3259 timor
1501 3205 1715 3260 Domini
1741 3203 1919 3275 (Prov.
1963 3220 2035 3270 ιχ,

453 3301 574 3373 40).
608 3301 982 3367 Laudabitque
1020 3307 1070 3351 te
1108 3295 1337 3367 populus
1374 3294 1557 3359 fortis,
1591 3307 1644 3349 et
1683 3295 1873 3349 civitas
1908 3309 2041 3361 gen-

450 3397 596 3446 -littttt
624 3391 969 3447 robustarnm
1003 3389 1213 3442 timebit
1233 3400 1304 3453 te,
1327 3387 1430 3443 hoc
1450 3396 1533 3441 est
1551 3385 1795 3443 Ecclesia
1815 3387 1881 3441 de
1911 3401 2038 3455 gen—

451 3488 608 3542 tibus
640 3495 989 3554 c0ngregata.
1020 3482 1156 3548 Quia
1189 3481 1366 3534 factus
1391 3495 1449 3535 es
1489 3479 1754 3534 fortitudo
1789 3479 2037 3548 pauperi,

456 3579 679 3633 Christo
705 3588 820 3641 tuo,
854 3575 921 3628 de
948 3591 1060 3645 quo
1088 3586 1142 3628 et
1185 3575 1235 3627 iu
1275 3573 1504 3629 Psalmis
1545 3573 1812 3639 legimus:
1844 3570 2039 3625 Beatus

459 3673 551 3742 qui
593 3670 837 3739 intelligit
887 3683 1043 3735 super
1094 3683 1307 3737 egenum
1339 3677 1384 3719 et
1421 3681 1701 3736 pauperem
1743 3664 1918 3734 (l’sal.
1953 3679 2038 3727 XL,

451 3762 608 3832 ‘3).Et
643 3763 697 3814 in
727 3759 992 3814 Zacharia
1036 3760 1332 3812 secundum
1369 3756 1685 3813 llebraicam
1738 3758 2041 3823 veritatem,

461 3869 688 3923 panper,
750 3853 853 3906 lioc
905 3859 986 3905 est
1016 3865 1170 3905 EBSON
1200 3849 1405 3935 (pinxi,
1433 3864 1598 3917 super
1642 3849 1845 3916 pul'uui
1875 3849 2043 3901 asinae

462 3940 663 3995 sedere
692 3939 1021 3993 describitur
1071 3935 1261 4007 (Zacli.
1300 3937 1399 4001 ix).
1448 3936 1731 3992 Fortitudo
1757 3953 1951 4007 egeno,
1988 3937 2041 3991 in

470 4029 825 4084 tribulatione
863 4044 1136 4097 passionts
1166 4044 1297 4094 suae,
1331 4044 1453 4099 Spes
1486 4045 1514 4082 a
1546 4030 1760 4082 turbine
1791 4029 2040 4096 patibuli,

461 4133 518 4174 et
548 4121 922 4176 umbraculum
959 4120 1027 4175 ab
1061 4131 1195 4175 testu
1218 4159 1235 4185 ,
1277 4120 1493 4187 quando
1525 4120 1733 4172 locu.us
1765 4130 1847 4172 est
1887 4134 1902 4174 :
1937 4118 2042 4172 Pa-

467 4225 566 4276 ter,
603 4214 657 4265 in
690 4222 876 4265 manus
905 4220 1024 4266 tuas
1064 4212 1366 4266 commendo
1394 4211 1641 4279 spiritum
1680 4226 1851 4263 meum
1884 4209 2038 4277 (Luc.

464 4320 627 4368 niti,
675 4303 791 4372 46).
848 4304 1134 4370 Quomodo
1182 4306 1327 4358 enim
1378 4304 1422 4356 si
1480 4313 1671 4357 ventus
1714 4305 2043 4373 impingatur

466 4396 663 4467 parieti
693 4407 857 4466 atque
898 4404 1260 4465 pertranseat,
1335 4396 1415 4472 sic
1452 4398 1608 4450 turbo
1656 4395 2037 4466 blaspheman-

2150 3119 2524 3174 transferenda
2582 3120 2690 3174 sint
2761 3121 2827 3171 al
2883 3116 3159 3172 Ecclesias
3226 3117 3528 3170 nationum.
3596 3113 3731 3170 Post

2148 3215 2456 3283 passionem
2487 3227 2618 3281 etgo
2650 3210 2886 3275 Domini,
2916 3211 3130 3281 quando
3154 3224 3276 3265 eum
3308 3225 3336 3263 a
3365 3209 3453 3262 siti
3481 3218 3533 3261 et
3562 3219 3728 3275 testu,

2148 3317 2211 3357 ac
2252 3303 2464 3357 turbine
2496 3301 2830 3366 liberaverit,
2878 3300 3043 3356 faciet
3075 3299 3336 3356 Dominus
3374 3312 3724 3369 nequaquam

2150 3395 2345 3464 popqu
2380 3394 2714 3459 Judaeorum,
2747 3394 2839 3448 sed
2883 3392 3139 3448 omnibus
3168 3392 3422 3460 gentibus
3449 3392 3501 3444 itt
3544 3400 3733 3445 monte

2146 3486 2275 3542 Sion
2304 3490 2498 3555 pingue
2552 3486 2884 3551 convivium,
2952 3484 3265 3539 holocausta
3319 3484 3627 3548 medullula,
3673 3492 3732 3537 et

2157 3581 2336 3636 vinum
2368 3581 2651 3633 vindemia:
2678 3576 2980 3642 defazcatte,
3014 3588 3072 3631 ut
3112 3577 3416 3646 praecipitet
3452 3587 3508 3631 et
3533 3578 3728 3631 absor-

2152 3673 2263 3728 beri
2291 3671 2454 3727 faciat
2483 3669 2673 3724 faeiem
2702 3668 2896 3723 mortis
2949 3677 3002 3722 et
3036 3667 3237 3722 vinculi
3279 3683 3385 3739 quo
3411 3684 3600 3723 omnes
3634 3684 3735 3739 po-

2152 3765 2261 3834 puli
2296 3764 2603 3833 ligabantur
2630 3777 2647 3827 ;
2675 3761 3085 3829 disrumpetque
3110 3771 3223 3815 rete
3242 3762 3453 3825 mortis,
3481 3774 3535 3815 et
3564 3764 3727 3816 telam

2150 3872 2275 3927 qum
2307 3870 2499 3910 omnes
2542 3864 2760 3922 ceperat
2796 3854 3066 3909 nationes.
3106 3855 3163 3906 Et
3199 3853 3350 3919 juxta
3387 3854 3731 3921 Apostolum,

2149 3948 2526 4002 absorbebitur
2569 3961 2714 4001 mors
2768 3945 2820 4000 in
2872 3957 3189 4014 perpetuum
3240 3945 3292 4013 (I
3327 3944 3452 4001 Cur.
3505 3948 3617 4015 xv).
3665 3946 3736 4002 Et

2150 4039 2361 4094 auferet
2387 4038 2647 4093 Dominus
2692 4038 2989 4108 lacrymam
3036 4041 3104 4091 ab
3136 4040 3282 4092 omni
3324 4039 3482 4102 facie,
3515 4042 3734 4108 quando

2151 4140 2325 4184 morte
2353 4139 2627 4199 superata,
2659 4129 2862 4183 Christi
2909 4129 3191 4184 advenerit
3223 4144 3486 4198 regnum;
3537 4141 3590 4185 et
3631 4147 3737 4200 op-

2154 4208 2431 4288 probrium
2469 4218 2685 4288 generis
2710 4220 2958 4283 humani,
2991 4219 3132 4288 quod
3177 4221 3243 4272 ad
3279 4220 3568 4290 imaginem
3598 4236 3737 4276 con-

2153 4313 2324 4368 ditum
2364 4309 2540 4364 fuerat
2571 4310 2872 4375 Creatoris,
2925 4311 3121 4365 diaboli
3172 4322 3229 4365 et
3265 4313 3455 4365 mortis
3480 4312 3736 4381 effugerit

2152 4404 2496 4458 servitutem.
2532 4400 2640 4456 Nec
2676 4402 2870 4455 mirum
2923 4400 2968 4453 si
3016 4401 3171 4467 juxta
3201 4400 3589 4465 Svmmaclium
3637 4404 3738 4457 do-

425 4479 436 4575 ξ
464 4490 601 4541 tium
632 4487 941 4542 Judaeorum
971 4487 1048 4540 illi
1115 4502 1312 4542 nocere
1374 4494 1479 4541 non
1527 4491 1722 4559 potuit.
1753 4489 1817 4541 Et
1849 4498 1906 4542 ut
1938 4488 2043 4542 alia

423 4597 437 4687 ά.
471 4592 593 4637 utar
618 4581 1001 4644 similitudine,
1031 4580 1176 4634 sicut
1196 4594 1436 4650 propago
1457 4580 1778 4648 gravissimo
1810 4588 2049 4634 torretur

428 4672 625 4743 ’mstu,
669 4685 832 4745 atque
869 4673 1169 4740 ﬂaceescit,
1213 4672 1288 4726 ita
1327 4673 1613 4727 tumultum
1654 4682 1707 4728 et
1747 4673 2045 4728 clamorem

2155 4498 2298 4550 mina
2319 4495 2625 4564 appelletur
2652 4508 2819 4553 mors,
2839 4508 2962 4547 eum
2987 4492 3176 4547 beatus
3193 4497 3483 4564 Apostolus
3499 4497 3737 4550 dixerit:

2154 4585 2410 4656 Regnavit
2449 4602 2589 4639 mars
2635 4585 2698 4639 ab
2754 4587 2925 4639 Adam
2959 4600 3123 4655 usque
3167 4587 3236 4641 ad
3280 4586 3539 4656 lloysem,
3570 4588 3738 4641 etiam

2151 4694 2307 4747 super
2357 4693 2443 4731 eos
2502 4679 2594 4747 qui
2654 4693 2756 4731 non
2816 4687 3184 4746 peccaverunt,
3233 4679 3289 4732 in
3337 4680 3737 4733 similitudinem

468 4769 794 4833 alienorum,
833 4770 934 4822 hoc
964 4777 1067 4834 est,
1107 4766 1254 4837 quia
1292 4775 1342 4820 te
1377 4767 1539 4820 alicui
1575 4765 1700 4821 facti
1727 4774 1876 4833 sunt,
1903 4781 2049 4819 mar-

466 4874 690 4915 cescere
739 4858 909 4915 facies
965 4869 1020 4914 et
1069 4857 1266 4929 perire.
1306 4853 1467 4912 Juxta
1507 4856 1650 4911 LXX
1697 4858 2047 4925 interpretes,

470 4967 577 5005 non
607 4951 731 5005 dico
763 4964 1004 5016 sensum,
1037 4950 1131 5003 sed
1164 4947 1457 5004 verborum
1485 4948 1734 5002 ordinem
1770 4958 1826 5000 et
1855 4961 2050 5001 conse-

468 5045 770 5111 quentiam,
808 5043 862 5097 in
914 5044 1017 5097 hoc
1062 5043 1184 5096 loco
1222 5042 1462 5108 reperire
1503 5055 1605 5093 non
1644 5039 1815 5108 potui.
1860 5037 1926 5091 Et
1955 5052 2052 5104 pro

470 5147 540 5189 eo
572 5134 709 5199 loco,
738 5134 826 5189 ubi
863 5150 962 5189 nos
990 5134 1330 5201 interpretati
1370 5145 1585 5195 sumus,
1625 5131 1758 5183 sicut
1779 5140 1966 5184 aestum
1996 5130 2052 5183 in

472 5225 584 5291 siti,
624 5239 721 5293 pro
747 5240 853 5294 quo
891 5227 942 5278 in
968 5225 1193 5279 Hebrmo
1218 5223 1477 5291 scriptum
1505 5233 1584 5277 est
1610 5237 1828 5276 ΜελιοΝ
1860 5224 2051 5293 (mill).

471 5318 619 5383 qund
675 5316 816 5377 apud
867 5329 961 5370 eos
1003 5316 1222 5378 invium,
1273 5314 1357 5368 vel
1422 5313 1557 5375 sitis,
1616 5315 2053 5383 dicitur;quare

472 5408 551 5462 illi
604 5421 702 5477 pro
750 5408 888 5461 invio
929 5416 984 5462 et
1031 5408 1083 5461 in
1130 5409 1220 5461 siti
1265 5407 1548 5473 verterint,
1582 5408 1634 5460 in
1668 5406 1843 5471 Sion;
1890 5424 2049 5464 error

553 5553 567 5582 ¹
607 5548 787 5605 Vatic.
819 5534 1139 5618 .hujusmodi
1170 5551 1575 5607 adnotationem
1613 5550 1701 5605 hic
1731 5552 2009 5608 interserit
2038 5571 2053 5611 :

481 5640 504 5674 ι
526 5620 985 5683 ~Prsenotandum,
1013 5636 1172 5688 quam
1200 5625 1481 5675 commoda
1531 5621 1603 5674 sit
1647 5621 1895 5677 doctrina
1933 5623 2060 5681 llic»

466 5693 688 5762 s-nnymi
719 5691 971 5769 Ecclesiae
1000 5691 1296 5747 Catholica:
1322 5698 1508 5748 contra
1544 5690 1885 5774 oblocutores
1911 5694 2051 5765 ejus,

2152 4769 2603 4839 praevaricationis
2639 4768 2811 4823 Adam
2853 4767 3031 4838 (Rom.
3067 4784 3130 4834 ν,
3169 4770 3278 4839 il).
3336 4771 3738 4825 Dontittatorem

2153 4864 2395 4918 omnium
2432 4863 2780 4933 populorum,
2812 4864 2928 4918 sive
2960 4862 3155 4917 faciem
3205 4863 3548 4917 tenebrarum
3573 4877 3742 4933 super

2156 4970 2347 5011 omnes
2380 4956 2627 5025 populos,
2659 4965 2715 5010 et
2763 4956 2927 5010 telam
2955 4970 3076 5026 qua:
3105 4958 3279 5011 ordita
3314 4956 3387 5011 sit
3421 4971 3586 5026 super
3617 4974 3741 5010 om.

2162 5061 2260 5102 nes
2302 5056 2510 5117 gentes,
2548 5048 2770 5116 quidam
2823 5049 3219 5104 Antichristnm
3257 5048 3482 5115 intelligi
3529 5049 3740 5109 volunt.

2160 5141 2252 5209 qui
2281 5141 2334 5193 iit
2371 5150 2551 5194 monte
2599 5138 2792 5195 Oliveti
2841 5142 3244 5196 consumendus
3283 5142 3377 5202 sit,
3426 5143 3571 5209 quod
3604 5152 3654 5192 et
3691 5160 3744 5194 in

2166 5229 2403 5284 Danielis
2435 5230 2624 5283 ultima
2655 5230 2894 5286 diximus
2923 5232 3154 5286 visione.
3185 5230 3350 5286 Juxta
3385 5230 3528 5287 ωα,
3550 5234 3739 5285 omni-

2162 5321 2262 5375 bus
2319 5318 2568 5388 gentibus
2631 5320 2683 5373 in
2751 5330 2934 5375 monte
2993 5319 3122 5375 Sion
3183 5323 3493 5378 convivium
3539 5322 3747 5377 Its-titius

2165 5419 2521 5481 pra'paratur,
2553 5412 2606 5465 in
2653 5426 2760 5477 quo
2798 5412 2987 5467 bibent
3053 5411 3261 5479 vinum,
3292 5419 3433 5485 quod
3473 5430 3535 5470 se
3563 5415 3637 5473 Do
3664 5420 3752 5471 ni-

2163 5553 2360 5626 qtnbns
2422 5555 2562 5610 dicta
2628 5538 2797 5626 ipsius
2841 5556 2966 5609 vilia
3027 5558 3297 5613 videntur.
3342 5574 3362 5607 ι
3408 5555 3579 5611 POrro
3606 5557 3753 5614 levia

2165 5624 2413 5694 quzcdam
2467 5628 2533 5680 ad
2580 5624 2821 5697 ejusdem
2859 5641 2964 5682 ms.
3008 5626 3166 5684 iidem
3211 5641 3333 5683 mox
3364 5626 3752 5685 emendatum.

2880 5808 2885 5812 .
2920 5806 2957 5813 nm
2974 5810 2987 5815 _
