3972 6198
262 244 372 315 3.61

744 240 1241 309 COMMENTAR.
1292 238 1371 296 ΙΝ
1409 234 1674 295 ISAIAM
1720 230 2184 293 PROPHETAM
2241 230 2387 290 LIB.
2439 230 2602 300 Vili,
2643 229 2804 288 CAP.
2845 230 3060 291 XXVI.

3416 226 3521 291 302

262 381 377 422 nus
410 380 538 420 cum
566 364 774 418 sanctis
820 362 935 417 suis
968 361 1020 413 in
1057 372 1217 426 regno
1244 355 1419 407 Patris
1447 352 1530 407 sui
1559 350 1854 405 bibiturum
1890 366 1928 421 Α
1960 356 2008 401 et
2032 347 2287 415 principes
2314 347 2429 414 ejus
2462 343 3060 414 simut'(1et'ertt.ttt.vttt,
3085 344 3173 413 7);
3203 352 3257 396 et
3290 343 3518 397 iterum:

262 473 392 514 esse
412 454 663 526 promisit
682 452 903 524 (Matth.
922 464 1044 503 xxvi
1074 458 1124 502 et
1147 445 1276 499 Luc.
1304 443 1468 512 xxii):
1502 449 1556 494 et
1590 447 1856 508 ungentur

269 557 576 620 unguento,
596 557 654 601 ut
675 545 849 599 renati
872 547 924 595 in
945 540 1165 595 Christo
1188 537 1489 593 efficiantur
1506 532 1737 603 populus
1758 546 1857 585 no~

273 658 407 703 vus;
456 639 601 694 unde
629 637 828 691 dicitur
864 650 880 689 :
914 632 1092 687 Trade
1117 631 1297 685 omnia
1322 631 1430 681 iure
1451 625 1709 696 gemitus,
1737 636 1857 688 qua:

269 731 551 802 quondam
591 728 755 781 lsrael
780 726 849 796 ⁸ἱιι
879 735 1003 795 typo
1035 731 1088 776 et
1124 720 1358 786 imagine
1387 715 1713 771 celebrabat.
1747 711 1858 766 Hoc

266 825 423 878 enim
449 817 735 875 consilium
756 815 975 872 Domini
1008 823 1113 875 est,
1138 822 1193 866 ut
1223 818 1418 865 cuncta
1458 806 1858 862 transferantur

273 915 441 986 342
479 914 545 966 ad
568 916 782 981 gentes,
808 907 932 977 quia
965 920 1110 959 mors
1133 904 1387 972 absorpta
1423 909 1504 955 est
1524 907 1579 953 et
1612 895 1846 965 lacryma

272 1008 460 1061 cuiuis
517 1005 785 1066 abstersa,
835 1006 895 1053 et
948 997 1296 1067 opprobrium
1351 995 1618 1047 universm
1672 997 1855 1053 teme,

273 1097 487 1153 Christi
521 1089 749 1162 imperio
793 1091 1144 1152 succedente,
1179 1087 1418 1141 deletum
1465 1090 1571 1140 est.

352 1188 534 1260 (Vers.
566 1188 602 1243 9
628 1196 804 1256 seqq.)
843 1202 863 1235 ι
900 1184 966 1237 Et
988 1183 1170 1236 dicent
1195 1180 1251 1233 in
1277 1179 1365 1234 die
1396 1177 1481 1231 illa
1509 1192 1523 1229 :
1555 1174 1694 1230 Ecce
1715 1172 1856 1226 Deus

278 1293 470 1335 n05ter
498 1282 619 1344 iste,
670 1275 1099 1346 exspectavimus
1148 1287 1295 1336 eum,
1337 1278 1390 1326 et
1436 1268 1666 1323 salvabit
1697 1280 1796 1321 nos
1838 1279 1852 1317 :

278 1373 389 1425 iste
434 1369 718 1433 Dominus,
784 1365 1141 1423 sustinuimus
1191 1379 1335 1426 eum,
1390 1359 1781 1415 exsultabimus
1804 1365 1859 1411 et

279 1463 588 1517 Istabimur
614 1461 673 1515 in
716 1460 936 1515 salutari
983 1459 1123 1528 ejus.
1154 1454 1289 1521 Quia
1325 1452 1634 1523 requiescet
1662 1462 1857 1503 manus

282 1554 502 1607 Domini
534 1552 589 1606 in
620 1561 801 1606 monte
826 1551 970 1616 isto;
1008 1557 1063 1602 et
1091 1545 1435 1602 triturabitur
1468 1542 1624 1597 Moab
1659 1543 1759 1596 sub
1791 1555 1858 1595 eo

279 1646 427 1701 sicut
454 1654 706 1698 teruntur
724 1644 893 1715 palea:
920 1642 975 1696 iu
1002 1641 1261 1711 plaustro.
1290 1639 1357 1693 Et
1384 1636 1637 1693 extendet
1665 1648 1856 1690 manus

1958 437 2321 505 Confundelur
2347 435 2501 489 Moab
2534 439 2586 488 in
2631 435 2878 497 Chamos.
2912 436 3047 488 sicut
3081 433 3302 500 confusa
3331 442 3405 487 est
3429 433 3525 486 do-
3566 418 3580 431 ’

1961 547 2075 587 nius
2118 528 2402 583 Israel'iu
2458 528 2641 582 Baliari
2695 525 2885 597 (‘Ibid.,
2925 527 3035 595 15),
3078 534 3137 579 et
3189 525 3397 592 reliqua
3438 524 3526 577 Itis

1958 620 2199 674 similia:
2237 629 2397 687 atque
2442 633 2504 672 cx
2564 633 2670 671 uno
2721 618 2862 672 idolo
2904 626 2958 671 et
2988 618 3253 680 daemone,
3288 616 3378 683 qui
3404 614 3529 668 huic

1962 712 2105 765 idolo
2136 713 2484 777 pra-sitiebat,
2509 727 2701 767 omnes
2725 711 2927 765 indicat
2958 711 3265 765 contrarias
3307 706 3528 762 fortituo

1960 802 2119 857 dines
2158 802 2526 858 humiliandas
2575 812 2630 858 et
2676 804 3022 858 deducendas
3061 803 3116 856 in
3150 810 3440 863 tartarum,
3475 808 3533 854 et

1962 874 2134 947 instar
2168 891 2407 961 pulveris
2438 895 2816 947 conterendas.
2838 892 2902 947 Si
2931 900 3110 946 autem
3155 892 3262 946 hoc
3288 890 3362 944 ita
3402 889 3528 951 erit.

1958 984 2052 1037 ubi
2093 993 2172 1037 est
2207 983 2403 1037 diaboli
2443 983 2807 1053 pmuitentia?

2039 1076 2189 1145 (Cap.
2213 1075 2403 1131 XXVI.
2442 1108 2509 1120 —
2538 1077 2693 1131 Vers.
2717 1077 2791 1147 1.)
2836 1096 2853 1127 ι
2878 1075 2943 1131 iu
2973 1076 3061 1130 die
3101 1076 3187 1129 illa
3222 1074 3531 1129 cantabitur

1961 1171 2233 1225 canticum
2286 1170 2430 1226 istud
2489 1173 2542 1225 in
2603 1178 2748 1224 terra
2791 1168 2927 1224 Iuda
2956 1184 2972 1222 :
3002 1168 3148 1223 Urbs
3194 1164 3532 1221 fortitudinis

1960 1271 2185 1325 nostrm,
2232 1261 2499 1329 Salvator,
2533 1271 2762 1333 ponetur
2791 1263 2841 1317 in
2885 1279 2946 1316 ea
2998 1277 3183 1315 murus
3206 1269 3258 1315 et
3288 1270 3535 1313 antemu-

1957 1354 2095 1407 rale.
2135 1373 2154 1406 ι
2181 1353 2326 1408 LXX
2359 1371 2373 1408 :
2411 1373 2429 1406 ι
2461 1353 2517 1408 lu
2549 1355 2634 1409 die
2657 1354 2748 1408 illa
2775 1355 3070 1410 cantabunt
3094 1352 3363 1407 canticum
3386 1350 3532 1404 istud

1962 1459 2126 1513 super
2176 1454 2379 1500 terram
2429 1442 2669 1499 iudream
2700 1462 2715 1500 :
2748 1445 2885 1500 Ecce
2920 1446 3111 1500 civitas
3148 1443 3331 1506 fortis,
3359 1452 3412 1495 et
3447 1455 3535 1496 sa-

1959 1534 2138 1589 lutare
2175 1546 2422 1590 nostrum
2477 1546 2640 1605 ponet
2680 1552 2895 1591 murum
2937 1546 2985 1591 et
3028 1536 3465 1590 circuntmura‘e.
3509 1552 3528 1584 ι

1961 1627 2095 1682 Cum
2122 1627 2439 1683 humiliatus
2473 1627 2635 1684 fuerit
2669 1628 2846 1694 Moab,
2895 1638 2948 1682 et
3013 1629 3287 1683 detractus
3319 1627 3383 1679 ad
3422 1637 3535 1679 ter-

282 1751 417 1790 θυαε,
443 1736 544 1789 sub
573 1750 660 1798 eo,
690 1734 834 1788 sicut
870 1730 1115 1787 extendit
1135 1740 1329 1785 natans
1350 1730 1414 1783 ad
1446 1727 1766 1790 natandum,
1796 1734 1851 1781 et
1885 1724 1925 1779 Β
1959 1735 2071 1774 ratu
2103 1737 2271 1792 usque
2304 1723 2370 1776 ad
2404 1724 2703 1793 pulverem,
2731 1733 2784 1777 et
2807 1739 2998 1777 omnes
3024 1722 3235 1776 inimici
3271 1720 3535 1785 substratt

286 1827 666 1884 bumiliabitur
685 1825 853 1895 gloria
881 1824 1001 1893 ejus
1027 1838 1149 1878 cum
1170 1821 1413 1876 allisione
1432 1820 1853 1889 manuumrejus.

282 1917 355 1971 Et
383 1916 721 1970 munimenta
753 1913 1063 1968 sublimium
1110 1926 1389 1967 murorum
1424 1921 1639 1965 tuorum
1673 1910 1857 1966 conci-

286 2009 440 2071 dent,
474 2018 525 2061 et
558 2006 986 2061 humiliabuutur
1043 2013 1097 2058 et
1157 2004 1515 2060 detrahentur
1556 2004 1611 2057 iit
1658 2013 1855 2059 terram

286 2116 465 2171 usque
491 2100 559 2155 ad
590 2099 882 2168 pulverem.
904 2116 923 2148 ι
949 2096 1212 2165 Absorpta
1243 2098 1491 2160 mortein
1513 2107 1854 2168 perpetuum,

284 2194 526 2265 populus
562 2190 655 2245 Dei
708 2192 800 2259 qui
848 2189 914 2244 de
964 2204 1126 2243 manu
1161 2191 1355 2244 mortis
1384 2189 1545 2244 fuerit
1576 2176 1858 2255 liberatus,

291 2285 440 2338 dicet
489 2281 558 2335 ad
618 2281 898 2335 Dominum
943 2297 958 2332 :
986 2281 1128 2335 Ecce
1156 2280 1301 2335 Deus
1330 2288 1516 2335 noster
1542 2281 1669 2346 iste,
1700 2297 1857 2350 quem

285 2374 559 2429 increduli
595 2373 866 2427 hominem
907 2382 1115 2426 tantum
1160 2374 1457 2444 putabant;
1494 2382 1546 2426 et
1576 2382 1859 2441 exspecta~

288 2466 470 2521 vimus
493 2480 649 2529 eutn,
691 2466 793 2519 hoc
824 2474 931 2527 εει,
980 2464 1160 2519 verbis
1193 2466 1310 2533 ejus
1347 2465 1697 2532 credidimus,
1736 2467 1860 2535 quia

286 2572 386 2611 sua
410 2558 681 2627 promissa
710 2558 1029 2627 complebit,
1059 2567 1113 2612 et
1156 2558 1389 2613 salvabit
1418 2572 1533 2613 nos.
1562 2555 1859 2627 Propterea

286 2650 411 2720 ejus
442 2650 645 2704 auxilio
686 2650 753 2704 de
801 2652 1050 2705 faucibus
1099 2650 1292 2705 mortis
1328 2651 1517 2720 erepti,
1571 2650 1864 2706 exsultabi-

286 2758 419 2798 mus
450 2753 506 2797 et
531 2743 833 2797 ltetabitnur
879 2744 932 2796 in
963 2756 1029 2797 eo
1059 2759 1074 2797 :
1102 2752 1157 2797 et
1196 2757 1389 2797 manus
1436 2751 1599 2812 atque
1626 2745 1744 2813 ejus
1770 2758 1863 2814 po-

282 2836 465 2889 tentia
494 2835 799 2904 requiescet
847 2834 900 2889 in
952 2843 1132 2889 monte
1175 2836 1299 2890 isto.
1330 2834 1407 2891 De
1443 2851 1550 2905 quo
1578 2851 1742 2906 supra
1780 2837 1858 2892 le-

286 2929 471 2997 gimus
514 2946 529 2982 :
578 2927 709 2981 Cum
762 2929 1051 2996 regnaverit
1106 2928 1359 2981 Dominus
1420 2929 1743 2984 exercituum
1809 2932 1863 2983 in

295 3030 469 3073 monte
500 3019 650 3082 Sion,
682 3031 730 3073 et
765 3023 817 3073 in
852 3018 1172 3087 Jerusalem,
1208 3030 1255 3074 et
1284 3021 1336 3074 in
1367 3030 1643 3090 conspectu
1674 3038 1862 3076 senum

1963 1821 2166 1878 Christi
2196 1820 2445 1891 pedibus,
2480 1828 2609 1873 tunc
2642 1817 2954 1872 cantabitur
2990 1818 3262 1871 canticum
3301 1813 3445 1868 istud
3479 1814 3536 1866 in

1964 1924 2107 1969 terra
2125 1912 2276 1968 ludat
2298 1912 2411 1969 sive
2428 1908 2634 1978 Iudaea,
2661 1911 2803 1982 quod
2837 1910 3216 1978 interpretatur
3246 1915 3535 1973 utrumque

1964 2005 2266 2075 confessio:
2293 2012 2351 2059 ut
2397 2004 2671 2072 quomodo
2705 2000 2837 2055 Sion
2896 2010 2951 2054 et
2997 1996 3296 2053 JeruSuIem
3347 1997 3536 2050 urbem

1965 2096 2241 2151 caelestem
2279 2094 2665 2157 intelleximus,
2696 2089 2771 2145 ita
2800 2101 2855 2145 et
2892 2091 3168 2160 regionem
3202 2087 3362 2157 hujus
3386 2086 3537 2140 urbis

1964 2189 2363 2246 confessionem
2422 2186 2445 2217 ¹
2511 2185 2786 2241 caelestem
2842 2182 3232 2252 intelligamus.
3291 2178 3537 2248 Denique.

1966 2286 2141 2341 sancti
2171 2283 2223 2337 in
2266 2294 2407 2336 terra
2457 2280 2631 2335 aliena
2684 2292 2901 2332 carmen
2939 2274 3137 2329 ludam:
3173 2283 3397 2328 cantare
3442 2286 3539 2325 no-

1966 2377 2163 2439 lentes,
2198 2377 2386 2431 dicunt
2414 2392 2428 2431 :
2464 2374 2734 2440 Quomodo
2770 2371 3100 2425 cantabimus
3131 2369 3395 2422 canticum
3426 2366 3535 2420 Do-

1967 2470 2106 2521 mino
2128 2469 2339 2522 interra
2368 2463 2734 2535 aiiena(PsaL
2756 2478 2977 2526 cxxxvt,
3009 2461 3105 2530 l)?
3137 2459 3247 2527 Ego
3278 2468 3406 2529 puto
3435 2460 3537 2513 hoc

1967 2576 2085 2616 esse
2105 2561 2400 2623 canticum,
2425 2558 2489 2613 de
2514 2574 2620 2627 quo
2646 2569 2697 2613 et
2716 2556 2768 2610 itt
2807 2556 2912 2609 alio
2960 2554 3077 2609 loco
3106 2554 3312 2608 sanctis
3338 2551 3535 2620 prteci‘

1970 2656 2115 2725 pitur
2143 2670 2159 2710 ;
2185 2653 2409 2707 (imitate
2444 2652 2667 2706 Domino
2702 2650 2969 2704 canticum
2993 2663 3183 2701 novant
3210 2645 3394 2716 (Psal.
3414 2659 3533 2708 xcv,

1972 2747 2046 2813 1).
2080 2745 2193 2799 Erit
2216 2754 2395 2799 autem
2449 2744 2716 2799 canticum
2765 2743 2867 2823 hoc
2912 2741 3052 2810 quod
3084 2740 3327 2807 sequitur
3355 2754 3367 2791 :
3400 2734 3536 2790 Urbs

1966 2839 2296 2908 fortitudinis
2328 2849 2515 2892 ηοω-(ι’
2534 2836 2800 2892 Salvator.
2826 2835 2955 2901 Qum
2982 2843 3066 2888 est
3092 2832 3192 2886 ista
3212 2830 3380 2885 urhs?
3408 2830 3539 2895 Quae

1924 2951 1937 2962 ·
1972 2934 2027 2986 in
2059 2940 2238 2987 monte
2282 2933 2386 2987 sita
2416 2931 2581 2985 latere
2618 2944 2724 2983 non
2754 2938 2932 2998 pctest
2964 2926 3171 2996 (Matth.
3205 2926 3282 2989 v).
3319 2922 3391 2977 De
3430 2936 3538 2993 qua

1972 3032 2021 3077 et
2058 3024 2110 3076 iu
2142 3022 2249 3075 alio
2271 3023 2388 3075 loco
2414 3020 2674 3088 scriptum
2703 3030 2785 3074 est
2811 3036 2828 3074 :
2856 3017 2903 3070 F
2910 3018 3122 3072 taurinis
3150 3018 3374 3086 impetus
3404 3015 3539 3069 ια’ιί-

290 3128 513 3165 sttoram
561 3112 719 3180 fuerit
796 3110 1126 3182 gloriﬁcatur:
1190 3110 1322 3181 (Isa.
1363 3088 1511 3175 xxiv,
1559 3112 1670 3183 25).
1712 3112 1868 3168 Moab
1892 3088 1937 3146 (ί
1966 3114 2094 3185 {teat
2133 3115 2393 3167 civitatem
2425 3112 2517 3167 Dei
2541 3110 2719 3183 (Psal.
2765 3126 2886 3174 ην,
2915 3111 3006 3181 5);
3038 3119 3094 3164 et
3122 3123 3377 3165 rursum;
3411 3105 3539 3162 Clo-

293 3213 499 3266 autem,
531 3203 675 3271 quod
702 3202 1095 3268 interpretatur
1122 3202 1185 3255 de
1225 3211 1397 3272 patre,
1431 3203 1500 3255 ita
1533 3211 1864 3269 conteretur,

292 3304 356 3348 ut
388 3294 569 3347 Solent
612 3293 859 3363 plausu-0
904 3294 1072 3364 palea:
1116 3296 1348 3349 conteri.
1378 3293 1489 3349 lloc
1522 3295 1672 3361 juxta
1707 3295 1866 3349 ritmn

294 3386 539 3456 loquitur
571 3387 868 3442 Palaestinae
888 3397 943 3441 et
976 3388 1267 3442 multarum
1294 3387 1532 3443 Orientis
1567 3389 1870 3457 provincia-

296 3494 443 3543 rum,
498 3494 618 3546 quz
667 3480 738 3535 ob
778 3490 1054 3548 pratorum
1089 3489 1143 3535 et
1183 3480 1291 3534 feni
1344 3481 1651 3549 penuriam,
1683 3482 1869 3552 paleas

294 3580 610 3640 praeparant
645 3572 765 3626 esui
800 3574 1184 3627 animantium.
1215 3572 1357 3628 Sunt
1393 3585 1572 3630 autem
1602 3584 1867 3644 carpenta

292 3662 523 3724 ferrata.
570 3664 703 3717 rotis
742 3679 837 3733 per
874 3664 1111 3721 medium
1146 3665 1202 3719 in
1239 3673 1514 3721 serrarur’n
1548 3668 1767 3723 modum
1809 3684 1870 3725 se

297 3754 659 3817 volventibus,
708 3770 831 3823 quae.
877 3755 1132 3823 stipulam
1195 3768 1510 3822 conterunt,
1558 3768 1613 3812 et
1640 3761 1871 3815 commi-

294 3857 470 3898 nuunt
502 3848 556 3898 in
586 3846 791 3913 paleas.
827 3845 1109 3912 Quomodo
1143 3847 1311 3917 igitur
1354 3850 1614 3916 plaustris
1649 3850 1868 3908 ferratis

293 3940 460 4007 palea:
505 3947 887 4004 conteruntur,
952 3940 1033 3994 sic
1088 3949 1406 3996 conteretur
1459 3941 1617 3999 Moab
1646 3944 1747 3999 sub
1780 3960 1866 4010 eo,

294 4033 407 4084 sive
441 4030 546 4083 sub
581 4028 673 4082 Dei
709 4030 968 4098 potentia,
1011 4030 1126 4084 sive
1179 4031 1232 4085 in
1287 4034 1605 4104 semetipso,
1642 4044 1700 4089 ut
1730 4036 1867 4091 nihil

293 4121 346 4172 iu
375 4135 444 4174 eo
477 4119 673 4189 integri
715 4130 1009 4175 remaneat.
1058 4119 1123 4174 Et
1146 4121 1287 4176 sicut
1317 4123 1454 4178 solet
1486 4126 1574 4193 qui
1601 4135 1751 4181 natat
1782 4133 1865 4179 ιο-

296 4222 402 4263 tum
425 4226 629 4280 corpus
657 4211 944 4267 extendere
974 4228 991 4266 :
1029 4213 1100 4267 ita
1126 4213 1218 4268 ille
1259 4213 1325 4268 de
1354 4231 1450 4271 sua
1485 4219 1722 4285 putentia
1752 4217 1869 4271 alli-

293 4304 451 4357 detur
484 4304 542 4356 itt
574 4313 804 4369 terram,
867 4314 922 4358 et
969 4320 1133 4360 ruens
1185 4309 1421 4362 sonitum
1456 4307 1642 4365 faciet.
1671 4310 1863 4366 Omnia

1970 3207 2109 3259 riosa
2144 3205 2287 3258 dicta
2316 3213 2437 3257 sunt
2467 3206 2531 3257 de
2565 3214 2634 3269 te,
2662 3205 2847 3258 civitas
2882 3202 2977 3257 Dei
3000 3201 3176 3275 (Psal.
3209 3218 3433 3269 Lxxxvt,
3457 3201 3537 3272 5).

1973 3294 2142 3365 llujus
2175 3294 2425 3349 urbisille
2453 3295 2703 3348 conditor
2723 3295 2917 3365 est,;de
2951 3311 3062 3366 quo
3083 3296 3323 3365 loquitur
3342 3293 3535 3349 Pater:

1966 3387 2075 3443 Iste
2097 3387 2381 3442 aediﬁcavit
2404 3387 2672 3441 civitatem
2692 3404 2862 3443 nteant
2891 3406 2906 3455 ;
2930 3388 3185 3443 imourbs
3202 3387 3541 3444 fortitudinis

1970 3488 2170 3534 nostra:
2225 3478 2477 3533 Salvator
2522 3490 2628 3545 est,
2688 3481 2740 3535 id
2776 3492 2884 3546 est,
2908 3480 3090 3538 Jesus.
3124 3482 3182 3535 Et
3209 3497 3447 3555 ponetur
3485 3487 3540 3541 in

1920 3628 1927 3634 ,
1969 3585 2032 3625 ea
2064 3587 2251 3625 murus
2280 3581 2331 3626 ct
2366 3573 2948 3630 antetnuralezmurus
2989 3575 3254 3631 bonorum
3284 3592 3539 3645 operum,

1970 3672 2026 3717 et
2051 3665 2393 3717 antemurale
2417 3674 2577 3718 recta:
2612 3664 2759 3730 fidei,
2803 3676 2863 3722 ut
2908 3668 3108 3737 duplici
3140 3680 3291 3737 septa
3325 3672 3396 3725 sit
3423 3687 3543 3726 mu-

1973 3754 2234 3809 nimento.
2272 3754 2386 3810 Non
2432 3756 2576 3811 enim
2634 3758 2831 3814 sullicit
2886 3775 3102 3814 murum
3140 3762 3343 3818 habere
3391 3763 3536 3829 ﬁdei.

1972 3846 2073 3901 nisi
2104 3848 2218 3916 ipsa
2246 3847 2381 3902 fides
2414 3850 2571 3905 bonis
2600 3853 2855 3921 Operibus
2887 3853 3255 3911 confirmetur.
3289 3855 3389 3912 llic
3421 3872 3541 3912 mu-

1971 3955 2065 3996 rus
2090 3951 2143 3995 et
2170 3943 2272 3996 hoc
2302 3945 2644 3999 antemurale
2681 3945 2798 4000 sive
2826 3945 3268 4012 circummurale,
3300 3950 3369 4006 de
3400 3951 3541 4005 vivis

1970 4034 2238 4104 lapidibus
2262 4036 2585 4101 exstruitur,
2610 4039 2700 4105 qui
2718 4038 2877 4106 juxta
2906 4040 3223 4108 prophetam
3251 4042 3542 4098 volvuntur

1970 4141 2135 4197 super
2184 4135 2409 4182 terram.
2466 4126 2570 4182 Pro
2603 4127 2860 4207 3Me0
2917 4132 3059 4200 quod
3119 4148 3218 4189 nos
3251 4134 3537 4196 vertimus.

1969 4219 2315 4282 antemarale,
2350 4219 2705 4291 Symmachus
2728 4222 3122 4288 ﬁrmamentum
3153 4225 3541 4296 interpretatus

1970 4320 2055 4366 est
2087 4326 2103 4375 ;
2136 4322 2192 4365 ttl
2215 4312 2317 4379 ipsi
2348 4315 2490 4368 muri
2532 4315 2924 4371 munitionibus
2959 4317 3126 4373 cincti
3162 4318 3294 4382 sint,
3316 4328 3372 4374 et
3400 4319 3542 4373 vallo

292 4413 508 4466 quoque
537 4398 874 4452 munimenta
912 4397 1224 4453 sublimium
1271 4402 1513 4456 virorum
1553 4403 1717 4468 illius,
1748 4406 1863 4463 sive
1896 4423 1941 4476 ι)
1971 4400 2223 4472 fossaque
2249 4414 2304 4457 θι
2334 4405 2453 4460 aliis
2486 4408 2678 4471 muris.
2710 4423 2849 4477 quos
2875 4410 2930 4464 in
2950 4410 3307 4467 tediiicatioue
3332 4421 3542 4468 castro-

295 4503 599 4551 tnurorum,
639 4496 697 4541 ut
737 4489 790 4541 in
820 4489 1094 4545 llcbraico
1129 4492 1461 4558 continetur,
1491 4496 1783 4551 concident
1811 4505 1866 4552 et

291 4575 742 4641 butniliabuntur,
786 4588 842 4632 et
871 4579 1222 4634 detrahentur
1261 4583 1314 4636 iu
1354 4591 1550 4638 terram
1593 4600 1764 4655 usque
1795 4588 1863 4642 ad

296 4670 573 4736 pulverem
604 4670 961 4726 comminuta.
1005 4669 1174 4741 igitur
1204 4690 1380 4728 sermo
1404 4677 1759 4746 propheticus
1801 4678 1864 4733 li-

295 4770 375 4814 cet
406 4762 476 4813 de
509 4763 982 4817 consummatione
1012 4767 1193 4820 tuuudi
1232 4768 1563 4836 generaliter
1598 4780 1745 4824 texat
1773 4787 1866 4825 va~

296 4851 563 4915 licinium,
599 4862 775 4905 tamen
806 4868 872 4906 ne
903 4857 1183 4921 praesentia
1230 4859 1454 4914 omnino
1494 4860 1741 4916 videatur
1767 4880 1863 4918 ne-

295 4943 522 5011 gligere,
553 4944 799 4997 nominat
844 4944 1019 5009 Moab,
1059 4948 1148 5016 qui
1178 4947 1281 5001 fuit
1310 4951 1565 5006 inimicus
1593 4951 1775 5021 Israel,
1811 4958 1864 5011 in

296 5043 504 5088 tantum
537 5043 595 5087 ut
630 5032 789 5105 3&3
827 5035 1030 5091 faceret
1074 5053 1168 5093 eos
1213 5040 1471 5098 fornicari
1505 5061 1627 5099 cum
1664 5046 1865 5102 Modia-

297 5128 442 5188 nitis,
474 5137 534 5179 et
564 5127 873 5180 consecrari
899 5127 1048 5182 idolo
1081 5129 1437 5202 Beelpbegor,
1466 5137 1563 5204 qui
1594 5139 1866 5207 interpre-

298 5224 436 5269 tatur
488 5215 740 5285 l‘riapus,
796 5231 985 5273 contra
1039 5237 1198 5289 quem
1262 5222 1530 5280 Jeremias
1576 5227 1861 5298 loquitur:

298 5304 610 5376 Egredietur
638 5308 863 5363 Citamos
887 5311 943 5365 ia
982 5315 1366 5383 captivitatem,
1400 5321 1693 5375 sacerdotes
1720 5322 1863 5377 illius

373 5459 390 5491 ⁸
420 5458 1161 5547 UrbisAconfessionemtetc.
1213 5470 1338 5527 Haec
1392 5475 1547 5529 verba
1583 5479 1866 5547 confessio-

300 5545 407 5607 nem
430 5531 691 5618 caelestem
712 5531 1003 5618 leguntur
1024 5542 1089 5618 in_
1108 5557 1256 5618 mss,
1277 5545 1462 5618 codice
1511 5545 1668 5600 Silva:
1685 5531 1867 5618 ’111010-

301 5615 372 5675 trs
412 5617 427 5664 ;
464 5616 587 5679 qua:
617 5614 807 5679 tamen
840 5610 1035 5679 desunt
1078 5613 1132 5664 iu
1174 5613 1412 5669 editione
1446 5610 1865 5674 Erasmiana'ac

304 5683 355 5721 ιιι
389 5675 573 5727 multis
601 5675 996 5745 exetnplaribus
1032 5686 1415 5753 tnauuscriptis
1445 5687 1858 5757 antiquissimis.

1972 4511 2091 4550 rum
2124 4497 2300 4550 solent
2326 4496 2581 4551 [urit-alas
2607 4499 2829 4557 dicere.-

2044 4588 2200 4643 Vers.
2239 4589 2385 4657 2-4.)
2419 4607 2438 4642 t
2470 4591 2691 4658 Aperite
2719 4602 2923 4660 portas,
2958 4602 3014 4650 et
3039 4594 3375 4667 ingrediatur
3408 4613 3540 4668 gens

1964 4678 2131 4748 juSIa,
2154 4679 2469 4734 custodiens
2508 4681 2813 4736 veritatem.
2862 4680 3029 4738 Vetus
3056 4701 3214 4739 error
3239 4687 3392 4751 abiit,
3427 4700 3541 4740 ser-

1968 4773 2123 4827 vabis
2152 4787 2376 4842 pacem:
2416 4787 2626 4841 pacem,
2660 4774 2787 4842 quia
2822 4776 2874 4830 iu
2922 4786 2975 4830 te
3008 4778 3372 4846 speravimus.
3404 4777 3540 4843 Spe-

1969 4866 2133 4920 rastis
2192 4866 2244 4919 in
2292 4865 2524 4920 Domino
2593 4867 2646 4921 in
2714 4869 2931 4923 saeculis
2988 4869 3278 4923 teternis.»
3348 4869 3533 4926 LXX:

1974 4977 1991 5009 ι
2028 4959 2247 5026 Aperite
2303 4968 2507 5026 portas,
2559 4959 2895 5030 ingrediatur
2948 4959 3177 5030 populus
3222 4963 3538 5017 custodiens

1965 5051 2253 5121 justitiam,
2301 5061 2357 5106 et
2393 5054 2712 5108 custodiens
2764 5055 3084 5121 veritatem;
3128 5056 3538 5123 apprehendens

1970 5142 2276 5210 veritatem,
2314 5152 2371 5197 et
2414 5145 2730 5199 custodiens
2752 5159 2974 5215 pacem:
3035 5158 3242 5215 pacem,
3280 5150 3535 5218 quoniam

1970 5233 2020 5287 in
2056 5244 2108 5287 te
2127 5245 2506 5303 speraverant,
2533 5236 2776 5301 Domine,
2798 5250 2971 5305 usque
2993 5236 3046 5291 iu
3067 5240 3479 5309 sempiternum.
3513 5259 3532 5290 ι

1967 5324 2141 5382 Omne
2170 5327 2269 5382 hoc
2298 5329 2569 5383 canticum
2605 5328 2745 5397 quod
2778 5328 2830 5380 in
2887 5337 3034 5384 terra
3088 5329 3452 5384 confessionis
3484 5341 3541 5382 et

1968 5478 2235 5556 lixarum.
2271 5509 2342 5520 --
2385 5482 2497 5536 Duo
2546 5483 2736 5556 iSthtec
2786 5485 2973 5547 verba.
3018 5487 3393 5556 confessiongrtt
3435 5500 3538 5537 cae-

1967 5551 2166 5627 lestem,
2206 5567 2351 5627 qute
2385 5568 2448 5606 ex
2496 5570 2605 5607 ttno
2662 5554 2821 5610 Stlvtn
2874 5551 3254 5627 majoris-tus.
3284 5554 3533 5608 Martiau.

1967 5623 2273 5690 suti‘eccrat,
2324 5625 2427 5701 duo
2479 5626 2650 5681 nostri
2721 5626 2889 5683 Vatic.
2951 5623 3006 5685 et
3063 5627 3299 5684 i‘alatin.
3336 5627 3533 5683 contir-

1967 5704 2135 5746 "iam.
