3972 6198
285 377 396 445 30-3
430 380 437 385 ’

756 382 1265 446 COMMENTAR.
1317 386 1399 447 IN
1439 386 1709 451 ISAIAM
1750 390 2218 457 PROPHETAM
2254 398 2405 460 LIB.
2447 400 2620 469 Vili,
2660 398 2824 459 CAP.
2862 399 3071 462 XXVI.

3446 403 3560 465 306

288 490 494 544 dicitur
528 506 582 546 In
638 493 800 562 (την),
848 494 942 549 sed
1001 508 1157 550 Cum
1241 494 1417 566 (ΠΊὍ)
1465 511 1625 566 quam
1680 496 1874 568 Aquila
1908 505 2343 574 Aeonﬂdenter,
2402 505 2610 561 Larabo
2655 523 2750 575 per
2802 508 3040 579 singulas
3107 516 3281 562 nocte:
3361 509 3550 565 lectum

287 583 556 653 πολίχνην
582 583 970 654 interpretatus
995 596 1101 651 est,
1132 601 1294 653 quam
1322 603 1442 651 nos,
1479 589 1567 644 vel
1622 591 1873 647 civitatu-

284 674 420 740 lam,
457 677 542 730 vel
573 677 823 743 viculum,
860 677 943 732 vel
973 678 1281 747 oppidulum
1315 695 1611 752 possumus
1666 684 1869 749 dicere,

286 776 341 820 et
376 774 691 837 trequenter
721 769 775 824 in
827 768 1126 839 Scripturis
1159 773 1263 828 hoc
1297 772 1518 829 nomine
1571 776 1874 846 appellatur

288 852 620 913 Jerusalem.
663 860 1006 929 Pulchraque
1045 862 1317 929 duplicem
1369 863 1729 921 humilitatem
1783 882 1878 937 po-

290 951 455 1004 suit:
547 950 883 1016 llumiliabit,
928 955 1229 1008 humiliabit
1284 971 1426 1019 eam,
1476 958 1707 1025 primum
1776 960 1877 1013 sub

292 1039 636 1109 B.byloniis,
666 1044 889 1111 quando
917 1044 1173 1113 templum
1231 1049 1566 1104 destructum
1624 1056 1730 1115 est,
1785 1064 1873 1107 se—

293 1132 479 1184 tundo
514 1132 616 1186 sub
641 1133 766 1186 Tito
798 1144 854 1189 et
883 1132 1242 1205 Vespasiano,
1289 1138 1445 1206 cujus
1499 1141 1655 1194 ruina
1706 1156 1878 1210 usque

291 1223 350 1276 in
383 1223 545 1278 tinem
574 1238 875 1293 permanet.
908 1226 1251 1283 Conculcabit
1274 1246 1390 1285 eant
1422 1248 1530 1300 pes,
1582 1233 1880 1302 repetitque

292 1323 348 1369 et
373 1317 590 1383 ιοιιυιειι
612 1318 769 1384 pedes
799 1321 1065 1387 pauperis,
1090 1320 1236 1376 haud
1261 1323 1483 1378 dubiutn
1508 1325 1636 1393 quin
1652 1325 1877 1381 Christi.

292 1405 372 1460 De
400 1423 509 1476 quo
532 1418 764 1477 etsupra
800 1411 1036 1465 diximus
1074 1429 1088 1468 :
1128 1409 1327 1467 Factus
1360 1424 1436 1468 est
1461 1414 1721 1483 fortitudo
1744 1414 1881 1486 pau-

292 1499 733 1568 peri;[ortitudo
767 1518 921 1571 egeno
980 1504 1033 1556 in
1065 1504 1410 1560 tribulatione
1464 1524 1584 1562 sua.
1641 1509 1879 1565 Gressus

292 1605 613 1658 egenorum,
664 1594 1033 1663 apostolorum
1066 1597 1293 1663 scilicet,
1318 1599 1407 1666 qui
1462 1598 1740 1657 imitantes
1772 1600 1877 1655 Do-

297 1680 1037 1751 miniptupertatem,etiam
1091 1688 1308 1744 virtutis
1367 1691 1487 1759 ejus
1538 1692 1875 1762 privilegium

294 1776 578 1827 consecuti
609 1784 737 1829 sunt
768 1793 784 1842 ;
814 1777 907 1846 qui
939 1794 1045 1833 non
1066 1782 1298 1851 recepti,
1325 1794 1878 1852 excusseruntsnper

295 1880 411 1918 cam
442 1866 719 1931 pulverem
754 1869 951 1936 pedum
987 1885 1237 1926 suorum.

298 1969 440 2010 vator
458 1958 503 2010 is
526 1958 729 2012 dicitur
753 1960 955 2025 verbis,
980 1961 1163 2018 Omnis
1189 1966 1280 2032 qui
1321 1981 1375 2018 se
1432 1967 1656 2028 exultat,
1707 1968 1885 2021 Immi-

296 2050 523 2102 liabitur
544 2063 563 2100 :
596 2059 646 2103 et
681 2051 771 2118 qui
800 2068 855 2105 se
877 2050 1150 2118 humiliot,
1201 2056 1525 2110 exaltabitur
1547 2056 1713 2126 (Luc.
1766 2074 1877 2124 XlV,

298 2140 357 2193 ll
384 2144 424 2207 ),
453 2156 561 2195 non
590 2140 761 2195 solum
793 2142 896 2198 hoc
926 2144 992 2198 ad
1026 2145 1296 2211 botnines,
1322 2150 1416 2201 sed
1481 2149 1548 2201 ad
1579 2153 1884 2205 contrarias

296 2245 515 2297 quoque
546 2230 889 2288 fortitudines
933 2233 1135 2287 referre
1168 2249 1481 2302 possumus.
1526 2237 1689 2293 Juxta
1714 2240 1879 2305 LXX,

296 2321 483 2376 lauch
512 2320 622 2377 Deo
660 2322 929 2392 PrOpbeta
957 2326 1233 2388 decantat,
1285 2328 1427 2396 quod
1473 2346 1663 2384 ornues
1688 2346 1885 2401 super-

300 2413 396 2466 bos
426 2414 694 2479 bumiliet,
730 2427 786 2470 et
841 2417 1218 2471 universarum
1284 2419 1496 2474 urbium
1548 2424 1879 2476 munimenta

297 2523 474 2575 usque
507 2507 576 2561 ad
599 2508 996 2570 solnmdiruat.
1026 2519 1080 2562 et
1107 2520 1417 2565 sanctorum
1449 2528 1513 2566 ea
1561 2514 1881 2585 initiumque

295 2610 349 2653 et
370 2600 659 2654 bmnilium
684 2601 896 2655 calcent
926 2601 1115 2670 pedes.

368 2691 568 2759 (Vers.
600 2692 762 2763 7-9.)
826 2712 844 2745 ι
877 2692 1081 2749 Semita
1140 2694 1274 2763 justi
1338 2704 1482 2750 recta
1517 2706 1621 2763 est,
1691 2708 1873 2751 rectus

300 2786 456 2839 callis
484 2784 620 2853 justi
654 2785 721 2840 ad
751 2786 1137 2842 ambulandum
1166 2828 1180 2852 ,
1212 2798 1267 2843 et
1302 2789 1356 2844 in
1409 2789 1601 2842 semita
1642 2788 1877 2858 judiciu-

300 2894 414 2930 rum
449 2889 690 2945 tuorum,
732 2878 980 2944 Domine,
1006 2880 1367 2935 sustinuimus
1393 2890 1464 2946 te,
1502 2896 1699 2935 nomen
1726 2890 1874 2935 tuum

296 2982 343 3021 et
369 2970 682 3023 memoriale
713 2981 859 3025 tuutn
894 2971 951 3024 in
986 2971 1254 3026 desiderio
1284 2972 1479 3026 animae
1506 2989 1522 3028 :
1548 2973 1727 3027 anima
1757 2988 1874 3027 mea

297 3063 627 3116 desideravit
651 3072 700 3117 te
734 3064 787 3117 in
824 3072 1001 3118 nocte.
1039 3080 1058 3114 ι
1100 3062 1238 3117 LXX
1287 3080 1302 3120 :
1341 3081 1360 3116 ι
1455 3062 1553 3116 Via
1601 3064 1871 3132 justorutu

298 3164 469 3215 recta,
497 3162 642 3207 recta
679 3153 818 3208 facta
859 3163 942 3209 est
979 3154 1371 3224 viajustorum,
1432 3163 1481 3209 et
1550 3165 1868 3223 praeparata.

311 3246 401 3300 Via
436 3246 587 3301 enim
624 3246 829 3300 Domini
856 3246 1511 3316 judicium,speravimus
1567 3248 1618 3299 in
1655 3247 1872 3303 nomine

300 3348 389 3390 tuo
424 3376 442 3401 ,
476 3347 531 3391 et
563 3336 613 3390 in
632 3339 887 3392 memoria
909 3353 1069 3405 quam
1091 3338 1365 3392 desiderat
1397 3339 1578 3392 anima
1619 3347 1824 3392 nostra.
1846 3356 1867 3389 ι

295 3430 488 3482 Adhuc
522 3428 790 3497 Propheta
827 3430 893 3484 de
921 3429 1140 3484 Christo
1172 3429 1434 3500 loquitur,
1467 3430 1535 3486 de
1559 3445 1667 3497 quo
1708 3444 1870 3499 supra

296 3524 542 3576 dixerat:
568 3521 906 3576 Conculcabit
937 3538 1052 3576 eam
1082 3538 1191 3589 pes,
1225 3522 1380 3592 pedes
1402 3523 1674 3592 pauperis.
1701 3519 1872 3590 llujus

296 3628 391 3682 ego
417 3613 555 3683 justi
579 3612 775 3668 semita
804 3624 952 3668 recta
987 3623 1094 3679 est,
1118 3612 1257 3679 sive,
1288 3623 1349 3666 ut
1370 3616 1592 3667 verbum
1660 3630 1867 3668 novum

296 3707 517 3775 ﬁngam,
558 3705 921 3768 rectitudines,
954 3719 1093 3772 quas
1122 3703 1293 3758 ϐιωςὶ
1317 3712 1515 3758 vocant
1541 3703 1866 3774 εὐθύτητας,

295 3807 472 3851 etuos
511 3795 785 3865 a'quitates
815 3794 1064 3849 Latinius
1124 3810 1417 3864 possumus
1450 3797 1745 3865 appellare,
1787 3798 1869 3850 tli—

294 3897 604 3955 cunturque
670 3885 931 3940 llebraice
1007 3900 1269 3940 usssamu
1318 3889 1592 3958 (Dictum).
1646 3887 1701 3942 ln
1767 3905 1869 3942 una

297 3979 456 4045 igitur
483 3977 691 4031 Christi
722 3976 911 4031 semita
942 3990 1134 4032 omnes
1160 3976 1388 4045 justitia:
1426 3979 1786 4046 reperiuntur,
1818 3988 1871 4034 et

297 4077 581 4139 propterea
613 4083 730 4123 eam
756 4082 856 4123 suo
886 4068 1114 4122 calcavit
1167 4079 1220 4123 et
1262 4068 1409 4122 trivit
1441 4068 1599 4137 pede,
1632 4079 1689 4124 ut
1753 4071 1871 4138 qui-

296 4176 510 4229 cunque
545 4175 642 4230 per
674 4175 792 4215 eam
838 4159 1070 4215 voluerit
1109 4159 1409 4225 ambulare,
1466 4175 1627 4215 cursu
1683 4163 1872 4215 ambu-

297 4253 677 4308 lttinoll'enso.
710 4251 768 4305 in
838 4254 939 4306 hac
985 4252 1181 4307 semita
1235 4252 1564 4321 judiciorum
1631 4251 1865 4319 Domini,

297 4346 673 4398 sustinuerunt
703 4358 829 4397 eum
845 4343 1046 4411 sancti,
1079 4351 1133 4397 et
1153 4352 1509 4412 speraverunt
1544 4345 1594 4397 in
1624 4358 1713 4409 eo,
1744 4345 1869 4414 quia

298 4453 419 4502 spes
451 4452 558 4490 non
581 4434 881 4488 confundit.
906 4434 975 4488 Et
1029 4449 1222 4488 nomen
1255 4435 1396 4488 iitius
1435 4444 1487 4488 et
1556 4437 1871 4491 memoriale

1973 614 2167 662 meum,
2199 609 2246 651 et
2267 597 2516 666 lacrytnis
2544 607 2771 651 uratum
2803 615 2975 653 meum
3045 601 3225 667 rigabo
3266 599 3440 670 (Psal.
3475 617 3550 669 vl,

1983 690 2079 758 7).
2117 691 2303 745 Potest
2330 706 2429 745 nox
2460 701 2516 743 et
2543 693 2804 754 tenebrae.
2842 707 2941 761 pro
2977 692 3329 746 tribulatione
3367 704 3421 746 et
3454 710 3554 747 art-

1986 782 2184 848 attstiis
2208 782 2401 850 accipi.
2430 780 2582 837 Unde
2608 793 2661 836 et
2692 784 2745 837 in
2799 784 2904 837 alio
2935 783 3148 838 Psabno
3202 799 3369 853 super
3418 783 3553 854 justi

1977 873 2266 927 securitate
2282 872 2447 945 358
2473 874 2741 943 Propheta
2765 876 3011 930 decantat
3040 874 3173 932 :Per
3190 875 3326 927 diem
3349 875 3429 927 sol
3448 892 3552 928 non

1976 973 2090 1017 uret
2112 973 2180 1031 te,
2208 980 2372 1032 neque
2393 965 2519 1018 luna
2540 981 2634 1035 per
2652 975 2849 1019 noctem
2872 964 3044 1033 (Paul.
3082 981 3207 1027 cxx,
3239 965 3272 1019 6
3299 968 3341 1035 ),
3367 966 3418 1020 id
3446 966 3554 1030 est,

1976 1070 2078 1109 nec
2109 1056 2163 1110 in
2186 1058 2488 1126 prosperis,
2527 1071 2628 1112 nec
2651 1058 2703 1113 in
2739 1057 2986 1114 adversis
3044 1073 3285 1129 unquam
3343 1057 3413 1113 de
3460 1067 3554 1111 tuo

1978 1149 2287 1205 moveberis
2306 1150 2498 1220 gradu.

2056 1301 2075 1334 ι
2104 1280 2210 1357 Sed
2247 1294 2299 1338 et
2321 1285 2511 1355 spiritu
2536 1302 2658 1340 meo
2694 1288 2745 1339 in
2772 1287 3088 1356 prmeordiis
3117 1288 3271 1352 meis,
3300 1288 3368 1342 ale
3396 1303 3557 1341 mane

1980 1375 2213 1446 vigilabo
2244 1377 2311 1430 ad
2339 1387 2411 1429 te.
2443 1397 2461 1428 ι
2490 1377 2630 1431 LXX
2657 1395 2670 1433 :
2694 1398 2711 1429 ‹
2736 1378 2807 1432 De
2838 1388 2998 1434 nocte
3028 1378 3309 1449 consurgit
3330 1380 3561 1447 spiritus

1980 1483 2131 1523 meus
2160 1468 2227 1522 ad
2266 1480 2337 1535 te,
2372 1469 2514 1523 Deus
2546 1510 2562 1534 ,
2587 1470 2717 1538 quia
2748 1470 2834 1524 lux
2864 1471 3067 1539 judicia
3103 1481 3193 1524 tua
3230 1486 3393 1538 super
3444 1483 3558 1526 ter-

1980 1575 2120 1613 ram.
2156 1579 2175 1612 ι
2220 1558 2484 1615 Volumus
2504 1572 2556 1616 et
2590 1562 2915 1617 Hebraicum
2949 1562 3125 1634 sequi,
3155 1572 3210 1617 et
3264 1562 3557 1633 Vulgatam

1980 1651 2272 1706 editionem
2322 1669 2427 1708 non
2485 1655 2699 1722 penitus
2762 1654 3067 1723 praeterire,
3123 1665 3177 1709 et
3220 1655 3322 1709 bac
3373 1668 3558 1708 rerum

1981 1744 2306 1799 necessitate
2326 1743 2703 1812 compellimur
2728 1744 2945 1800 diverso
2969 1746 3180 1809 ordine,
3233 1754 3399 1814 atque
3437 1761 3559 1800 ser-

1380 1835 1520 1942 qui;
1552 1835 1735 1947 3⁸⁷-
1752 1835 1873 1931 5.Ἀί
1905 1848 1953 1907 Β
1983 1850 2143 1947 unone
2171 1835 2418 1947 diversas
2445 1835 2837 1947 intelligentia:
2875 1851 3141 1947 quaerere.
3190 1836 3358 1906 Igitur
3413 1838 3558 1947 quod

1987 1926 2205 1992 dicitur,
2231 1927 2293 1980 de
2330 1937 2495 1995 nocte,
2518 1927 2671 1997 juxta
2704 1927 2866 1993 LXX,
2893 1929 3052 1998 hujus
3081 1930 3325 1999 capituli,
3360 1938 3421 1983 ιιι
3474 1929 3561 1983 dio

1985 2017 2187 2081 ximus,
2220 2018 2543 2088 principimn
2581 2030 2664 2074 est
2696 2037 2712 2084 ;
2750 2020 2905 2088 juxta
2932 2019 3280 2097 liebraicutn,
3310 2022 3434 2077 linis
3462 2038 3558 2078 su-

1989 2111 2219 2179 perioris
2255 2127 2269 2175 ;
2305 2111 2426 2165 licet
2464 2113 2634 2181 possit
2666 2113 2828 2167 etiam
2850 2114 3007 2183 juxta
3037 2112 3183 2168 ωιχ
3213 2113 3266 2167 iu
3301 2113 3405 2168 lina
3462 2130 3557 2170 ac-

1984 2204 2088 2273 cipi
2123 2204 2424 2274 superioris
2479 2204 2801 2269 testimonii,
2844 2215 2902 2261 ut
2925 2207 2995 2260 sit
3039 2220 3277 2261 sensus:
3339 2206 3561 2261 Deside-

1938 2346 1943 2351 ,
1984 2295 2392 2349 ralanitnamea
2417 2294 2481 2347 ad
2508 2305 2558 2349 te
2577 2308 2767 2360 nocte;
2799 2302 2854 2349 et
2881 2297 3309 2366 posteainuipiat
3350 2312 3365 2353 ;
3403 2297 3558 2349 Mani:

1981 2389 2260 2455 consurgit
2292 2387 2516 2456 spiritus
2554 2403 2706 2442 meus
2725 2388 2791 2441 ad
2838 2398 2911 2449 te,
2976 2387 3142 2447 Deus.
3182 2387 3341 2442 .ldeo
3379 2396 3558 2459 autem

1983 2495 2140 2532 tuane
2175 2478 2481 2546 consurgit,
2516 2478 2639 2545 quia
2669 2477 2759 2532 lux
2793 2486 3059 2548 prmeepta
3094 2487 3183 2532 tua
3244 2492 3411 2545 super
3451 2488 3561 2531 ter-

1984 2587 2118 2623 ram.
2160 2569 2399 2625 Servans
2447 2572 2591 2626 enim
2646 2573 2891 2626 mandata
2950 2580 3061 2635 tua,
3117 2580 3172 2626 et
3224 2571 3559 2625 illutuinatus

1979 2676 2168 2715 eorum
2203 2661 2425 2727 lumine,
2465 2664 2533 2716 de
2559 2663 2755 2731 quibus
2788 2663 2989 2718 dicitur
3020 2680 3036 2717 :
3066 2664 3396 2732 Pra'ceptunt
3456 2663 3561 2717 Do-

1980 2755 2111 2808 mini
2162 2754 2417 2823 lncidum,
2454 2755 2759 2809 illuminans
2816 2755 2996 2810 oculos
3048 2755 3233 2824 (Paul.
3273 2757 3554 2824 xvttt,9),

1979 2847 2219 2901 dormire
2251 2862 2484 2916 nequeo,
2519 2849 2613 2902 sed
2644 2848 2791 2903 omni
2827 2857 3069 2916 tempore
3114 2856 3166 2901 te
3219 2847 3563 2909 desiderans,

1979 2954 2099 2993 meo
2122 2942 2187 2994 ad
2220 2948 2271 2994 te
2296 2954 2563 3009 consurgo
2614 2939 2827 3009 Spiritu.
2872 2938 2936 2993 Et
3007 2942 3107 2995 hoc
3138 2939 3558 3003 observandum,

1977 3033 2121 3102 quod
2153 3032 2210 3085 in
2271 3042 2430 3088 nocte
2489 3032 2664 3087 adhuc
2714 3032 2899 3102 positi,
2966 3030 3146 3086 animo
3194 3030 3560 3085 desideremus

1979 3121 2287 3177 Dominum.
2322 3123 2611 3192 Postquam
2638 3133 2816 3178 autem
2852 3122 3077 3192 spiritus
3119 3130 3308 3177 noster
3344 3122 3398 3174 in
3422 3135 3562 3189 prae-

1896 3192 1941 3254 C
1973 3216 2173 3270 cordiis
2190 3216 2391 3270 nostris
2423 3225 2535 3269 tota
2582 3230 2640 3270 se
2665 3214 2732 3268 ad
2761 3213 2928 3268 Deum
2958 3221 3142 3268 mente
3181 3212 3555 3278 commoverit,

1974 3322 2132 3364 mane
2145 3308 2427 3378 vigilemus
2455 3308 2522 3362 ad
2553 3321 2699 3373 eum,
2719 3315 2881 3377 atque
2907 3315 2964 3361 ut
2995 3305 3335 3361 manifestius
3353 3306 3556 3375 dicam,

1974 3403 2166 3458 animm
2201 3416 2307 3458 nox
2355 3410 2411 3456 et
2435 3399 2789 3465 desiderium,
2823 3399 3406 3469 spirituiautemmaue
3430 3399 3561 3469 jun-

1972 3495 2116 3565 gitur
2142 3502 2198 3549 et
2258 3494 2474 3561 vigiliae.
2518 3492 2684 3548 Porro
2742 3492 2936 3561 spiritu
2972 3494 3023 3545 in
3090 3491 3402 3560 prmcortliis
3447 3492 3562 3545 suis

1960 3586 2272 3656 ‘evigilatad
2314 3584 2507 3649 Deum,
2538 3586 2632 3655 qui
2664 3595 2842 3656 potest
2906 3587 3128 3641 dicere:
3158 3586 3231 3640 De
3282 3584 3563 3656 profundis

1973 3678 2195 3731 clamavi
2222 3677 2291 3731 ad
2335 3687 2405 3745 te,
2424 3676 2861 3748 Domineﬂ’ml.
2902 3693 3088 3742 cutx,
3114 3679 3187 3741 Ι).

2044 3816 2243 3885 (Vers.
2279 3814 2408 3885 10.)
2436 3833 2455 3868 t
2478 3814 2614 3871 Cum
2645 3814 2844 3869 feceris
2880 3815 3079 3885 judicia
3134 3826 3224 3869 tua
3279 3813 3333 3867 iu
3391 3821 3559 3868 terra.

1966 3909 2230 3981 justitiam
2249 3907 2457 3963 discent
2475 3907 2807 3962 habitatores
2825 3906 3351 3961 orbisJiisereamur
3370 3905 3557 3974 impio.

1972 4011 2026 4056 et
2058 4015 2168 4055 non
2194 3999 2364 4053 discet
2417 3997 2706 4066 justitiam,
2738 3996 2792 4050 in
2841 4006 2982 4050 terra
3038 4009 3343 4049 sanctorum
3376 3993 3561 4060 inique

1971 4093 2105 4163 egit,
2125 4101 2179 4148 et
2203 4108 2309 4147 non
2333 4091 2538 4146 videbit
2558 4089 2781 4160 gloriam
2816 4087 3051 4141 Domini.
3080 4103 3098 4137 ι
3127 4085 3268 4140 LXX
3301 4101 3316 4141 :
3346 4104 3364 4137 ι
3392 4083 3562 4141 Justi-

1974 4187 2102 4239 tiam
2129 4184 2342 4250 discite,
2381 4182 2473 4251 qui
2529 4179 2785 4234 babitatis
2818 4192 2980 4245 super
3030 4189 3251 4232 terram.
3305 4176 3557 4231 Cessavit

1971 4277 2116 4329 enim
2135 4274 2356 4344 impius,
2383 4282 2435 4327 et
2463 4287 2567 4326 non
2610 4269 2781 4326 discet
2810 4268 3077 4338 justitiam
3138 4282 3301 4337 snper
3323 4274 3551 4328 terram‘;

1972 4367 2251 4420 veritatem
2284 4363 2587 4427 nonlaciet,
2619 4362 3131 4428 auferaturimpius,
3152 4369 3209 4413 nt
3242 4374 3347 4413 non
3382 4359 3564 4417 videat

1973 4455 2197 4526 gloriam
2222 4452 2455 4507 Domini.
2488 4471 2506 4504 ι
2551 4452 2803 4506 Dicamus
2850 4451 3080 4520 primum
3132 4450 3284 4519 juxta
3334 4448 3563 4504 Ilebrai-

299 4529 603 4582 Inbuerqu
634 4528 685 4579 ἰιι
703 4526 977 4581 desiderio
1005 4527 1219 4589 anitum,
1246 4526 1488 4582 d'ccntes
1519 4544 1534 4583 ζ
1562 4526 1868 4597 Concupirit
1902 4545 1945 4597 ο
1974 4562 2117 4609 cum,
2148 4553 2203 4599 ει
2238 4545 2280 4598 si
2311 4559 2528 4598 sensum
2554 4542 2839 4610 Propheta;
2870 4542 3200 4595 voluerimus
3231 4541 3559 4610 egprjmerc'

298 4623 471 4673 animo
507 4636 625 4671 mea
658 4618 967 4672 desiderare
1006 4619 1217 4689 judicia
1251 4629 1341 4673 tua
1363 4620 1415 4672 in
1450 4621 1590 4674 σηιηὲ
1642 4630 1870 4688 tempore

302 4710 467 4776 (Ρειιι,
507 4727 700 4774 cxvtn,
728 4710 820 4781 20)
845 4726 861 4777 ;
882 4721 931 4765 et
961 4712 1157 4765 iterum
1183 4729 1199 4767 :
1230 4706 1496 4766 Desiderat
1516 4714 1697 4765 animo
1723 4729 1835 4765 nica
1854 4751 1868 4773 ,

298 4814 342 4854 rt
362 4802 551 4868 defecit
572 4804 625 4853 in
640 4801 865 4854 salutari
891 4811 979 4855 tuo
999 4800 1165 4871 (Ibid.
1188 4805 1300 4870 3|).
1319 4803 1419 4870 Qui
1460 4811 1639 4858 autem
1674 4818 1868 4858 nomen

300 4891 509 4946 Domini
554 4894 715 4946 habet
760 4896 813 4947 in
859 4893 1152 4956 desiderio,
1211 4895 1356 4949 aliud
1413 4911 1516 4949 non
1572 4895 1867 4949 desiderat.

303 4982 364 5038 Et
396 4985 501 5038 hoc
542 4986 861 5049 notandum,
893 4987 1032 5052 qttod
1066 4983 1390 5038 desiderium
1429 4983 1641 5037 Domini
1673 4998 1779 5037 non
1816 4984 1868 5036 in

301 5092 461 5130 carne
500 5077 592 5138 sit,
623 5075 716 5129 sed
750 5076 1036 5140 inanima,
1080 5076 1230 5144 juxta
1285 5076 1410 5130 illud
1438 5077 1579 5145 quod
1644 5076 1697 5129 in
1762 5077 1869 5131 alio

301 5162 513 5220 i'salmo
533 5166 792 5233 legimus:
819 5164 994 5219 Sitivit
1013 5167 1191 5218 anima
1217 5182 1329 5219 mea
1350 5166 1418 5218 ad
1438 5166 1625 5229 Deum,
1650 5164 1862 5233 (artem,

300 5255 459 5306 rivum
481 5253 660 5324 (Paul.
694 5256 879 5323 1.1.9.).
905 5256 1042 5309 Caro
1073 5257 1567 5325 enimtoncupiscit
1607 5259 1871 5310 adversus

299 5346 567 5411 spiritum,
601 5356 653 5398 et
693 5349 913 5415 Spiritus
972 5350 1235 5403 adversus
1272 5364 1491 5402 carnem
1544 5348 1762 5420 (Gulat.
1791 5354 1864 5417 ιλ).

302 5437 420 5491 lec
449 5437 600 5491 cnim
632 5438 731 5491 sibi
779 5439 1006 5492 invicem
1036 5440 1413 5506 adversantur,
1467 5455 1535 5495 ne
1593 5456 1714 5510 qua
1769 5457 1866 5494 vo-

300 5531 492 5594 lumus,
533 5531 620 5584 illa
648 5530 928 5586 iarianius.
954 5532 1215 5600 Quodque
1247 5533 1520 5603 sequitur,
1584 5535 1641 5589 in
1684 5549 1857 5599 nocte,

299 5621 438 5687 iuxta
476 5619 643 5688 LXX,
681 5621 926 5685 sequenti
950 5623 1188 5688 capitulo
1218 5623 1483 5692 jungitur,
1547 5622 1701 5693 juxta
1758 5624 1868 5678 lle-

301 5714 530 5763 brairmn
556 5713 743 5781 priori.
779 5713 870 5768 Ille
900 5724 1075 5768 autem
1101 5724 1274 5783 potest
1293 5717 1472 5770 dicere
1490 5759 1503 5779 ,
1543 5717 1733 5771 Anima
1753 5734 1867 5770 mea

303 5805 618 5860 desiderarit
641 5822 689 5860 te
718 5807 772 5859 in
802 5816 967 5871 nocte,
1003 5809 1091 5876 qui
1119 5825 1241 5863 cum
1285 5807 1574 5864 I'salntista
1610 5810 1853 5881 loquitur

1978 4649 2100 4691 tunc
2127 4637 2191 4689 ad
2219 4633 2357 4689 LXX
2377 4636 2702 4704 interpretes
2767 4644 3125 4687 transeamus.
3154 4633 3405 4699 Quandiu
3449 4646 3556 4685 non

1972 4726 2402 4796 exercesjudicia
2430 4734 2516 4778 tua
2540 4740 2703 4794 super
2751 4734 2973 4790 terram,
2995 4732 3047 4778 et
3075 4738 3172 4778 nrc
3198 4722 3351 4777 bonis
3392 4723 3553 4782 bona,

1974 4835 2070 4873 nec
2091 4820 2242 4873 malis
2261 4818 2514 4872 retribuis
2534 4817 2696 4880 mala,
2717 4817 2928 4885 justitia
2952 4826 3061 4878 tua,
3090 4829 3123 4866 ο
3145 4812 3370 4866 Domine
3388 4813 3554 4875 Deus,

1974 4911 2253 4979 ignoratur
2275 4911 2326 4963 in
2349 4919 2514 4965 terra.
2533 4910 2669 4963 Cum
2686 4918 2862 4961 autem
2882 4908 2934 4961 in
2948 4906 3139 4973 judicii
3160 4905 3242 4958 die
3273 4920 3369 4973 pro
3385 4905 3559 4974 quali-

1973 5010 2081 5056 tate
2122 5017 2342 5070 opermn
2366 5000 2655 5070 unicuique
2676 4999 2971 5055 reddideris
2991 4996 3131 5067 quod
3152 5006 3407 5062 meretur,
3434 5009 3559 5052 tunc
3628 5036 3631 5043 -

1966 5094 2169 5167 justitia
2193 5103 2279 5147 tua
2312 5103 2666 5163 cognoscatur
2687 5092 2743 5147 in
2780 5090 2909 5144 orbe
2933 5100 3227 5153 terrarum,
3252 5088 3417 5161 359
3439 5106 3559 5161 qua:
3629 5154 3633 5159 θ

1971 5187 2122 5255 prius
2168 5183 2633 5252 apudincredulos
2652 5183 2933 5236 videbatur
2953 5180 3268 5249 injusta,ita
3315 5191 3374 5237 ut
3417 5198 3556 5235 unus
3612 5216 3627 5257 β

1970 5286 2516 5343 sam-torumquoque
2534 5270 2906 5328 diceretdlei
2922 5283 3095 5326 autent
3117 5288 3243 5340 pene
3292 5275 3555 5330 matisnnt
3605 5259 3619 5335 ξ

1971 5371 2142 5434 pedes,
2178 5383 2305 5437 pene
2331 5366 2489 5434 e/fusi
2518 5374 2640 5419 sunt
2663 5381 2871 5434 gressus
2901 5365 3001 5418 mei
3033 5382 3055 5420 :
3085 5366 3332 5433 quoniam
3354 5367 3555 5418 zelum:

1969 5476 2087 5514 sum
2135 5475 2291 5527 super
2337 5459 2751 5528 iuiqnis,parent
2781 5467 3112 5526 peccaturum
3169 5454 3553 5527 videns(Psal.

1970 5568 2135 5615 LXXII,
2166 5552 2200 5605 2
2296 5549 2376 5603 Ad
2390 5550 2531 5618 quod
2600 5551 2881 5618 respondit
2899 5548 3152 5602 Dominus
3175 5587 3190 5603 .
3212 5547 3561 5602 Misereamur

1972 5643 2172 5710 impio;
2199 5640 2342 5707 quod
2394 5639 2640 5711 exceptis
2677 5639 3057 5709 Septuaginta,
3085 5654 3276 5695 omnes
3300 5640 3555 5695 similiter

1970 5738 2377 5791 transtulerunt.
2401 5734 2463 5788 Et
2486 5744 2570 5788 est
2594 5749 2785 5789 sensus
2805 5751 2820 5788 :
2838 5731 3008 5799 Magis
3027 5733 3225 5802 impius
3247 5732 3558 5786 misericor-

1967 5832 2112 5887 diam
2141 5836 2526 5898 consequatur,
2554 5828 2795 5884 etdiscat
2816 5826 3159 5883 clementiam
3179 5840 3354 5882 meam
3379 5843 3393 5892 ;
3423 5826 3550 5879 dum
