3972 6198
370 355 540 457 ’.307

1586 408 1647 471 S.
1685 409 2006 472 EUSEBII
2069 415 2523 480 HIERONYMP

3561 423 3672 488 303

432 512 594 566 etiam
628 511 743 583 ipse
764 515 1005 612 salvetur
1033 515 1444 591 '.Rursumque
1461 522 1704 594 loquenti
1751 525 2072 598 Domino,.A
2105 548 2247 603 gone
2276 535 2500 605 gloriam
2554 536 2767 591 Domini
2816 550 2922 591 non
2970 536 3221 592 videbit?
3254 551 3383 610 ergo
3420 554 3526 595 non
3562 537 3675 612 [ΑΙ.

430 619 494 658 ex
534 619 760 672 persona
796 607 1047 665 humanae
1080 611 1430 680 impatientia
1469 615 1743 684 propheta
1774 633 1996 689 respou-

431 695 512 749 dit
540 712 555 750 :
581 697 653 749 Et
693 712 796 753 non
848 701 1013 755 distet
1071 702 1362 770 justitiam.
1392 705 1592 775 Estque
1644 722 1837 763 sensus
1879 727 1893 767 :
1929 711 1997 765 Et

433 790 702 855 quomodo
732 794 928 859 poterit
956 801 1098 848 tuam
1141 809 1305 851 nosse
1339 797 1631 867 justitiam,
1682 801 1725 855 si
1785 809 1993 858 tantum

433 879 775 934 clementiam
803 881 961 938 itterit
977 889 1272 955 expertus?
1295 888 1596 961 Redditqne
1611 906 1997 964 eausas,quare

432 981 557 1022 eum
594 970 720 1025 velit
742 970 835 1026 Dei
864 973 1133 1042 justitiam
1151 978 1360 1034 discere
1387 996 1407 1032 ι
1432 982 1556 1049 quia
1606 982 1669 1036 in
1695 994 1833 1039 terra
1868 1000 1996 1039 san-

432 1069 643 1116 ctorum
672 1062 855 1134 inique
873 1068 1073 1135 gessit,
1098 1077 1152 1122 et
1185 1080 1372 1124 contra
1400 1083 1616 1126 sanctos
1642 1082 1763 1129 tuos
1800 1075 1998 1145 jugiter

430 1152 726 1217 dimicavit,
759 1156 917 1211 debet
940 1162 1145 1213 sentire
1208 1171 1495 1218 tormenta.
1520 1162 1861 1235 Rursumque
1895 1166 1999 1222 Do-

431 1243 609 1298 minus
625 1247 945 1301 scntentiant
981 1258 1311 1316 temperans,
1350 1251 1417 1307 Et
1434 1270 1537 1308 non
1573 1257 1763 1322 videat,
1797 1258 1994 1327 inquit,

371 1332 548 1402 ,ξεῖνε
580 1350 682 1388 non
715 1337 914 1390 videbit
954 1338 1180 1407 gloriam
1237 1342 1467 1399 Domini.
1519 1345 1722 1417 Estque
1753 1364 1947 1404 sensus
1981 1366 1996 1405 :

438 1422 649 1480 Sumcit
676 1427 725 1481 ei
748 1443 845 1496 pro
875 1433 1127 1486 universa
1166 1449 1349 1502 ptena,
1374 1436 1514 1504 quod
1545 1453 1628 1492 nte
1650 1455 1768 1493 cum
1795 1441 1999 1496 sanctis

440 1516 580 1571 meis
618 1519 958 1574 nouvitlcbit
1017 1524 1068 1576 in
1137 1539 1253 1578 inea
1318 1529 1599 1594 majestate
1657 1539 1996 1598 regnantem.

434 1607 662 1673 Quidam
693 1612 941 1681 impium,
976 1616 1075 1670 ltoc
1104 1626 1205 1682 est,
1230 1620 1516 1688 ass-mum
1538 1622 1578 1689 ),
1612 1622 1881 1676 diabolum
1919 1622 2000 1676 in-

432 1700 598 1772 telligi
652 1704 864 1773 volunt,
917 1709 981 1763 de
1005 1723 1110 1778 quo
1153 1709 1204 1765 in
1236 1727 1378 1767 nono
1441 1714 1655 1769 Pssimo
1694 1716 1999 1772 scribitur:

435 1792 742 1865 Increpasti
762 1808 957 1869 gentes,
1008 1811 1057 1854 et
1079 1804 1234 1870 periit
1292 1804 1525 1871 impius:
1579 1822 1759 1860 nomen
1818 1824 1998 1861 eorum

2104 629 2345 700 ergonej"
2360 636 2550 683 cernet
2583 629 2884 699 triumphos
2932 643 3100 695 meos,
3135 631 3225 700 qui
3264 631 3433 700 magis
3467 647 3552 684 me
3584 633 3681 685 de-

2104 720 2194 774 bet
2229 722 2411 775 videre
2440 730 2778 789 regnantem,
2805 730 2864 774 ut
2889 722 3028 775 sciat
3058 732 3259 790 quanto
3288 720 3428 775 bono
3454 718 3682 775 careat?

2103 823 2157 869 et
2209 815 2309 870 hoc
2353 815 2599 885 pressius
2645 828 2776 868 voce
2820 815 3206 883 interrogantis
3247 812 3527 882 legendum
3563 821 3672 866 est.

2104 908 2187 961 Ad
2236 907 2377 976 quod
2423 907 2688 976 propheta
2738 904 3014 974 respondit
3049 921 3064 958 :
3104 902 3366 967 Domine,
3407 904 3676 959 enitatur

2103 1015 2300 1055 manus
2348 1009 2458 1065 tua,
2489 1009 2544 1054 et
2578 999 2900 1054 extendatur
2936 999 3006 1052 ad
3052 994 3480 1066 percutiendum,
3513 1003 3576 1049 ut
3620 1004 3681 1048 te

2103 1106 2210 1146 non
2253 1091 2471 1146 videant
2511 1091 2679 1159 impii,
2713 1101 2768 1145 et
2815 1099 2921 1144 tua:
2948 1089 3151 1157 glorise,
3186 1103 3252 1143 ne
3292 1087 3359 1142 ad
3398 1087 3675 1159 pmniten-

2105 1183 2228 1236 dum
2283 1182 2531 1253 quidem,
2577 1182 2780 1235 lumine
2830 1179 3199 1250 perfruantur.
3248 1176 3344 1231 Cui
3396 1173 3678 1244 respondit

2104 1276 2368 1331 Dominus
2393 1292 2407 1329 :
2440 1272 2667 1329 Videant
2694 1274 2865 1344 magis
2888 1285 2947 1327 cr
2965 1270 3387 1332 confundantur,
3415 1266 3493 1321 rei
3524 1265 3678 1319 zelus

2106 1368 2311 1438 pepuli,
2359 1367 2439 1420 vel
2500 1367 2736 1422 zelantes
2783 1366 2989 1437 populi,
3034 1373 3087 1419 et
3135 1363 3279 1435 ignis
3330 1360 3680 1415 adversarios

2108 1470 2249 1524 tuos,
2279 1460 2332 1514 id
2367 1469 2470 1526 est,
2509 1468 2820 1514 sanctorum
2864 1457 3068 1528 p0puli,
3097 1457 3319 1511 devoret
3349 1463 3507 1520 atque
3539 1466 3677 1504 con-

2106 1563 2303 1608 sumat.
2356 1550 2495 1619 Ignis
2543 1560 2721 1604 autem
2770 1548 3121 1618 poenitentiae,
3156 1545 3244 1616 qui
3281 1559 3465 1600 eo'um
3510 1542 3678 1595 corda

2107 1644 2400 1707 excruciet,
2427 1643 2565 1713 quod
2594 1643 2752 1695 talem
2778 1640 3062 1695 Dominum
3091 1637 3464 1710 perdiderunt.
3494 1634 3682 1687 Potest

2109 1737 2215 1791 hoc
2252 1745 2306 1790 et
2356 1746 2520 1802 super
2561 1730 2764 1786 Iudaeis
2814 1728 3062 1798 intelligi,
3103 1727 3193 1798 qui
3234 1726 3505 1782 Christum
3556 1723 3685 1775 bra-

2110 1828 2289 1882 citium
2340 1823 2553 1879 Domini
2600 1822 2946 1886 nescierunt,
2991 1832 3221 1888 cumque
3268 1815 3500 1870 viderint
3549 1827 3681 1866 eum

435 1887 623 1988 delesti
658 1890 710 1943 in
738 1901 990 1988 (sternam
1018 1903 1068 1948 et
1110 1896 1165 1949 in
1216 1899 1465 1952 sarculum
1526 1900 1730 1954 screnti.
1792 1898 2006 1955 Inimici
2038 1887 2082 1944 Β
2109 1927 2272 1988 θυμω
2319 1914 2688 1986 cognoverint,
2719 1926 2877 1982 quem
2924 1887 3169 1981 patibulo
3216 1906 3515 1970 aiiiscrant,
3549 1918 3686 1957 con-

441 1980 741 2052 deret-erunt
774 1986 990 2054 fremere
1011 1987 1065 2041 in
1092 1989 1271 2055 ﬁnem,
1298 1998 1346 2044 et
1406 1991 1636 2046 cirilates
1684 2010 1865 2048 eorum
1887 1996 2004 2049 des-

439 2074 654 2128 trua‘isti
683 2073 850 2144 (Psai.
888 2090 966 2141 ts,
1002 2078 1058 2144 6,
1085 2078 1160 2147 7).
1194 2077 1300 2134 Nos
1329 2089 1506 2136 autem
1543 2082 1865 2154 generaliter
1908 2085 2009 2139 itn-e

441 2163 591 2234 pium
625 2164 729 2221 vel
758 2182 856 2236 pro
883 2178 1183 2237 peccatore,
1218 2172 1303 2225 vel
1333 2187 1429 2242 pro
1462 2188 1526 2228 eo
1553 2174 1645 2244 qui
1679 2174 1769 2229 Dei
1803 2175 2005 2230 cultum

440 2272 553 2313 non
578 2259 757 2326 habet,
782 2260 1133 2331 accipiamus.
1170 2261 1328 2317 Juxta
1361 2264 1709 2336 Septuaginta
1750 2266 2008 2337 jubentur

440 2349 775 2406 habitatores
844 2360 1003 2406 terra:
1044 2354 1309 2423 justitiam
1351 2356 1580 2412 discere.
1628 2358 1817 2413 Omnis
1861 2359 2003 2414 enim

445 2440 527 2494 vir
552 2441 767 2496 videtur
789 2442 1086 2513 sihijustus
1121 2462 1137 2512 ;
1175 2445 1313 2501 Deus
1334 2460 1513 2503 autem
1560 2451 1722 2503 corda
1763 2451 2004 2505 omnium

441 2531 616 2597 novit,
650 2534 742 2600 qui
782 2534 968 2589 reddet
1015 2536 1303 2607 unicuique
1341 2539 1639 2594 secundum
1688 2555 1851 2610 opera
1910 2555 2007 2595 sua

436 2620 640 2708 (Prov.
673 2640 760 2679 ut
790 2626 829 2694 j;
859 2627 940 2680 Et
992 2627 1044 2681 in
1105 2627 1208 2683 alio
1245 2631 1364 2684 loco
1422 2630 1661 2700 ejusdem
1726 2632 2009 2687 voluminis

438 2716 639 2771 dicitur
665 2717 973 2772 :Sunrvice
995 2719 1116 2784 viri,
1146 2734 1264 2790 qua:
1328 2720 1573 2776 videntur
1600 2730 1754 2776 rectas
1782 2738 1802 2787 ;
1835 2724 2008 2777 novis-

438 2806 574 2860 sima
605 2815 778 2862 autem
806 2823 986 2863 earnm
1018 2811 1301 2878 respiciunt
1358 2812 1415 2866 in
1468 2812 1788 2882 profundum
1816 2813 2009 2882 inferni

442 2894 640 2963 (Prov.
675 2912 786 2961 stv,
814 2896 934 2965 12).
971 2897 1121 2953 Unde
1149 2897 1407 2953 debemus
1463 2898 1729 2967 justitiam
1771 2899 2003 2964 discere,

448 3001 553 3041 nec
584 2986 853 3042 conlidere
891 2989 941 3042 in
969 2989 1187 3057 proprio
1210 2988 1438 3061 judicio.
1494 2989 1586 3044 Est
1629 2989 1775 3045 enim
1820 2990 2005 3061 justus

446 3078 537 3147 qui
564 3089 750 3148 pereat
768 3079 819 3133 itt
841 3079 1050 3148 justitia
1069 3095 1162 3134 sua
1189 3079 1389 3151 (Eccte.
1409 3080 1536 3151 vn),
1561 3096 1665 3137 non
1689 3094 1797 3150 quo
1826 3082 2010 3152 justus

446 3172 539 3234 sit,
569 3170 660 3225 sed
692 3186 804 3241 quo
833 3171 935 3226 sibi
965 3169 1149 3240 justus
1208 3186 1332 3229 esse
1383 3174 1650 3230 videatur.
1669 3172 1762 3229 Sin
1822 3184 2003 3229 autem

445 3260 698 3317 Christus
734 3261 908 3316 iactus
945 3270 1027 3316 cst
1065 3264 1260 3318 nobisa
1276 3261 1389 3318 Deo
1412 3263 1674 3333 sapientia
1700 3262 1999 3332 ctjustitia,

446 3352 807 3409 sanctiﬁcatio
852 3363 906 3409 et
938 3353 1238 3422 redemptio
1272 3354 1289 3422 (
1316 3354 1345 3408 1
1373 3354 1594 3425 Com),
1617 3355 2010 3426 quibuspraat-i-

454 3445 605 3516 pitur
634 3456 689 3499 ut
718 3456 1052 3518 cognoscant
1074 3446 1359 3517 justitiam,
1385 3448 1720 3516 hocjnbetur
1741 3459 1795 3503 ut
1820 3449 2005 3505 Chris-

446 3542 560 3588 tum
584 3534 790 3590 discant
812 3545 977 3604 atque
1003 3536 1651 3606 cognoscant.Pr0ptcrea
1676 3540 1853 3592 autem
1874 3553 2009 3607 prte-

451 3626 613 3696 cipio,
671 3628 770 3691 ait,
806 3630 957 3682 vobis
993 3640 1048 3681 ut
1080 3630 1607 3699 discatisjnstitiatn,
1632 3631 1759 3700 quia
1798 3609 2025 3685 ablatus

443 3719 743 3788 estimpius
771 3736 786 3785 ;
817 3730 870 3775 et
939 3736 1163 3790 regnum
1232 3723 1373 3776 illius
1403 3722 1733 3778 destructum
1783 3732 1885 3788 est,
1918 3723 2008 3791 qui

422 3812 703 3893 .ituandiu.
716 3812 976 3882 regnabat
1003 3814 1165 3884 350
1178 3815 1236 3869 in
1272 3824 1437 3879 terra,
1453 3813 1721 3882 justitiam
1737 3816 1878 3870 scire
1904 3830 2008 3870 non

443 3912 677 3973 poterat,
708 3921 807 3959 nec
834 3906 1013 3960 facere
1052 3907 1366 3961 veritatem.
1410 3906 1486 3962 De
1516 3923 1623 3978 qua
1650 3907 1781 3961 alibi
1811 3907 2008 3962 scribi-

451 4009 559 4064 tur,
608 3999 749 4070 quod
777 4001 947 4070 gratia
966 4011 1019 4054 et
1042 4002 1242 4055 veritas
1264 4014 1355 4069 per
1372 4000 1551 4055 .lesum
1573 4002 1848 4056 Christum
1873 4001 2012 4056 facta

449 4091 521 4147 sit
542 4091 729 4151 (Joan.
765 4093 922 4162 ml).
959 4092 1021 4145 Et
1049 4093 1174 4162 quia
1205 4092 1257 4146 in
1287 4102 1429 4147 terra
1447 4092 1730 4147 veritatem
1753 4107 1855 4146 non
1884 4091 2012 4147 facit

448 4182 677 4251 impius,
725 4183 996 4238 auferetur
1028 4199 1174 4249 ;non
1217 4185 1360 4237 enim
1419 4192 1659 4237 meretur
1724 4181 2013 4239 Dominum

451 4273 632 4326 videre
664 4281 1006 4343 regnantem.

518 4366 706 4439 (Vers.
742 4367 852 4437 ιι).
901 4388 933 4420 ‹-
965 4366 1206 4432 Domine,
1258 4365 1525 4421 csaitetur.
1576 4381 1769 4422 manus
1815 4377 1927 4434 tua,
1963 4380 2018 4423 et

444 4475 557 4518 non
588 4460 852 4515 videant:
884 4458 1124 4522 videant,
1151 4467 1205 4513 et
1233 4457 1598 4513 confundatur
1631 4459 1779 4514 zelus
1810 4459 2017 4529 populi,

2105 2009 2419 2065 fundentur.
2466 2004 2624 2059 Tunc
2681 2002 2982 2058 ineruditus
3036 2000 3266 2071 populus
3319 2007 3375 2053 et
3431 1995 3683 2051 nesciens

2108 2101 2278 2169 legem
2315 2096 2429 2161 Dei,
2466 2095 2565 2150 zeli
2599 2093 2836 2149 stimulis
2871 2091 3201 2155 incitabitor,
3232 2089 3448 2159 quando
3477 2087 3683 2140 viderit

2109 2192 2357 2246 nationes
2384 2189 2438 2243 in
2471 2202 2630 2243 suum
2668 2184 2998 2241 successisse
3033 2183 3234 2248 locum,
3268 2189 3321 2234 et
3352 2178 3477 2248 igne
3506 2178 3684 2247 posui-

2110 2283 2310 2339 tudinis
2344 2280 2560 2346 arserit,
2596 2279 2710 2333 sive
2739 2276 2924 2356 dolore
2952 2272 3223 2343 supplicii,
3251 2271 3465 2340 quando
3493 2268 3691 2323 audie-

2108 2374 2178 2428 rit
2209 2373 2337 2428 illud
2369 2370 2513 2441 quod
2551 2369 2811 2439 scriptum
2841 2371 2925 2420 est
2954 2381 2969 2420 :
3001 2361 3085 2418 Ite
3116 2363 3171 2416 in
3200 2362 3371 2432 ignem
3402 2371 3684 2419 meritum.

2106 2467 2199 2535 qui
2229 2472 2555 2533 preparatus
2590 2469 2665 2514 est
2698 2456 2931 2523 diabolo,
2965 2465 3012 2510 et
3060 2452 3260 2524 angelis
3302 2452 3414 2522 ejus
3459 2450 3685 2535 (Matth.

2108 2534 2234 2621 sitv,
2265 2554 2377 2625 ιι).
3648 2534 3662 2544 ’

2179 2645 2362 2721 (Vers.
2400 2645 2507 2713 12).
2550 2664 2569 2698 s
2606 2642 2854 2708 Domine,
2892 2640 3046 2697 dabis
3093 2653 3276 2709 pacem
3323 2635 3475 2691 nobis
3509 2652 3529 2689 :
3556 2650 3682 2686 mtr-

2109 2740 2201 2796 nia
2235 2740 2380 2795 enim
2415 2753 2576 2808 opera
2619 2744 2816 2792 nostra
2839 2743 3096 2806 operatus
3125 2746 3184 2786 es
3219 2731 3391 2786 nobis.
3425 2747 3443 2780 ι
3484 2726 3622 2781 LXX
3662 2742 3683 2780 :

2116 2850 2135 2886 ι
2176 2831 2400 2886 Domine
2449 2829 2592 2884 Deus
2637 2833 2842 2892 noster,
2891 2838 3078 2893 pacem
3134 2824 3199 2876 da
3246 2820 3403 2875 uoltis
3441 2836 3459 2873 τ
3491 2818 3684 2872 omnia

2109 2923 2251 2979 enim
2281 2920 2562 2976 reddidisti
2600 2917 2776 2973 nobis.
2813 2933 2832 2967 ι
2876 2916 3187 2969 Notandum
3221 2911 3363 2981 quod
3395 2920 3683 2979 poSIquam

2110 3015 2275 3069 nobis
2305 3025 2469 3082 opera
2517 3020 2699 3065 nostra
2733 3006 3054 3070 reddiderit,
3090 3018 3278 3071 pacem
3321 3003 3545 3057 daturus
3584 2999 3689 3061 sit,

2110 3114 2165 3160 et
2212 3103 2484 3172 quomodo
2532 3106 2763 3170 exponat
2804 3111 3020 3160 causas,
3054 3111 3153 3149 cur
3193 3092 3423 3163 postulet
3469 3103 3687 3159 paceni.

2112 3195 2270 3268 351
2307 3193 2414 3249 Pro
2448 3192 2661 3248 cunctis
2689 3190 2833 3245 enim
2874 3188 3128 3258 operibus
3159 3199 3275 3254 qna.-
3313 3182 3518 3253 operati
3554 3186 3686 3233 sunt

2110 3266 2273 3361 super
2322 3266 2548 3352 terram,
2586 3285 2772 3340 dicunt
2824 3296 2884 3337 se
2932 3279 3253 3335 sustinuisse
3302 3282 3586 3334 tormenta,
3628 3280 3687 3324 ct

2103 3387 2307 3457 justum
2334 3399 2455 3440 esse
2485 3391 2547 3437 ut
2570 3388 2694 3452 post
2716 3377 2977 3448 supplicia
3007 3384 3166 3444 atque
3193 3371 3484 3433 cruciatus,
3516 3368 3686 3421 mise-

2112 3477 2399 3532 ricordiam
2453 3480 2875 3541 consequantur.
2934 3469 3060 3522 Sive
3109 3467 3311 3520 aliter:
3348 3462 3482 3529 Quia
3534 3458 3686 3511 venit

2112 3566 2295 3621 mundi
2339 3562 2759 3622 consummatio.
2793 3569 2849 3616 et
2893 3557 3075 3613 omnia
3108 3572 3226 3627 quae
3261 3544 3355 3625 per
3389 3551 3686 3622 prophetas

2111 3659 2322 3713 locutus
2368 3672 2446 3721 es,
2489 3655 2648 3709 rebus
2695 3651 2906 3721 expleta
2953 3658 3101 3715 sunt,
3139 3658 3191 3702 et
3244 3642 3516 3700 reddidisti
3563 3640 3687 3694 uni-

2111 3766 2267 3805 versa
2311 3766 2430 3819 quae
2474 3746 2744 3817 pollicitus
2783 3760 2864 3809 es,
2899 3742 3075 3798 tribue
3120 3740 3274 3807 nobis
3322 3752 3529 3808 pacem,
3561 3746 3688 3803 qua

2112 3850 2402 3911 exsuperat
2430 3855 2642 3894 omnem
2676 3851 2919 3892 sensum.

2184 3935 2363 4006 (Vers.
2413 3934 2521 3998 15).
2566 3952 2583 3983 ι
2628 3929 2854 3984 Domine
2896 3927 3038 3981 Deus
3087 3933 3289 3987 noster,
3327 3920 3688 3991 possederunt

2114 4043 2221 4084 nos
2264 4025 2469 4083 domini
2514 4023 2718 4091 absque
2766 4030 2815 4075 te
2853 4037 2866 4074 :
2905 4027 3113 4072 tantum
3152 4015 3205 4070 in
3249 4025 3300 4069 te
3337 4014 3692 4068 recordemur

2114 4119 2348 4175 nominis
2406 4117 2504 4171 tui.
2547 4133 2566 4167 ι
2621 4110 2758 4166 LXX
2797 4129 2812 4167 :
2848 4111 3074 4165 Domine
3118 4107 3263 4161 Deus
3309 4113 3512 4169 noster,
3560 4116 3689 4171 pos-

2114 4212 2230 4267 side
2273 4224 2373 4263 nos
2408 4225 2423 4274 ;
2459 4206 2704 4270 Domine,
2734 4212 2887 4258 extra
2935 4210 2985 4255 te
3026 4200 3188 4254 alium
3238 4196 3544 4258 nescimus,
3591 4207 3690 4247 no-

2118 4317 2239 4356 men
2309 4312 2457 4354 tuum
2525 4297 2860 4352 invocamus.
2908 4310 2932 4344 ι
2990 4291 3198 4345 idcirco
3255 4283 3693 4341 misericordiam

2117 4408 2431 4464 quaesumus
2452 4399 2504 4444 et
2531 4404 2742 4459 pacem,
2768 4403 2886 4457 quae
2910 4392 3030 4456 post
3052 4394 3244 4440 cuneta
3276 4378 3556 4436 tribuenda
3579 4385 3686 4444 est,

2122 4485 2246 4554 quia
2278 4496 2372 4535 no;
2404 4480 2608 4546 absque
2640 4488 2690 4531 te
2720 4476 2920 4531 domini
2960 4473 3321 4544 possiderunt,
3356 4467 3497 4522 idola
3533 4465 3689 4520 vide-

440 4565 502 4611 ret
552 4552 695 4622 ignis
743 4554 925 4608 hostes
977 4560 1099 4606 tuos
1145 4550 1387 4607 devoret.
1425 4569 1445 4604 ι
1484 4549 1672 4608 LXX:
1712 4569 1732 4604 ι
1774 4552 2008 4619 Domine,

2120 4549 2267 4637 licet,
2297 4571 2381 4626 vel
2411 4570 2681 4625 da'moncs
2709 4566 2866 4621 idolis
2894 4564 3193 4619 assilentcs
3221 4576 3237 4628 ;
3271 4559 3513 4628 nihilque
3541 4556 3693 4611 aliud

449 4646 719 4704 excelsum
754 4657 837 4700 est
870 4643 1152 4699 brachium
1190 4653 1363 4705 tuum.
1392 4653 1442 4698 et
1472 4644 1807 4709 nesciebant,
1841 4643 2018 4698 scien-

449 4749 528 4795 tes
573 4745 753 4792 autetn
797 4734 1227 4801 coniundentur;
1266 4734 1412 4789 zelus
1457 4735 1822 4804 apprehendet
1850 4748 2019 4803 popu-

450 4833 556 4884 intn
594 4827 951 4893 ineruditum,
988 4836 1043 4880 et
1083 4841 1224 4880 nunc
1260 4826 1401 4896 ignis
1440 4826 1784 4881 adversarios
1832 4840 2018 4880 come-

449 4926 559 4979 det.
596 4940 615 4974 ›
673 4920 786 4975 line
839 4920 982 4989 quod
1037 4932 1205 4988 supra
1254 4919 1511 4972 dixerat:
1554 4916 1620 4970 Et
1672 4932 1773 4971 non
1830 4916 2018 4971 videbit

448 5012 674 5083 gloriam
718 5011 951 5076 Domini,
1008 5018 1182 5077 potest
1229 5008 1309 5063 sic
1358 5007 1580 5077 intelligi
1615 5023 1628 5060 :
1660 5005 1934 5070 Postulas,
1986 5019 2021 5059 ο

442 5103 738 5174 preplieta,
775 5111 832 5156 ut
876 5117 983 5157 non
1030 5099 1294 5154 miserear
1339 5097 1526 5168 impio,
1563 5112 1630 5151 ne
1672 5098 1717 5150 si
1765 5097 2022 5151 misertus

447 5194 568 5263 ejus
612 5194 787 5261 l'ucro,
822 5195 1045 5262 incipiat
1087 5190 1298 5247 nescire
1340 5191 1624 5255 justitiam,
1656 5189 1745 5258 qtti
1791 5190 1842 5242 in
1879 5198 2019 5243 terra

448 5295 761 5344 Sanctorum
812 5285 995 5352 inique
1024 5284 1226 5354 gessit;
1273 5298 1372 5349 ego
1417 5281 1511 5335 tibi
1560 5281 1879 5348 respondeo,
1917 5280 2021 5335 Er-

527 5510 545 5541 ¹
575 5509 748 5564 Antea
784 5513 922 5567 erat,
959 5520 1073 5557 sum
1120 5505 1256 5557 enim
1306 5505 1414 5572 ipse
1456 5503 1722 5557 Sa’t'ator.
1762 5500 2021 5557 Restitui-

454 5594 576 5634 ntus
603 5594 672 5633 ex
702 5574 879 5630 Vatic.
910 5589 1012 5628 ms.
1047 5577 1171 5626 dum
1215 5577 1375 5628 etiam
1415 5575 1525 5641 ipse
1565 5575 1824 5637 sciuntur,
1862 5588 2022 5641 quam

453 5650 739 5702 lectionem
783 5646 895 5713 jam
948 5644 1155 5710 pridem
1211 5643 1476 5698 Victorius
1519 5659 1583 5695 cx
1622 5646 1861 5712 quinque
1901 5644 2022 5696 aliis

455 5731 589 5772 mss.
627 5713 957 5768 Florentinis
991 5714 1043 5764 in
1083 5721 1285 5764 textum
1323 5713 1602 5766 retulerat.

526 5785 550 5814 '
588 5784 736 5836 lianc
784 5782 911 5835 alibi
960 5796 1099 5849 saepe
1144 5778 1454 5849 Latinorum
1488 5783 1842 5843 quorumdam
1880 5781 2024 5834 cudi-

457 5868 578 5911 sttnt
606 5852 893 5908 lectionem
924 5846 1084 5906 vexat
1114 5864 1187 5904 ex
1209 5846 1491 5904 liebraico.
1524 5849 1578 5903 in
1607 5850 2025 5906 Commentariis

2119 4664 2469 4737 postulamus,
2503 4661 2607 4715 nisi
2651 4669 2708 4713 ut
2739 4656 2888 4726 digni
2923 4657 3095 4711 simus
3124 4662 3242 4721 post
3272 4665 3489 4707 errores
3516 4648 3691 4718 pluri-

2123 4773 2270 4821 mos,
2320 4755 2410 4824 qui
2470 4753 2545 4808 tui
2596 4751 2831 4806 nominis
2886 4747 3248 4803 recordemur.
3296 4742 3455 4798 Juxta
3510 4739 3692 4805 LXX‘,

2121 4849 2217 4919 qui
2258 4848 2504 4901 dixerunt
2540 4859 2563 4899 '.
2592 4843 2807 4896 Domine
2845 4839 3002 4903 Deus,
3036 4836 3242 4908 posside
3279 4850 3393 4900 nos,
3430 4835 3529 4887 hoc
3571 4846 3694 4900 pre-

2122 4951 2338 5003 cantur,
2377 4949 2428 4992 ut
2463 4937 2582 5006 post
2628 4948 2813 5004 pacem
2855 4932 2957 4986 sibi
2993 4930 3255 4985 redditam
3290 4927 3381 4981 Dei
3419 4924 3695 4996 possessio

2126 5033 2278 5087 ﬂant.
2319 5030 2471 5097 Quod
2507 5026 2723 5098 quidem
2768 5034 2819 5080 et
2864 5026 2930 5079 de
2973 5022 3244 5091 Sapientia
3292 5020 3542 5090 legimus,
3574 5032 3695 5088 qua:

2117 5124 2273 5190 juxta
2306 5121 2629 5175 ilebraicum
2663 5118 2897 5188 loquitur
2925 5116 2978 5170 in
3004 5113 3311 5169 Proverbiis
3344 5126 3361 5166 :
3396 5112 3533 5165 Deus
3569 5126 3696 5180 posv

2125 5214 2260 5267 sedit
2308 5228 2387 5266 me
2435 5210 2644 5263 ini.ittm
2693 5209 2895 5262 uiarum
2942 5220 3154 5259 suarum
3198 5202 3379 5273 (Prov.
3419 5217 3536 5264 vttt,
3577 5200 3696 5269 2‘2),

2127 5306 2253 5359 licet
2307 5305 2548 5373 quaedam
2605 5299 2931 5369 exemplaria
2992 5296 3129 5350 male
3159 5300 3195 5331 ⁸·
3219 5309 3316 5363 pro
3371 5292 3699 5361 possessione

2128 5504 2182 5557 itt
2212 5500 2492 5563 Michteam
2525 5513 2644 5566 cap.
2676 5512 2749 5560 tv,
2772 5507 2822 5548 et
2852 5497 2904 5550 in
2937 5494 3105 5564 Epist.
3136 5492 3201 5547 ad
3230 5492 3429 5566 Epltcs.
3453 5504 3593 5566 cap._
3617 5505 3699 5566 _v_t,

2130 5560 2397 5641 prmcipue
2445 5558 2919 5641 vero'epistol.Ain
2975 5558 3157 5641 nostra
3208 5558 3523 5641 recensione
3572 5558 3699 5641 NP,

2128 5629 2194 5695 ad
2229 5629 2583 5711 Cyprianum,
2631 5629 2791 5711 nunt.
2832 5635 2885 5711 _6,
2928 5648 3086 5711 quem
3133 5633 3310 5711 locum
3350 5629 3571 5683 videsis.
3616 5630 3703 5711 Ad

2128 5702 2376 5765 cumtietn
2454 5709 2672 5761 modum
2752 5704 3070 5758 Ilcbraicatn
3143 5702 3424 5754 veritatem
3502 5706 3711 5766 urgent

2129 5791 2316 5832 contra
2353 5776 2669 5830 Eunomiqu
2711 5775 2770 5828 S.
2804 5774 3056 5831 Basilius.
3097 5772 3190 5823 lib.
3230 5787 3289 5835 ll,
3322 5778 3374 5823 ct
3405 5767 3702 5836 Gregorius

2130 5849 2425 5920 Nyssenus,
2457 5846 2548 5899 lib.
2592 5859 2627 5897 ι.
2663 5845 2838 5910 Quare
2882 5845 2935 5899 in
2983 5840 3242 5896 Vaticinu
3285 5854 3388 5893 ms.
3434 5837 3700 5907 quctnadr
