3898 6184
181 368 367 473 ’309

714 406 1210 472 COMMENTAR.
1256 410 1335 470 IN
1382 408 1647 470 lSAiAM
1691 412 2152 473 PRDPHETAM
2202 413 2348 474 LIB.
2387 412 2560 484 VIII,
2596 411 2755 476 CAP.
2802 410 3015 472 XXVI.

3401 405 3528 470 310'

246 526 503 581 habeant
546 531 869 578 creaturam.
907 522 1151 592 Denique
1182 524 1468 593 sequitur'
1513 541 1527 580 :
1562 527 1692 581 Ante
1722 542 1841 581 ,om-
1871 534 1914 590 Δ
1943 529 2184 585 demuari
2234 528 2446 583 fabulas
2495 536 2798 595 poetarum,
2827 524 2922 595 qui
2964 524 3033 579 ab
3072 523 3388 591 Esculaplo
3423 527 3510 595 ja-

257 633 349 671 nes
374 626 552 670 autem
579 615 736 670 colles
766 615 1028 685 generavit
1058 630 1158 668 me.
1192 615 1472 679 Quomodo
1506 617 1647 671 enim
1682 631 1829 671 crea-

260 717 397 761 tura:
429 706 709 776 generatio
740 707 940 775 poterit
978 705 1241 774 coaptari,
1276 721 1396 774 quae
1437 707 1606 778 magis
1632 723 1836 777 posses-

198 828 203 833 ’
250 800 397 853 'sioui
445 798 734 868 congruit?
782 797 1059 865 Scriptum
1113 808 1193 852 est
1250 800 1300 851 in
1358 799 1775 852 Deuteronomio
1819 817 1833 864 ;

256 887 459 945 .Nonue
502 892 600 944 iste
651 889 810 944 Pater
850 900 971 943 tuus
1025 892 1253 958 posse-tit
1299 899 1369 957 te,
1414 901 1463 945 et
1516 891 1638 956 fecit
1689 901 1758 954 te,
1790 902 1837 945 et

262 984 460 1037 creavit
493 990 541 1037 te
571 981 752 1051 (Deut.
784 996 956 1046 xuii,
985 982 1082 1051 6)?
1123 982 1187 1036 Et
1232 983 1331 1037 hoc
1365 982 1838 1046 considerandum,

261 1076 411 1141 quod
454 1089 561 1130 non
601 1075 820 1139 dixerit,
858 1073 1131 1138 Dominus,
1164 1075 1277 1130 sive
1313 1072 1472 1139 Deus,
1513 1074 1737 1143 possedit
1770 1083 1841 1137 te,

263 1174 317 1219 et
346 1168 467 1235 fecit
495 1179 563 1228 te,
594 1179 642 1221 et
695 1168 886 1221 crearit
913 1178 993 1231 re;
1024 1168 1115 1222 sed
1150 1178 1319 1234 pater,
1353 1176 1411 1219 ut
1440 1166 1720 1221 clementia
1751 1180 1844 1220 no-

268 1258 433 1311 minis
493 1259 868 1311 austeritatem
923 1260 1177 1326 potentia:
1235 1258 1525 1328 mitigaret.
1584 1257 1845 1325 Quodque

263 1349 512 1417 sequitur
546 1367 562 1404 :
599 1348 835 1412 Domine,
885 1347 1082 1416 absque
1128 1357 1176 1403 te
1220 1348 1387 1403 alium
1436 1367 1541 1404 non
1586 1351 1843 1413 novimus,

263 1454 379 1492 non
416 1438 655 1493 excludit
702 1437 920 1502 Filium,
952 1440 1044 1493 sed
1081 1439 1256 1508 jungit
1287 1439 1454 1503 Patri,
1489 1453 1664 1509 neque
1703 1439 1845 1494 enim

260 1529 409 1585 dixit
439 1547 454 1583 :
488 1547 506 1582 t
536 1530 710 1584 Alium
736 1544 841 1584 non
874 1530 1148 1597 novimus,
1177 1551 1194 1584 ι
1230 1532 1325 1587 sed
1365 1550 1383 1582 ι
1414 1531 1578 1585 Extra
1611 1541 1662 1587 te
1684 1533 1844 1587 alium

268 1639 385 1678 non
432 1624 703 1678 novimus.
743 1641 761 1675 ι
797 1622 933 1677 Cum
986 1634 1169 1679 autem
1209 1625 1354 1679 dicat
1386 1623 1557 1678 Filius
1589 1628 1603 1678 t
1642 1623 1753 1694 Ego
1796 1625 1848 1677 in

266 1714 438 1769 Patre
460 1726 508 1770 et
553 1714 710 1770 Pater
749 1716 801 1769 in
828 1731 909 1770 me
934 1713 1118 1785 (Joau.
1154 1730 1266 1782 xlv,
1300 1714 1416 1785 10).
1448 1727 1602 1770 extra
1636 1714 1848 1770 Patrem

267 1822 384 1862 non
425 1807 674 1863 novimus
713 1807 930 1871 Filium,
965 1808 1092 1876 quia
1152 1808 1205 1862 in
1266 1806 1429 1863 Patre
1470 1809 1850 1873 cognoscimus

265 1914 424 1954 cum.
464 1899 708 1969 Denique
739 1910 792 1955 et
822 1915 1020 1954 nomen
1062 1898 1206 1954 illius
1234 1898 1580 1953 nominamus
1605 1899 1848 1955 dicentes

265 1989 323 2043 in
357 1989 615 2044 Oratione
655 1990 932 2051 Dotninica
970 2006 983 2044 :
1022 1988 1187 2044 Pater
1220 1998 1396 2044 noster
1424 1991 1514 2058 qui
1550 2006 1602 2044 es
1632 1991 1683 2043 in
1711 1992 1848 2044 cretis

265 2080 495 2152 (Matth.
530 2098 604 2147 vr,
634 2084 712 2152 9).

342 2174 508 2245 352
536 2173 717 2246 (Vc-rs.
750 2175 861 2247 14).
888 2165 922 2228 ἰ
953 2174 1246 2230 Morieutes
1275 2189 1384 2230 non
1412 2174 1623 2239 vivant,
1669 2189 1852 2245 gigan-

268 2277 365 2321 tes
392 2282 499 2321 non
538 2276 842 2337 resurgant.
875 2266 1174 2337 Propterea
1201 2264 1435 2322 visitasti
1465 2274 1519 2321 et
1547 2265 1850 2320 contrivisti

267 2372 397 2421 cos,
418 2364 473 2411 et
494 2358 777 2426 perdidisti
800 2373 1015 2413 omnem
1040 2358 1354 2413 memoriam
1379 2371 1590 2413 eorum.
1622 2374 1641 2408 ι
1668 2354 1806 2410 LXX
1834 2373 1848 2411 :

270 2466 295 2499 ι
339 2446 538 2503 Μωιυί
581 2448 728 2502 enim
757 2448 923 2503 vitam
972 2462 1078 2503 non
1125 2449 1415 2514 videbunt;
1453 2463 1628 2517 neque
1662 2444 1851 2502 medici

267 2537 641 2593 suscitabunt.
687 2537 895 2592 Idcirco
934 2536 1220 2603 induxisu',
1252 2544 1306 2589 et
1342 2535 1641 2606 perdidisti,
1673 2546 1727 2589 et
1767 2546 1855 2588 tu-

266 2628 391 2683 listi
452 2644 612 2683 onme
690 2628 990 2684 masculum
1045 2630 1159 2701 (At.
1205 2643 1418 2683 omnem
1474 2625 1852 2697 masculinum]

264 2736 489 2775 eorum.
520 2738 539 2771 ι
573 2719 934 2791 Symmachus
956 2735 1106 2774 more
1131 2734 1232 2774 suo
1254 2718 1589 2773 manifestius
1621 2736 1634 2774 :
1665 2736 1683 2769 ί
1717 2716 1858 2770 Mor-

185 2826 190 2830 ·
273 2812 360 2866 tui
417 2827 526 2866 non
586 2812 969 2877 vivificabunt;
1032 2812 1280 2883 gigantes
1331 2825 1438 2864 non
1497 2796 1855 2866 stlscitahnnt.

265 2903 570 2971 Propterea
604 2904 852 2969 visitasti,
882 2913 936 2959 et
954 2903 1254 2959 contrivisti
1272 2917 1385 2969 eos,
1416 2912 1467 2957 et
1489 2900 1857 2972 disperdidisli

263 3010 500 3051 oiunem
530 2996 852 3051 memoriam
880 3009 1092 3050 eorum.
1122 3012 1140 3045 ι
1174 2993 1429 3048 Dicamus
1453 2993 1682 3059 primum
1704 2992 1860 3062 juxta

270 3085 450 3142 LXX.
524 3087 762 3153 Quaestio
817 3086 1029 3143 videtur
1084 3101 1203 3142 esse
1258 3085 1525 3151 diﬂicilis,
1589 3083 1860 3153 quomodo

272 3178 488 3234 mortui
536 3179 700 3232 vitam
756 3178 1145 3234 nontvideaut.
1188 3179 1317 3245 Qua:
1346 3178 1427 3233 sic
1456 3175 1699 3241 solvitur,
1742 3184 1858 3228 tau-
1884 3215 1929 3276 ο

274 3272 373 3325 diu
427 3284 526 3325 eos
564 3269 726 3324 vitam
771 3284 876 3325 non
924 3269 1130 3334 videre,
1179 3270 1414 3339 quandiu
1472 3267 1669 3322 mortui
1711 3277 1857 3321 sunt.

272 3360 572 3426 Quomodo
592 3360 645 3416 si
659 3361 930 3425 dicamus,
957 3360 1148 3415 Ciccus
1175 3375 1281 3414 non
1307 3361 1449 3414 videt
1475 3358 1655 3413 lumen
1683 3374 1859 3428 quau-

274 3457 371 3508 diu
400 3469 586 3511 caecus
613 3463 729 3521 est;
767 3454 851 3509 sin
900 3464 1076 3509 autem
1126 3453 1391 3523 receperit
1430 3453 1738 3517 sanitatem,
1773 3432 1868 3505 lu?

279 3561 412 3601 men
462 3546 691 3616 aspiciet
728 3560 744 3599 :
780 3544 861 3599 sic
900 3552 956 3599 et
1006 3545 1097 3614 qui
1151 3544 1436 3609 iniquitate
1485 3552 1735 3596 mortuus
1780 3547 1861 3594 est

276 3644 451 3703 atque
500 3634 759 3703 peccatis,
801 3643 1087 3702 antequam
1113 3632 1417 3685 viviﬁcetnr
1461 3630 1670 3700 justitia
1697 3639 1862 3698 atque

274 3727 607 3791 virtutibus,
635 3741 729 3793 per
760 3740 883 3780 eum
914 3724 1003 3794 qui
1042 3722 1191 3788 dicit,
1256 3722 1365 3792 Ego
1395 3737 1508 3774 sum
1540 3723 1645 3775 vita
1676 3718 1858 3774 anu.

277 3834 398 3882 xiv,
421 3818 504 3889 6),
546 3819 727 3872 vivere
749 3832 853 3872 non
881 3818 1100 3888 poterit.
1136 3815 1285 3871 Unde
1331 3825 1383 3870 et
1434 3813 1574 3869 Deus
1619 3815 1861 3869 vivorum

280 3910 521 3974 dicitur,
555 3923 663 3963 non
693 3919 1024 3963 mortuorum
1057 3908 1186 3975 (Mat
1213 3908 1264 3960 It.
1297 3905 1433 3976 xm)
1462 3922 1475 3962 :
1508 3906 1700 3959 Anima
1726 3905 1863 3959 enim

276 4016 409 4070 que
465 4001 787 4068 peccarerit,
840 4000 957 4067 ipsa
1014 3999 1267 4053 morietur
1318 3998 1533 4070 (Ezech.
1585 4014 1741 4064 svnt,
1783 3998 1859 4067 4).

278 4095 549 4163 Legimus
591 4093 647 4149 in
693 4093 932 4163 Epismla
975 4107 1096 4162 qua:
1146 4093 1209 4145 ad
1260 4091 1514 4145 llehraros
1556 4092 1810 4145 scribitur
1847 4107 1861 4147 :

278 4185 372 4241 Ne
411 4201 625 4238 rursum
667 4184 1066 4254 fundamentum
1099 4184 1418 4250 adjiriamus
1452 4181 1768 4251 pauiteutiw
1798 4181 1862 4234 ab

274 4279 537 4347 operibus
571 4279 791 4331 mortuis
833 4276 1020 4347 (Hebr.
1056 4290 1128 4342 vr,
1166 4276 1242 4345 ί).
1278 4274 1373 4328 Sin
1418 4283 1598 4328 autem
1644 4284 1864 4343 peccata

274 4372 630 4442 appellantur
662 4386 822 4440 Opera
863 4378 1097 4434 mortua,
1171 4383 1339 4438 quare
1368 4382 1398 4422 c
1428 4366 1701 4421 contrario
1751 4365 1863 4419 vir-

277 4473 438 4519 totes
488 4462 825 4532 appellentur
880 4475 1043 4528 Opera
1090 4460 1249 4513 viva?
1292 4460 1554 4527 Quodque
1599 4458 1863 4527 sequitur,

277 4555 404 4611 Nec
442 4555 632 4609 medici
662 4555 1015 4619 suseitabuut,
1044 4567 1236 4608 sensus
1282 4553 1565 4622 perpicuus
1594 4562 1695 4615 est,
1735 4567 1860 4607 con-
1897 4551 1937 4606 ο

278 4787 521 4844 modum
550 4795 602 4840 ct
636 4784 688 4837 in
719 4783 1067 4840 Cluniacensi
1118 4783 1350 4851 quodam
1399 4780 1737 4836 Alartianazns
1783 4795 1868 4836 ro-

277 4860 456 4929 perir,
478 4859 650 4929 huc“:
669 4854 982 4929 Hieronymi
997 4855 1321 4929 praeconium
1344 4852 1588 4929 hocloco
1612 4852 1863 4929 additur:

283 4920 306 4981 ἱ
362 4920 561 4982 Vicisti
619 4920 896 4993 perlidLau‘t
959 4920 1321 4987 Arianorum,
1375 4922 1466 4990 qui
1531 4920 1866 4974 Catholicam

280 4999 584 5053 veritatem
618 5000 719 5051 hoc
747 5012 806 5049 se
840 4997 1152 5049 testimonio
1180 5007 1493 5062 expugnare
1522 4993 1805 5059 ptttalmnt.
1842 5008 1860 5039 ι

278 5072 427 5135 ουκ
460 5072 624 5123 verba
662 5065 937 5135 studiosus
975 5078 1245 5119 nonnemo
1274 5064 1340 5115 ad
1373 5061 1493 5135 libri
1524 5076 1675 5113 oram
1699 5064 1873 5114 'auno-

280 5132 521 5198 faverit,
551 5138 726 5189 scriba
763 5134 1042 5201 imperitus
1079 5135 1129 5187 in
1162 5142 1365 5185 textum
1398 5132 1636 5185 intrnsit.

362 5207 387 5240 ⁸
426 5196 669 5274 Denique
720 5196 977 5273 sequitur.
1021 5203 1198 5257 Locus
1245 5203 1602 5274 interpolatus
1654 5196 1875 5274 iniqui-

276 5277 533 5333 btssdaut
569 5270 699 5330 niss.
733 5270 1041 5339 codicibus;
1093 5276 1143 5326 in
1197 5274 1383 5326 codice
1424 5272 1641 5339 quidem
1689 5270 1874 5322 Mona-

280 5348 453 5403 sterii
494 5357 663 5401 llttall'l
706 5346 864 5399 Silia:
888 5338 1125 5414 majoris,
1176 5346 1246 5395 ita
1284 5341 1515 5414 legitur:
1551 5338 1698 5414 _L'ci-r
1735 5354 1878 5408 qun:-

282 5419 428 5470 dum
458 5418 787 5483 exemplaria
820 5410 1076 5482 ntale'pro
1104 5415 1444 5481 possessione
1474 5410 1693 5462 habeant
1728 5424 1879 5461 erea-

281 5499 524 5553 tttt’aut;
569 5500 619 5539 ut
658 5488 915 5538 ltoitiinos
960 5484 1165 5537 creavit
1210 5499 1314 5546 me,
1346 5496 1439 5547 pro
1472 5483 1708 5553 possedit
1771 5494 1877 5553 me.

280 5549 543 5627 Denique
575 5558 829 5625 sequitur.
868 5566 972 5627 etc.
1029 5554 1084 5606 lo
1137 5554 1323 5606 codice
1363 5566 1489 5627 vero
1532 5549 1878 5627 clltittiacettsi

283 5631 418 5681 lucc
452 5619 651 5679 aitdita
682 5630 850 5692 reperi
888 5642 901 5681 :
934 5624 1073 5677 Livet
1107 5624 1348 5693 quu'dum
1381 5619 1556 5693 vicisti
1604 5619 1880 5693 perlidiam

280 5700 656 5758 Arianorum,
693 5688 1152 5765 qui'catholicatn
1187 5693 1466 5765 veritatem
1507 5692 1607 5765 hoc
1645 5688 1884 5765 se_tesli-

282 5772 494 5823 ntotiio
535 5760 843 5835 expugnare
890 5765 1212 5831 reputabant
1258 5761 1579 5829 exemplaria
1622 5760 1755 5813 male
1790 5773 1883 5827 pro

280 5842 711 5909 possessionem
748 5838 971 5890 habeant
1003 5843 1331 5888 creaturam.

1940 629 2091 676 ctaut
2123 618 2367 675 Virbium
2401 622 2421 651 '
2463 618 2805 674 suscitatum.
2837 614 2955 671 Non
2999 615 3171 672 solum
3205 623 3383 670 autem
3412 616 3514 670 hoc

1939 714 2004 767 de
2046 712 2296 775 mortuis,
2330 711 2424 766 sed
2457 711 2524 767 de
2554 711 2700 765 omni
2734 708 3048 763 infirmitate
3089 707 3378 763 dicendum
3406 720 3512 771 est,

1940 803 2080 872 quod
2127 805 2333 871 absque
2370 802 2462 858 Dei
2515 800 2887 856 misericordia
2943 798 3081 853 nihil
3129 798 3379 853 medendi
3426 814 3516 854 ars

1940 895 2138 949 valeat.
2189 893 2294 948 Sed
2344 893 2656 962 quomodo?
2707 892 2829 947 Nisi
2872 891 3127 946 Dominus
3177 892 3519 960 aedificaverit

1941 986 2177 1050 domum,
2210 985 2267 1038 in
2303 999 2493 1037 uanum
2530 983 2897 1037 laboraverunt
2936 983 3027 1047 qui
3063 982 3325 1051 a’diﬁcant
3363 996 3518 1044 eam;

1942 1079 2045 1133 nisi
2080 1077 2333 1131 Dominus
2390 1074 2695 1130 custodierit
2731 1077 3015 1133 civitatem.
3055 1075 3257 1144 frustra
3285 1073 3521 1144 vigilavit

1943 1172 2031 1240 qui
2084 1170 2310 1222 custodit
2361 1185 2477 1222 eam
2529 1166 2706 1239 (Psal.
2758 1182 2941 1233 csxvr,
2969 1167 3055 1237 l):
3091 1167 3170 1221 sic
3204 1165 3304 1222 nisi
3340 1164 3521 1219 Domi-

1947 1278 2049 1317 nus
2099 1263 2411 1333 languorem
2451 1262 2742 1325 curaverit,
2777 1261 2831 1315 in
2883 1276 3076 1315 vanum
3116 1260 3365 1314 laborant
3405 1275 3521 1312 me-

1946 1353 2051 1408 dici
2091 1352 2181 1423 qui
2223 1352 2446 1422 cupiunt
2491 1366 2686 1407 sanare
2730 1352 3087 1420 languentes;
3120 1350 3221 1404 nisi
3263 1348 3523 1403 Dominus

1947 1443 2267 1500 custodierit
2316 1444 2635 1509 sanitatem,
2690 1444 2742 1497 in
2786 1459 2983 1498 vanum
3035 1443 3378 1506 custodiunt,
3431 1442 3524 1510 qui

1947 1535 2113 1588 etiam
2162 1544 2428 1604 praecepta
2474 1533 2841 1590 custodiendae
2871 1533 3064 1589 salutis
3094 1532 3328 1603 propriis
3360 1532 3527 1589 edunt

1952 1625 2100 1677 libris
2139 1642 2153 1691 ;
2198 1639 2519 1694 semperque
2569 1624 2882 1681 discendum
2936 1631 3022 1679 est
3075 1639 3184 1679 non
3240 1622 3416 1677 solum
3471 1624 3525 1676 in

1950 1717 2214 1784 rorporis,
2255 1719 2349 1771 sed
2398 1716 2557 1771 etiam
2616 1716 2667 1771 in
2718 1716 2912 1772 anima:
2959 1716 3214 1772 sanitate.
3281 1714 3523 1777 Benedic,

1952 1807 2133 1860 anima
2189 1824 2328 1873 mea,
2372 1807 2622 1873 Domino,
2674 1809 2761 1877 qui
2810 1817 2967 1863 sanat
3024 1822 3197 1860 omnes
3251 1805 3528 1871 (unguares

1952 1907 2066 1951 tuos
2108 1897 2281 1965 (Psal.
2325 1913 2421 1964 cn,
2464 1898 2518 1965 ι,
2562 1899 2640 1967 5).
2694 1897 2859 1953 Porro
2907 1896 3001 1967 qui
3049 1904 3276 1966 peccato
3326 1896 3525 1950 mortui

1950 1998 2320 2059 perseverant,
2357 1988 2518 2060 353
2557 1998 2617 2043 et
2652 1989 2795 2043 nulla
2835 1997 2953 2043 arte
2992 1987 3272 2042 medicina:
3306 1996 3533 2057 possunt

1953 2083 2198 2153 recipere
2232 2081 2429 2136 animae
2461 2082 2777 2147 sanitatem,
2807 2079 2897 2147 isti
2928 2079 3315 2150 disperdeutur
3343 2086 3397 2132 et
3430 2077 3532 2131 tol-

1951 2174 2134 2229 lentur
2166 2189 2195 2228 a
2231 2172 2478 2241 Domino,
2511 2182 2567 2228 et
2599 2172 2861 2243 quidquid
2899 2173 3183 2226 robustum
3217 2180 3299 2226 est
3343 2170 3394 2222 iu
3428 2169 3532 2232 eis,

1953 2267 2097 2335 quod
2132 2265 2496 2321 masculinum
2526 2273 2775 2331 vocatur,
2807 2263 3022 2332 penitus
3053 2261 3349 2318 auferetur.
3382 2259 3536 2315 Unde

1954 2369 2007 2415 et
2047 2360 2262 2414 Pharao
2313 2374 2435 2413 non,
2477 2359 2588 2413 vult
2625 2357 2937 2414 interﬁcere
2981 2370 3169 2412 sexum
3218 2354 3535 2417 femineum,

1955 2451 2046 2519 qui
2084 2465 2179 2521 per
2212 2465 2271 2504 se
2306 2447 2512 2518 fragilis
2543 2458 2629 2505 est
2659 2459 2715 2503 et
2749 2447 2905 2502 facile
2948 2446 3173 2501 interire
3204 2454 3400 2513 polcSl,
3437 2444 3536 2498 sed
3620 2514 3627 2521 ο

1954 2558 2116 2598 omne
2167 2542 2561 2606 masculinum;
2597 2541 2739 2612 quod
2773 2540 2817 2595 si
2867 2540 3110 2593 adultum
3158 2537 3342 2602 fuerit,
3378 2547 3434 2591 et
3479 2537 3535 2590 in

1958 2636 2168 2690 virilem
2234 2643 2446 2688 aetatem
2508 2632 2852 2703 pervenerit,
2915 2630 3207 2686 dillicnlter
3267 2629 3538 2684 occiditur

1960 2725 2159 2794 (Exod.
2188 2730 2250 2794 ι).
2284 2723 2448 2779 Juxta
2488 2723 2896 2795 Symmachum,
2931 2721 3126 2775 mortui
3157 2736 3263 2774 non
3297 2720 3537 2775 vivifica-

1961 2818 2128 2884 hunt,
2181 2816 2307 2885 quia
2361 2824 2584 2886 peccato
2643 2813 2879 2879 mortui,
2925 2813 3063 2866 alios
3114 2810 3385 2865 vivilicare
3430 2824 3539 2865 nou

1959 2919 2211 2981 possunt,
2243 2923 2341 2964 nec
2373 2908 2593 2978 pulchra
2626 2915 2711 2962 est
2740 2905 2975 2960 laudatio
3002 2904 3056 2959 in
3086 2917 3181 2958 ore
3211 2903 3538 2973 peccatoris.

1964 3003 2026 3055 Et
2064 3003 2344 3072 gigantes,
2391 3002 2443 3055 id
2490 3009 2593 3066 eat,
2630 3014 2862 3054 uacuam
2899 2999 3170 3066 (mum),
3212 3011 3314 3049 non
3364 2996 3540 3051 suscio

1963 3094 2154 3148 tahunt
2188 3093 2343 3157 alios,
2373 3092 2462 3163 qui
2495 3090 2597 3163 ipsi
2624 3092 2777 3162 juxta
2812 3090 3085 3147 Gencseos
3123 3089 3317 3142 librum
3355 3086 3540 3156 appel-

1962 3185 2142 3240 lantur
2192 3186 2457 3239 cadentes.
2516 3181 2823 3253 Visilatque
2877 3196 2973 3237 eos
3032 3180 3328 3244 Dominus,
3381 3188 3439 3232 ut
3484 3189 3542 3234 et

1962 3286 2303 3330 mortuornro
2335 3284 2391 3330 et
2419 3274 2718 3346 gigantittm
2764 3274 2942 3328 omnis
2974 3271 3220 3327 deleatur
3254 3270 3538 3327 memoria.

1964 3367 2127 3422 Solus
2157 3367 2300 3421 enim
2325 3374 2411 3420 est
2433 3366 2525 3432 qui
2553 3365 2780 3420 suscitat
2806 3373 3052 3419 mortuos
3082 3362 3150 3417 de
3175 3377 3281 3432 quo
3306 3361 3539 3416 diritur:

1964 3460 2112 3516 Sicut
2138 3457 2303 3513 Pater
2325 3459 2545 3512 suscitat
2572 3465 2807 3511 mortuos
2833 3464 2884 3509 et
2914 3456 3160 3523 viriﬁcat,
3185 3455 3263 3507 sic
3285 3463 3334 3507 et
3366 3451 3542 3506 Filius

1962 3552 2189 3620 riviﬁcat
2218 3568 2349 3621 quos
2390 3551 2494 3604 vu.’t
2530 3549 2713 3620 (Joan.
2739 3563 2791 3615 ν,
2820 3546 2936 3616 21).
2970 3545 3264 3600 Possumus
3299 3550 3543 3598 mortuos

1964 3644 2256 3698 simulacra
2313 3642 2585 3712 apptllare
2637 3641 2915 3694 hominum
2974 3647 3332 3701 mortuorum,
3372 3645 3425 3690 ct
3464 3636 3542 3705 gi-

1965 3747 2156 3805 gantes
2209 3736 2505 3798 daemones,
2546 3733 2634 3802 qui
2691 3732 3000 3787 simulacris
3044 3743 3231 3784 eorum
3277 3726 3541 3780 assident.

1964 3823 2076 3878 Nec
2119 3835 2323 3879 terrere
2372 3840 2470 3879 nos
2523 3824 2704 3889 debet,
2748 3837 2915 3890 quare
2950 3817 3089 3874 LXX
3133 3817 3447 3878 masculum,
3490 3825 3547 3869 ct

1966 3917 2147 3971 caeteri
2206 3916 2530 3983 interpretes
2586 3916 2888 3969 memoriam
2943 3912 3369 3974 transtulerunt,
3418 3924 3542 3963 cum

1966 4010 2173 4065 eisdem
2223 4010 2397 4063 tribus
2450 4009 2643 4063 litteris
2693 4023 2777 4062 ut
2812 4007 2902 4079 (Ἰ)
2936 4007 2981 4071 ³.
3030 4015 3084 4060 ct
3115 4020 3286 4061 cnam
3329 4002 3459 4074 (:t),
3493 4016 3545 4055 et

1967 4117 2063 4156 RES
2096 4102 2205 4171 (Ἴ)
2262 4112 2551 4168 ntrmnque
2600 4101 2870 4154 SCribatur
2922 4098 3058 4167 apud
3112 4096 3385 4152 llehrtcos.
3436 4094 3544 4149 Sed

1965 4196 2184 4265 quando
2208 4195 2507 4247 memoriale
2530 4193 2780 4257 dicimus,
2805 4191 2999 4259 legitur
3031 4203 3235 4244 mcum
3262 4186 3305 4254 l’;
3330 4185 3545 4256 quattdo

1968 4276 2289 4349 masculum,
2338 4300 2561 4340 zocuou.
2607 4284 2669 4338 Et
2721 4284 2822 4339 hac
2868 4284 3015 4337 verbi
3063 4278 3413 4349 amh‘guitate
3449 4277 3547 4331 dc-

1967 4388 2184 4445 ccptunt
2226 4376 2564 4431 arbitrantur
2610 4374 2758 4440 Sani,
2794 4374 3011 4443 quando
3058 4372 3314 4442 pugnavit
3355 4379 3541 4425 contra

1968 4466 2226 4520 Amalech
2282 4479 2334 4519 et
2392 4465 2665 4520 interfecit
2718 4480 2877 4520 omne
2936 4462 3298 4519 masculinum
3352 4474 3540 4515 eorum

1969 4556 2017 4631 (Ι
2057 4556 2186 4628 Reg.
2222 4558 2331 4627 vv).
2371 4557 2479 4614 Dco
2513 4558 2653 4613 enim
2699 4556 3063 4628 praecipiente,
3101 4564 3160 4609 ut
3200 4554 3401 4609 deleret
3431 4565 3548 4606 om-

2043 4789 2064 4819 ⁸
2105 4784 2356 4839 Mendose
2383 4782 2640 4837 Martian.
2670 4779 2888 4837 Urbium
2920 4781 3139 4849 legerat.
3171 4776 3338 4849 Virhii
3368 4782 3548 4828 autem

1973 4857 2259 4913 notissima
2286 4868 2367 4909 est
2393 4854 2573 4908 fabula
2601 4866 2666 4908 es
2693 4852 2886 4908 Ovidio
2910 4848 3262 4915 uetantorph.
3290 4861 3355 4899 xv
3389 4861 3405 4901 :

2890 4958 3080 5019 Quique
3095 4954 3241 5019 fuisti

2158 5027 2471 5090 Hippolytus,
2497 5023 2637 5086 dixit,
2672 5034 2800 5072 nunc
2817 5021 2949 5071 idem
2973 5017 3169 5067 Virbius
3194 5028 3318 5066 esto.

1978 5134 2113 5189 Vide
2151 5133 2210 5187 S.
2244 5132 2421 5187 Patris
2460 5131 2829 5186 Commi-utar.
2862 5126 2915 5177 in
2960 5123 3131 5193 Epist.
3179 5121 3244 5175 ad
3294 5121 3554 5193 Ephesios

1976 5221 2026 5259 c.
2066 5220 2138 5267 tv,
2172 5204 2261 5266 16,
2293 5211 2347 5256 ct
2375 5203 2468 5271 qui
2502 5215 2622 5253 cunt
2657 5204 2833 5271 locum
2868 5191 3070 5248 acriter
3098 5193 3371 5264 suggillat,
3402 5191 3552 5245 lluti—

1980 5291 2132 5335 ιιιιιιι,
2167 5268 2422 5327 Invectiv.
2459 5288 2496 5335 ι,
2522 5285 2670 5321 num.
2706 5268 2792 5321 Ω.
3472 5333 3481 5335 _
3592 5280 3597 5297 ε

2054 5343 2075 5375 ³
2112 5333 2317 5410 Vulgati
2351 5333 2494 5394 Zaiu
2544 5340 2725 5405 legunt
2769 5354 2835 5410 es
2893 5335 3182 5410 recentiori
3230 5333 3553 5410 pronuntia:

1982 5418 2147 5467 tione.
2182 5402 2385 5466 contra
2438 5427 2563 5472 ms.,
2598 5402 2711 5460 tum
2765 5409 2852 5461 leic
2888 5424 3010 5463 cum
3055 5407 3107 5460 in
3154 5402 3315 5471 epist.
3360 5403 3450 5462 ‘50,
3488 5402 3555 5454 ad

1983 5483 2226 5545 Paulum,
2261 5483 2326 5534 de
2374 5481 2698 5548 Alplialicto,
2734 5487 3045 5532 constanter
3092 5474 3189 5528 Zui
3219 5474 3552 5548 patriorum,

1983 5553 2123 5622 quod
2154 5543 2394 5622 etnohis
2426 5543 2480 5602 et
2514 5548 2702 5603 Diusio
2737 5549 2997 5618 probatur
3026 5563 3089 5602 ex
3124 5543 3343 5611 antiqua
3377 5545 3557 5597 decla-

1988 5620 2193 5676 ratione
2228 5620 2346 5688 ejus
2381 5622 2593 5673 littera'.

2058 5694 2076 5723 ⁸
2115 5681 2338 5742 Drusins
2391 5689 2617 5743 rescribi
2673 5688 2781 5741 volt
2830 5687 3053 5754 Zaclret',
3113 5685 3253 5754 quod
3291 5681 3555 5754 rxctuplis

1995 5759 2185 5823 Ilabel,
2224 5758 2447 5821 Phares,
2498 5760 2648 5823 Area,
2715 5770 2877 5828 atque
2913 5752 3047 5814 aliis
3086 5752 3395 5809 ciiiilirmat.
3450 5752 3558 5805 Sed

1992 5850 2120 5887 mss.
2159 5846 2261 5884 non
2302 5831 2696 5901 suifragautur.
