3898 6184
314 316 475 414 an

1524 349 1586 408 S.
1626 347 1938 409 EUSEBII
2000 351 2455 415 HIERONYMI

3518 369 3622 433 312

373 463 880 558 "emAmemoriam'
930 464 1191 523 AmaleCh
1235 466 1336 520 ευὶδ
1366 464 1531 532 οωιον
1559 464 1649 521 me
1693 479 1796 535 Ρτθ
1837 480 1949 558 ινφ
1978 476 2022 531 Α
2052 487 2190 538 mur,
2258 476 2350 528 sed
2393 492 2499 532 non
2550 481 2971 550 angustiamur;
3012 488 3427 554 persecutionem
3481 494 3622 558 pati-

379 553 573 619 tnoria,
598 568 704 608 non
741 563 849 608 tam
877 571 1083 624 errore,
1111 572 1270 627 quam
1298 557 1493 628 praedae
1512 559 1764 613 seductos
1792 557 1945 625 cupi-

373 646 537 712 dine,
581 648 845 703 masculos
927 649 1314 720 interpretatus
1353 661 1466 716 est,
1514 651 1766 707 nesciens
1816 651 1947 705 illud

375 738 614 806 Apostoli
650 753 670 794 :
698 738 876 794 Nolite
910 750 1117 820 errare,
1152 743 1293 798 Deus
1324 758 1426 797 non
1459 740 1710 797 irridetur
1745 744 1944 813 (Colat.

376 845 455 895 Vl,
488 831 564 901 7).

447 922 628 993 (Vers.
658 924 773 995 15.)
800 942 821 977 t
860 924 1135 982 indulsisti
1189 927 1360 997 genti,
1395 926 1641 993 Domine,
1676 931 1949 988 indulsisti

378 1017 545 1084 genti.
601 1017 849 1087 Nunquid
895 1017 1233 1087 gloriﬁcatns
1275 1021 1391 1075 es?
1446 1021 1717 1092 elongasti
1759 1038 1949 1081 omnes

378 1106 640 1160 terminos
682 1116 861 1163 terrm.
893 1127 913 1159 ι
947 1106 1095 1163 LXX
1132 1126 1146 1164 :
1180 1126 1199 1160 t
1223 1110 1376 1165 Adde
1397 1112 1473 1166 eis
1506 1112 1667 1177 mala,
1699 1111 1947 1180 Domine,

378 1197 520 1252 adde
560 1200 702 1253 mala
771 1200 1028 1270 gloriosis
1092 1210 1288 1256 terrae:
1323 1201 1484 1272 longe
1544 1202 1723 1259 fecisti
1763 1219 1951 1261 omnes

379 1290 645 1345 terminos
682 1302 865 1348 terra).
906 1312 929 1345 ι
966 1292 1115 1347 Mala
1140 1308 1261 1364 quae
1296 1292 1439 1348 LXX
1472 1296 1714 1351 secundo
1751 1313 1951 1367 posue-

380 1394 532 1447 runt,
564 1384 616 1436 in
650 1382 920 1439 Hebraico
950 1399 1055 1438 non
1122 1384 1443 1453 habentur;
1479 1389 1573 1441 sed
1614 1389 1742 1459 quia
1786 1404 1949 1458 supra

380 1475 615 1540 dixerat,
662 1474 812 1535 [Ideo
878 1474 1138 1531 induxiin
1184 1486 1236 1532 et
1284 1479 1601 1545 perdidisti,
1665 1490 1714 1534 et
1779 1480 1951 1534 tulisti

380 1582 533 1621 omne
584 1572 874 1621 masculum
918 1569 1053 1640 [ΑΙ.
1113 1570 1504 1643 masculinum]
1545 1587 1750 1639 eorum,
1803 1586 1953 1628 eum-

381 1659 503 1712 dem
561 1672 777 1715 sensum
831 1661 1024 1725 secuti,
1058 1661 1381 1717 addiderunt
1418 1663 1483 1717 de
1516 1678 1637 1731 suo,
1672 1666 1839 1732 mala,
1895 1674 1955 1721 ut

382 1751 476 1819 qui
507 1751 726 1819 gloriosi
773 1753 827 1805 in
859 1761 999 1807 terra
1039 1764 1188 1818 sunt,
1220 1755 1378 1809 malis
1414 1755 1720 1826 duplicibus
1770 1757 1952 1827 oppri-

382 1840 626 1898 mantur.
677 1842 850 1898 Porro
897 1845 1053 1914 juxta
1104 1844 1363 1901 Hebraeos
1407 1847 1584 1902 multo
1657 1846 1817 1900 aliter
1872 1856 1955 1903 est

384 1947 601 1998 sensus,
650 1943 706 1987 et
759 1932 930 2001 priori
985 1934 1342 2001 disputationi
1407 1932 1573 2004 35h.
1624 1947 1947 2002 congruens.

387 2027 615 2079 Dixerat
676 2026 983 2081 Dominus:
1046 2015 1400 2080 Misereamur
1462 2028 1642 2093 impio.
1690 2026 1955 2095 Propheta

388 2122 781 2186 responderat:
812 2115 880 2169 Et
942 2117 1165 2171 ubi.est
1214 2105 1424 2186 iustitia
1474 2117 1618 2171 tua?
1657 2117 1954 2188 praesertim

387 2225 509 2264 Cliti)
549 2216 696 2263 tanta
743 2207 883 2263 mala
912 2209 964 2262 in
991 2217 1212 2263 sanctos
1257 2217 1378 2263 tuos
1427 2215 1683 2277 operatus
1724 2208 1816 2263 sit.
1874 2207 1953 2262 Ad

387 2302 531 2369 quod
585 2301 877 2367 Dominus,
940 2299 1010 2353 Et
1066 2317 1171 2355 non
1211 2301 1422 2364 ridebit,
1474 2299 1671 2370 inquit,
1733 2301 1957 2369 gloriam

389 2395 624 2449 Domini.
679 2393 913 2449 Rursum
939 2393 1201 2464 propheta
1257 2393 1595 2449 :Exaltetur
1644 2409 1836 2448 manus
1870 2403 1958 2446 tua

388 2487 455 2540 ad
512 2486 944 2554 percutiendum,
991 2496 1045 2538 et
1100 2501 1208 2540 non
1258 2484 1477 2541 videant
1526 2485 1751 2557 gloriam
1788 2495 1956 2551 tuam,

388 2594 551 2647 quam
574 2595 682 2633 non
709 2590 982 2634 merentur
1044 2581 1310 2649 aspicere.
1365 2579 1442 2631 Ad
1475 2578 1617 2646 quod
1651 2576 1909 2631 Dominus
1942 2594 1956 2630 :

398 2672 622 2727 Videant
654 2673 822 2740 magis
848 2681 903 2726 et
934 2671 1348 2740 confundantur.
1374 2668 1614 2723 Rursum
1636 2669 1912 2739 Propheta
1944 2685 1958 2724 :

388 2766 636 2828 Domine,
672 2768 879 2834 {pacem
918 2767 980 2819 da
1014 2763 1190 2828 nobis,
1223 2773 1277 2819 et
1312 2763 1526 2833 posside
1584 2778 1705 2827 nos,
1738 2762 1826 2830 qui
1881 2762 1958 2816 tui

388 2858 626 2912 nominis
658 2856 1008 2911 recordamur
1039 2873 1054 2922 ;
1086 2855 1237 2924 impii
1272 2864 1457 2908 autem
1510 2862 1564 2907 et
1594 2855 1815 2922 superbi
1854 2868 1959 2906 non

389 2950 597 3013 vivant,
625 2962 723 3002 nec
751 2955 1040 3010 resurgant
1065 2948 1116 2999 in
1152 2945 1343 3015 gloria,
1374 2946 1467 3000 sed
1491 2954 1714 2999 contere
1744 2959 1959 2999 omnem

391 3036 707 3092 memoriam
731 3035 1274 3102 corum.t‘.ausasque
1309 3033 1504 3098 reddit,
1531 3048 1628 3087 cur
1656 3048 1748 3088 eos
1778 3032 1962 3101 cupiat

2049 580 2187 630 mur,
2234 567 2326 620 sed
2357 585 2459 622 non
2510 574 2922 647 derelinquimur
2953 575 3008 643 (Ι
3034 577 3158 635 Cor.
3189 595 3263 647 tv,
3296 581 3408 652 12).
3448 582 3514 638 Et
3567 588 3621 640 in

2050 655 2155 709 alio
2188 656 2306 713 loco
2348 675 2361 713 :
2396 660 2513 715 Non
2538 676 2656 716 sunt
2689 666 2963 737 condignw
2999 674 3275 739 passiones
3302 676 3463 745 hujus
3490 684 3621 730 tem-

2050 752 2197 821 poris
2233 755 2302 806 ad
2330 765 2601 811 venturam
2635 759 2859 828 gloriam
2888 780 3007 833 quia
3040 767 3357 823 revelabitur
3393 772 3450 823 in
3475 770 3625 826 nobis

2052 841 2229 912 (Rom.
2262 860 2375 914 Vill,
2414 847 2523 916 18).
2571 849 2626 903 Si
2678 862 2857 907 autem
2890 870 3054 923 parva
3105 858 3390 915 tribulatio
3438 862 3623 928 docet,

2051 945 2106 990 et
2132 941 2404 1007 emendat,
2457 951 2511 996 et
2542 945 2791 1014 corripit,
2822 959 3026 1016 qttanto
3055 951 3225 1020 inagis
3252 968 3470 1023 magna,
3490 969 3616 1009 cum

2053 1031 2409 1087 admonemur
2460 1035 2790 1090 conditionis
2857 1051 3078 1109 nostrai,
3131 1052 3185 1097 et
3221 1042 3312 1097 Dei
3368 1044 3626 1114 potentia

2052 1125 2407 1180 recordamur
2433 1129 2446 1181 l

2122 1216 2284 1288 355
2319 1218 2495 1288 (Vers.
2532 1219 2618 1286 l'i,
2656 1220 2767 1288 l8.)
2799 1238 2816 1272 ι
2857 1220 3007 1278 Sient
3032 1240 3151 1294 qua:
3193 1226 3473 1296 concepit,
3499 1242 3622 1281 eum

2055 1310 2577 1379 appropinquarerit
2601 1312 2668 1387 ad
2698 1324 2932 1380 partum,
2974 1316 3163 1371 dolens
3197 1317 3401 1372 clamat
3442 1320 3496 1371 in
3527 1318 3627 1372 do-

2055 1398 2264 1454 loribus
2293 1402 2538 1457 suis:sic
2564 1401 2691 1457 laeti
2720 1418 2913 1460 sumus
2970 1421 2999 1460 a
3035 1406 3174 1462 facie
3215 1415 3328 1473 tua,
3370 1406 3622 1462 Domine.

2054 1491 2414 1562 Conceplmus
2455 1502 2509 1547 et
2538 1495 2694 1564 quasi
2747 1499 3156 1567 parturivimus,
3203 1510 3255 1554 et
3311 1501 3626 1571 peperimus

2054 1580 2356 1654 spiritum.»
2397 1585 2532 1640 LXX
2559 1604 2574 1643 :
2605 1606 2623 1639 ι
2656 1588 2719 1641 Ει
2744 1589 2887 1644 sicut
2911 1592 3243 1655 parturiens,
3275 1607 3403 1647 cum
3432 1608 3627 1662 appro-

2057 1678 2277 1748 pinquat
2303 1678 2368 1731 ad
2397 1688 2635 1747 partum,
2662 1680 2716 1734 in
2749 1681 2934 1738 dolore
2967 1698 3069 1738 suo
3094 1683 3293 1738 clamat
3330 1698 3352 1742 :
3380 1686 3462 1739 sic
3500 1685 3622 1739 facti

1981 1810 2029 1870 Β
2058 1786 2243 1827 sumus
2259 1786 2322 1828 αι-
2339 1773 2534 1830 dilecto
2552 1782 2645 1830 tuo
2665 1784 2889 1845 propter
2912 1776 3163 1833 timorem
3184 1790 3354 1845 tuum,
3379 1781 3627 1845 Domine,

2056 1863 2113 1918 in
2139 1874 2294 1918 utero
2320 1867 2631 1935 accepimus
2648 1869 2692 1932 ',
2718 1877 2767 1923 et
2798 1870 3207 1938 parturivimus,
3237 1882 3293 1925 et
3321 1874 3627 1941 peperimus

2056 1957 2308 2024 spiritum
2337 1958 2527 2012 salutis
2571 1968 2694 2024 tute,
2722 1976 2841 2029 quae
2884 1963 3114 2017 fecimus
3147 1978 3313 2032 super
3337 1973 3566 2018 terram.
3598 1982 3621 2016 ο

2060 2042 2214 2099 Sicut
2281 2046 2347 2099 ad
2399 2058 2609 2115 partum
2667 2049 2865 2104 mulier
2921 2053 3392 2121 appropinquans,
3443 2056 3631 2109 dolore

2058 2137 2269 2205 cogitur
2297 2136 2627 2204 exclamare,
2685 2139 2767 2194 sic
2790 2156 2891 2195 nos
2917 2143 2972 2196 in
3014 2144 3261 2211 angustia
3296 2146 3628 2214 requirimus

2060 2232 2132 2288 te,
2166 2231 2220 2277 et
2246 2239 2274 2277 a
2303 2224 2446 2281 faeie
2480 2225 2788 2283 formidinis
2813 2239 2918 2285 tuae
2935 2234 3308 2301 concepimus,
3357 2246 3415 2289 et
3445 2247 3630 2304 partu-

2062 2314 2288 2370 rivimus
2317 2316 2361 2380 ³,
2401 2326 2455 2372 et
2495 2319 2829 2388 peperimus,
2866 2335 2972 2377 nou
3033 2323 3214 2377 carnis
3255 2323 3484 2391 liberos,
3537 2327 3631 2380 sed

2060 2407 2303 2477 spiritus,
2365 2417 2425 2463 ut
2450 2418 2556 2465 tota
2596 2411 2650 2465 in
2688 2420 2740 2466 te
2780 2420 2960 2468 mente
3019 2415 3329 2482 credamus,
3363 2428 3425 2472 ut
3472 2433 3630 2486 quem

2061 2514 2156 2566 per
2187 2499 2446 2554 beneficia
2473 2515 2579 2556 non
2606 2502 2898 2574 sensimus,
2921 2519 3020 2574 per
3039 2514 3308 2561 tormenta
3328 2509 3629 2564 discamus.

2062 2562 2175 2646 iloe
2201 2593 2343 2660 quod
2374 2590 2516 2646 LXX
2572 2562 3024 2662 addiderunt,'sic
3065 2596 3199 2665 [acti
3224 2562 3631 2655 sumus'dilecto

2064 2692 2154 2735 tuo
2188 2700 2207 2748 ;
2237 2697 2333 2751 pro
2361 2698 2469 2754 quo
2502 2684 2682 2739 cmleri
2720 2688 3145 2752 transtulerunt,
3193 2691 3271 2742 sic
3303 2691 3636 2759 factisumtts

2064 2790 2095 2827 a
2123 2775 2260 2843 facie
2280 2784 2394 2841 tua,
2436 2775 2677 2842 Domine,
2706 2778 2862 2832 obolo
2914 2781 3325 2848 praeno'audutn
3352 2791 3462 2837 est.
3493 2782 3626 2838 Pos-

2063 2884 2251 2922 sumus
2280 2877 2462 2923 autem
2515 2868 2774 2925 dilectum
2812 2870 3023 2926 Domini
3047 2872 3325 2930 Chrismm
3362 2874 3637 2942 accipere,

2063 2969 2282 3031 propter
2303 2960 2459 3029 cujus
2481 2961 2727 3015 timorem
2751 2962 3111 3031 concipimus,
3129 2973 3183 3019 el
3210 2966 3643 3033 parturimus,el

2064 3049 2314 3115 spiritum
2339 3049 2528 3104 salutis
2569 3050 2797 3107 iacimus
2853 3067 3020 3122 super
3069 3064 3291 3111 terram.
3352 3054 3544 3111 Potest
3587 3046 3641 3110 et

392 3131 620 3184 interire
655 3146 669 3183 :
706 3127 988 3182 litt/nisiin
1032 3129 1194 3197 genti,
1218 3127 1458 3191 Domine,
1489 3125 1762 3180 indulsisti
1798 3125 1959 3195 genti,

2071 3137 2167 3191 hoc
2223 3147 2277 3192 et
2324 3139 2663 3208 Apostolicus
2715 3144 2797 3195 vir
2836 3143 3038 3208 dicere,
3124 3144 3345 3213 quando
3414 3146 3639 3216 populos

392 3222 630 3291 nunquid
672 3221 1005 3291 gloriﬁcatur
1036 3237 1088 3274 es
1119 3220 1144 3273 2
1173 3219 1234 3273 Ει
1277 3229 1359 3275 est
1407 3232 1599 3273 sensus
1627 3232 1641 3271 :
1669 3217 1823 3286 Saepe
1864 3216 1963 3268 mi-

323 3346 331 3354 -
393 3326 576 3372 scrtus
596 3333 652 3372 es
682 3314 954 3386 gentibus,
1000 3313 1050 3368 id
1081 3322 1185 3378 est,
1222 3313 1459 3368 humano
1491 3310 1697 3381 generi,
1734 3320 1787 3365 et
1807 3324 1962 3363 exer-

397 3410 558 3464 cuisti
616 3409 668 3463 in
713 3424 803 3465 cas
860 3407 1230 3462 incredibilem
1289 3404 1655 3467 clementiam,
1721 3402 1964 3472 nunquid

395 3516 450 3559 te
516 3504 944 3567 conuenerunt?
983 3499 1220 3567 nunquid
1262 3497 1707 3568 gloriﬁcaverunt
1760 3511 1961 3551 nemeu

396 3604 549 3649 tuum
583 3596 606 3648 ?
641 3610 822 3649 nonne
865 3609 893 3647 e
927 3592 1202 3647 contrario
1236 3607 1263 3642 a
1295 3600 1343 3645 te
1370 3589 1526 3658 longe
1563 3587 1675 3659 [ΑΙ.
1703 3588 1913 3657 longius
1944 3586 1963 3660 ]

395 3686 791 3742 recesserunt?
842 3683 1119 3739 Securitas
1148 3683 1294 3736 enim
1341 3680 1744 3751 negligentiam,
1800 3679 1967 3750 negli-

396 3778 574 3849 gentia
598 3785 973 3846 coutemptum
1008 3776 1146 3843 parit

468 3870 656 3943 (Vers.
692 3870 805 3939 l6.)
839 3887 856 3921 ι
901 3869 1147 3933 Domine,
1219 3870 1271 3922 in
1319 3870 1564 3938 angustia
1608 3867 1971 3935 requisieruut

398 3979 475 4031 te,
528 3967 581 4021 in
633 3964 983 4018 tribulatione
1052 3963 1344 4016 murmuris
1392 3961 1642 4015 doctrina
1680 3972 1766 4014 tua
1806 3962 1904 4015 eis.
1944 3978 1964 4011 ι

398 4059 537 4117 LXX
578 4061 635 4131 :ii
678 4059 929 4123 Domine,
954 4059 1006 4111 in
1070 4056 1420 4110 tribulatione
1485 4056 1800 4109 recerdatus
1851 4070 1968 4109 sum

400 4153 503 4216 tui,
566 4155 619 4206 in
657 4152 1001 4206 tribulatione
1060 4164 1226 4217 parva
1284 4147 1529 4201 doctrina
1587 4156 1672 4198 tua
1735 4146 1910 4199 nobis.
1945 4165 1964 4197 ι

400 4244 534 4310 Quia
577 4241 860 4311 indulgens
890 4255 1033 4309 saepe
1086 4248 1439 4307 contemptus
1470 4252 1552 4304 cs,
1614 4252 1711 4293 nec
1767 4237 1973 4305 glorili-

401 4345 596 4400 catus;
628 4334 718 4387 sed
752 4348 780 4387 e
813 4332 1092 4387 contrario
1153 4344 1344 4383 OlllllcS
1373 4345 1403 4383 a
1455 4339 1545 4384 tua
1599 4326 1828 4384 scientia
1885 4344 1971 4384 re-

403 4434 687 4482 cesserunt
720 4441 734 4491 ;
763 4435 1069 4493 prepterea,
1105 4422 1347 4485 Domine,
1388 4432 1611 4491 percute
1662 4437 1776 4482 eos.
1809 4430 1865 4476 ut
1919 4423 1969 4475 in

2068 3227 2248 3281 erudit
2278 3236 2330 3282 et
2354 3229 2595 3283 imitatur
2625 3233 2926 3301 apostolum
2969 3234 3190 3289 Paulum
3233 3252 3247 3293 :
3290 3236 3486 3292 Filioli
3515 3239 3637 3303 mei,

2066 3333 2197 3386 quos
2223 3317 2415 3373 iterum
2470 3324 2737 3390 parturio.
2767 3324 2931 3378 donec
2984 3323 3222 3380 Christus
3270 3327 3541 3394 fonnetur
3585 3330 3640 3382 in

2068 3410 2206 3464 robis
2257 3409 2461 3481 (Galat.
2502 3428 2576 3478 tv,
2635 3414 2744 3484 19).
2805 3417 2887 3469 An
2947 3416 3305 3471 dubitandum
3364 3429 3450 3473 est
3499 3419 3642 3489 quod

2066 3497 2269 3555 Paulus
2325 3502 2606 3568 apostolus
2663 3505 2912 3573 spiritum
2967 3507 3160 3562 salutis
3214 3506 3407 3563 fecerit
3476 3525 3643 3581 super

2070 3601 2292 3661 terram,
2317 3595 2406 3663 qui
2430 3593 2498 3648 de
2521 3594 2822 3651 Jerusalem
2856 3612 3031 3667 usque
3056 3600 3121 3654 ad
3155 3600 3431 3669 Illyricum
3460 3602 3637 3657 Evan-

2070 3683 2269 3752 geliutn
2318 3685 2629 3753 praedicavit
2692 3685 2873 3759 (Rom.
2922 3689 3036 3759 xv),
3073 3699 3129 3745 et
3194 3693 3354 3760 quasi
3425 3694 3646 3762 sapiens

2072 3775 2398 3832 architectus
2423 3777 2832 3833 fundamentum
2861 3781 3067 3850 posuit,
3098 3792 3251 3837 extra
3271 3785 3421 3852 quod
3462 3785 3642 3841 nullus

2072 3867 2210 3921 alios
2240 3877 2416 3935 potest
2443 3884 2666 3939 ponere,
2699 3872 2788 3940 qui
2838 3882 2923 3927 est
2946 3871 3194 3929 Christus
3229 3873 3391 3932 Jesus
3435 3877 3488 3947 (Ι
3524 3878 3645 3932 Cor.

2073 3960 2155 4030 ιιι)
2182 3960 2204 4013 ?
2230 3960 2356 4017 Sive
2390 3963 2555 4031 igitur
2601 3965 2914 4033 legerimus,
2938 3977 3152 4036 propter
3202 3969 3448 4024 timorem
3472 3981 3642 4031 tuum,

2075 4053 2316 4120 Domine,
2343 4056 2394 4108 in
2430 4066 2576 4109 utero
2596 4060 2931 4127 accepimus;
2961 4060 3078 4115 sive
3109 4060 3262 4130 juxta
3294 4060 3643 4123 Hebraicum,

2072 4162 2105 4198 a
2132 4144 2272 4214 [acie
2305 4155 2420 4212 tua,
2478 4147 2719 4213 Domine,
2750 4153 3108 4221 concepimus,
3143 4153 3264 4207 etin
3289 4164 3445 4208 utero
3491 4171 3638 4208 acce-

2072 4239 2270 4305 pimus,
2330 4249 2623 4309 utrumque
2654 4241 2719 4294 ad
2761 4242 2813 4296 id
2873 4246 3129 4310 pertinet,
3158 4253 3215 4298 ut
3252 4259 3318 4299 ex
3361 4248 3564 4302 timore
3593 4252 3646 4300 et

2075 4329 2454 4384 recordatione
2484 4328 2695 4384 Domini
2724 4346 3029 4386 sermonem
3091 4333 3472 4402 concipiamus
3531 4334 3646 4393 Dei.

2074 4427 2129 4472 et
2163 4418 2503 4472 illutninetur
2555 4432 2650 4472 cor
2682 4429 2929 4474 nostrum
2977 4421 3271 4475 dicentium
3321 4421 3647 4493 :Siguatum

404 4519 654 4588 angustia
690 4527 743 4571 te
773 4516 1076 4582 requirant,
1106 4524 1157 4566 et
1200 4514 1254 4566 in
1286 4514 1637 4569 tribulatione
1674 4514 1970 4568 murmuris
2003 4497 2055 4561 Β
2078 4520 2324 4581 estsuper
2346 4528 2436 4565 nos
2459 4511 2631 4565 lumen
2648 4513 2823 4567 vultus
2845 4512 3368 4583 tui,Domine(Psal.
3393 4514 3647 4585 tv,7);eJ,

406 4608 654 4664 doctrina
717 4612 813 4660 tua
872 4606 941 4659 sit
967 4606 1068 4669 eis,
1093 4605 1312 4675 quando
1349 4612 1556 4658 tantum
1595 4605 1673 4660 eis
1706 4605 1972 4658 malorum

406 4702 616 4772 pondus
646 4698 939 4764 incumbet,
972 4707 1029 4749 ιιι
1082 4714 1149 4751 tte
1197 4697 1437 4753 clamare
1467 4697 1684 4766 quidem
1743 4697 1976 4751 audeant

405 4794 763 4855 conﬁdenter,
801 4792 897 4847 sed
953 4790 1189 4845 dolorem
1230 4806 1386 4845 suum
1438 4788 1662 4844 silentio
1687 4791 1973 4843 devorent.

406 4886 565 4941 Juxta
596 4884 759 4948 LXX,
787 4885 838 4938 in
875 4881 1225 4937 tribulatione
1251 4882 1512 4950 ρτοιιιιθιει
1547 4880 1758 4933 Domini
1790 4893 1978 4934 recorn

366 4953 587 5044 “datur,
636 4979 789 5047 juxta
845 4975 972 5029 illul
1026 4973 1170 5044 quod
1215 4974 1267 5025 iu
1333 4971 1547 5025 Psalmo
1614 4969 1812 5023 dititur
1850 4986 1864 5023 :
1905 4968 1977 5021 De

411 5070 744 5124 tribulatione
788 5068 1025 5121 invocari
1061 5065 1362 5125 Dominum,
1387 5070 1436 5116 et
1465 5062 1733 5117 exaudivit
1793 5078 1875 5114 nte
1924 5061 1980 5113 in

408 5162 689 5215 latitudine
722 5161 1082 5230 (PHILCXVII,
1122 5158 1198 5226 5).
1243 5157 1305 5209 Et
1336 5158 1389 5209 in
1412 5155 1520 5210 alio
1556 5156 1674 5209 loco
1714 5153 1837 5210 :Atl
1873 5152 1979 5207 Do-

410 5257 613 5308 minum
675 5268 792 5304 cum
849 5251 1137 5304 tribularer
1186 5248 1435 5312 clamavi,
1488 5258 1535 5299 et
1583 5246 1851 5300 eraudieit
1900 5262 1981 5297 me

414 5344 586 5416 (Ps-al.
620 5358 768 5408 CXIX,
806 5342 880 5411 l).
914 5342 1067 5398 Unde
1102 5340 1389 5410 Apostolus
1415 5338 1650 5406 loquitur
1684 5352 1703 5393 ξ
1736 5335 1978 5388 Tribula-

492 5524 510 5555 ⁸
541 5521 739 5582 vatio,
773 5531 829 5572 ut
855 5518 1118 5571 deleretur
1146 5519 1313 5571 omnis
1345 5517 1621 5579 memoria,
1676 5522 1783 5566 etc.

495 5593 639 5645 ’l’ro
694 5594 746 5642 in
779 5604 929 5642 utero
967 5587 1278 5654 accepimus,
1316 5587 1370 5639 itt
1398 5587 1572 5640 Vatic.
1610 5593 1694 5639 est
1726 5597 1833 5636 uno
1856 5597 1983 5636 vcr-

415 5669 487 5720 l:o
532 5661 883 5727 concepimus,
918 5659 1105 5712 Graeco
1132 5659 1417 5727 renitente,
1452 5658 1539 5722 qui
1585 5669 1840 5727 expresse
1865 5657 1980 5727 ΔΙιει-

420 5740 511 5789 Let
535 5735 593 5782 ὲν
622 5723 816 5797 γαστρὶ
843 5729 1132 5797 ἐλάϐομεν,
1169 5723 1287 5779 Mox
1323 5734 1501 5778 tamen
1536 5741 1692 5797 ante
1725 5723 1979 5797 relativus

430 5790 691 5857 articulus
712 5790 862 5866 juxta
890 5790 1313 5852 Aleian'drinum
1338 5790 1613 5863 exemplar
1649 5795 1827 5849 abest.
1846 5790 1980 5846 Pro-

2087 4604 2314 4661 Ostende
2327 4605 2517 4673 [aciem
2538 4612 2704 4671 luant,
2723 4615 2774 4657 et
2802 4608 2935 4658 salvi
2952 4607 3147 4659 erimus
3167 4604 3339 4676 (Psal.
3362 4620 3551 4669 um,
3572 4606 3651 4675 4).

2159 4715 2179 4748 ς
2203 4697 2414 4750 Salutes
2446 4712 2553 4749 non
2581 4697 2807 4754 fecimus
2864 4698 3093 4751 interra
3135 4713 3149 4752 :
3184 4698 3305 4751 ideo
3354 4713 3461 4751 non
3511 4698 3651 4751 ceci-

2084 4786 2280 4840 derunt
2309 4785 2645 4840 habitatores
2677 4787 2846 4842 orbis.
2876 4807 2893 4838 ι
2953 4785 3090 4841 LXX
3127 4804 3141 4841 :
3181 4807 3200 4839 ι
3235 4786 3349 4841 Non
3366 4789 3657 4852 cedemus,

2085 4876 2181 4932 Sed
2233 4879 2426 4935 cadent
2459 4879 2794 4933 habitatores
2832 4889 3006 4933 terrm.
3051 4898 3070 4933 ι
3110 4878 3333 4933 Diversa
3376 4879 3653 4950 interpre-

2087 4970 2215 5025 talio
2243 4985 2467 5026 necesse
2499 4979 2582 5026 est
2617 4981 2675 5025 ut
2730 4974 3001 5027 diversum
3063 4971 3261 5026 habent
3319 4980 3375 5025 et
3407 4987 3653 5027 sensum.

2085 5062 2247 5118 Juxta
2281 5061 2605 5117 Hebraicqu
2658 5063 2760 5117 hoc
2797 5062 2993 5119 dicitur
3034 5062 3208 5128 :Quia
3252 5063 3384 5116 nihil
3435 5064 3653 5135 dignum

2089 5165 2176 5209 tua
2205 5155 2434 5208 fecimus
2464 5154 2856 5219 misericordia,
2889 5166 3176 5226 propterea
3205 5154 3351 5223 impii
3393 5170 3501 5209 non
3534 5171 3651 5211 cor-

2087 5255 2333 5312 ruerunt,
2378 5249 2474 5300 sed
2504 5262 2671 5314 usque
2719 5246 2882 5316 356
2938 5246 3095 5300 hodie
3125 5247 3416 5316 praevalent
3448 5254 3504 5299 et
3534 5259 3655 5314 pose

2086 5338 2267 5392 sident
2312 5346 2537 5392 terram.
2593 5338 2734 5392 LXX
2779 5349 2962 5392 autem
3031 5338 3137 5393 hoc
3188 5348 3461 5401 asserunt,
3514 5335 3654 5406 quod

2088 5515 2333 5587 sequitur
2364 5514 2638 5587 Victorius
2664 5523 2713 5569 et
2764 5515 3029 5587 doluimus
3056 5530 3154 5582 pro
3198 5524 3247 5569 ct
3304 5512 3652 5583 parturimus,

2083 5584 2508 5655 jmitaGraecuut
2535 5586 2782 5639 codicem
2811 5585 3195 5653 ὼδυνήσαμεν.

2157 5653 2389 5736 ’_Vatic.
2442 5656 2767 5728 itt‘inslattti
2821 5652 3162 5724 concipimus,
3219 5652 3551 5721 parturimus
3600 5658 3657 5705 et.

2086 5741 2343 5795 portatus.
