3972 6198
263 332 377 394 3l3

736 336 1245 401 COMMENTAR.
1288 337 1372 400 IN
1414 339 1681 401 ISAIAM
1718 341 2187 407 PROPHETAM
2226 346 2376 409 LIB.
2422 348 2590 424 VIll,
2635 351 2799 413 CAP.
2838 352 3049 415 XXVI.

3408 350 3513 416 3H

266 444 595 500 facientibus
631 447 836 500 sanctis
863 446 1114 514 Spiritum
1161 446 1355 502 salutis
1405 462 1567 517 super
1617 458 1842 516 terram,
1871 455 1918 510 Α
1948 467 2113 523 supra
2178 454 2438 511 dixerat:
2487 456 2689 512 Μονιυί
2744 459 2908 513 vitam
2956 475 3062 513 ηοη
3117 458 3381 527 ridebam,
3459 473 3521 520 ιη

266 536 363 603 qui
403 545 562 591 terra:
602 535 936 590 habitatores
986 544 1111 589 sunt
1165 548 1443 600 corruant,
1513 538 1640 592 licet
1705 539 1844 593 inter

267 627 472 689 orbem,
526 628 615 697 qui
647 626 909 681 llebraice
941 642 1148 681 TBEBEL
1205 613 1381 698 (51m,
1418 639 1468 684 et
1491 628 1677 685 Grtcce
1709 629 1846 685 dici—

266 730 367 774 tur
409 720 750 790 οῐκουμένη.
781 734 848 773 ac
920 730 1145 783 terram,
1207 721 1371 776 multa
1427 721 1718 777 diversitas
1748 721 1842 776 sit.

266 806 483 863 Cadent
511 824 642 877 ergo
696 808 1011 878 quicunque
1068 808 1389 863 habitationi
1446 816 1605 862 terra:
1642 823 1699 863 se
1755 809 1850 861 de-

273 900 495 962 derunt,
523 911 576 953 et
610 899 665 953 in
717 900 949 954 terrenis
985 900 1240 969 operibus
1271 899 1373 954 lixa
1402 900 1585 955 radice
1631 899 1845 953 fundati

278 1000 412 1046 sunt
441 1010 458 1056 ;
488 1001 542 1047 et
573 1007 676 1046 non
737 993 933 1046 cadent
976 991 1066 1061 qui
1106 993 1297 1045 sedent
1337 992 1387 1045 in
1419 990 1552 1045 orbe
1582 999 1846 1044 terrarum

278 1093 337 1139 et
373 1084 722 1154 requiescunt
748 1084 801 1139 in
831 1084 1094 1149 Ecclesia,
1115 1100 1234 1151 qua:
1263 1083 1632 1138 habitaculum
1652 1064 1849 1143 Patris,

276 1198 333 1235 et
359 1182 506 1247 Filii,
549 1194 601 1237 et
638 1182 875 1252 Spititus
930 1183 1233 1237 sancliest.

352 1273 535 1345 (Vers.
590 1273 699 1343 i9.)
739 1292 757 1324 ι
798 1272 993 1327 Vivam
1040 1272 1267 1336 mortui,
1316 1272 1586 1327 interfecti
1631 1274 1733 1327 mci
1771 1288 1853 1329 re-

273 1378 510 1437 surgant
542 1364 1017 1437 ;expergiscimini
1067 1371 1121 1417 et
1167 1364 1409 1428 laudate,
1450 1365 1540 1434 qui
1596 1366 1854 1421 habitatis

276 1465 337 1516 in
379 1461 623 1531 pulvere.
665 1460 787 1528 quia
821 1474 908 1513 ros
928 1458 1194 1511 luminunt
1246 1473 1336 1511 ros
1377 1467 1522 1523 tuus,
1557 1467 1611 1512 et
1653 1468 1851 1514 terram

276 1555 581 1625 gigantinut
639 1540 896 1605 detrahas
936 1552 991 1604 in
1033 1550 1267 1605 ruinam.
1303 1568 1320 1601 ι
1367 1548 1508 1604 LXX
1545 1567 1560 1605 :
1600 1569 1617 1602 ι
1650 1550 1854 1605 Resur-

276 1657 410 1711 gent
432 1645 657 1705 mortui,
686 1654 741 1698 et
770 1650 1053 1712 resurgant
1089 1641 1156 1695 de
1188 1641 1482 1710 sepulcris,
1516 1652 1569 1696 et
1594 1642 1856 1697 laetabun-

283 1751 377 1792 tur
402 1736 495 1806 qui
526 1737 727 1791 suntin
755 1744 922 1789 terra.
958 1732 1067 1787 llos
1090 1732 1234 1787 enim
1256 1743 1380 1786 tuus
1412 1733 1617 1788 sanitas
1641 1749 1852 1800 eorum,

1951 545 2289 601 manifestius
2332 548 2731 604 demonstraret
2760 566 2866 605 non
2908 552 3015 606 dici
3057 551 3132 606 ibi
3168 553 3236 606 de
3291 555 3522 610 mortuis

1952 634 2068 707 lege
2127 646 2350 705 naturae,
2388 647 2442 693 et.
2498 643 2845 711 separatione
2890 642 3084 697 animm
3124 658 3188 698 ac
3230 644 3523 713 corporis;

1953 729 2046 783 sed
2078 728 2144 782 de
2195 729 2280 784 his
2306 731 2395 800 qui
2443 743 2662 799 peccato
2712 734 2906 787 mortui
2940 744 3105 787 sunt:
3141 749 3288 789 nunc
3315 750 3346 789 e
3389 750 3525 790 con-

1954 822 2122 875 trario
2162 822 2294 876 dicit
2332 824 2396 876 ad
2428 822 2594 878 Deum
2637 841 2652 884 :
2693 825 2888 880 Vivent
2922 826 3125 880 mortui
3168 827 3267 891 tui,
3301 827 3390 897 qui
3445 828 3533 881 in-

1958 911 2165 966 terfecti
2199 920 2325 967 sunt
2358 923 2579 984 propter
2607 924 2680 981 te,
2709 916 2800 985 qui
2831 932 2936 970 non
2993 917 3242 971 absolute
3300 918 3524 983 mortui,

1958 1010 2012 1053 ut
2049 1000 2192 1055 LXX
2248 1004 2642 1058 transtulerunt
2676 1024 2689 1069 ;
2722 1007 2814 1058 sed
2846 1005 2999 1071 jttxta
3052 1004 3374 1061 Hebraicum
3431 1007 3524 1062 ubi

1957 1090 2156 1145 dicitur
2190 1107 2306 1147 JEJU
2338 1109 2581 1148 neruum
2612 1099 2771 1165 (pm:
2798 1097 2950 1165 rm),
2986 1097 3183 1151 mortui
3230 1097 3304 1151 tui
3348 1096 3533 1167 appelo

1958 1181 2167 1237 lantur.

2036 1294 2055 1326 ι
2092 1273 2260 1338 Vade,
2305 1276 2539 1343 populus
2596 1290 2771 1340 meus,
2821 1277 2962 1330 intra
3012 1277 3064 1329 in
3098 1277 3350 1333 cubicula
3413 1288 3526 1341 tua.

1959 1366 2151 1420 claude
2201 1365 2340 1419 ostia
2395 1376 2483 1420 tua
2528 1381 2695 1436 super
2737 1375 2788 1420 te
2821 1384 2833 1419 :
2865 1366 3202 1422 abscondere
3254 1370 3526 1436 modicum

1962 1462 2026 1513 ad
2065 1470 2417 1524 momentum,
2467 1460 2636 1514 donec
2660 1468 3004 1525 pertranseat
3037 1463 3356 1531 indignatio.
3396 1463 3533 1519 Ecce

1960 1552 2102 1605 enim
2161 1551 2417 1605 Dominus
2477 1553 2787 1622 egredietur
2823 1553 2888 1606 de
2920 1553 3041 1607 loco
3090 1570 3213 1618 suo,
3253 1566 3309 1609 ιιι
3345 1556 3532 1610 visitet

1963 1641 2306 1711 iniquitatem
2341 1642 2665 1699 habitatoris
2712 1654 2870 1697 terra:
2909 1653 3098 1698 contra
3129 1657 3349 1710 eunt,et
3375 1662 3527 1701 reve-

1961 1735 2093 1788 labit
2120 1741 2267 1787 terra
2298 1735 2617 1805 sanguinem
2666 1751 2848 1802 suum,
2879 1746 2934 1789 et
2984 1752 3118 1793 non.
3144 1740 3356 1805 operiet
3390 1739 3530 1793 ultra

285 1843 434 1884 terra
473 1837 652 1882 autem
694 1826 985 1896 impiorum
1028 1824 1209 1880 cadet.
1246 1842 1265 1876 ι
1299 1822 1514 1880 Sanctis
1550 1826 1855 1893 parturien-

1983 1803 2470 1896 nterlectos'lsuos.
2508 1845 2527 1879 ι
2562 1826 2701 1881 LXX
2733 1845 2747 1881 :
2783 1847 2801 1879 ι
2859 1828 3028 1892 Vade,
3074 1803 3302 1899 populus
3356 1846 3527 1898 meus,

281 1922 431 1976 tibus
480 1930 534 1974 et
605 1920 945 1989 parientibus
1022 1918 1297 1984 spiritum,
1354 1928 1411 1972 ct
1457 1918 1859 1975 habitatoribus

280 2020 449 2068 terrae
505 2011 909 2075 corruentibns,
965 2012 1090 2080 quia
1144 2010 1350 2065 salutes
1380 2025 1487 2063 non
1525 2012 1771 2067 fecerunt
1804 2013 1858 2066 in

285 2114 455 2169 terra,
480 2102 536 2155 hi
569 2116 704 2172 quos
725 2101 778 2154 i'u
811 2100 1029 2156 Christo
1068 2106 1314 2154 mortuos
1357 2100 1651 2167 Apostolus
1674 2110 1859 2162 vocat,

287 2210 342 2249 et
371 2204 596 2266 propter
645 2208 838 2247 nomen
876 2190 1087 2246 Domini
1144 2191 1417 2246 interfecti
1480 2200 1625 2256 sunt,
1679 2205 1862 2246 resur-

284 2295 412 2355 gent
434 2286 492 2341 in
554 2285 718 2353 gloria
748 2284 800 2353 (Ι
859 2285 1038 2338 Thess.
1076 2282 1191 2348 tv).
1229 2282 1294 2336 Et
1328 2269 1452 2352 quia
1482 2296 1628 2337 mors
1671 2297 1861 2337 eorum

287 2391 517 2433 somnus
542 2386 644 2439 est,
680 2390 1019 2444 nequaquam
1045 2374 1201 2442 juxta
1253 2372 1398 2428 LXX
1435 2389 1743 2442 resurgere,
1768 2371 1865 2428 sed

286 2467 600 2538 expergisci
639 2474 692 2521 et
720 2466 980 2535 evigilare
1014 2466 1290 2520 dicuntur.
1331 2463 1486 2520 Unde
1516 2475 1568 2517 et
1622 2464 1864 2520 Lazarus

289 2561 387 2629 qui
419 2557 762 2627 evigilandus
805 2566 923 2611 erat
954 2555 994 2620 ί,
1020 2571 1048 2609 a
1092 2556 1319 2610 Domino
1355 2554 1632 2609 dormiens
1682 2555 1867 2623 appel-

296 2649 452 2701 latur
482 2647 665 2715 (Joan.
702 2647 802 2715 XI).
847 2645 929 2701 Ou
952 2660 1054 2700 ncs
1104 2646 1268 2714 igitur
1313 2653 1584 2715 martyres
1608 2650 1662 2699 et
1693 2644 1867 2697 sancti

292 2740 418 2807 viri,
452 2740 544 2809 qui
571 2753 669 2811 pro
692 2737 908 2793 Christo
926 2736 1182 2791 fuderunt
1205 2737 1545 2807 sanguinem.
1565 2745 1618 2790 et
1637 2749 1867 2805 quorum

291 2834 400 2886 fuit
440 2839 552 2885 tota
601 2831 706 2884 vita
756 2829 1099 2900 martyrium,
1137 2838 1419 2897 resurgent
1448 2836 1501 2883 et
1534 2828 1871 2895 evigilabunt

292 2930 459 2987 atque
476 2918 770 2971 laudabunt
791 2914 956 2969 Deum
971 2915 1283 2970 Creatorem
1297 2932 1479 2982 suum,
1500 2916 1590 2986 qui
1613 2932 1752 2971 nunc
1774 2918 1873 2971 ha-

293 3012 473 3065 bitant
490 3011 544 3064 in
565 3010 802 3079 pulvere,
828 3009 895 3063 de
909 3009 1105 3076 quibus
1126 3024 1179 3062 tu
1207 3007 1428 3063 Daniele
1445 3010 1710 3079 scriptum
1731 3019 1815 3064 est
1854 3024 1868 3065 :

1960 1920 2241 1990 ingredere
2270 1919 2515 1975 cubicula
2549 1931 2661 1983 tua,
2714 1919 2906 1973 claude
2933 1920 3133 1974 ostium
3166 1931 3323 1976 tuum
3359 1939 3372 1976 :
3407 1922 3534 1977 abs—

1959 2012 2191 2066 condere
2243 2012 2515 2080 paululum
2573 2011 3122 2079 quatnlumcunqtte,
3169 2012 3343 2067 donec
3411 2029 3536 2082 per-

1962 2111 2205 2158 transeat
2238 2104 2316 2157 ira
2342 2103 2582 2158 Domini.
2612 2102 2752 2157 Ecce
2779 2103 2927 2156 enim
2953 2102 3215 2159 Dominus
3245 2105 3313 2159 de
3337 2112 3534 2160 saneto

1962 2193 2185 2248 inducet
2218 2193 2356 2247 iram
2391 2210 2553 2263 super
2594 2194 2934 2250 habitatores
2962 2205 3143 2259 terrae,
3174 2203 3224 2251 et
3258 2196 3527 2250 revelahit

1965 2293 2107 2339 terra
2132 2286 2449 2355 sanguinem
2482 2300 2662 2352 suum,
2688 2297 2742 2340 et
2774 2302 2878 2340 non
2913 2286 3209 2340 abscondet
3257 2285 3398 2339 ultra
3450 2286 3536 2338 in-

1968 2378 2251 2432 terfeCtos.
2286 2397 2304 2429 ι
2362 2378 2536 2446 Supra
2599 2379 2667 2432 de
2716 2379 2922 2433 sanctis
2960 2379 3191 2442 dixerat,
3233 2376 3542 2446 Resurgent

1966 2468 2186 2531 mortui,
2211 2478 2258 2521 et
2284 2478 2568 2534 resurgcnt
2591 2468 2680 2537 qui
2718 2469 2769 2520 in
2792 2468 3060 2536 sepulcris
3084 2476 3252 2533 sunt;
3279 2485 3362 2521 ros
3399 2471 3538 2523 enim

1967 2572 2000 2607 α
2040 2566 2087 2609 te
2129 2557 2335 2609 sanitas
2385 2572 2561 2608 eorum
2591 2565 2665 2610 est
2700 2572 2719 2609 :
2749 2566 2802 2609 et
2828 2575 2857 2611 e
2894 2557 3169 2610 contrario
3217 2556 3285 2610 de
3331 2557 3534 2624 impiis,

1969 2645 2133 2700 Terra
2168 2656 2341 2700 autem
2373 2648 2652 2715 impiorum
2676 2647 2822 2701 cadet
2853 2664 2874 2712 ;
2909 2663 3055 2700 nunc.
3096 2648 3160 2698 ad
3199 2654 3419 2701 sanctos
3454 2646 3536 2701 lo-

1969 2740 2183 2808 quitur,
2213 2738 2349 2805 Quia
2378 2739 2533 2793 vobis
2567 2739 2900 2807 resurrectio
2947 2739 3273 2807 repromissa
3304 2747 3411 2803 est,
3444 2738 3542 2792 do-

1970 2843 2071 2883 nec
2096 2829 2147 2882 in
2179 2839 2492 2898 peccatores
2547 2837 2601 2882 et
2645 2827 2840 2899 impios
2870 2827 2949 2881 ira
3006 2827 3096 2881 Dei
3126 2828 3384 2881 desaeviat
3413 2844 3427 2881 :
3464 2826 3546 2881 iu—

1974 2920 2260 2989 gredimiui
2313 2922 2366 2974 in
2429 2919 2672 2990 sepulcra
2722 2930 2923 2982 vestra,
2957 2929 3011 2973 et
3040 2919 3363 2975 abscondite
3426 2933 3545 2982 vos,

1974 3009 2138 3064 breve
2166 3011 2310 3064 enim
2352 3021 2564 3079 tempus
2591 3018 2673 3064 est
2705 3010 2875 3062 donec
2909 3008 3000 3063 Dei
3033 3019 3377 3078 pertranseat
3403 3007 3547 3063 indi-

294 3103 858 3157 Multidormientium
889 3103 1119 3155 interra:
1152 3101 1363 3170 pulvere
1408 3110 1698 3170 resurgant,
1731 3100 1786 3154 hi
1817 3102 1869 3153 in
1900 3131 1943 3190 ο
1976 3104 2182 3172 gnatio.
2243 3101 2521 3171 Siquidem
2560 3102 2835 3171 egreditur
2873 3100 3133 3156 Dominus
3181 3101 3248 3153 de
3275 3100 3389 3153 loco
3419 3114 3543 3159 suo,

293 3196 458 3248 vitam
490 3208 769 3255 internum,
814 3193 869 3244 hi
914 3193 968 3245 in
1016 3191 1378 3261 opprobrium,
1409 3202 1463 3247 et
1512 3192 1872 3262 confusionem
1977 3194 2103 3263 quia
2139 3193 2450 3249 misericors
2480 3204 2535 3249 et
2569 3195 2854 3248 miserator
2898 3191 3187 3258 Dominus,
3217 3200 3271 3245 et
3300 3190 3552 3245 clemen-

295 3286 674 3355 scmpt'ternum
694 3284 855 3353 (Dan.
893 3300 990 3347 xu,
1017 3285 1088 3355 l).
1125 3285 1185 3339 Et
1213 3287 1263 3337 in
1296 3285 1502 3339 Joanne
1527 3284 1874 3354 Evangelista

298 3380 529 3447 legimus
563 3395 578 3431 :
637 3376 821 3431 Veniet
848 3377 982 3431 hora
1004 3419 1017 3441 ,
1057 3387 1105 3430 et
1144 3392 1285 3431 nunc
1330 3386 1426 3439 est,
1457 3378 1669 3445 quando
1702 3379 1791 3447 qui
1821 3377 1873 3430 in

294 3487 323 3523 s
350 3471 551 3539 pulcris
581 3479 705 3523 sunt
753 3469 969 3523 audient
1024 3484 1196 3522 vocem
1251 3467 1385 3522 Filii
1424 3468 1541 3534 Dei,
1572 3476 1623 3521 et
1656 3471 1744 3534 qui
1780 3485 1877 3521 au-

296 3567 492 3619 dierint
545 3566 733 3633 virent;
762 3577 811 3621 et
859 3567 1195 3637 egrediantur
1234 3568 1324 3634 qui
1367 3567 1503 3619 bona
1543 3566 1780 3635 fecerunt
1824 3564 1878 3617 in

299 3656 737 3710 resurrectionem
790 3658 944 3722 vitm,
1002 3666 1050 3710 et
1095 3658 1185 3726 qui
1215 3656 1381 3721 mala,
1433 3659 1488 3711 in
1543 3657 1880 3711 resurrectim

300 3764 418 3802 trem
455 3747 653 3817 judicii
696 3747 879 3815 (Joan.
912 3763 967 3811 ν,
1002 3746 1094 3813 28,
1135 3746 1248 3817 29).
1307 3749 1418 3802 Ros
1449 3749 1592 3802 enim
1638 3746 1876 3813 Domini,

296 3837 453 3904 juxta
512 3836 723 3890 fabulas
755 3845 1042 3906 poetarum
1099 3835 1325 3891 vincens
1388 3851 1578 3891 omnes
1637 3836 1879 3890 hcrbas'

305 3930 575 3991 Paronias,
626 3928 920 3982 vitilicabit
952 3942 1180 3997 corpora
1233 3938 1591 3983 mortuorum.
1626 3928 1695 3982 Et
1742 3943 1879 3997 quo-

307 4024 470 4079 medo
516 4023 684 4091 jactis
734 4023 786 4074 in
841 4029 1041 4076 terram
1096 4021 1420 4085 seminibus,
1472 4035 1561 4074 ros
1614 4021 1874 4090 paulatim

304 4129 556 4169 crescere
604 4113 734 4165 facit
792 4112 1013 4175 herbas,
1079 4123 1134 4165 et
1190 4111 1259 4165 ad
1304 4111 1488 4181 fruges
1521 4112 1605 4165 sui
1650 4113 1871 4183 generis

306 4206 598 4270 pervenire
632 4221 646 4258 :
685 4209 768 4258 sic
833 4204 1049 4259 Domini
1091 4220 1185 4259 ros
1246 4205 1340 4273 qui
1372 4220 1468 4273 pro
1488 4203 1877 4268 _misericordia

308 4301 552 4369 ponitur,
585 4313 677 4351 ros
704 4296 813 4352 erit
871 4297 1134 4351 luminum
1187 4297 1565 4365 plurimorum,
1594 4300 1735 4366 quod
1770 4295 1878 4351 He-

308 4388 491 4442 braice
520 4387 682 4457 357
707 4387 909 4441 dicitur
939 4401 1115 4442 onoru
1140 4388 1370 4456 (ΠΤ-ἡκ).
1399 4384 1622 4440 Terram
1670 4399 1874 4453 autem,

1981 3286 2222 3339 tissimus
2253 3294 2407 3355 pater
2434 3286 2572 3341 lilios
2592 3286 2932 3353 negligentes
2976 3283 3140 3339 ferire
3166 3282 3535 3353 compellitur,

1978 3388 2031 3433 et
2056 3379 2460 3448 quodammodo
2502 3379 2566 3432 de
2608 3391 2708 3431 sua
2766 3376 3041 3431 sententia
3097 3376 3439 3441 commutari,
3494 3382 3554 3427 ut

1980 3470 2163 3524 visitet
2216 3479 2271 3524 et
2310 3470 2533 3525 inducat
2584 3469 2722 3522 iram
2780 3480 2931 3522 suam
2995 3481 3159 3533 super
3212 3466 3557 3523 habitatores

1981 3573 2161 3629 terrae,
2182 3562 2348 3634 358
2377 3564 2444 3618 de
2475 3562 2672 3633 quibus
2725 3561 2923 3616 dicitur
2951 3558 3001 3612 in
3034 3557 3172 3613 Osce
3208 3577 3222 3612 :
3254 3558 3558 3613 Maledictio

1978 3666 2027 3708 et
2068 3653 2422 3720 mendacium,
2458 3668 2505 3709 et
2529 3655 2873 3720 adulterium,
2905 3666 2952 3708 et
2989 3654 3193 3724 furtum
3233 3652 3403 3720 e/fusa
3430 3659 3554 3705 sunt

1978 3763 2135 3814 super
2181 3748 2505 3801 habitatores
2541 3757 2693 3801 terrm
2719 3746 2895 3818 (Osee,
2935 3762 3007 3810 tv,
3039 3746 3074 3799 2
3103 3746 3145 3815 ).
3204 3743 3270 3797 Et
3310 3743 3554 3823 in.Apo-

1979 3840 2185 3911 calypsi
2222 3839 2381 3893 tertio
2413 3839 2687 3909 legimus:
2732 3837 2823 3893 Va:
2872 3855 3028 3906 super
3071 3837 3394 3890 habitatores
3444 3843 3555 3885 ter-

1980 3948 2054 3987 ra:
2111 3931 2298 4004 (Apoc.
2341 3932 2607 4000 vm,15).
2685 3930 2854 3984 Porro
2905 3930 3061 3998 justi,
3122 3929 3251 3982 licet
3306 3926 3555 3980 videntur

1981 4024 2034 4077 in
2067 4033 2231 4086 terra,
2280 4033 2458 4077 tamen
2494 4022 2840 4076 conversatio
2885 4036 3074 4074 eorum
3134 4019 3188 4073 in
3251 4016 3403 4072 caelis
3449 4024 3553 4076 est,

1979 4116 2071 4185 qni
2117 4125 2344 4184 possunt
2392 4116 2572 4169 dicere
2604 4130 2618 4168 :
2653 4114 2867 4167 Advenit
2902 4128 2996 4182 ego
3051 4127 3166 4164 sum
3214 4110 3267 4161 in
3314 4121 3475 4168 terra,
3506 4113 3558 4158 et

1980 4211 2285 4277 peregrinus
2312 4207 2445 4259 sicut
2476 4221 2649 4260 omnes
2670 4214 2848 4273 patres
2870 4205 2968 4256 mei
2989 4201 3159 4271 (Psal.
3190 4215 3413 4264 xxxviii,
3444 4197 3564 4262 i5),

1981 4308 2033 4351 et
2066 4295 2322 4350 fruuntur
2348 4295 2680 4349 habitatione
2698 4295 2984 4356 Altissimi,
3018 4295 3083 4345 de
3114 4290 3312 4359 quibus
3333 4299 3558 4341 sanetus

1983 4388 2220 4458 loquitur
2256 4405 2271 4443 :
2311 4385 2413 4452 Qui
2468 4386 2671 4439 habitat
2720 4388 2773 4440 in
2815 4386 3083 4455 atljutorio
3138 4381 3421 4441 A’tissimi,
3500 4381 3561 4431 in

309 4478 362 4532 id
425 4488 531 4539 est.
562 4493 791 4543 corpora
838 4477 1128 4546 Raphaim,
1185 4479 1483 4546 gigantium
1514 4479 1765 4533 videlicet
1821 4490 1873 4533 et
1910 4472 1956 4527 Β
1986 4482 2307 4552 proiectione
2326 4477 2419 4532 Dei
2444 4477 2558 4531 τωιὶ
2581 4477 2985 4531 commorabitur
3007 4473 3177 4544 (Psal.
3201 4490 3285 4540 xc,
3314 4473 3387 4542 Ι).
3407 4471 3557 4523 Tunc

312 4568 622 4634 impiorum,
649 4567 907 4624 Dominus
925 4570 980 4622 in
1010 4582 1205 4639 pmuas
1223 4570 1470 4624 detrahet
1494 4569 1877 4635 sempiternas.

313 4659 555 4723 Denique
616 4674 715 4728 pro
776 4675 1008 4714 unum!
1071 4661 1300 4730 (manu)
1349 4660 1450 4715 soli
1501 4659 1642 4714 LXX
1691 4662 1880 4725 impios

311 4752 727 4806 transtulerunt.
763 4751 825 4804 Et
846 4753 973 4820 quia
994 4767 1158 4821 supra
1187 4751 1413 4821 legimus
1444 4765 1458 4804 :
1498 4750 1699 4805 Mortui
1719 4754 1879 4806 vitam

310 4860 411 4896 non
444 4844 709 4907 videbunt,
732 4859 824 4897 nec
848 4841 1407 4911 medicipuscitubunt,
1450 4857 1549 4911 pro
1581 4858 1687 4912 quo
1721 4843 1884 4911 Aqui-

308 4936 359 4989 la
388 4944 444 4988 ct
466 4935 848 5004 Symmachus,
887 4933 1142 5003 Ruphaitn
1172 4944 1220 4987 et
1247 4936 1484 5004 gigantes
1540 4935 1881 5001 interpretati

311 5035 439 5080 sunt
467 5044 481 5081 :
514 5026 811 5095 quatrimus
846 5040 969 5096 qua:
1000 5026 1206 5080 erroris
1232 5040 1397 5079 causa
1422 5026 1513 5089 sit,
1552 5035 1612 5080 ιιι
1660 5041 1759 5095 pro
1792 5041 1885 5079 tuo

310 5130 469 5170 Pint!
505 5115 791 5177 llebraico,
824 5116 913 5168 alii
975 5116 1235 5185 gigantes,
1268 5115 1357 5168 alii
1413 5115 1636 5169 medicos
1686 5130 1884 5183 posue-

312 5211 447 5263 rint.
496 5208 734 5265 Vcrbum
781 5208 1106 5265 llebraicnm
1141 5223 1373 5263 nsrnstu
1407 5209 1452 5262 si
1490 5217 1610 5277 post
1645 5224 1743 5263 nes
1766 5209 1882 5278 pri-

314 5315 459 5354 mam
495 5301 733 5355 litteram
780 5310 1097 5370 sequentem
1144 5301 1341 5355 h'abeat
1370 5315 1487 5364 rw,
1536 5300 1734 5370 ιιιεὶιιιι·
1787 5314 1885 5354 no-

313 5408 472 5449 runt
496 5393 518 5465 [
548 5394 635 5446 At.
660 5410 815 5449 nosm
842 5394 863 5465 ἶ
905 5394 1158 5464 (ε’ΝΞἾἾ)
1187 5392 1537 5463 etsignilicat
1593 5392 1823 5447 medicos
1864 5409 1884 5457 ;

318 5485 401 5538 sin
470 5496 657 5539 autem
716 5487 921 5555 absque
970 5502 1071 5542 vsu
1104 5486 1285 5540 littera
1344 5486 1632 5551 scribatur,
1691 5484 1888 5551 legitur

317 5592 569 5642 utrumn,
619 5590 672 5631 et
708 5577 1037 5633 transfertur
1067 5576 1121 5632 in
1154 5578 1413 5648 gigantes.
1448 5576 1729 5648 Simulque
1753 5577 1879 5647 quia

392 5763 405 5790 ³
458 5759 658 5823 Vatia,
691 5758 780 5828 qui
817 5757 1157 5828 erigilnturus
1185 5768 1319 5812 erat.

1987 4570 2248 4625 rerelabit
2277 4577 2418 4621 terra
2448 4568 2766 4635 sanguinem
2799 4579 2978 4627 suum,
3033 4563 3099 4616 de
3138 4578 3246 4631 quo
3295 4561 3435 4615 Deus
3475 4560 3554 4613 lo-

1984 4664 2171 4730 quitur
2192 4660 2259 4715 ad
2282 4659 2415 4714 Cain
2448 4675 2463 4715 :
2531 4657 2643 4711 Vox
2684 4656 2957 4725 sanguinis
3011 4656 3194 4725 fratris
3256 4653 3334 4705 tui
3360 4653 3557 4704 clamat

1984 4755 2053 4806 ad
2109 4769 2191 4807 me
2219 4755 2283 4806 de
2316 4763 2479 4811 terra.
2515 4766 2630 4820 quia
2658 4752 2860 4813 aperuit
2892 4766 2949 4802 os
3000 4764 3176 4810 suum,
3230 4753 3284 4797 ut
3324 4744 3561 4808 suscipe-

1985 4856 2060 4900 ret
2095 4846 2403 4915 sanguinem
2433 4844 2618 4914 fratris
2650 4843 2729 4895 tui
2760 4842 2823 4894 de
2848 4857 3008 4893 manu
3034 4850 3123 4891 tua
3159 4836 3310 4904 (Gen.
3348 4850 3419 4897 tv,
3460 4835 3547 4895 l0,

1988 4935 2099 5004 ll).
2144 4933 2331 4988 Potest
2358 4944 2407 4986 et
2438 4933 2539 4986 hoc
2565 4936 2631 4986 de
2690 4930 3019 4999 martyribus
3064 4925 3304 4991 intelligi,
3337 4924 3429 4992 qui
3458 4940 3567 4992 pro

1986 5027 2203 5081 Christo
2262 5025 2517 5079 fuderunt
2561 5023 2921 5091 sanguinem,
2982 5030 3037 5073 et
3086 5018 3189 5070 sub
3247 5016 3403 5069 altari
3449 5015 3542 5067 Di‘i

1986 5117 2314 5171 clamitant:
2355 5113 2648 5182 Usquequo,
2679 5110 2920 5170 Domine,
2966 5122 3070 5160 non
3115 5105 3384 5158 ulcisceris
3428 5122 3556 5157 san-

1986 5210 2195 5276 guinem
2231 5216 2468 5260 nostrum
2516 5204 2581 5257 de
2618 5202 2698 5253 his
2750 5200 2839 5269 qui
2874 5196 3118 5250 habitant
3156 5212 3315 5263 super
3357 5206 3566 5249 terram-

1990 5304 2176 5370 (Apoc.
2213 5317 2285 5362 vt.
2321 5296 2462 5361 l0)?
2492 5296 2562 5350 De
2583 5296 2778 5364 quibus
2810 5301 2864 5346 et
2897 5290 3111 5361 Moyses
3165 5290 3299 5344 dicit
3329 5289 3383 5343 in
3414 5288 3561 5343 (λιιι-

1989 5394 2140 5447 lico:
2188 5390 2420 5460 Sanguis
2468 5388 2702 5455 ﬁliorum
2758 5385 2872 5448 eius
2928 5383 3288 5439 t-indicabitur
3320 5393 3366 5435 et
3422 5379 3565 5433 ul’ei-

1988 5493 2183 5544 scetur,
2223 5490 2271 5535 et
2292 5479 2536 5533 retribuet
2585 5478 2867 5531 uindictam
2894 5475 3118 5530 inimicis
3150 5474 3347 5543 (Deut.
3384 5486 3566 5536 suis,

1988 5575 2098 5644 45).
2130 5574 2285 5628 llunc
2317 5561 2645 5641 sanguinem
2681 5578 2827 5624 terra
2869 5584 2989 5641 qua:
3030 5572 3370 5637 Susceperat,
3400 5576 3569 5618 rcvc‘

2062 5753 2258 5810 'Addit
2285 5752 2486 5816 γρῆυ..
2530 5760 2577 5806 ct
2610 5753 2807 5819 fruges.
