3898 6184
453 428 560 492 315

1544 402 1550 406 ’
1610 430 1669 493 s.
1710 431 2031 511 sessum
2100 384 2546 492 HtEuoNYnt
3619 427 3711 489 sit;

453 544 609 607 labit,
657 553 711 598 et
746 542 1058 600 interiectos
1110 544 1321 607 Domini
1374 554 1717 614 nequaquam
1758 545 1967 614 aperiet
2002 562 2017 610 ;
2052 549 2097 607 Α
2124 543 2338 597 lubrum
2382 542 2696 612 fugientem,
2737 557 2900 608 super
2940 542 3230 595 draconem
3270 539 3564 595 colubrum
3605 552 3711 598 tor-

454 634 554 690 scd
611 635 875 703 producet
934 637 985 689 in
1041 636 1317 705 publicum
1392 638 1459 691 ad
1513 637 2022 692 condemnationem

456 726 649 783 eorum
680 729 769 796 qui
806 737 1073 798 martyres
1120 727 1464 784 acciderunt.
1496 728 1612 784 lIoc
1665 730 1734 785 de
1786 730 2023 798 simplici

459 817 866 872 resurrectione
915 817 1247 872 intellectum
1304 819 1395 873 sit.
1470 818 1792 888 Przecipitur
1847 832 2024 874 autem

456 911 606 978 juxta
637 922 913 978 anagagen
943 908 1140 976 populo
1172 909 1289 974 Dei,
1328 920 1386 964 ut
1413 912 1750 980 ingrediatur
1775 912 2025 966 cubicula

457 1014 552 1051 Mla
580 1000 695 1051 sive
731 1000 970 1065 cellaria,
1005 1003 1205 1069 ταμεία
1237 1003 1253 1032 ¹
1292 1002 1489 1071 quippe
1533 1014 1826 1073 utrumque
1859 1004 2029 1073 signi-

458 1087 585 1142 tirat
621 1097 719 1145 :ut
772 1089 985 1144 claudat
1033 1090 1187 1159 juxta
1267 1093 1642 1162 Evangelicum
1699 1105 2026 1164 praaceptum

458 1179 660 1233 ostium
686 1181 920 1235 cubiculi
952 1183 1034 1236 sui
1069 1183 1087 1251 ζ
1127 1182 1317 1237 Matth.
1343 1183 1443 1254 vt),
1479 1195 1533 1238 et
1567 1185 1712 1240 dicat
1746 1201 1867 1241 cum
1899 1186 2028 1240 Pro-

458 1270 621 1338 pheta
656 1286 672 1327 :
704 1271 867 1337 Pone,
903 1272 1141 1337 Domine,
1166 1276 1460 1329 custodiam
1495 1279 1577 1330 ori
1600 1293 1735 1340 meo,
1758 1289 1803 1331 et
1834 1280 2028 1332 ostium

462 1365 721 1418 munitum
752 1364 906 1419 labiis
939 1365 1261 1439 meis(Psal.
1297 1383 1421 1432 C\L,
1448 1371 1526 1439 3).
1566 1371 1630 1423 Et
1667 1370 2030 1426 absconilatur

461 1455 739 1520 paululum
766 1458 1330 1528 quantulumcunque,
1382 1462 1554 1516 donec
1584 1472 1927 1530 pertranseat
1950 1465 2026 1516 ira

465 1542 705 1609 Domini,
742 1555 797 1598 ιιι
829 1546 963 1599 nihil
997 1546 1183 1615 gloriae
1212 1563 1372 1602 causa
1427 1550 1627 1615 faciat;
1671 1553 1764 1605 sed
1821 1551 2031 1607 fruatur

462 1632 609 1688 bona
631 1635 995 1703 causeicutia‘,
1020 1647 1070 1691 et
1091 1636 1263 1691 solum
1282 1639 1522 1709 judicem
1549 1640 2029 1709 exspectetDeum.

467 1723 605 1778 Sunt
638 1737 819 1780 autem
849 1727 1064 1781 cellaria
1096 1745 1217 1800 qua:
1246 1731 1548 1784 claudenda
1572 1744 1697 1786 sunt
1722 1743 1773 1786 et
1806 1733 2033 1788 abscon-

463 1815 641 1870 denda
690 1816 760 1871 ab
809 1818 893 1872 Itis
952 1819 1044 1887 qui
1095 1819 1295 1875 divites
1334 1820 1460 1874 lacti
1514 1831 1646 1875 sunt
1696 1823 1748 1875 in
1785 1822 2036 1891 operibus

465 1918 631 1975 atque
673 1885 1046 1977 sermonibus,
1101 1913 1418 1981 prudentia,
1452 1885 1836 1983 temperantia,
1878 1915 2032 1968 forti-
2064 1885 2107 1942 Β

465 2003 617 2067 tudo,
644 2001 879 2070 justitia,
917 2013 976 2057 ut
1005 2006 1215 2060 nesciat
1238 2005 1456 2061 sinistra
1487 2006 1616 2075 quid
1650 2006 1818 2062 faciat
1849 2009 2038 2062 dexte-

468 2106 548 2153 ra.
591 2103 650 2146 ut
684 2092 844 2161 Legis
881 2107 929 2149 el
961 2094 1376 2166 Prophetarum,
1412 2110 1465 2154 et
1505 2099 1785 2168 Evangelii
1846 2103 2038 2171 apibus

468 2182 834 2253 perfruamur.
883 2185 1038 2254 Quod
1079 2190 1259 2245 autem
1292 2206 1486 2247 omnes
1533 2194 1649 2249 dies
1685 2193 1806 2247 vita:
1840 2204 2039 2250 nostrae

468 2277 664 2331 breves
686 2277 790 2331 sint
827 2286 882 2333 et
918 2281 1126 2347 parvuli
1157 2279 1284 2353 [AL
1314 2284 1462 2352 parvi
1495 2282 1540 2355 ],
1573 2283 1743 2341 Jacob
1773 2288 2038 2341 excedens

471 2381 645 2421 annos
672 2380 890 2422 centum
925 2371 1166 2440 loquitur
1199 2372 1402 2429 :Parvi
1424 2386 1544 2428 sunt
1568 2386 1618 2429 et
1665 2378 1879 2445 pessimi
1927 2378 2039 2432 dies

470 2456 573 2509 mei
631 2455 784 2527 (Gen.
841 2474 1008 2525 sun,
1036 2460 1110 2531 9).
1172 2464 1255 2518 Ira
1281 2472 1460 2518 autem
1497 2464 1712 2521 Domini
1749 2469 2038 2524 transitura

471 2548 563 2601 illa
603 2560 705 2614 est,
740 2565 900 2621 quant
942 2554 1314 2608 tltesaurizaut
1347 2556 1475 2623 sibi,
1532 2557 1624 2626 qui
1659 2558 1851 2613 nolunt
1878 2575 2041 2630 agere

470 2639 842 2706 paenitentiam
874 2661 889 2710 ;
925 2658 1045 2712 quae
1061 2654 1346 2715 postquam
1373 2649 1675 2714 transierit,
1697 2664 2041 2720 nequaquam

471 2731 690 2786 cellaria
728 2733 887 2789 -ultra
947 2735 1297 2805 claudentur,
1352 2742 1447 2794 sed
1516 2740 1830 2808 implebitur
1898 2743 2041 2812 quod

473 2825 736 2892 scriptum
782 2835 868 2880 est
909 2842 923 2883 :
963 2825 1118 2881 Niail
1155 2830 1415 2884 occultum
1444 2830 1609 2902 359
1637 2835 1776 2902 quod
1826 2850 1931 2888 non
1962 2851 2044 2889 re-

472 2912 754 2979 velabitur,
771 2924 818 2969 et
835 2918 1195 2972 absconditum
1233 2923 1371 2990 quod
1388 2940 1491 2977 non
1508 2924 1875 2994 manifestatur
1890 2927 2040 2995 (Luc.

472 3018 592 3069 vni,
649 3002 1057 3078 l7).iQuadque
1094 3014 1378 3081 sequitur:
1414 3016 1548 3071 Ecce
1598 3018 1736 3072 enim
1786 3018 2043 3075 Dominus

475 3097 540 3150 de
588 3106 770 3151 sancta
796 3100 1004 3155 inducet
1032 3102 1170 3156 iram
1196 3121 1350 3159 suam
1379 3123 1398 3161 :
1428 3107 1556 3163 illud
1579 3111 1873 3180 significat,
1897 3114 2041 3183 quod

2131 644 2366 700 tuosum,
2407 646 2461 689 et
2504 633 2717 688 accidet
2760 633 3056 687 draconem
3105 633 3198 701 qui
3249 644 3333 687 est
3378 634 3433 686 in
3477 636 3645 688 mari.
3691 656 3707 689 ι

2127 726 2370 781 Tradunt
2418 726 2623 780 llebrati
2678 723 2976 789 diabolum,
3026 724 3079 778 id
3126 736 3232 789 est,
3280 725 3710 794 criminatorem,

2128 816 2269 885 quod
2305 815 2552 871 Graecum
2587 828 2779 869 nomen
2813 823 2920 876 est,
2952 813 3221 868 Hebraice
3255 815 3518 881 appellari
3551 832 3712 871 ss'rts

2130 909 2317 995 (tum),
2352 909 2457 962 hoc
2477 914 2582 973 est,
2610 907 2995 960 aduersarium.
3022 905 3178 961 Unde
3195 918 3248 960 et
3275 906 3330 960 in
3353 907 3620 961 Zacltaria
3641 909 3714 962 di-

2132 1004 2271 1055 citur
2303 1017 2318 1057 :
2355 999 2547 1055 Stabat
2583 998 2777 1062 Satan,
2813 999 2866 1052 id
2898 1007 3003 1058 est,
3037 998 3398 1065 adversarius,
3436 1017 3471 1052 a
3518 1000 3711 1054 dextris

2131 1093 2243 1161 ejus
2275 1106 2328 1145 ut
2360 1093 2734 1146 adversaretur
2760 1092 2806 1144 ei
2838 1088 3028 1160 (Zach.
3056 1105 3137 1156 ιιι,
3168 1091 3246 1159 i).
3293 1089 3712 1160 Appellaturqre

2132 1194 2184 1237 el
2229 1199 2415 1237 BELIAL
2455 1164 2679 1249 (53795:).
2733 1181 2787 1234 id
2836 1190 2943 1243 est,
2990 1190 3260 1248 apastata,
3313 1182 3707 1248 praevaricator,

2132 1284 2186 1331 et
2221 1275 2413 1345 absque
2439 1274 2590 1343 juga.
2634 1272 2785 1328 Unde
2820 1282 2876 1328 et
2913 1272 3205 1340 Apostolus
3253 1290 3268 1326 :
3317 1271 3472 1338 Qum,
3522 1273 3709 1340 inquit,

2134 1366 2535 1418 communicatio
2568 1362 2765 1419 Christi
2798 1365 2866 1418 ad
2902 1362 3073 1417 Belial
3110 1362 3195 1433 (11
3234 1363 3360 1418 Cor.
3403 1379 3479 1431 vl,
3515 1364 3637 1432 l5)?
3666 1375 3712 1417 et

2134 1457 2439 1523 ubicunque
2505 1454 2648 1510 LXX
2694 1464 2902 1525 ponunt
2949 1454 3089 1523 ﬁlios
3135 1455 3469 1524 pestilentia.
3519 1455 3572 1508 in
3620 1454 3711 1509 lle-

2138 1547 2319 1601 braico
2346 1547 2607 1616 scriptum
2649 1558 2751 1607 est.
2783 1548 2885 1614 ﬁlii
2915 1546 3102 1601 Belial.
3142 1546 3302 1601 Unde
3322 1558 3377 1601 et
3412 1547 3541 1602 illud
3581 1548 3710 1617 quod

2139 1638 2193 1693 in
2229 1638 2445 1694 Psalmo
2480 1640 2691 1693 canitur
2727 1640 2795 1693 de
2836 1639 3093 1710 mysteria
3129 1640 3431 1694 Salvataris
3475 1658 3493 1695 :
3550 1638 3595 1692 ρ
3600 1640 3711 1692 ilius

2133 1731 2430 1801 iniquitatis
2462 1747 2565 1785 non
2595 1740 2816 1801 apponet
2838 1747 3020 1785 nocere
3053 1730 3291 1801 ¢i(Psal.
3322 1731 3707 1800 Lxxxvitt,25),

2138 1821 2189 1874 in
2232 1820 2505 1875 llebraico
2540 1822 2758 1885 dicitur,
2793 1821 2935 1889 ﬁlius
2984 1820 3174 1876 Belial.
3215 1821 3638 1892 Appellaturque
3664 1812 3710 1875 εί

2138 1912 2257 1967 aliis
2281 1912 2612 1975 nominibus,
2644 1921 2703 1965 ut
2729 1914 2781 1966 in
2807 1911 2912 1967 alio
2936 1912 3154 1967 Psalmo
3182 1913 3448 1982 scriptum
3474 1923 3562 1967 est
3587 1928 3603 1966 :
3624 1910 3710 1967 Stt-

2136 2020 2228 2073 per
2265 2005 2499 2073 aspidem
2534 2012 2585 2057 et
2625 2004 2921 2058 basiliscum
2954 2004 3277 2068 ambulabis,
3312 2013 3361 2058 et
3395 2004 3708 2057 canculcabis

2138 2096 2338 2150 leonem
2358 2095 2702 2151 etdracanem
2724 2094 2897 2166 (l’sal.
2933 2097 3157 2164 sc,15).
3181 2094 3283 2161 Qui
3313 2095 3485 2149 draco
3517 2094 3710 2164 proprie

2139 2185 2191 2240 in
2236 2186 2501 2241 llcbraico
2534 2199 2785 2240 sermone
2818 2184 3121 2253 appellatur
3154 2199 3459 2239 stmusa
3516 2168 3708 2270 (Fuﬁ).

2140 2277 2259 2347 lpse
2293 2289 2375 2332 est
2408 2293 2634 2347 magnus
2664 2288 2840 2341 cetus,
2870 2278 2936 2332 de
2970 2292 3102 2345 quo,
3141 2280 3285 2347 quod
3318 2292 3348 2330 a
3381 2276 3602 2331 Christo
3629 2292 3709 2330 ca-

2141 2371 2371 2441 piendus
2392 2370 2484 2433 sit,
2509 2369 2673 2439 360
2697 2369 2921 2439 mystica
2948 2368 3001 2423 in
3032 2368 3134 2423 Job
3155 2384 3409 2424 sermone
3433 2381 3708 2422 narratur:

2141 2466 2390 2532 (cap.st.,
2409 2477 2543 2516 vers.
2572 2459 2787 2529 20-24).
2834 2459 2936 2524 Qui
2989 2477 3236 2531 magnum
3277 2471 3448 2514 cetum
3482 2469 3709 2528 capturus

2141 2562 2255 2620 est;
2286 2569 2409 2608 nam
2445 2561 2501 2609 et
2546 2554 2618 2608 ibi
2661 2568 2757 2621 pro
2794 2562 2929 2617 ceto,
2963 2551 3244 2608 Leviatltan
3277 2553 3535 2621 ponitur;
3559 2552 3712 2606 clite-

2143 2664 2260 2704 runt
2290 2648 2561 2702 :Adduccs
2600 2663 2771 2701 autem
2799 2647 3076 2700 draconem
3100 2645 3155 2699 in
3185 2644 3710 2711 Itama,circumdabis

2143 2741 2428 2810 capistrum
2462 2739 2675 2793 naribus
2700 2738 2851 2807 ejus;
2905 2737 3200 2806 statimque
3235 2753 3250 2791 :
3284 2734 3398 2790 Hoc
3426 2746 3502 2791 est
3529 2737 3707 2805 princi-

2142 2832 2285 2902 pium
2316 2831 2593 2900 plasmatis
2615 2829 2831 2883 Domini
2859 2833 2998 2899 quod
3033 2828 3231 2897 factum
3264 2838 3366 2895 est,
3385 2836 3444 2880 ut
3477 2827 3713 2879 illudatur

2144 2925 2208 2979 ab
2251 2925 2450 2996 angelis
2484 2925 2622 2993 ejus.
2662 2923 2726 2977 Et
2748 2923 2800 2976 in
2825 2920 3213 2977 Psalmo:llac
3244 2936 3392 2975 mare
3423 2927 3711 2989 ntagnuntct

2143 3021 2478 3089 spatiosum;
2537 3018 2609 3071 ibi
2646 3016 2856 3084 reptiliu
2907 3031 3130 3085 quarunt
3168 3031 3271 3067 non
3315 3021 3391 3067 est
3438 3027 3664 3066 numerus
3696 3051 3711 3073 ,

2145 3110 2402 3165 animalia
2423 3126 2584 3179 parva
2601 3125 2714 3163 cum
2736 3109 2962 3178 magnis.
2990 3107 3166 3160 Draco
3190 3110 3287 3160 iste
3304 3122 3461 3173 quem
3483 3104 3711 3174 formasti

458 3205 506 3286 ,ξι
535 3190 739 3245 sanctis
774 3190 864 3247 Dei
893 3193 968 3247 ira
1027 3196 1281 3267 incipiat,
1348 3200 1431 3256 vel
1484 3204 1661 3258 omnis
1716 3205 1862 3261 illius
1911 3206 2043 3262 ultio
2068 3223 2115 3286 ο
2150 3202 2219 3256 ad
2242 3202 2572 3257 illudendum
2595 3201 2641 3254 ei
2664 3200 2776 3266 (Ps.
2803 3214 2922 3266 cut,
2944 3199 3037 3266 25,
3058 3198 3174 3269 26).
3204 3196 3280 3252 De
3302 3198 3404 3251 huc
3425 3210 3478 3251 et
3507 3197 3555 3249 in
3576 3196 3707 3262 Apa-

467 3278 623 3349 justa
660 3295 958 3353 sanctaque
985 3287 1076 3353 sit,
1129 3304 1235 3343 non
1290 3290 1358 3347 de
1414 3295 1609 3349 mentis
1638 3298 2047 3364 perturbatione

480 3373 835 3441 descendens,
870 3386 926 3430 nt
959 3377 1013 3431 in
1039 3379 1348 3437 hominibus
1373 3383 1511 3438 solet
1543 3402 1559 3451 ;
1604 3389 1699 3442 sed
1725 3389 1907 3444 studio
1928 3404 2050 3445 cor-

478 3462 710 3529 rigendi.
767 3466 992 3523 Terram
1038 3480 1219 3526 autem
1271 3474 1637 3530 habitatorum
1694 3479 1840 3532 illam
1900 3495 2045 3543 reor,

481 3557 550 3610 de
602 3559 708 3624 qua
755 3560 1017 3629 scriptum
1079 3572 1163 3617 est
1191 3580 1205 3618 :
1237 3566 1437 3619 Audiat
1463 3580 1604 3622 terra
1636 3586 1901 3625 sermones
1940 3574 2047 3626 aris

481 3649 585 3703 mei
636 3650 814 3720 (Deut.
849 3669 1017 3719 xxxn,
1053 3655 1144 3723 1);
1194 3665 1288 3711 et:
1340 3658 1570 3714 Auribus
1613 3662 1842 3730 percipe,
1908 3672 2048 3716 terra

483 3740 625 3812 (fsa.
670 3759 709 3806 t.
746 3745 848 3813 2).
901 3746 965 3800 Et
1019 3748 1214 3802 iterum
1256 3764 1271 3806 :
1306 3749 1495 3817 Terra,
1551 3761 1719 3819 terra,
1758 3756 1887 3808 audi
1935 3772 2047 3809 ser-

482 3852 682 3891 monem
714 3838 928 3893 Domini
967 3840 1185 3910 (Jerem.
1241 3843 1512 3916 “1529).
1567 3844 1855 3912 Quomodo
1901 3849 2047 3902 enim

468 3920 571 3998 qui
613 3932 833 3987 interra
881 3933 1148 4000 habitant,
1213 3936 1294 3992 sic
1322 3940 1412 4009 qui
1445 3939 1496 3992 in
1539 3954 1704 3994 carne
1738 3950 1887 4007 sunt,
1941 3942 2051 3996 Deo

482 4023 698 4092 placere
730 4040 834 4079 non
874 4038 1102 4095 possunt
1132 4029 1149 4097 (
1184 4026 1339 4083 Rom.
1394 4030 1534 4100 Vlll).
1567 4030 1738 4085 'l'erra
1764 4010 1966 4086 autem
1997 4033 2050 4087 in

485 4117 590 4170 hac
640 4116 759 4171 loco
794 4119 1066 4189 signiticat
1127 4120 1363 4176 animam
1401 4138 1521 4192 qua:
1553 4123 1684 4177 vivit
1735 4125 2049 4178 carnaliter.

484 4205 553 4258 Et
606 4208 868 4262 revelabit
897 4212 1214 4282 sanguinem
1256 4228 1441 4280 suum,
1471 4213 1517 4269 si
1567 4216 1874 4286 quempiam
1901 4231 2056 4271 scau-

486 4297 829 4380 dalizaverit,
877 4310 1079 4356 etcum
1110 4303 1243 4358 Cain
1270 4314 1509 4360 meretur
1526 4307 1755 4365 audire:
1794 4306 1905 4363 Vox
1928 4324 2054 4362 san-

486 4386 658 4456 guinis
682 4388 869 4457 fratris
901 4390 977 4442 tui
1001 4389 1196 4446 clamat
1221 4394 1287 4446 ad
1314 4410 1393 4448 me
1418 4395 1482 4449 de
1511 4411 1675 4466 terra,
1693 4413 1811 4467 quae
1836 4401 2048 4465 aperuit

489 4495 548 4532 as
570 4495 745 4543 suum,
777 4489 832 4533 ut
865 4483 1144 4549 susciperet
1164 4488 1477 4557 sanguinem
1504 4489 1692 4558 fratris
1734 4490 1831 4543 tui.
1867 4489 2055 4545 Omnis

488 4571 656 4640 igitur
685 4573 900 4643 sanguis
928 4573 980 4627 in
1017 4576 1102 4628 die
1128 4575 1315 4644 judicii
1355 4582 1686 4650 requiretur,
1705 4597 1803 4637 nec
1825 4582 2055 4637 abscou-
2087 4568 2130 4624 υ

488 4662 579 4717 det
610 4672 751 4717 terra
814 4666 1134 4734 sanguinem
1186 4684 1385 4737 suum;
1428 4683 1482 4727 et
1541 4668 1859 4729 interfeCtus
1910 4691 2050 4744 quas

487 4756 710 4819 occidit,
735 4756 818 4812 vel
840 4758 1049 4826 volens,
1090 4761 1170 4813 vel
1207 4778 1301 4831 per
1358 4765 1766 4835 negligentiam.
1796 4768 2055 4836 producet

493 4848 547 4902 in
582 4849 846 4904 modium.

560 4940 711 5010 (Cap.
752 4938 969 4996 XXVII.
1000 4972 1069 4982 —
1111 4942 1266 5000 Vers.
1303 4946 1378 5015 1.)
1421 4968 1438 5001 ι
1479 4947 1535 5003 In
1572 4951 1657 5004 die
1700 4950 1788 5006 illo
1822 4951 2060 5006 visitabit

493 5033 752 5089 Dominus
797 5037 850 5090 in
896 5037 1073 5104 gladio
1124 5052 1223 5093 suo
1281 5040 1437 5104 duro,
1489 5049 1544 5095 et
1586 5044 1792 5111 grandi,
1834 5052 1889 5098 et
1931 5043 2060 5098 forti

492 5139 654 5193 super
683 5125 980 5182 Leviathan
1010 5139 1314 5201 serpentem
1346 5144 1572 5198 vectem,
1601 5142 1654 5188 et
1682 5150 1844 5205 super
1872 5134 2063 5189 Levia-

436 5248 445 5259 η
478 5218 623 5297 than
655 5228 953 5285 serpentem
985 5229 1308 5287 turmasum,
1341 5234 1392 5276 et
1418 5222 1628 5278 occidet
1655 5234 1834 5278 cetum
1861 5226 1953 5294 qui
1982 5234 2064 5281 est

490 5306 549 5361 in
575 5309 728 5360 mari.
766 5328 785 5361 ι
823 5310 999 5366 LXX:
1036 5331 1054 5365 ι
1086 5313 1144 5367 ln
1176 5315 1263 5369 die
1293 5314 1379 5368 illa
1414 5315 1630 5371 inducet
1660 5318 1796 5372 Deus
1828 5317 2062 5387 gladium

494 5411 765 5467 sanctum,
786 5412 839 5457 et
866 5420 1139 5474 inagnmu,
1165 5418 1219 5461 et
1246 5408 1460 5475 fortem,
1484 5423 1645 5478 super
1666 5409 1954 5465 draconem
1978 5425 2067 5466 co—

478 5652 515 5678 ν.
538 5658 552 5678 ι
577 5588 593 5618 ¹
615 5588 828 5678 "fatisia
851 5591 1059 5678 quippe,
1083 5599 1187 5678 etc.
1213 5590 1529 5678 llebraicam
1558 5593 1643 5648 hic
1683 5610 1868 5678 .vorem
1892 5603 2070 5678 ΊἿἾἾΠ

498 5658 1020 5734 bbudarechapob'ts
1058 5659 1355 5734 obtrndnnt
1391 5674 1598 5734 veteres
1631 5664 1695 5716 ed
1721 5658 1933 5723 ιὶοιιρδ,Ι
1974 5678 2070 5734 pro

496 5726 686 5810 Graeco
710 5730 928 5810 nomine
956 5730 1950 5810 rapeianqttodretineotinnuestnss.
1974 5726 2071 5787 ἰξυ-

501 5797 1102 5871 dices;_lcgunt__eni_m
1157 5798 1416 5852 TAMEIA
1466 5811 1519 5854 et
1580 5801 1862 5855 TAMIEIA
1916 5807 2069 5871 juxta

501 5866 833 5935 esenipltria
872 5867 1006 5920 LXX
1042 5867 1431 5938 luterpretnm;
1470 5872 1518 5923 iu
1562 5871 1802 5928 ltontauu
1841 5866 2071 5942 namque

2149 3295 2352 3365 calypsi
2387 3293 2581 3348 scribit
2610 3292 2848 3347 Joannes
2881 3311 2895 3346 :
2933 3290 3101 3344 Facta
3135 3300 3211 3344 est
3245 3305 3424 3359 pugna
3456 3289 3509 3341 in
3554 3287 3709 3349 calo;

2151 3389 2378 3444 Michael
2419 3398 2467 3444 et
2512 3387 2685 3459 angeli
2737 3388 2849 3456 ejus
2894 3384 3157 3439 bellabant
3219 3400 3337 3437 cum
3388 3384 3622 3445 dracone,
3667 3390 3712 3433 et

2153 3483 2311 3534 draco
2344 3480 2609 3550 pugnabat
2663 3487 2711 3533 et
2743 3478 2916 3549 angeli
2946 3478 3082 3546 ejus,
3112 3486 3161 3531 et
3195 3492 3297 3528 non
3326 3479 3709 3542 prwratueruut,

2140 3590 2243 3627 .nec
2290 3572 2434 3626 locus
2482 3574 2718 3625 inventus
2759 3580 2835 3623 est
2867 3570 2941 3622 eis
2979 3568 3034 3621 in
3070 3567 3194 3620 ccela
3231 3568 3422 3635 (Apoc.
3460 3580 3553 3627 xu,
3598 3565 3624 3616 7
3662 3571 3710 3614 et

2152 3665 2356 3736 seqq).
2396 3663 2459 3717 Et
2489 3681 2503 3717 :
2542 3664 2742 3718 Missus
2770 3672 2847 3716 est
2878 3660 3040 3713 draco
3080 3675 3325 3727 magnus,
3364 3658 3568 3712 cofuber
3591 3655 3713 3707 auti-

2152 3773 2308 3827 quus,
2357 3756 2449 3827 qui
2498 3767 2712 3810 vocatur
2748 3754 2991 3807 diabolus
3036 3761 3082 3804 et
3128 3750 3385 3815 Satanas,
3429 3750 3518 3817 qui
3555 3761 3713 3800 errare

2154 3849 2284 3919 facit
2328 3850 2504 3902 orbem
2549 3856 2811 3899 terrarum
2856 3847 3193 3907 universum;
3238 3844 3527 3910 missusque
3564 3851 3630 3892 est
3662 3837 3709 3890 iu

2156 3952 2377 4000 (errant.
2423 3945 2473 3991 et
2525 3935 2698 4005 angeli
2749 3934 2864 4003 ejus
2914 3950 3031 3987 cum
3081 3947 3181 3995 ro;
3230 3930 3412 3998 ibique
3467 3929 3646 3984 dicitur
3691 3940 3704 3977 :

2162 4030 2215 4085 Μ
2223 4033 2362 4085 issus
2391 4038 2468 4084 est
2490 4036 2770 4082 accusator
2798 4026 3025 4095 fratrum
3052 4034 3375 4090 nostrarum,
3410 4023 3496 4093 qui
3524 4033 3713 4074 accusa-

2155 4124 2242 4177 bat
2290 4139 2376 4178 eas
2433 4136 2610 4175 caram
2654 4118 2760 4173 Deo
2808 4129 2985 4171 nostra
3013 4114 3199 4186 (Ibid.,
3241 4114 3351 4186 10).
3383 4114 3713 4183 ιΙΙιιόιιιιειιοο

2158 4192 2376 4272 tandum
2407 4216 2551 4284 quod
2588 4214 2641 4268 in
2675 4211 2892 4267 Psalmo
2917 4221 2971 4267 et
3005 4211 3057 4264 in
3090 4210 3211 4275 Job,
3246 4220 3530 4280 propterea
3562 4206 3710 4260 factus

2158 4311 2368 4365 dicatur
2405 4309 2591 4370 draco,
2631 4307 2732 4360 hoc
2762 4314 2865 4369 est,
2895 4301 3220 4365 Leviathan,
3255 4312 3315 4356 ut
3346 4301 3647 4357 illuderetur
3669 4302 3709 4353 ei

2158 4402 2223 4458 ab
2264 4399 2492 4468 angelis.
2523 4396 2676 4453 Unde
2729 4405 2786 4450 et
2834 4394 3063 4464 apostoli
3094 4393 3369 4461 accipiunt
3399 4399 3709 4454 potestatem.

2158 4501 2217 4547 ut
2252 4492 2464 4547 calcent
2497 4503 2663 4558 super
2700 4495 2980 4557 serpentes
3013 4492 3066 4539 et
3110 4484 3450 4552 scorpiones,
3487 4491 3538 4537 et
3575 4491 3709 4548 super

2159 4598 2376 4638 omnem
2408 4581 2663 4635 virtutem
2698 4577 2899 4634 inimici
2932 4574 3089 4648 (Luc.
3122 4575 3199 4646 κ).
3227 4575 3363 4641 Quia
3393 4576 3553 4645 igitur
3575 4573 3638 4626 ab
3659 4583 3707 4623 eo

2157 4676 2276 4730 loco
2308 4673 2397 4729 ubi
2422 4675 2683 4743 scriptum
2708 4680 2815 4737 est,
2881 4666 3014 4722 Ecce
3039 4668 3295 4722 Dominus
3324 4667 3593 4737 dissipabit
3623 4673 3705 4716 tero

2160 4783 2298 4829 rant,
2340 4775 2385 4818 et
2426 4763 2645 4818 nudabit
2684 4777 2799 4817 eum
2836 4760 3059 4831 (Supra,
3096 4775 3245 4824 xstv,
3296 4759 3383 4827 l),
3446 4758 3555 4813 sive
3586 4755 3707 4825 just:

2163 4860 2304 4915 LXX
2342 4877 2358 4914 :
2397 4857 2532 4914 Ecce
2558 4858 2817 4912 Dominus
2856 4854 3118 4924 disperdet
3161 4855 3333 4906 orbem
3374 4862 3647 4910 terrarum,
3671 4850 3708 4898 et

2166 4951 2422 5008 desalabit
2458 4966 2602 5017 eum,
2640 4964 2813 5018 usque
2839 4947 2906 5000 ad
2935 4959 3171 5015 praesens
3198 4942 3520 5013 capitulum,
3547 4947 3706 4993 contra

2164 5045 2351 5101 orbem
2383 5044 2436 5097 in
2469 5040 2945 5097 consummatione
2975 5037 3154 5092 mundi
3185 5034 3452 5105 judicium
3485 5029 3709 5103 pradica-

2152 5148 2276 5193 tum
2307 5146 2414 5201 est,
2442 5144 2499 5192 et
2530 5132 2860 5191 novissimus
2887 5130 3142 5184 inimicus
3164 5130 3479 5185 destruetur
3510 5136 3644 5179 mors
3666 5114 3709 5185 (l

2168 5230 2293 5286 Cor.
2333 5228 2470 5299 xv):
2531 5236 2814 5297 propterea
2859 5224 3141 5279 adversum
3179 5220 3453 5277 diabolum
3498 5225 3706 5274 extrema

2168 5322 2439 5379 sententia
2459 5329 2625 5386 est,ut
2642 5319 2929 5373 inducatur
2947 5329 3114 5385 super
3133 5329 3253 5368 eum
3272 5313 3482 5383 gladius
3498 5315 3702 5365 sanctus,

2170 5425 2226 5472 et
2260 5430 2510 5485 magnus,
2543 5422 2600 5468 et
2633 5410 2810 5478 fartis,
2844 5410 2957 5465 sive
2984 5409 3140 5477 juxta
3173 5404 3497 5460 llebraicum
3525 5411 3575 5458 et
3605 5396 3706 5452 reli-

2171 5599 2400 5668 legimns
2427 5598 2647 5668 ταμιεῖα,
2679 5598 2730 5649 in
2762 5593 3132 5668 Alesandrina
3158 5602 3337 5668 autem
3367 5589 3599 5668 rapida.
3623 5579 3710 5668 Na:-

2174 5662 2295 5722 ιιιῖειι
2362 5662 2579 5737 quoque
2632 5662 2784 5720 istud
2841 5664 3203 5737 diversimude
3254 5662 3709 5737 leguntnattttotas

2174 5738 2343 5792 (ἰηισαὶ
2370 5724 2628 5806 {tapetas
2654 5750 2867 5806 nempe,
2894 5749 2987 5803 pro
3007 5734 3274 5806 ταμιεῖον.
3303 5724 3428 5782 Vide
3454 5724 3707 5784 llerodiatl.

2177 5809 2267 5863 lib.
2294 5801 2535 5863 rnl‘lut.
2565 5807 2629 5863 de
2669 5801 3071 5861 DeoSocratis.
3108 5801 3371 5856 Maurus.
