3898 6184
227 418 340 485 317

645 375 668 390 ‘
697 418 1206 480 COMMENTAR.
1258 419 1338 481 ΙΝ
1384 419 1650 480 ISAIAM
1700 420 2168 482 PRUPIIETAM
2211 424 2357 485 LIB.
2399 424 2567 485 VIII.
2607 426 2764 487 CAP.
2813 427 3060 490 XXVII.

3386 429 3492 498 εις

225 551 368 606 quos
404 533 750 605 interpretes,
783 537 994 603 gladius
1028 537 1212 591 durus.
1248 535 1364 593 Non
1397 539 1543 592 enim
1577 549 1634 592 ut
1669 538 1807 592 LXX
1837 557 1882 614 Α
1915 551 2003 594 ιυι·
2033 541 2178 595 enim
2219 551 2401 607 nocte,
2436 543 2524 599 die
2558 556 2734 600 autem
2777 546 2936 599 cadet
2967 559 3174 598 murus.
3217 563 3236 596 ι
3273 545 3492 600 ΜιιΙιιιιιι

221 629 476 684 arbitrati
512 639 638 682 sunt
665 643 864 682 caussa
891 627 1096 715 (nm-rp)
1132 631 1352 693 dicitur,
1384 632 1525 699 quod
1561 632 1604 686 si
1639 643 1805 697 esset,

220 733 471 774 sanctum
510 731 763 786 iuuaret;
815 722 908 775 sed
959 737 1087 774 casa
1136 723 1332 808 (πεπρ),
1395 724 1536 791 quod
1594 725 1807 793 preprie

221 815 555 867 transfertur
580 813 634 866 in
664 813 876 868 durant.
909 813 1064 868 Unde
1090 821 1144 868 et
1169 813 1257 868 Cis
1284 823 1435 883 pater
1461 815 1609 880 Sanl,
1640 821 1805 869 durus

221 903 551 972 appellatur.
597 901 848 957 Gladium
890 913 1069 956 autem
1114 912 1380 967 sanctum,
1427 905 1542 958 sive
1589 906 1804 966 durum,

222 995 303 1049 ob
323 996 439 1064 ejus
465 1007 684 1048 sensum
713 993 802 1062 qui
829 993 1053 1062 patitur,
1078 995 1296 1064 quidam
1321 1004 1625 1049 nostrorum
1653 995 1809 1048 intel-

222 1087 401 1154 ligunt
433 1085 664 1138 Verbum
702 1083 817 1144 Dei,
853 1086 918 1138 de
939 1101 1048 1154 quo
1082 1086 1213 1139 dicit
1241 1086 1526 1154 Apostolus
1564 1103 1578 1141 :
1623 1085 1807 1140 Vivens

222 1189 406 1230 autem
438 1175 532 1229 Dei
567 1191 737 1229 sermo
771 1186 818 1228 et
859 1176 1062 1243 efﬁcax,
1099 1185 1147 1228 et
1189 1187 1376 1229 acutus
1413 1193 1568 1240 super
1605 1194 1806 1230 onmem

220 1269 466 1336 gladium
507 1283 572 1320 ex
622 1279 842 1336 utraque
886 1277 1034 1334 parte
1073 1277 1284 1320 acutum
1326 1265 1515 1334 (Hebr.
1568 1284 1641 1332 tr,
1693 1267 1805 1334 ιε).

227 1357 389 1413 Unde
415 1368 470 1413 et
497 1359 550 1412 in
581 1359 690 1412 alio
723 1360 841 1412 loco
867 1361 934 1412 de
961 1373 1058 1412 ore
1082 1358 1380 1412 Salvator-is
1409 1357 1642 1428 gladium
1673 1358 1807 1410 bici-

219 1453 396 1519 pitem
421 1453 572 1504 exire
604 1451 830 1519 legimus
861 1451 1046 1517 (Apoc.
1078 1451 1211 1520 ιιι).
1248 1449 1382 1504 Cum
1415 1460 1593 1506 autem
1620 1451 1670 1504 in
1705 1452 1809 1503 line

222 1545 419 1598 mundi
450 1543 741 1598 adversum
774 1543 1095 1608 Leviathan,
1134 1546 1223 1613 qui
1253 1547 1305 1598 in
1341 1546 1606 1614 principio
1635 1544 1809 1599 Gene-

221 1651 358 1690 seos
393 1635 696 1703 appellatur
726 1651 940 1705 serpens
968 1637 1403 1705 prudentissimus
1431 1652 1592 1706 super
1621 1651 1808 1690 omnes

220 1727 436 1782 bestias
459 1723 611 1796 (Cen.
644 1743 724 1792 ιιι,
753 1728 828 1796 1),
855 1744 973 1795 qua:
999 1739 1154 1782 erant
1180 1731 1230 1781 in
1261 1739 1426 1794 terra,
1454 1728 1664 1798 gladius
1687 1745 1812 1783 san-

223 1831 353 1872 ctus
386 1821 501 1874 sive
520 1819 706 1883 durus,
737 1828 792 1872 et
822 1835 1068 1888 magnus,
1098 1821 1254 1890 361
1277 1831 1330 1875 et
1363 1820 1517 1875 fortis
1543 1822 1702 1876 fuerit
1724 1822 1808 1874 in-

1913 631 2236 698 llebraicum
2282 639 2335 688 in
2387 637 2486 689 hoc.
2521 637 2637 690 luco
2679 651 2706 688 a
2747 636 2886 690 LXX
2929 637 3166 692 editione
3199 637 3494 692 tliscordau

1911 725 2112 779 idcirco
2156 727 2368 795 singula
2407 737 2463 778 ut
2506 730 2884 797 proposuimus
2920 729 3276 783 disseramus.
3325 727 3494 782 Vinea

1909 818 1977 871 de
2006 831 2110 885 qua
2143 832 2305 886 supra
2337 816 2573 886 loquitur
2601 819 2789 882 Isaias,
2840 819 3002 877 Vinea
3035 821 3177 887 facta
3206 829 3279 873 est
3305 820 3495 874 dilecto

1909 910 1963 962 in
1988 924 2169 972 cornu,
2205 910 2259 962 in
2289 910 2401 962 loco
2427 911 2594 972 uberi,
2622 928 2738 979 qua:
2763 912 2957 966 debeat
2987 911 3230 981 intelligi,
3255 913 3374 980 ipso
3398 913 3498 964 do"

1910 1011 2067 1054 cente
2095 1002 2366 1055 discamus
2397 1001 2505 1072 [ΑΙ.
2537 1003 2825 1073 dicamus].
2897 1003 3055 1057 Vinea
3089 1006 3226 1057 enim
3280 1003 3492 1056 Domini

1911 1091 2146 1146 Sabaoth
2181 1094 2365 1147 domus
2397 1095 2559 1165 362
2593 1105 2668 1148 est
2705 1097 2871 1149 Israel
2904 1095 3034 1165 (lsa.
3074 1113 3125 1159 v,
3187 1098 3259 1162 1),
3292 1098 3356 1149 de
3385 1111 3490 1164 qua

1912 1181 1964 1236 in
1998 1182 2208 1236 Psalmo
2243 1186 2457 1238 canitur
2500 1201 2514 1240 :
2562 1185 2770 1238 Vineam
2802 1187 2866 1239 de
2893 1186 3127 1256 zEgypto
3153 1188 3490 1251 transtulisti,

1912 1284 2014 1328 etc.
2037 1274 2206 1344 (Psal.
2241 1292 2420 1340 Lxxix,
2454 1278 2528 1348 9).
2565 1277 2699 1331 lluic
2731 1289 2783 1332 et
2816 1294 2911 1346 per
2937 1277 3225 1332 Jeremiam
3243 1279 3494 1347 propinat

1913 1365 2134 1419 Calicem
2182 1369 2608 1421 meracissimum
2666 1367 2887 1440 (.lerem.
2944 1371 3094 1436 xxv).
3149 1371 3286 1422 Cum
3346 1371 3488 1422 enim

1915 1458 2147 1512 misisset
2176 1474 2296 1512 eum
2329 1469 2383 1511 nt
2410 1461 2711 1528 pmionaret
2736 1475 2924 1512 omnes
2958 1470 3166 1528 gentes,
3203 1471 3250 1511 ct
3288 1461 3408 1511 huic
3432 1475 3490 1512 se

1921 1553 2177 1618 propheta
2231 1551 2460 1604 libenter
2515 1553 2802 1605 obtulisset
2851 1552 2936 1605 olli
2975 1553 3045 1615 io,
3094 1551 3324 1618 primum
3373 1553 3489 1602 ine—

1914 1639 2091 1692 briare
2134 1640 2350 1708 jnbetur
2374 1639 2694 1696 JeruSalem.
2731 1641 2884 1696 Unde
2907 1643 3034 1697 dicit
3065 1659 3077 1694 :
3108 1641 3362 1709 Βετερῐδιί
3389 1657 3486 1705 me,

1913 1729 2155 1796 homine,
2181 1741 2228 1784 et
2261 1733 2498 1802 deceptus
2522 1751 2635 1786 sum
2665 1732 2879 1801 (larem.
2909 1750 3000 1796 xx,
3033 1734 3104 1802 7).
3145 1733 3295 1788 [Lbet
3329 1733 3490 1798 igitur

1912 1818 2232 1883 Jerusalem,
2253 1834 2306 1877 et
2324 1825 2631 1892 pr0pinatur
2648 1826 2695 1877 ei
2719 1840 2929 1877 meraca
2951 1823 3116 1892 potio,
3143 1839 3193 1876 ut
3217 1824 3487 1892 planctum

220 1911 445 1973 ductus,
477 1910 648 1979 fugiet
677 1911 766 1979 qui
811 1927 1084 1978 nunquam
1113 1911 1300 1977 fugere
1317 1921 1692 1977 consueverat,
1717 1927 1809 1966 nc-
1837 1905 1882 1963 B
1912 1911 2086 1966 discat
2130 1925 2182 1966 et
2213 1912 2416 1966 fletum.
2465 1915 2711 1982 Dicitque
2757 1929 2818 1968 se
2851 1913 3110 1969 Dominus
3157 1917 3322 1970 multo
3368 1931 3487 1969 eam

220 2004 412 2057 sciens
435 2002 562 2055 illud
588 2005 848 2068 scriptum
887 2017 901 2056 :
937 2005 1054 2068 Quo
1075 2005 1263 2056 vadum
1295 2021 1327 2054 a
1352 2007 1544 2073 spiritu
1575 2017 1683 2068 tuo,
1717 2013 1808 2056 aut

219 2109 257 2147 α
295 2093 437 2161 facie
465 2103 556 2147 tua
591 2111 690 2162 quo
729 2095 929 2162 fugiam
962 2095 1130 2165 (Ρδαι.
1162 2112 1422 2159 cxxmtn,
1451 2097 1543 2165 7)?
1581 2095 1810 2150 Pulchre

224 2186 448 2254 quidam
488 2197 642 2256 poeta
675 2187 726 2240 in
752 2186 1196 2255 Gigautomachia
1230 2188 1296 2240 de
1331 2186 1598 2240 Encelado
1632 2187 1757 2240 lusit
1792 2202 1806 2241 :

321 2319 433 2383 Quo
465 2317 610 2383 fugis,
637 2319 881 2370 Eiicelade
902 2320 926 2370 ‘l
949 2334 1276 2383 quascumque
1299 2323 1568 2371 accesseris
1599 2334 1720 2380 oras,

315 2380 424 2430 Sub
462 2383 564 2430 Deo
591 2380 605 2409 ¹
639 2396 839 2430 setuuer
858 2380 976 2432 eris;

221 2528 336 2581 Iste
374 2537 554 2580 autem
587 2525 884 2580 Leviathan
921 2526 1144 2593 coluber
1185 2526 1419 2593 fugiens,
1458 2527 1509 2580 in
1545 2526 1808 2581 Hebraico

220 2621 427 2674 dicitur
466 2635 582 2672 eam
626 2627 766 2688 (3'12)
809 2621 849 2683 ',
891 2622 1033 2688 quod
1073 2619 1267 2688 Aquila
1308 2620 1692 2688 interpretatus
1728 2629 1809 2672 est

219 2721 442 2772 nectent,
489 2711 844 2779 Symmachus
882 2709 1290 2775 conrludentem,
1323 2709 1620 2763 Thcodotiu
1649 2709 1807 2762 robu-

216 2810 388 2854 stum.
420 2801 635 2855 Vectem
660 2811 836 2855 autem
865 2802 978 2856 sive
1001 2801 1337 2856 claudentem
1369 2801 1803 2872 puto'appellari,

221 2894 375 2962 quod
402 2894 601 2948 multos
624 2910 723 2950 suo
746 2909 967 2949 carcere
991 2895 1268 2962 clauserit,
1297 2904 1350 2949 et
1368 2896 1596 2964 propria:
1620 2894 1806 2962 subje-

219 2986 367 3038 cerit
419 2985 694 3052 potestati,
747 2985 986 3054 nihilque
1041 2986 1095 3040 in
1151 3001 1209 3040 se
1259 2997 1464 3040 rectum
1517 2985 1704 3049 habet,
1752 2994 1806 3039 et

219 3078 438 3131 idcirco
471 3078 669 3131 dicitur
697 3088 996 3144 tortuosus,
1033 3094 1132 3133 nec
1161 3080 1357 3132 imitari
1391 3089 1566 3147 potest
1599 3079 1801 3146 virgam

223 3169 470 3233 Domini,
510 3171 578 3224 de
621 3187 722 3238 qua
773 3174 1037 3240 scriptum
1073 3181 1153 3225 est
1199 3188 1212 3226 ;
1272 3170 1429 3241 Virga
1474 3171 1801 3232 directionis,

221 3262 379 3330 rirga
402 3263 547 3330 regni
578 3261 651 3313 tui
672 3259 841 3330 (Psal.
867 3279 1009 3327 xciv,
1040 3263 1112 3332 7).
1130 3263 1300 3328 Quem
1322 3261 1580 3317 Dominus
1598 3263 1724 3316 inter
1741 3265 1798 3314 li-

221 3353 335 3404 ciet
361 3351 558 3421 Spiritu
588 3350 699 3404 oris
722 3353 802 3404 sui
829 3351 911 3422 (ll
936 3354 1107 3406 Thess.
1138 3355 1220 3421 tt),
1247 3355 1598 3407 habitatorem
1629 3367 1803 3422 quon—

221 3445 351 3496 dam
379 3444 567 3508 maris,
595 3445 860 3497 Salsorum
886 3455 940 3498 et
962 3459 1267 3497 amararum
1294 3444 1572 3499 fluctuum.
1601 3444 1702 3510 Qui
1727 3444 1804 3496 di-

219 3549 358 3589 cunt
388 3537 662 3590 diabolum
692 3546 942 3591 acturum
968 3536 1338 3605 pwnitentiam
1361 3545 1412 3590 et
1435 3536 1642 3589 veniam
1673 3551 1805 3588 cun-

220 3636 569 3690 secuturum,
599 3623 1025 3697 interpretentur
1056 3629 1212 3683 nobis
1232 3630 1501 3698 quomodo
1533 3629 1630 3682 hoc
1661 3628 1803 3681 acci-

218 3724 403 3790 piant.
431 3725 571 3790 quod
595 3724 851 3790 scriptum
870 3732 986 3779 est;
1023 3722 1086 3776 Et
1115 3725 1386 3791 inter/Sciet
1411 3725 1688 3775 draconem
1716 3720 1803 3788 qui

217 3823 296 3865 est
329 3813 386 3864 in
423 3813 579 3874 mari,
604 3813 718 3866 sive
745 3827 931 3868 celant.
967 3815 1220 3869 Secundo
1250 3815 1391 3868 enim
1421 3815 1536 3868 loco
1578 3815 1628 3866 in
1663 3829 1802 3883 prae-

217 3907 368 3958 senti
433 3908 694 3971 capitulo,
730 3908 781 3961 in
817 3906 1083 3962 llebraico
1125 3924 1232 3962 non
1275 3908 1572 3978 appellatur
1619 3907 1804 3960 Levia-

221 3997 377 4058 tlian,
396 3999 489 4049 sed
519 4013 742 4051 TilANNIN
771 4000 925 4084 (pm)
953 3998 994 4063 ³,
1023 4000 1162 4067 quod
1191 4000 1404 4070 proprie
1428 4009 1590 4054 celum
1625 4008 1802 4054 sonat.

221 4085 382 4141 Unde
419 4087 626 4142 Hebraei
652 4098 933 4144 autumant
961 4089 1248 4146 Leniat/ian
1273 4091 1517 4146 habitare
1539 4095 1640 4148 sub
1663 4103 1802 4148 terra

219 4192 276 4231 et
307 4179 365 4233 in
400 4180 604 4233 azthere
638 4196 654 4235 ι
686 4179 967 4235 ΤΙιαηιιὶἱιιι
997 4198 1124 4237 vero
1158 4186 1211 4237 iu
1243 4183 1403 4250 mari,
1438 4199 1556 4252 qua:
1576 4182 1805 4238 .ludaica

221 4269 418 4324 fabula
447 4281 549 4323 est.
582 4270 845 4340 Quodque
871 4274 1067 4328 dicitur
1098 4268 1153 4328 in
1184 4283 1429 4328 extremo
1470 4275 1629 4344 hujus
1658 4277 1808 4343 capi-

223 4361 350 4426 tuli,
383 4364 438 4414 in
466 4364 550 4415 die
576 4363 691 4430 illa,
729 4366 990 4421 Eusebius
1019 4367 1184 4435 priori
1211 4367 1388 4436 jungit
1418 4367 1604 4437 capiti,
1634 4385 1698 4420 ne
1721 4383 1806 4424 se-

218 4465 401 4519 quens
460 4455 739 4520 prophetia
786 4455 910 4510 huic
964 4459 1188 4526 tempori
1247 4459 1804 4528 coaptetur;llebr:ei

221 4551 412 4596 autem
451 4553 507 4596 et
537 4546 718 4598 caueri
751 4547 1131 4615 explanatores
1157 4550 1424 4619 sequenti,

218 4635 563 4702 proposituri
599 4652 805 4691 sumus.

293 4723 486 4792 (Veis.
518 4723 572 4788 2,
604 4725 683 4791 3.)
721 4744 738 4776 ι
779 4725 835 4780 ln
869 4726 956 4781 die
986 4728 1070 4782 illa
1104 4729 1256 4783 vinea
1289 4731 1422 4785 meri
1453 4732 1688 4788 cantabit
1734 4736 1804 4791 ei.

218 4817 337 4888 Ego
371 4818 637 4872 Dominus
664 4822 926 4888 quiservo
951 4838 1091 4889 eum,
1127 4829 1655 4894 rcpentepropinabo
1680 4829 1755 4884 illi
1789 4845 1805 4897 ;

220 4927 288 4962 ne
328 4911 478 4965 forte
504 4911 748 4967 visitetur
790 4922 976 4968 contra
1027 4931 1170 4980 eam,
1216 4927 1374 4972 nocte
1421 4931 1476 4972 et
1520 4921 1623 4978 die.
1653 4936 1808 4975 servo

219 5018 367 5055 eam.
413 5020 432 5052 ι
473 5000 612 5054 LXX
645 5017 659 5057 :
702 5020 720 5053 ι
761 5001 816 5055 In
853 5003 939 5056 die
975 5003 1066 5057 illo
1097 5006 1248 5058 vinea
1285 5007 1424 5058 bona
1477 5007 1805 5061 desiderium

219 5099 365 5158 ejus,
398 5105 454 5145 ut
485 5097 731 5164 princeps
761 5095 906 5150 illius
932 5097 1019 5149 sit.
1055 5095 1164 5165 Ego
1196 5098 1388 5152 civitas
1417 5098 1590 5160 fortis,
1616 5100 1809 5154 cii-itas

220 5199 348 5253 qua:
381 5199 728 5253 uppuyiatur
767 5203 782 5241 :
818 5188 1016 5241 frustra
1053 5199 1234 5256 potum
1270 5189 1408 5242 dabo
1445 5189 1540 5243 illi.
1578 5189 1810 5258 Cupien-

296 5411 315 5486 '_
359 5410 584 5486 lic-otius
621 5414 682 5464 ad
727 5415 880 5468 metri
927 5419 1111 5468 saltem
1153 5416 1294 5484 leges
1339 5434 1550 5475 veteres
1609 5424 1804 5486 vnl,-ati

218 5480 328 5558 §ub
361 5483 516 5537 Jove.
548 5481 632 5535 [‘st
663 5495 839 5558 autem
869 5480 1395 5555 Clamliamis‘poeta.
1427 5492 1584 5558 cujus
1612 5480 1803 5547 nomen

219 5550 595 5626 llier_on_ym_us
645 5555 852 5614 reticet.
905 5570 954 5607 et
1005 5550 1293 5626 suppresso
1343 5550 1533 5616 iterum
1593 5566 1808 5618 ttnmittc

219 5622 415 5674 luulat
437 5623 490 5673 in
512 5623 716 5697 ᾼιιιιιιι,
743 5641 860 5691 cap.
888 5626 919 5677 5
941 5627 1054 5692 ejus
1074 5622 1365 5695 poematis,
1392 5634 1529 5697 (jnod
1551 5643 1600 5686 et
1621 5633 1754 5687 Gt‘mt
1776 5652 1808 5689 ο

219 5697 478 5767 caruitne
521 5694 690 5767 fertur
716 5698 1033 5767 scripsisse,
1073 5694 1122 5750 in
1159 5698 1350 5752 Latino
1392 5694 1512 5767 pars
1563 5717 1804 5758 extrema

216 5761 594 5839 defideratur.
630 5761 746 5816 Vid.
770 5765 1127 5839 _i\lttt'l'0l'ltttlt,
1160 5771 1252 5821 lib.
1283 5786 1318 5833 ι,
1355 5761 1470 5839 cap.
1503 5774 1590 5826 ‘20.

289 5834 312 5863 ³
363 5831 644 5902 Scriptum
696 5836 905 5904 opinor,
965 5840 1264 5908 lectmnqne
1306 5831 1431 5894 'abs'
1481 5843 1805 5909 lllClUllylltrl

1891 1994 2159 2071 ‘tcmpore
2185 2005 2512 2069 custodisse,
2546 2015 2598 2058 et
2632 2005 2806 2058 locum
2839 2005 3049 2060 dedisse
3071 2008 3416 2074 paenitentiae,
3437 2021 3490 2062 et

1910 2097 2037 2162 quia
2089 2099 2332 2150 converti
2390 2097 2645 2162 noluerit,
2695 2097 2874 2151 subito
2927 2098 3320 2153 inebriandam.
3380 2099 3490 2152 lloc

1909 2188 2053 2241 enim
2079 2187 2207 2240 dicit
2235 2187 2424 2241 diebus
2449 2190 2624 2256 egisse
2649 2189 2730 2240 vel
2761 2188 3038 2254 noctibus,
3069 2199 3126 2243 ut
3153 2191 3320 2257 ipsius
3346 2205 3488 2243 sem-

1908 2293 2006 2346 per
2045 2276 2247 2331 auxilio
2289 2288 2616 2331 servaretur.
2660 2277 2800 2331 LXX
2839 2289 3016 2333 autem
3069 2282 3308 2332 canidem
3364 2282 3487 2349 pul-

1909 2370 2095 2422 chram
2137 2369 2409 2437 appellant
2451 2369 2682 2432 vineam,
2723 2370 2772 2430 iu
2812 2385 2912 2438 qua
2949 2369 3052 2425 fuit
3087 2369 3195 2424 Lex
3250 2381 3304 2425 et
3356 2373 3488 2424 Pro-

1909 2459 2478 2529 phetaadsacerdotium
2514 2472 2562 2515 el
2601 2462 3025 2538 pontilit-ium,et
3048 2462 3137 2516 Dei
3177 2463 3485 2527 notitia,di-

1908 2561 2063 2606 cente
2095 2551 2407 2619 Scripturaé
2437 2551 2606 2605 Notus
2629 2553 2888 2606 inludwa
2919 2553 3149 2615 Deus,in
3171 2552 3342 2606 Israel
3379 2571 3486 2606 ma-

1908 2660 2066 2712 gnum
2113 2660 2296 2696 nomen
2335 2645 2447 2710 ejus
2483 2644 2656 2713 (l’sal.
2691 2659 2850 2708 Lxxv,
2880 2644 2952 2711 l).
2988 2645 3138 2710 Quod
3164 2645 3251 2697 alii
3277 2655 3481 2711 putant,

1903 2735 2058 2804 juxta
2088 2735 2380 2788 editionem
2411 2751 2596 2789 eorum
2627 2736 2693 2788 ad
2723 2735 3022 2790 Ecclesium
3055 2737 3345 2805 pertinere,
3377 2751 3482 2803 qua

1906 2827 2042 2880 nihil
2074 2836 2158 2880 est
2188 2825 2489 2894 pulchrius,
2535 2835 2591 2880 et
2619 2827 2684 2881 de
2715 2843 2816 2896 qua
2852 2828 3051 2882 dictum
3086 2836 3168 2882 est
3197 2844 3210 2879 :
3244 2826 3484 2880 Gloriosa

1906 2919 2050 2970 dicta
2089 2928 2212 2970 sum
2237 2918 2297 2971 de
2325 2927 2392 2982 te,
2431 2919 2610 2973 civitas
2654 2919 2747 2973 Dei
2785 2918 2961 2988 (Psal.
3002 2935 3216 2977 Lxxxvt.
3250 2917 3301 2986 ὃ)
3332 2935 3485 2986 :qna:

1907 3009 2155 3079 princeps
2183 3019 2263 3062 est
2284 3011 2562 3080 genitricis
2588 3026 2719 3076 sum,
2746 3022 2801 3065 et
2828 3013 2958 3066 dicit
2984 3013 3033 3064 in
3065 3012 3289 3066 Cantieo
3316 3013 3487 3065 cauti—

1906 3117 2092 3156 corum
2130 3120 2144 3157 :
2185 3099 2313 3154 Filii
2348 3104 2530 3156 matris
2565 3119 2691 3158 mea:
2719 3114 3080 3172 pugnaverunt
3108 3103 3357 3156 adversus
3406 3117 3488 3154 me

1907 3190 2083 3262 (Cant.
2126 3207 2165 3254 ι,
2199 3193 2288 3261 5);
2319 3204 2370 3248 et
2399 3194 2634 3262 loquitur
2670 3213 2682 3248 :
2717 3194 2828 3264 Ego
2864 3196 3049 3248 ciuitas
3077 3195 3256 3262 ﬁrma,
3300 3194 3485 3245 civitas

1906 3300 2022 3355 qua:
2052 3295 2400 3354 oppugnatur.
2439 3284 2781 3354 Pulchrcque
2811 3295 3142 3354 Oppugnatur
3176 3285 3332 3346 dixit,
3378 3297 3482 3336 non

1907 3385 2264 3445 expugnatur.
2307 3375 2612 3444 Statimque
2639 3377 2816 3444 jungit
2844 3382 2907 3431 de
2941 3379 3247 3446 Synagoga,
3276 3390 3395 3445 qua:
3417 3375 3485 3428 de

1907 3467 2086 3535 capite
2137 3482 2288 3522 versa
2344 3477 2430 3522 est
2472 3469 2522 3522 in
2581 3468 2808 3522 caudam
2861 3486 2874 3522 :
2926 3467 3147 3521 Frustra
3197 3467 3247 3521 ei
3299 3474 3480 3536 potum

1907 3572 2148 3611 mearum
2183 3559 2360 3612 tribuo
2387 3559 2776 3620 doctrinarum,
2803 3559 3046 3627 capietur
3077 3559 3293 3612 enim°in
3334 3569 3481 3613 tene-

1904 3648 2016 3704 bris
2041 3650 2242 3703 erroris
2277 3651 2382 3705 sui.
2411 3649 2477 3702 Et
2499 3651 2625 3718 quia
2655 3660 2895 3718 apertam
2925 3651 3098 3703 lucem
3131 3665 3240 3703 non
3259 3650 3480 3717 recepit,

1904 3755 1999 3810 per
2033 3741 2173 3794 diem
2204 3744 2407 3795 corruit
2440 3757 2626 3796 murus
2649 3742 2790 3811 ejus,
2815 3739 2868 3794 id
2896 3751 2996 3805 est,
3031 3755 3191 3795 omne
3219 3739 3357 3810 quod
3382 3740 3480 3806 sibi

1905 3829 2127 3900 putabat
2158 3832 2440 3896 auxilium,
2480 3833 2761 3900 nullusque
2779 3833 2882 3886 erit
2931 3831 3366 3886 adversariorum
3391 3833 3480 3896 qui

1903 3937 2012 3978 non
2049 3924 2225 3993 capiat
2252 3941 2392 3988 eam,
2425 3926 2566 3994 quod
2592 3926 2656 3980 de
2685 3925 2970 3981 contrariis
3000 3925 3256 3980 debemus
3286 3925 3485 3979 intelli-

1903 4033 2030 4088 gere
2047 4018 2420 4087 potestatibus.

1983 4112 2162 4184 (Vers.
2188 4114 2243 4180 4,
2269 4114 2348 4182 5.)
2376 4133 2393 4165 ι
2422 4113 2724 4183 Indignatio
2746 4129 2852 4167 non
2876 4123 2961 4169 est
2988 4113 3115 4167 mihi
3142 4130 3156 4167 :
3186 4113 3308 4183 quis
3337 4112 3484 4166 dabit

1905 4222 1994 4262 me
2021 4207 2232 4276 spinam
2254 4216 2306 4261 et
2329 4223 2544 4276 veprem
2569 4207 2622 4260 in
2647 4207 2867 4276 praelio?
2887 4207 3116 4263 Gradiar
3131 4223 3292 4276 super
3317 4221 3436 4260 eam
3463 4221 3481 4260 :

1907 4299 2232 4354 succendam
2260 4313 2381 4352 eam
2412 4300 2633 4368 pariter.
2663 4301 2744 4352 An
2773 4300 2954 4367 potius
2984 4299 3173 4352 tenebo
3204 4297 3480 4352 fortitudi-

1909 4405 2029 4444 nem
2057 4391 2450 4445 meam?l‘aciet
2476 4407 2660 4458 pacem
2693 4393 2842 4456 mihi,
2876 4407 3060 4460 pacem
3094 4392 3250 4446 far-iet
3275 4393 3424 4445 mihi.
3458 4411 3476 4444 ι

1908 4480 2047 4534 LXX
2084 4497 2098 4534 :
2134 4501 2152 4534 ι
2191 4480 2306 4536 Non
2339 4493 2420 4536 est
2450 4499 2570 4550 qua}
2599 4498 2701 4537 non
2731 4485 3144 4551 apprchcmlerit
3176 4499 3318 4538 eam.
3350 4485 3482 4549 Quis

1471 4554 1616 4620 ‘l'wd
1665 4567 1809 4605 ¹¹¹¹¹¹⁰
1842 4577 1885 4631 ι)
1913 4585 2073 4644 ponet
2103 4588 2186 4627 me
2213 4573 2487 4627 custodem
2521 4573 2734 4641 Stipula:
2759 4575 2811 4626 in
2845 4577 3014 4644 agro?
3045 4587 3261 4644 propter
3289 4576 3481 4629 adver-

1910 4666 2106 4721 sariam
2173 4667 2311 4719 banc
2360 4665 2530 4734 repuli
2587 4681 2728 4720 eam.
2779 4667 2985 4722 Idcirco
3040 4667 3168 4722 fecit
3224 4669 3480 4722 Dominus

1906 4757 2089 4812 omnia
2120 4770 2238 4825 qtue
2269 4756 2536 4823 disposuit
2571 4773 2587 4821 ;
2623 4757 2901 4812 combusta
2934 4773 3087 4823 sum;
3119 4761 3294 4812 dicent
3328 4760 3482 4810 hahi-

1909 4859 2111 4902 latores
2148 4847 2284 4914 ejus,
2319 4845 2605 4902 Faciemus
2640 4863 2826 4917 pacem
2860 4849 2956 4910 illi,
2998 4848 3258 4900 faciemus
3290 4865 3478 4913 pacem

1906 4938 1976 4992 ei.
2019 4955 2036 4988 ι
2064 4936 2224 4992 Juxta
2256 4935 2578 4992 Hebraicunt
2610 4937 2698 4992 hic
2721 4953 2914 4993 sensus
2943 4950 3023 4991 est
3053 4950 3072 4992 :
3105 4938 3213 5004 Ego
3245 4939 3334 5004 qni
3370 4939 3482 4992 dic-

1907 5029 2009 5083 bus
2041 5037 2094 5082 et
2122 5030 2367 5083 noctibus
2395 5044 2612 5098 semper
2637 5044 2810 5083 meam
2833 5031 3042 5081 vineam
3073 5028 3232 5098 363
3256 5044 3478 5082 conser-

1907 5119 2050 5183 vavi,
2085 5134 2150 5173 ne
2175 5119 2564 5174 exterminaret
2591 5134 2710 5174 eam
2743 5134 2872 5188 aper
2903 5120 2968 5171 de
2995 5120 3152 5181 silva,
3186 5135 3252 5173 ne
3295 5120 3483 5174 bestia:

1911 5211 2256 5277 devorareut,
2302 5211 2546 5281 nunquid
2590 5210 3010 5280 indignationem
3048 5227 3151 5264 non
3193 5212 3380 5278 habeo,
3427 5221 3486 5266 et

3371 5295 3393 5318 ϐ

1911 5434 2067 5497 Bare,
2103 5450 2223 5487 nam
2257 5451 2373 5502 qua:
2406 5437 2457 5488 in
2491 5447 2530 5493 Π
2559 5444 2754 5489 exeunt
2785 5436 2972 5500 verba,
3015 5437 3261 5489 solebant
3292 5437 3483 5490 efferre

1907 5515 2119 5556 veteres
2149 5521 2240 5570 per
2269 5507 2328 5562 li.
2358 5507 2459 5558 Sed
2493 5510 2630 5559 hanc
2663 5507 2892 5559 litteram
2914 5506 3090 5560 Latini
3125 5509 3496 5574 exscriptores

1909 5574 2067 5626 facile
2099 5573 2257 5626 nimis
2288 5579 2337 5628 in
2371 5575 2386 5628 Ι
2417 5577 2819 5643 promintiando
2851 5587 3088 5641 mutant,
3140 5594 3201 5629 ex
3233 5573 3340 5644 quo
3399 5580 3485 5630 fa-

1909 5655 2074 5704 (ltlltl,
2103 5656 2151 5694 ut
2185 5646 2275 5711 qui
2303 5656 2596 5712 supersunt
2619 5662 2747 5699 mss.
2780 5656 2891 5700 tum
2918 5648 3071 5703 nobis
3105 5663 3227 5701 cum
3253 5646 3371 5702 aliis
3401 5647 3492 5702 its-

1909 5715 2075 5780 SItCt‘li
2112 5712 2398 5778 praeferant
2435 5713 2580 5772 Bari.

1982 5783 1999 5811 ³
2037 5783 2204 5836 Vutic.
2239 5782 2490 5840 'l'ltcnaim
2527 5798 2578 5843 Ct
2610 5805 2730 5843 mox
2766 5788 3040 5846 'l'lu'nnim.
