3972 6198
426 416 536 481 319

1586 418 1646 476 S.
1693 414 2004 475 EUSEBII
2082 417 2524 478 lllEllONYMl

3581 414 3690 476 39.0

427 525 613 581 nescio
640 523 800 578 ferire
830 536 1168 596 peccantem,
1197 533 1253 580 et
1289 524 1511 580 reddere
1541 526 1834 595 unicuique
1866 527 2007 593 quod
2036 525 2085 585 Α
2113 526 2248 582 orbe
2289 525 2638 595 Evangelium
2671 524 3052 594 praedicantes,
3085 523 3366 580 dixerint:
3404 522 3692 582 Facienms

433 618 708 674 meretur?
743 616 845 673 Ubi
885 618 1076 684 Aquila
1117 618 1298 686 posuit
1328 619 1557 684 spinam,
1593 629 1646 674 et
1682 635 1905 685 veprem,
1959 619 2012 673 in

431 699 982 777 llehraico‘seriptum
1008 718 1089 762 est
1115 724 1270 763 SAIIR
1300 709 1521 791 ('p'nn)
1549 719 1604 764 et
1631 725 1788 765 sAt'ra
1810 710 2014 778 (nim),

342 828 350 835 ι
430 801 574 867 quod
613 801 970 861 adamanlem,
1005 806 1058 852 et
1093 800 1207 852 loca
1242 801 1470 853 sentiam
1522 802 1675 869 plena
1723 800 2014 869 significat.

431 893 590 948 Unde
621 893 744 946 dicit
775 907 790 946 :
817 891 946 957 Quis
971 906 1057 944 me
1078 891 1292 946 docebit
1319 903 1377 945 ut
1407 891 1578 948 durus
1607 892 1730 956 sim,
1763 903 1818 945 et
1843 907 2016 946 meam

432 987 644 1037 vincam
691 984 1055 1047 clementiam,
1101 993 1155 1039 et
1205 985 1256 1038 in
1308 985 1491 1053 pra'lio
1528 995 1688 1053 atque
1724 984 2019 1039 certamine

433 1077 772 1130 truculentus
825 1075 1121 1141 incedam;
1201 1085 1256 1129 ut
1308 1078 1523 1145 gradiar
1575 1093 1738 1145 super
1784 1078 2017 1142 vineam,

431 1185 591 1237 quam
617 1170 1000 1230 ante'servavi,
1029 1171 1427 1223 etsucrendam
1455 1183 1574 1222 eam
1599 1183 1906 1236 quam-meo
1933 1183 2020 1222 se-

435 1275 644 1327 pseram
681 1261 872 1315 muro?
903 1262 981 1315 An
1018 1261 1198 1330 potius
1236 1260 1287 1314 id
1325 1269 1444 1327 aget
1476 1259 1739 1314 fortitudo
1773 1275 1914 1326 utea,
1963 1269 2022 1314 ut

436 1353 572 1405 iram
610 1352 874 1415 differam,
927 1362 978 1405 ct
1021 1352 1221 1406 salvem
1257 1366 1350 1406 eos
1402 1351 1671 1419 Evangelii
1710 1353 2018 1416 clementia,

434 1443 531 1510 qui
594 1457 936 1512 nequaquam
995 1452 1119 1495 sunt
1173 1443 1332 1511 chis
1400 1446 1724 1499 auctoritate
1783 1446 2024 1499 servati?

447 1535 800 1603 Ἐμφατικῶς
847 1545 1026 1590 autent
1065 1536 1211 1604 iuxta
1246 1536 1564 1590 llebraieum
1599 1537 2019 1605 lcgeudumest:

433 1627 568 1692 Quis
621 1643 705 1681 me
739 1627 901 1681 faciet
938 1628 1130 1681 durum
1168 1639 1330 1696 atque
1369 1629 1669 1694 crudelem,
1714 1637 1771 1683 ut
1809 1631 2020 1683 vincam

433 1731 676 1771 naturam
711 1719 928 1772 meam?
978 1719 1081 1772 hoe
1117 1722 1313 1788 quippe
1345 1719 1396 1772 in
1432 1719 1644 1775 deserto
1685 1719 2024 1790 significatur

431 1819 486 1860 et
520 1808 571 1861 in
595 1808 764 1877 spinis
794 1825 808 1866 ;
843 1819 898 1862 ut
925 1825 1042 1864 eam
1077 1812 1228 1878 quasi
1265 1812 1315 1864 in
1346 1813 1532 1898 prtulio
1560 1821 1835 1866 conteram
1861 1825 2023 1882 atque

2121 634 2309 688 pacem
2343 619 2582 684 Christo,
2609 633 2797 688 pacem
2831 617 3093 674 faciemus
3122 619 3197 681 ei,
3229 618 3322 687 qui
3372 619 3424 672 in
3457 620 3696 676 excelsis

2119 711 2317 765 fuerint
2359 710 2428 764 de
2457 710 2666 764 semine
2697 709 2886 769 Jacoh,
2919 719 2972 763 et
3005 709 3059 763 in
3108 710 3466 778 apostolicam
3496 725 3694 780 perve-

2121 802 2305 856 nerint
2338 801 2679 870 dignitatem,
2723 799 3138 869 appellabuntur
3181 799 3275 854 filii
3320 798 3505 854 Jacob.
3538 799 3697 856 Tunc

2121 892 2446 964 germiuahit
2465 902 2521 946 et
2538 890 2750 946 florebit
2766 890 2953 955 lsrael,
2976 890 3168 944 videns
3187 889 3435 944 doctrina
3456 891 3694 946 filiorum

2122 998 2344 1038 suorum
2382 983 2700 1057 universum
2726 985 2914 1036 orbem
2949 995 3072 1036 esse
3095 982 3447 1050 completum,
3479 994 3530 1035 et
3551 992 3696 1037 attu-

2121 1077 2251 1130 lisse
2277 1076 2298 1128 f
2303 1086 2486 1132 ructus
2513 1077 2838 1138 uberrimos,
2869 1089 3002 1144 quos
3035 1075 3087 1129 in
3113 1073 3296 1130 Judtca
3329 1089 3553 1129 manens
3580 1089 3696 1129 non

2121 1171 2398 1226 attulerat.

2195 1263 2378 1331 (Vers.
2415 1261 2493 1326 7.)
2538 1280 2556 1314 ι
2595 1261 2848 1331 Nunquid
2887 1263 3041 1332 juxta
3100 1263 3310 1330 plagam
3344 1259 3697 1328 percutientis

2124 1369 2207 1419 se,
2232 1355 2498 1421 percussit
2518 1370 2642 1409 eum
2669 1373 2682 1408 :
2703 1363 2796 1408 aut
2817 1355 2958 1410 sicut
2978 1353 3180 1408 occidit
3206 1352 3525 1406 interfectos
3549 1351 3693 1419 ejus,

2123 1447 2202 1498 sic
2240 1447 2455 1500 occisus
2482 1447 2604 1502 est?
2641 1465 2662 1498 ι
2701 1447 2876 1501 Locus
2905 1447 3008 1502 iste
3037 1444 3326 1514 dupliciter
3353 1443 3693 1510 intelligitur.

2125 1538 2231 1592 Ant
2265 1550 2456 1593 contra
2486 1539 2811 1605 Jerusalem,
2853 1549 2910 1591 ut
2949 1539 3092 1592 dicat
3116 1551 3236 1591 eam
3270 1550 3377 1589 non
3409 1536 3481 1589 ita
3525 1534 3700 1590 aDeo

2125 1646 2250 1685 esse
2273 1646 2610 1700 percussam,
2642 1642 2700 1684 ut
2731 1631 2844 1701 ipsa
2877 1631 3146 1701 percussit
3175 1629 3450 1683 Christum
3477 1635 3532 1681 et
3561 1642 3694 1696 apo-

2125 1725 2294 1777 stolos
2350 1721 2469 1791 ejus
2513 1735 2656 1779 :aut
2715 1732 2904 1776 contra
2961 1722 3200 1790 gentium
3268 1720 3698 1783 multitudinem,

2126 1813 2268 1880 quod
2320 1812 2424 1867 illis
2457 1813 2905 1882 persequentibus
2956 1810 3426 1866 eteflundentibus
3472 1809 3696 1871 sangui-

441 1903 793 1966 sncecndam,
830 1917 991 1971 quam
1025 1918 1240 1972 semper
1273 1919 1388 1958 mea
1419 1889 1693 1974 diligentia
1729 1905 2020 1960 custodiri.
2057 1889 2096 1946 Β
2130 1919 2254 1958 nem
2288 1905 2684 1967 Christianum,
2713 1905 2944 1974 apostoli
2987 1914 3040 1958 et
3065 1902 3343 1971 apostolici
3371 1902 3471 1956 viri
3500 1900 3700 1956 nihilo-

436 1996 518 2044 An
561 1993 738 2057 potius
780 1997 970 2048 tenebo
1012 1995 1383 2050 fortitudinem
1423 2012 1620 2062 meam,
1654 2013 1814 2067 quam
1858 1999 2014 2054 Chri-

438 2095 581 2136 stum
623 2099 741 2137 esse
793 2100 897 2138 non
950 2087 1170 2139 dubium
1222 2097 1323 2153 est,
1366 2099 1419 2141 et
1466 2089 1532 2142 de
1572 2103 1676 2157 qua
1725 2089 1950 2158 legimus
1995 2129 2012 2157 ,

433 2171 670 2225 Christus
703 2171 799 2226 Dei
831 2174 992 2227 virtus
1021 2187 1065 2228 et
1101 2175 1196 2229 Dei
1234 2178 1488 2246 sapientia
1523 2176 1573 2248 (I
1606 2178 1710 2233 Cor
1749 2195 1785 2246 ι,
1807 2180 1922 2249 ει),
1957 2190 2014 2234 ut

438 2266 553 2330 ipsa
608 2265 736 2317 mihi
780 2281 965 2334 pacem
1016 2266 1201 2332 faciat,
1258 2280 1310 2322 ct
1365 2271 1622 2324 nmndum
1671 2272 2013 2327 reconciliet?

434 2357 592 2410 Juxta
622 2356 758 2411 LXX
783 2359 869 2412 hic
891 2371 973 2414 est
1004 2375 1219 2424 sensus,
1253 2372 1308 2414 ut
1335 2379 1397 2416 ex
1433 2378 1659 2431 persona
1685 2365 2014 2434 accipiamus

438 2446 696 2500 Ecclesizc
741 2449 1114 2527 :Ego_eivitas
1156 2452 1331 2517 firma,
1365 2455 1558 2510 civitas
1593 2456 1776 2511 multis
1817 2457 2012 2512 vallata

435 2539 704 2604 hostibus,
768 2557 887 2609 qua:
931 2542 1128 2596 frustra
1176 2544 1296 2598 dedi
1355 2545 1544 2612 pocula
1604 2547 1832 2602 inimicae
1883 2563 2015 2603 mea:

438 2632 747 2702 Synagogm.
779 2633 1038 2702 Capietur
1068 2637 1210 2689 enim
1247 2649 1424 2702 nocte,
1459 2648 1513 2693 et
1557 2648 1775 2693 corruet
1823 2655 2013 2696 murus

434 2724 572 2790 ejus,
606 2724 862 2795 nullaque
894 2726 998 2779 erit
1027 2727 1092 2780 de
1122 2728 1455 2782 adversariis
1486 2733 1866 2799 potestatibus,
1895 2748 2014 2801 qua)

437 2830 540 2866 non
573 2816 941 2882 apprehendat
972 2831 1112 2871 eam.
1149 2817 1382 2871 Rursum
1415 2819 1605 2887 loquar
1637 2836 1654 2876 :
1699 2820 1835 2887 Quid
1881 2825 2016 2878 mihi

437 2905 654 2972 prodest
683 2909 958 2961 custodire
987 2923 1129 2971 eam,
1158 2924 1279 2977 qua:
1309 2911 1566 2978 stipulam
1599 2911 1650 2965 in
1691 2928 1750 2968 se
1795 2913 2010 2980 habeat,

440 3010 544 3047 non
587 2995 898 3064 inuncata;
961 3015 1083 3068 quas
1115 3000 1185 3054 ita
1241 3002 1253 3030 ¹
1286 3001 1488 3056 i..culta
1526 3013 1626 3071 est,
1666 3013 1724 3058 ut
1771 3007 2012 3075 veprium

437 3088 591 3154 plena
615 3088 685 3142 sit
707 3098 758 3142 et
786 3090 1089 3160 spinarum,
1121 3108 1278 3160 quam
1306 3095 1520 3149 salvare
1553 3096 1734 3150 volui?
1761 3095 1864 3152 Sed
1886 3101 2012 3167 quia

2135 1997 2312 2050 rnirtns
2352 1997 2545 2050 salutis
2575 2011 2762 2050 eorum
2796 2011 2982 2049 curam
3023 1994 3313 2048 habuerint
3350 2000 3404 2046 et
3450 1990 3699 2046 reconci-

2129 2090 2380 2142 liavcrint
2407 2103 2499 2142 eos
2525 2089 2649 2142 Deo.

2203 2179 2381 2245 (Vers.
2410 2182 2489 2249 8.)
2520 2197 2538 2231 ι
2589 2179 2644 2232 In
2675 2191 2931 2232 mensura
2960 2186 3152 2229 contra
3201 2189 3517 2229 mensuram
3573 2187 3698 2225 cum

2132 2273 2344 2342 abjeeta
2375 2272 2561 2335 fuerit,
2591 2269 2858 2341 judicabis
2891 2283 3032 2322 eam.
3073 2286 3092 2319 ι
3128 2265 3271 2321 LXX
3304 2283 3317 2319 :
3354 2285 3372 2318 ι
3411 2263 3616 2318 Rixans
3648 2273 3703 2318 et

2128 2365 2464 2432 exprobrans
2485 2363 2696 2416 emittet
2715 2377 2834 2414 eos.
2871 2378 2889 2410 ι
2919 2358 3076 2412 Juxta
3101 2357 3428 2412 llebraicum
3454 2357 3541 2410 hic
3568 2371 3702 2410 sen-

2131 2471 2223 2512 sus
2248 2467 2367 2509 est:
2399 2453 2693 2508 Sicutfecit
2717 2451 3041 2517 Jerusalem,
3074 2453 3151 2504 sic
3193 2450 3440 2519 recipiet,
3474 2450 3700 2518 etjuxta

2133 2566 2439 2605 mensuram
2473 2565 2575 2618 qua
2614 2563 2800 2603 mensa
2830 2558 2932 2613 est,
2971 2547 3288 2600 remetietur
3317 2547 3389 2599 ei.
3434 2543 3701 2614 Tuncque

2131 2643 2460 2697 cumulatam
2491 2655 2798 2695 mensuram
2826 2641 3074 2708 recipiet,
3101 2637 3314 2706 quando
3347 2637 3530 2706 judicii
3564 2646 3704 2690 tern-

2133 2752 2228 2804 pus
2265 2733 2547 2786 advenerit
2580 2742 2634 2786 et
2685 2732 2949 2801 abjecerit
2996 2747 3112 2784 eam
3151 2729 3315 2784 Deus.
3347 2727 3506 2781 Juxta
3560 2725 3703 2781 LXX

2135 2825 2330 2894 pendet
2347 2840 2412 2876 ex
2430 2823 2803 2894 superioribus
2822 2822 2964 2892 quod
2981 2822 3201 2877 dicitur.
3219 2821 3336 2874 Non
3360 2821 3503 2874 enim
3530 2819 3695 2874 Israel

2133 2914 2274 2968 sicut
2323 2913 2612 2981 percussit,
2662 2895 3033 2981 percutietur;
3071 2925 3171 2964 nec
3215 2911 3356 2964 sicut
3402 2911 3704 2975 interfecit,

2133 3004 2521 3071 interlicictur;
2555 3004 2647 3072 qui
2671 3004 3136 3073 jurgahatcoutra
3177 3003 3474 3070 apostolos,
3508 3012 3562 3056 et
3592 3017 3704 3056 cx—

2139 3097 2426 3164 probrabat
2444 3095 2755 3151 doctoribus
2783 3096 2918 3156 suis,
2938 3104 2989 3146 et
3014 3095 3360 3164 praecipiebat
3385 3093 3546 3164 365
3566 3095 3704 3148 nein

445 3180 711 3235 li05lili:er
741 3199 956 3236 meeum
987 3185 1116 3254 agit,
1143 3187 1342 3240 recessi
1368 3189 1434 3241 ab
1463 3203 1546 3242 ea.
1571 3187 1938 3260 Dixeruntque
1963 3191 2015 3243 in
2049 3226 2093 3284 ϐ
2132 3188 2350 3242 nomine
2403 3186 2608 3242 Christi
2655 3187 3035 3256 loquerentur.
3093 3186 3382 3254 Propterea
3441 3187 3704 3241 Dominus

446 3288 532 3325 me
563 3282 614 3325 et
638 3289 703 3324 ex
742 3291 825 3328 me
859 3277 1099 3344 Apostuli
1127 3292 1140 3332 :
1179 3275 1330 3330 Vobis
1361 3279 1568 3346 quidem
1601 3282 1873 3346 oportebat
1909 3283 2023 3349 pri-

445 3380 587 3415 mum
611 3365 756 3434 loqui
790 3366 994 3419 rerbum
1029 3366 1120 3421 Dei
1140 3368 1265 3423 :sed
1291 3371 1542 3438 quoniam
1565 3373 1836 3440 repulistis
1868 3373 2022 3435 illud,

442 3464 491 3506 et
523 3455 760 3525 indignos
795 3473 879 3511 vos
902 3457 1191 3526 judicastis
1228 3471 1438 3516 (eterna:
1461 3463 1599 3530 ritw,
1619 3479 1735 3518 ecce
1767 3465 2022 3518 converti-

445 3562 564 3598 mur
583 3547 650 3598 ad
672 3558 844 3617 gentes
880 3549 1020 3620 (Act.
1041 3567 1159 3615 χιιι,
1198 3551 1310 3621 46).
1344 3552 1551 3608 Idcirco
1580 3554 1740 3610 faciet
1767 3555 2025 3611 Dominus

445 3639 584 3706 quod
613 3641 844 3695 minatus
877 3650 981 3706 est,
1013 3651 1075 3696 ut
1108 3658 1301 3700 omnes
1333 3645 1386 3699 in
1418 3660 1480 3701 ea
1519 3647 1741 3702 ardeant
1779 3648 2025 3706 Romano

442 3730 567 3798 igne
588 3731 930 3790 circumdati.
947 3733 1036 3789 \‘el
1059 3746 1209 3792 certe
1235 3737 1458 3792 ardeant
1482 3739 1623 3794 vitiis
1649 3751 1809 3812 atque
1842 3758 2026 3812 pecca-

441 3823 533 3888 tis,
571 3841 636 3878 ne
667 3827 904 3894 posssint
936 3829 1182 3881 ardentia
1216 3829 1414 3884 diaboli
1447 3830 1628 3899 jacula
1665 3835 2022 3904 reStinguere.

444 3915 637 3969 Omnes
659 3919 792 3970 enim
817 3918 1172 3972 adulterantes
1197 3921 1350 3990 quasi
1376 3920 1614 3975 clibanus
1637 3924 1794 3976 corda
1820 3941 2022 3980 eorum.

445 4006 511 4061 Et
536 4009 608 4062 illi
639 4009 724 4076 qui
750 4010 902 4078 prius
931 4009 1244 4064 habitabant
1269 4012 1321 4065 in
1341 4028 1423 4078 ea,
1447 4025 1728 4082 postquam
1759 4016 2027 4071 clamave-

444 4099 572 4164 riut,
599 4112 750 4168 capta
773 4114 851 4154 est
873 4101 1066 4155 civitas
1091 4111 1254 4172 atque
1271 4120 1554 4168 succensa,
1585 4105 1857 4161 dimittent
1880 4121 2023 4174 earn,

446 4202 500 4244 et
542 4193 953 4248 reconciliantes
997 4194 1162 4266 364
1209 4197 1468 4250 mundum
1509 4195 1619 4268 [AL
1661 4198 2024 4274 immundum]

453 4281 584 4346 Deo,
617 4285 794 4337 dicent
828 4302 842 4338 :
876 4284 1162 4342 Faciamus
1195 4303 1384 4357 pacem
1419 4287 1515 4354 illi,
1550 4303 1733 4357 pacem
1767 4290 2029 4348 faciamus

446 4373 522 4435 ei,
555 4373 656 4427 hoc
685 4383 788 4440 est,
823 4375 1062 4442 Christo,
1096 4393 1310 4448 semper
1342 4381 1643 4435 scribentes
1681 4383 1732 4435 in
1770 4381 2026 4452 Epistolis

447 4466 562 4517 suis
598 4481 611 4519 :
644 4463 829 4518 Gratia
859 4467 1114 4521 uobiscum
1145 4486 1192 4522 et
1217 4485 1325 4536 pax
1353 4488 1382 4523 a
1413 4470 1518 4525 Deo
1551 4472 1709 4526 Patre
1742 4483 1791 4527 et
1821 4475 2027 4528 Christo

444 4552 575 4608 Jcsu
601 4554 818 4608 Domino
842 4569 1020 4610 nostra
1042 4561 1093 4628 (1
1113 4559 1234 4612 Cor.
1265 4561 1394 4630 t,5).
1419 4562 1490 4616 De
1513 4565 1710 4632 quibus
1737 4565 1790 4619 in
1819 4565 1918 4620 hoc
1937 4582 2025 4620 eo-
2063 4565 2108 4618 D

450 4647 571 4700 dem
603 4648 863 4717 propheta
890 4650 1117 4718 legimus
1154 4668 1166 4705 :
1196 4651 1602 4722 Quantspcciosi
1629 4657 1780 4724 pedes
1810 4673 2034 4726 evange-

449 4739 726 4791 l.‘s.-tntinm
763 4756 943 4807 pacein
980 4739 1115 4811 (lsa.
1153 4759 1250 4807 LII,
1293 4745 1376 4813 7)!
1411 4743 1640 4810 Quidam
1675 4747 1821 4802 hunc
1855 4749 2030 4805 loeum

449 4829 515 4881 ad
545 4828 820 4886 Ecclesias
860 4833 1125 4900 referunt,
1159 4835 1302 4903 quod
1336 4837 1709 4891 custodiantur
1741 4839 1958 4908 quidem
2002 4859 2033 4894 ιι

453 4922 559 4974 Deo
581 4961 596 4985 ,
631 4926 722 4977 scd
752 4926 906 4979 multi
941 4927 990 4979 in
1021 4928 1098 4980 eis
1137 4928 1344 4982 fructus
1375 4946 1477 4983 non
1511 4930 1708 4984 faciant
1737 4970 1753 4997 ,
1793 4942 1846 4986 et
1911 4949 2034 5002 pro—

450 5025 635 5082 pterea
664 5017 786 5070 boni
819 5018 904 5071 ἀοι
925 5020 1056 5073 toris
1085 5022 1482 5075 sucecndantur
1505 5023 1808 5088 ardoribus,
1839 5033 1894 5076 ut
1925 5025 2033 5077 cla-

454 5106 643 5158 tttilctrl
670 5118 721 5160 et
762 5109 1118 5164 confiteantur
1146 5125 1384 5165 errorem
1416 5128 1596 5177 suum,
1635 5124 1687 5168 et
1717 5124 1900 5183 postea
1940 5131 2032 5184 pa-

457 5212 572 5248 rem
609 5196 807 5251 faciant
838 5198 968 5264 Deo,
999 5202 1089 5272 qui
1121 5218 1243 5256 vere
1270 5205 1609 5272 appellentur
1635 5206 1728 5257 filii
1751 5205 1942 5260 Jacob.

517 5287 708 5358 ἶνας.
740 5291 818 5357 6.)
880 5310 898 5343 ι
932 5293 1032 5357 Qui
1081 5294 1446 5362 egrediuntur
1480 5295 1547 5349 de
1598 5297 1781 5350 radice
1829 5294 2022 5360 Jacub,

456 5383 674 5436 florebit
710 5394 764 5436 ct
793 5386 1115 5452 germiuabit
1144 5387 1310 5442 lsracl
1339 5406 1352 5440 :
1383 5397 1437 5442 et
1485 5389 1783 5456 implebunt
1829 5389 2025 5442 faciem

459 5494 491 5528 υ
527 5477 609 5529 bis
661 5478 887 5531 semine.
927 5496 943 5525 ι
985 5477 1122 5531 LXX
1149 5486 1178 5544 ξε
1221 5500 1240 5532 ι
1289 5480 1389 5546 Qui
1428 5481 1654 5536 veniunt
1686 5483 1776 5536 filii
1814 5481 1982 5538 Jacob
2014 5500 2028 5535 :

459 5568 786 5635 germinabit
816 5579 873 5622 et
938 5569 1147 5624 florebit
1181 5571 1350 5626 Israel
1391 5591 1404 5626 :
1441 5582 1493 5626 et
1550 5574 1794 5643 implebit
1843 5577 2030 5628 orbem

462 5669 727 5715 terrarum
764 5661 972 5718 fructus
1001 5663 1136 5733 ejus.
1177 5684 1194 5714 ι
1235 5664 1523 5736 Postquam
1559 5667 1792 5735 apostoli
1827 5668 1877 5719 in
1920 5677 2032 5720 toto

2126 3277 2346 3348 abjicict
2367 3293 2484 3343 eos,
2505 3289 2558 3333 et
2592 3279 2658 3333 de
2681 3294 2781 3333 suo
2801 3295 2864 3333 ex
2877 3279 3034 3348 pellet
3057 3294 3239 3350 grege.

2206 3391 2224 3422 ι
2258 3372 2545 3424 Meditatus
2577 3379 2660 3425 est
2687 3372 2738 3424 in
2768 3371 2962 3440 spiritu
2996 3386 3093 3424 suo
3123 3373 3256 3424 duro
3288 3387 3382 3438 per
3411 3371 3556 3424 diem
3595 3386 3702 3425 ms-

2129 3474 2240 3518 tus.
2286 3482 2304 3515 ›
2345 3462 2485 3516 LXX
2519 3481 2532 3516 ε
2575 3482 2592 3516 ι
2629 3463 2818 3516 Nonne
2853 3472 2906 3516 tu
2938 3478 3061 3516 cras
3085 3465 3175 3532 qui
3220 3464 3572 3518 meditabaris
3601 3463 3706 3533 spi-

2130 3557 2233 3609 ritu
2266 3556 2399 3609 duro
2456 3555 2767 3609 interlicere
2797 3569 2915 3618 eos,
2949 3554 3146 3623 Spiritu
3197 3552 3437 3608 furoris?
3472 3573 3490 3606 ι
3541 3552 3704 3608 Juxta

2128 3647 2449 3701 llcbraicum
2477 3647 2579 3700 hoc
2606 3645 2842 3700 dicitur:
2878 3643 2931 3698 ln
2960 3659 3214 3700 mensura
3243 3661 3345 3714 qua
3377 3659 3562 3699 mensa
3592 3654 3701 3706 est,

2130 3739 2429 3795 Jerusalem
2466 3738 2694 3806 recipiet
2729 3756 2744 3792 :
2795 3749 3083 3804 propterea
3118 3736 3258 3792 Deus
3295 3737 3347 3790 in
3378 3737 3572 3804 spiritu
3603 3751 3706 3790 suo

2131 3833 2266 3886 duro
2319 3842 2480 3900 atque
2520 3829 2828 3884 vehementi
2879 3829 3168 3883 meditatus
3204 3836 3311 3893 est,
3344 3829 3459 3883 sive
3485 3829 3706 3882 locutus

2129 3932 2321 3977 contra
2364 3937 2482 3974 eam
2515 3922 2566 3974 in
2603 3921 2687 3974 die
2715 3932 2900 3985 aestus,
2938 3921 3041 3974 hoc
3067 3933 3170 3982 est,
3199 3919 3255 3974 in
3304 3919 3703 3989 persecutionis

2134 4026 2401 4085 tempore,
2453 4011 2672 4082 quando
2702 4011 2981 4064 ardentior
3035 4010 3426 4080 indignationis
3458 4010 3573 4063 dies
3619 4019 3707 4064 cst

2132 4117 2294 4177 atque
2320 4120 2626 4174 pa-narum.
2652 4101 2815 4156 Juxta
2848 4100 3011 4165 LXX,
3036 4103 3100 4153 ad
3125 4103 3293 4170 ipsam
3319 4100 3518 4154 dicitur
3546 4097 3708 4152 Jeru-

2132 4200 2324 4264 salem,
2351 4199 2464 4253 sive
2489 4199 2555 4251 ad
2588 4195 2754 4252 lsracl
2791 4213 2806 4250 :
2833 4194 3023 4249 Nonne
3045 4203 3100 4248 tu
3127 4209 3253 4248 cras
3285 4208 3406 4262 qum
3432 4193 3482 4245 in
3505 4191 3704 4262 spiritu

2132 4300 2225 4347 tuo
2256 4291 2548 4346 durissimo
2575 4299 2738 4359 atque
2781 4288 3012 4351 crudeli,
3043 4295 3096 4340 et
3127 4288 3181 4339 in
3213 4285 3394 4339 furore
3443 4283 3697 4353 blasphe~

2133 4380 2363 4434 tniarum
2406 4387 2648 4444 tuarum,
2689 4377 2970 4448 apostolos
3000 4376 3211 4430 Domini
3242 4385 3404 4444 atque
3455 4374 3708 4428 doctores

2134 4471 2438 4526 interficere
2482 4469 2778 4538 cupiebas?

2212 4563 2392 4632 (Vers.
2413 4563 2494 4630 9.)
2527 4581 2545 4613 ι
2573 4562 2782 4616 Idcirco
2809 4575 2972 4630 Super
2996 4559 3081 4613 his
3105 4558 3413 4613 dimittetur
3445 4559 3706 4627 iniquitas

2144 4656 2326 4711 domui
2359 4654 2546 4718 Jacob,
2599 4666 2652 4709 et
2689 4654 2790 4708 iste
2844 4655 3021 4706 otnnis
3054 4651 3286 4714 fructus,
3319 4662 3374 4704 ut
3426 4651 3708 4704 auferatur

2139 4757 2419 4818 peccatum
2454 4747 2610 4815 ejus:
2661 4747 2787 4816 quia
2844 4730 3026 4813 posuit
3054 4759 3242 4797 omnes
3281 4743 3487 4813 lapides
3516 4743 3708 4796 altaris

2139 4841 2284 4895 sicut
2309 4839 2515 4908 lapides
2538 4837 2738 4892 cineris
2761 4836 2948 4890 allisos
2980 4854 2994 4888 :
3021 4851 3126 4888 non
3157 4837 3378 4889 stabunt
3402 4834 3506 4887 luci
3531 4843 3586 4888 et
3611 4833 3708 4887 deo

2137 4933 2314 4987 lubra.
2361 4950 2382 4984 ι
2422 4929 2601 4983 LXX:
2643 4948 2662 4981 ι
2701 4927 2992 4997 Propterea
3021 4927 3300 4981 auferetur
3328 4926 3588 4995 iniquitas
3611 4923 3708 4978 Ja-

2137 5028 2259 5092 coh,
2289 5036 2342 5080 et
2383 5024 2496 5078 base
2525 5022 2626 5076 erit
2657 5022 2960 5077 benedictio
2983 5020 3097 5087 ejus
3119 5035 3237 5073 cum
3270 5018 3551 5072 abstulero
3575 5033 3706 5085 pec.

2139 5133 2322 5173 catum
2356 5121 2496 5187 ejus,
2521 5118 2737 5187 quando
2765 5117 3006 5186 posuerit
3030 5127 3218 5166 omnes
3255 5111 3458 5179 lapides
3489 5124 3710 5164 ararum

2139 5213 2404 5269 contritus
2429 5212 2582 5281 quasi
2608 5211 2844 5265 cinerem
2868 5206 3282 5266 cumminutum,
3302 5212 3354 5256 et
3377 5217 3485 5255 non
3517 5215 3707 5271 perse-

2140 5304 2406 5357 verabunt
2431 5285 2656 5356 arbores
2695 5315 2904 5363 eorum,
2941 5306 2994 5350 et
3026 5296 3185 5348 idola.
3227 5313 3243 5344 ι
3279 5294 3488 5347 Causas
3530 5290 3708 5344 reddit

2135 5410 2236 5449 cur
2263 5403 2546 5464 postquam
2577 5389 2746 5445 Judaei
2785 5389 2836 5440 in
2886 5386 3170 5440 Dominum
3203 5382 3452 5436 miserint
3485 5395 3704 5444 manus,

2137 5487 2348 5541 veniam
2394 5491 2816 5552 consequantur,
2849 5483 2894 5532 si
2926 5475 3198 5530 voluerint
3243 5488 3404 5542 agere
3435 5475 3711 5541 pinnitcn-

2141 5579 2293 5642 tiatn,
2324 5586 2381 5630 ut
2423 5573 2708 5640 impleatur
2739 5569 3034 5625 Salvatoris
3064 5566 3239 5619 oratio
3273 5582 3288 5618 :
3328 5563 3513 5624 Pater,
3549 5563 3705 5632 igno-

2137 5680 2220 5718 sce
2277 5665 2394 5728 eis;
2427 5661 2564 5732 quod
2619 5663 2752 5716 enim
2790 5660 3015 5728 faciunt,
3067 5656 3301 5710 nesciunt
3337 5656 3492 5724 (Luc.
3543 5666 3712 5718 χχιιι,

540 5839 557 5871 ⁸
590 5842 916 5900 Adt'crbium
953 5848 1048 5911 ita,
1083 5849 1226 5917 quod
1262 5849 1469 5914 deerat,
1503 5863 1602 5917 ope
1630 5865 1758 5902 wss.
1820 5843 2146 5901 suflccitnus.
