3972 6198
274 243 389 307 31

756 246 1256 308 COMMENTAR.
1303 245 1383 305 IN
1428 246 1689 306 lSAIAM
1737 245 2203 305 PROPHETAM
2251 245 2395 306 LIB.
2439 243 2607 317 VIII,
2653 243 2816 305 CAP.
2859 243 3108 307 XXVII.

3428 245 3535 311 39.2

275 357 402 423 δι).
432 355 752 426 Propterea,
790 358 990 428 inquit,
1023 357 1333 412 dimittetur
1374 358 1634 429 iniquitas
1677 358 1862 415 domui
1893 369 1936 422 Α
1969 357 2100 412 mini
2132 358 2443 412 vaticinium
2484 373 2499 412 :
2535 356 2693 411 Filia:
2725 357 3052 424 Jerusalem,
3088 357 3248 413 nolite
3278 374 3358 414 me
3380 364 3534 430 flere,

274 445 480 514 Jacob,
533 456 589 501 et
633 447 913 502 auferetur
964 457 1249 516 peccatum
1290 448 1430 517 ejus,
1470 458 1531 503 ιιι
1587 456 1862 505 mereatur

278 541 720 596 benedictionem
755 540 873 607 Dei,
908 541 999 610 qui
1048 542 1151 595 sibi
1195 540 1634 598 maledictionem
1684 542 1863 599 fuerat

279 633 641 701 imprecatus,
675 633 859 687 dicens
891 650 906 687 :
939 631 1172 703 Sanguis
1196 633 1312 701 ejus
1339 649 1498 701 super
1524 651 1642 700 nos,
1686 646 1739 705 et
1771 653 1863 689 su-

277 739 375 790 per
405 725 547 791 ﬁlios
578 733 786 778 nostros
821 722 1038 787 (Matth.
1067 740 1233 790 xxvtt,
1258 724 1352 793 25)
1386 740 1401 781 :
1431 726 1556 793 quia
1588 742 1686 795 per
1734 742 1864 797 apo-

281 815 462 869 stolos
487 816 553 868 de
575 813 750 884 stirpe
773 814 937 869 Israel
971 815 1023 868 itt
1053 826 1165 869 toto
1209 816 1344 870 orbe
1370 815 1722 885 Evangelinm
1772 832 1861 872 se-

283 907 610 970 ntinabitur,
639 916 692 958 et
713 906 1026 960 destruetur
1053 906 1376 970 idololatria,
1411 918 1463 963 et
1482 910 1861 963 comminuen-

283 1006 382 1050 tnr
441 1011 548 1050 arm
617 1012 794 1066 usque
851 998 920 1053 ad
977 1001 1280 1066 pulverem,
1334 1000 1688 1056 succidentur
1729 1001 1859 1065 luci,

280 1088 513 1141 delubra
541 1097 821 1154 corruent,
849 1099 903 1143 et
930 1088 1024 1143 Dei
1050 1090 1210 1144 unius
1235 1092 1342 1147 sub
1387 1094 1646 1162 mysterio
1676 1091 1862 1147 Trini-

282 1180 423 1233 tatis
450 1181 640 1233 notitia
674 1180 1082 1246 pra-dicabitur.

376 1270 557 1339 (Vers.
588 1271 696 1334 l0).
734 1288 755 1322 ι
787 1271 994 1326 Civitas
1017 1276 1165 1328 enim
1189 1276 1394 1329 munita
1435 1275 1674 1330 desolata
1706 1275 1809 1331 erit
1843 1292 1860 1332 :

282 1363 543 1430 speciosa
575 1361 933 1430 relinquetur,
982 1373 1038 1416 et
1074 1363 1377 1420 dimittetur
1416 1366 1572 1435 quasi
1622 1369 1861 1423 deserta.

286 1453 379 1511 lbi
409 1463 660 1525 pascetur
695 1454 917 1513 vitulus.
944 1464 998 1509 et
1042 1455 1113 1509 ibi
1154 1458 1443 1512 accubabit
1477 1468 1532 1512 et
1582 1467 1867 1515 consmnet

288 1547 645 1602 sttmmitates
668 1545 807 1614 ejus.
845 1564 863 1597 ι
899 1545 1039 1600 LXX
1078 1563 1093 1602 :
1130 1566 1148 1600 t
1184 1546 1327 1602 ldola
1359 1564 1548 1603 eorum
1577 1552 1867 1606 succiden-

293 1649 413 1702 tur,
444 1638 597 1707 quasi
637 1639 813 1701 lucus,
834 1648 887 1693 et
911 1638 1072 1709 longe
1099 1639 1354 1697 habitans
1390 1657 1521 1709 grex
1559 1643 1866 1698 dimittetur

1972 449 2063 502 sed
2107 449 2346 519 plangite
2403 466 2558 518 super
2588 466 2672 503 vos
2704 461 2751 502 et
2812 466 2969 520 super
2993 451 3138 517 ﬁlios
3164 462 3357 505 resth
3388 453 3545 522 (Luc.

1975 555 2128 606 xxnt,
2153 541 2268 612 ‘28).
2294 542 2596 612 Magnaque
2620 540 2916 597 infelicitas
2944 541 3148 612 populi,
3171 558 3200 595 a
3226 542 3544 598 mul‘erihus

1973 633 2378 690 lamentationis
2412 636 2658 689 carmina
2716 635 2968 698 discere;
2999 634 3141 689 sicut
3179 635 3540 702 repreliens‘o

1976 725 2077 778 fuit
2111 725 2292 794 populi
2320 724 2509 791 Israel,
2539 725 2760 795 quando
2790 727 2842 779 in
2868 722 3116 778 iudicum
3156 726 3295 779 libro
3332 722 3543 793 (Judic.

1977 816 2071 885 tv),
2104 816 2158 868 in
2190 830 2365 870 manu.
2385 815 2631 871 mulieris
2657 816 2914 870 Debborte
2940 815 3071 870 fecit
3100 815 3336 870 salutem
3362 814 3544 869 Domi-

1975 922 2102 971 nus,
2122 915 2177 960 et
2197 916 2437 975 tempore
2457 906 2647 960 vicina:
2668 905 3018 973 captivitatis,
3046 906 3354 961 tacentibus
3376 906 3538 970 viris,

1974 996 2142 1051 Holda
2173 997 2366 1050 mulier
2385 997 2731 1065 prophetavit
2767 994 2818 1066 (Ι
2839 994 2875 1048 γ
2904 996 3029 1066 Reg.
3055 1001 3214 1067 xxii).
3242 994 3535 1064 Propterea

1972 1088 2133 1160 367
2154 1100 2335 1143 autem
2359 1089 2614 1144 mulieres
2630 1089 2787 1159 lorgo
2819 1098 3173 1143 centerentur
3207 1089 3422 1152 itinere,
3442 1091 3547 1140 in.—

1980 1179 2300 1247 becillitate,
2321 1179 2466 1234 fame
2504 1189 2561 1235 et
2594 1182 2851 1250 squalore
2881 1180 3165 1243 confectae.
3194 1190 3247 1239 et
3273 1181 3545 1235 docebunt

1974 1271 2230 1343 pepulum
2257 1272 2649 1336 miserabilem,
2702 1274 2831 1341 quia
2868 1287 2980 1326 non
3034 1283 3117 1326 est
3164 1273 3392 1341 papulas
3451 1286 3544 1324 sa-

1976 1364 2155 1435 piens,
2182 1379 2281 1419 nec
2306 1364 2572 1419 intellexit
2600 1363 2918 1419 Creatorem
2941 1379 3122 1430 suum,
3148 1364 3238 1431 qui
3262 1362 3555 1431 neglectus.

1979 1454 2046 1508 ab
2073 1455 2154 1509 eis
2188 1463 2354 1526 atque
2386 1466 2734 1525 contemptus
2765 1471 2872 1510 non
2913 1455 3264 1509 miserebitur
3296 1452 3542 1529 factum,

1978 1557 2033 1602 et
2070 1562 2177 1600 non
2228 1555 2417 1616 parcet
2471 1558 2741 1600 creatura:
2766 1562 2900 1601 suae.
2929 1543 3094 1600 Juxta
3135 1543 3300 1609 LXX,
3324 1544 3391 1598 de
3426 1542 3546 1595 Ma-

1974 1638 2051 1691 ria
2095 1638 2295 1691 dicitur
2344 1637 2678 1707 Magdalene,
2710 1646 2766 1691 et
2824 1639 2930 1690 alia
2967 1636 3163 1699 Maria,
3217 1646 3274 1690 et
3332 1634 3549 1689 caeteris

285 1731 443 1785 sicut
460 1746 589 1800 grex
605 1730 1110 1796 derelictus,eterit
1128 1732 1552 1804 multotemporc
1571 1736 1625 1789 iu
1644 1751 1867 1805 pascua,
1903 1726 1942 1781 Β
1976 1729 2323 1795 mulieribus,
2348 1745 2468 1797 qua:
2497 1730 2729 1799 pritnutn
2764 1730 3020 1784 viderunt
3039 1728 3325 1781 Dominum
3356 1740 3545 1781 resur-

286 1829 353 1877 et
386 1822 456 1876 ibi
486 1824 830 1890 requiescent
859 1837 1074 1891 greges,
1124 1835 1179 1879 et
1216 1835 1334 1894 post
1368 1826 1595 1881 multum
1655 1837 1868 1897 tempus

288 1929 407 1968 non
446 1913 549 1967 erit
578 1913 632 1967 in
666 1930 728 1967 ea
764 1929 927 1969 omne
957 1916 1310 1985 \‘iride,.qnia
1341 1918 1673 1973 exsiccatum
1706 1924 1809 1975 est.
1836 1940 1865 1969 ι

284 2006 593 2062 Jerusalem
641 2005 835 2062 civitas
884 2010 1156 2077 quondam
1215 2009 1371 2065 ﬁrma
1416 2022 1580 2082 atque
1636 2014 1866 2078 munita,

289 2095 427 2165 quia
456 2095 620 2167 366
646 2113 752 2152 non
793 2098 1029 2169 suscepit
1076 2099 1485 2169 patrisfamilias
1549 2102 1742 2171 lllium,
1771 2104 1866 2159 sed

287 2186 456 2253 dixit,
502 2188 698 2255 Venite,
728 2191 1027 2245 occidantur
1051 2208 1189 2257 eum,
1221 2194 1344 2261 quia
1372 2193 1471 2247 iste
1492 2196 1655 2249 [neres
1677 2208 1780 2262 est,
1816 2205 1870 2251 et

292 2287 486 2334 nostra
515 2280 611 2333 erit
631 2281 913 2334 hcereditas
943 2280 1151 2349 (Matth.
1178 2298 1290 2346 xxt,
1317 2283 1430 2353 38),
1468 2286 1707 2339 desolata
1739 2288 1866 2341 erit.

298 2366 378 2423 Et
407 2384 525 2437 qua:
556 2369 825 2436 quondam
871 2368 970 2421 fuit
995 2369 1262 2438 speciosa,
1290 2372 1358 2427 de
1390 2386 1495 2439 qua
1543 2381 1598 2427 et
1630 2374 1682 2427 in
1732 2373 1869 2430 Eze-

294 2457 477 2513 chiele
500 2458 742 2511 dicitur:
785 2457 1051 2524 Similam,
1088 2470 1135 2513 et
1170 2460 1271 2512 mel
1294 2471 1338 2513 et
1374 2464 1545 2513 oleum
1575 2462 1867 2527 contrdisti,

291 2559 354 2602 es
378 2550 613 2617 speciosa
662 2550 808 2619 facta
849 2565 902 2603 es
945 2551 1270 2604 vehementer
1296 2552 1452 2605 nimis
1484 2552 1699 2622 (Ezech.
1753 2570 1865 2618 xvt,

297 2642 416 2711 l3),
451 2644 585 2693 etin
623 2658 730 2711 qua
764 2643 972 2696 habitat
1020 2644 1110 2697 ille
1155 2644 1219 2698 tle
1276 2660 1388 2713 quo
1431 2647 1694 2714 scriptum
1732 2657 1816 2701 est
1850 2651 1864 2699 ξ

294 2730 576 2797 Speciosus
603 2732 775 2800 forma
795 2750 907 2801 pro:
954 2734 1083 2803 ﬁliis
1121 2736 1390 2789 hominum
1421 2736 1587 2806 (Psal.
1616 2753 1757 2804 xciv,
1786 2739 1864 2804 ὅ),

295 2824 638 2891 relinquetur
672 2834 725 2877 et
756 2825 1062 2880 dimittetur
1088 2828 1245 2896 quasi
1292 2828 1594 2895 desertum,
1649 2830 1867 2883 dicente

301 2915 534 2967 Domino
557 2917 621 2968 ad
654 2916 928 2983 apostolos
954 2931 969 2969 :
1002 2915 1231 2987 Surgite,
1264 2920 1512 2974 abeamus
1536 2920 1655 2974 hinc
1680 2919 1864 2991 (Jotxn.

299 3021 415 3072 xtv,
457 3007 569 3070 5i).
601 3007 676 3060 lbi
725 3015 975 3073 pascetur
1006 3009 1228 3076 vitulus,
1267 3008 1544 3066 Romanus
1573 3016 1864 3076 exercitus,

299 3096 368 3148 de
389 3112 495 3163 quo
524 3106 576 3149 et
606 3098 658 3148 in
683 3097 787 3149 alio
820 3097 935 3152 loco
970 3099 1071 3153 SUi)
1101 3100 1321 3155 nomine
1353 3104 1466 3168 apri
1497 3104 1698 3157 dictum
1732 3114 1814 3158 est
1850 3120 1863 3158 :

310 3185 545 3240 Vaslavit
571 3204 687 3241 eam
718 3205 842 3256 aper
869 3193 933 3244 de
957 3192 1110 3257 silra,
1142 3204 1188 3246 et
1223 3194 1512 3264 singularis
1534 3195 1680 3264 [crus
1707 3198 1867 3266 depa-

290 3290 407 3333 stus
431 3293 507 3333 est
543 3297 660 3334 eam
707 3281 881 3352 (Psal.
909 3298 1098 3349 uxtx,
1134 3285 1247 3354 14).
1278 3287 1340 3340 ist
1391 3288 1462 3342 ibi
1496 3289 1781 3343 aceubabit
1814 3301 1867 3344 et

294 3382 583 3424 consumet
606 3373 947 3426 summitates
970 3372 1092 3449 ejus
1128 3376 1233 3429 sub
1263 3379 1577 3446 metaphora
1612 3378 1781 3432 vinea:
1814 3389 1867 3433 et

297 3462 652 3531 propaginum
685 3464 828 3532 ejus,
863 3474 921 3519 ut
954 3466 1087 3518 nihil
1120 3465 1171 3519 in
1200 3484 1262 3519 ea
1290 3467 1484 3532 viride,
1517 3468 1651 3522 nihil
1686 3485 1865 3523 rema-

294 3563 426 3610 neat
485 3555 842 3626 llagellorum,
892 3559 985 3612 sed
1017 3559 1199 3612 omnia
1254 3570 1539 3615 consumat
1595 3563 1864 3617 inimicus.

291 3645 455 3701 Juxta
485 3646 621 3702 LXX
662 3648 835 3715 :Quia
869 3665 974 3704 non
999 3661 1319 3724 receperunt
1344 3662 1614 3723 pastorem
1639 3655 1866 3721 b0num,

295 3753 584 3812 propterea
626 3752 784 3797 erunt
818 3744 972 3813 quasi
1015 3760 1146 3814 grex
1172 3746 1483 3811 derelictus,
1524 3756 1576 3801 et
1605 3750 1867 3815 patebunt

297 3836 568 3889 morsibus
603 3838 933 3902 bestiarum;
970 3848 1024 3891 et
1061 3837 1196 3892 tnbil
1239 3840 1293 3893 in
1353 3840 1430 3895 eis
1469 3842 1642 3896 viride
1682 3856 1864 3896 rema-

301 3929 476 3990 ncbit,
515 3943 642 3996 quia
678 3930 894 3983 siccitas
928 3930 1113 3984 omnia
1151 3933 1479 4001 possidebit.

376 4017 561 4085 (Vers.
588 4019 697 4087 ll.)
725 4037 742 4068 ι
778 4018 832 4072 In
856 4019 1102 4075 siccitate
1124 4024 1316 4076 messis
1344 4023 1487 4078 illius
1511 4033 1866 4079 conterentur

298 4108 558 4162 mulieres
588 4110 869 4165 venientes
900 4121 954 4165 et
989 4111 1246 4166 docentes
1270 4129 1414 4167 eam.
1446 4113 1564 4167 Non
1610 4126 1691 4169 est
1722 4118 1864 4170 enittt

295 4200 528 4271 populus
568 4200 831 4268 sapiens;
868 4210 1153 4269 propterea
1198 4218 1306 4258 non
1352 4205 1699 4261 miserebitur
1748 4206 1867 4275 ejus

294 4295 392 4360 qui
426 4293 558 4346 fecit
601 4308 753 4359 eum,
812 4303 868 4348 et
917 4296 1008 4362 qui
1048 4291 1302 4351 formavit
1335 4312 1485 4364 eum,
1522 4314 1627 4354 non
1679 4307 1868 4369 parcet

1970 1832 2208 1893 gentem,
2240 1833 2295 1875 et
2342 1829 2637 1875 tenuerunt
2676 1820 2841 1890 pedes
2888 1820 3030 1889 ejus,
3059 1830 3114 1872 ct
3147 1820 3214 1872 ab
3257 1833 3320 1870 eo
3353 1819 3544 1870 audire

1970 1922 2291 1967 meruerunt
2324 1929 2339 1969 :
2370 1912 2551 1967 Nolite
2590 1914 2794 1967 timere.
2860 1910 2961 1977 Ite,
2995 1912 3232 1963 nuntiate
3281 1909 3542 1977 fratribus

1969 2003 2095 2055 meis
2116 2012 2168 2055 ut
2194 2003 2382 2055 radunt
2410 2004 2460 2056 in
2482 2001 2788 2068 Galilwam,
2807 2003 2941 2055 etihi
2960 2018 3037 2054 me
3055 2001 3297 2054 videbunt
3319 1998 3541 2072 (Matth.

1967 2109 2158 2159 xxvnt,
2200 2093 2309 2163 10).
2342 2092 2417 2148 De
2469 2094 2585 2148 istis
2633 2093 2956 2148 mulieribus
3002 2094 3172 2147 multo
3216 2094 3537 2164 priusquam

1970 2196 2344 2249 nascerentur,
2376 2184 2726 2254 pmpheticus
2755 2200 2936 2240 sermo
2959 2186 3310 2254 praenuntiat,
3344 2194 3401 2237 et
3432 2198 3533 2237 vo-

1916 2288 1927 2301 ‘
1969 2285 2059 2332 cat
2088 2290 2182 2331 eas
2211 2291 2239 2328 a
2270 2274 2581 2344 spectaculo
2614 2274 2911 2330 Dominicte
2942 2274 3222 2331 Passionis
3249 2283 3302 2329 et
3341 2273 3543 2328 Resur-

1972 2365 2252 2429 rectionis,
2289 2375 2344 2419 ut
2379 2363 2728 2433 Evangelium
2766 2366 3083 2434 praedicent,
3115 2375 3190 2430 et,
3238 2366 3392 2437 juxta
3430 2365 3541 2419 ﬂe-

1972 2456 2240 2521 braicnm,
2288 2457 2519 2512 doceant
2560 2456 2863 2511 Jerusalem
2920 2457 3037 2512 sive
3093 2469 3296 2513 terram
3351 2460 3538 2522 Israel,

1971 2550 2114 2617 quod
2146 2548 2248 2602 iste
2281 2548 2351 2602 sit
2380 2548 2639 2602 Dominus
2661 2556 2714 2602 et
2746 2548 2911 2603 Deus.
2958 2547 3165 2619 Populo
3198 2549 3344 2604 enim
3368 2551 3538 2605 Israel

1971 2654 2078 2691 non
2108 2639 2340 2692 habente
2380 2638 2703 2707 sapientiam
2735 2638 2821 2691 illo
2860 2648 3129 2706 tempore,
3159 2642 3378 2708 quando
3412 2656 3542 2709 pas-

1970 2746 2061 2785 sus
2083 2740 2168 2785 est
2199 2730 2479 2796 Dominns,
2505 2740 2560 2785 et
2603 2730 2884 2800 impletum
2916 2742 3000 2785 est
3027 2731 3346 2785 vaticinium
3390 2746 3522 2802 pro-

1972 2824 2190 2891 phetale
2229 2837 2243 2877 ξ
2278 2821 2496 2877 Salvum
2528 2838 2608 2875 me
2638 2824 2746 2894 fac,
2783 2822 3025 2891 Domine,
3063 2828 3314 2893 quoniam
3348 2822 3541 2891 defecit

1969 2925 2185 2969 sanctus
2216 2914 2397 2985 (Psal.
2433 2929 2509 2977 xt,
2544 2914 2631 2985 l);
2666 2924 2717 2967 et
2745 2928 2760 2967 :
2802 2914 2993 2968 Omnes
3021 2916 3437 2981 declinaverunt,
3467 2918 3544 2969 si-

1971 3008 2079 3061 ntut
2109 3008 2321 3060 inutiles
2356 3006 2486 3074 facti
2517 3016 2640 3060 sunt
2682 3021 2704 3069 ;
2738 3022 2839 3060 non
2887 3016 2962 3061 est
3006 3009 3093 3075 qui
3129 3008 3296 3078 faciat
3327 3007 3541 3074 bonum,

1973 3117 2076 3154 non
2104 3108 2176 3152 est
2207 3114 2365 3168 usque
2394 3098 2463 3152 ad
2489 3115 2646 3152 unum
2673 3096 2848 3165 (Psal.
2884 3098 3098 3169 χιιινι),
3126 3112 3390 3154 vocantur
3422 3117 3543 3155 mn-

1973 3192 2133 3246 lieres
2167 3192 2235 3245 de
2269 3191 2600 3259 spectaculo,
2626 3202 2682 3244 ttt
2710 3193 2853 3260 quod
2887 3192 3019 3260 ipsa-
3049 3193 3293 3245 vnlerunt
3316 3202 3541 3260 aposw-

1973 3283 2038 3339 lis
2066 3285 2331 3336 nuntient.
2360 3283 2526 3336 Israel
2546 3292 2725 3336 autem
2749 3285 2812 3336 de
2836 3297 2947 3350 quo
2969 3282 3172 3336 dictum
3198 3292 3281 3336 est
3311 3281 3537 3350 (Supra,

1971 3393 2011 3441 ι,
2046 3377 2099 3445 ‘5)
2132 3386 2146 3429 :
2183 3373 2355 3428 Israel
2388 3390 2493 3428 non
2526 3374 2763 3443 cognovit
2808 3391 2908 3438 me,
2935 3384 2983 3427 et
3018 3375 3241 3444 populus
3270 3391 3411 3428 meus
3435 3391 3543 3428 non

1969 3470 2255 3537 intellexit,
2285 3468 2773 3525 clementissimum
2825 3468 3139 3523 Creatorem
3185 3482 3238 3522 et
3281 3470 3553 3523 faetorem

1971 3578 2125 3617 suum
2141 3560 2451 3632 provocavit
2470 3559 2521 3615 itt
2541 3561 2983 3625 amaritudinem,
3000 3569 3057 3613 ut
3077 3557 3545 3628 ncqttuquantcjns

1972 3658 2315 3713 misereatur.
2334 3652 2458 3707 llaec
2480 3654 2567 3722 pie
2592 3654 2809 3723 quidem
2830 3654 3081 3708 (iiCtlniUI'
3103 3672 3117 3716 ;
3141 3657 3235 3706 sed
3269 3652 3541 3718 quomodo

1970 3762 2093 3801 cum
2142 3748 2353 3802 caeteris
2390 3755 2716 3815 congruant,
2737 3754 2791 3799 et
2827 3744 3317 3799 consummationis
3347 3739 3537 3799 mundi

1970 3839 2307 3908 temporibus
2345 3847 2689 3907 eoaptentur,
2726 3837 2962 3891 diﬂicilis
3003 3836 3383 3905 interpretatio
3432 3843 3540 3888 est.

2042 3932 2219 4004 (Vera.
2255 3930 2368 4001 12.)
2404 3948 2422 3982 t
2458 3931 2525 3985 Et
2556 3931 2664 3984 erit
2696 3930 2753 3983 in
2789 3930 2873 3984 die
2906 3930 3017 3994 illa,
3047 3929 3318 3999 percutiet
3357 3925 3539 3979 Domi-

1974 4040 2073 4078 nus
2101 4025 2166 4078 ab
2198 4025 2351 4078 alveo
2376 4023 2614 4077 ﬂuminis
2643 4039 2814 4091 usque
2846 4023 2909 4075 ad
2940 4032 3233 4076 torrentem
3262 4018 3532 4087 )Egyptia

1970 4113 2112 4168 LXX
2148 4132 2164 4171 ;
2200 4134 2218 4166 ι
2256 4114 2321 4168 Et
2348 4116 2453 4169 erit
2511 4114 2565 4169 in
2613 4114 2701 4168 die
2730 4115 2839 4181 illa,
2873 4114 3160 4167 cont-ludet
3214 4111 3473 4164 Dominus
3505 4123 3535 4161 a

1968 4208 2115 4263 fossa
2145 4207 2383 4263 ﬂuminis
2409 4221 2578 4272 usque
2606 4206 2674 4260 ad
2708 4204 3148 4259 Ruinocoruram
3208 4220 3226 4254 ι
3263 4200 3378 4257 Nisi
3406 4200 3537 4269 jun.

1972 4301 2159 4362 sisset,
2194 4301 2248 4351 in
2274 4300 2356 4352 die
2381 4299 2501 4365 illa,
2534 4314 2632 4369 per
2652 4299 2795 4367 quod
2818 4299 3098 4360 ducuntur,
3130 4311 3190 4350 ea
3215 4309 3337 4364 qua:
3356 4296 3529 4348 dictu-

291 4386 370 4439 ei.
428 4402 448 4435 ι
486 4384 625 4438 LXX
666 4400 683 4441 :
717 4402 736 4436 ι
786 4386 1038 4443 Mulieres
1096 4391 1378 4445 venientes
1432 4407 1462 4445 a
1516 4392 1866 4461 spectaculo,
1899 4400 1949 4457 ι)
1978 4408 2067 4446 rus
2098 4400 2182 4447 est
2238 4393 2614 4460 superioribus
2669 4390 2996 4459 copulando,
3031 4401 3343 4459 poteramus
3383 4386 3537 4455 quasi

296 4479 483 4532 venite
522 4493 539 4534 :
591 4495 694 4532 non
735 4489 815 4533 est
847 4480 994 4534 enim
1049 4483 1280 4550 popilius
1324 4483 1529 4538 habens
1561 4484 1870 4554 intelligené

302 4572 479 4638 tiam;
515 4580 802 4638 prOpIerea
836 4588 943 4626 non
992 4573 1344 4629 miserebitur
1385 4590 1572 4630 eorum
1604 4579 1693 4646 qui
1743 4577 1872 4631 fecit

295 4677 434 4728 eos;
464 4675 517 4716 et
558 4664 653 4731 qui
688 4662 941 4718 formavit
970 4679 1088 4727 eos,
1120 4679 1226 4719 non
1277 4677 1484 4736 parcet.
1520 4688 1539 4719 ›
1583 4669 1693 4721 lloc
1727 4670 1871 4738 quod

296 4754 519 4816 dicitur,
569 4751 636 4805 In
668 4754 911 4807 siccitate
967 4756 1155 4808 messis
1205 4755 1347 4810 illius
1379 4767 1738 4824 conterentur,
1776 4775 1873 4829 pro

298 4860 408 4913 quo
456 4845 807 4914 Septuaginta
862 4846 1207 4914 interpretati
1256 4860 1404 4908 sunt.
1433 4865 1532 4902 nou
1565 4853 1667 4903 erit
1722 4852 1870 4903 inea

296 4937 591 5006 quidquam
654 4938 841 5003 viride,
890 4940 1019 5007 quia
1067 4941 1301 5004 exaruit,
1333 4941 1491 5010 juxta
1543 4941 1866 4996 Iiebraieunt

302 5030 663 5098 sequentibus
711 5031 1025 5097 copulatur;
1060 5032 1214 5099 juxta
1243 5031 1412 5097 LXX,
1446 5032 1614 5102 priori
1662 5035 1867 5089 sensui.

304 5120 563 5176 Dicamus
585 5137 715 5192 ergo
747 5123 979 5191 primum
996 5124 1151 5193 juxta
1177 5123 1525 5179 Ilebraicum.
1548 5127 1684 5179 Cum
1708 5126 1870 5181 sicei-

305 5214 432 5267 txtis
459 5221 514 5268 et
552 5216 842 5270 messionis
861 5212 1193 5281 Jerusalem,
1219 5226 1275 5271 et
1308 5225 1363 5269 ut
1385 5218 1627 5287 apertius
1657 5218 1869 5287 loquar,

304 5305 578 5361 vaStitatis
610 5316 821 5375 tempus
858 5309 1160 5371 advenerit,
1192 5311 1258 5363 de
1310 5318 1423 5362 toto
1469 5310 1601 5364 orbe
1638 5325 1869 5381 synagoo

302 5413 486 5465 garum
520 5399 679 5451 turba
729 5410 1035 5465 concurret,
1071 5412 1130 5453 ut
1163 5399 1420 5469 plangant
1463 5398 1764 5455 Jerusalem
1818 5412 1871 5456 et

302 5490 439 5543 mala
467 5491 615 5544 illius
640 5492 1014 5546 consolentur.
1057 5494 1182 5547 Sive
1214 5504 1402 5563 aperte
1433 5494 1500 5549 de
1546 5495 1870 5550 mulieribus
1918 5502 1919 5505 “

298 5582 562 5653 loquitur,
628 5598 751 5652 qua:
809 5584 1030 5640 nudatis
1083 5586 1420 5654 pectoribus,
1476 5587 1870 5655 sanguinantes

296 5672 505 5731 feriunt
558 5674 814 5743 lacertos.
843 5687 897 5735 et
942 5679 1258 5749 implebitttr
1299 5678 1406 5751 [ΑΙ.
1458 5679 1732 5753 impletur]
1764 5680 1870 5737 Do-

1975 4484 2255 4551 proprium
2302 4481 2522 4550 capituli
2577 4483 2736 4549 hujus
2785 4496 3006 4537 sensum
3036 4490 3308 4548 exponere
3338 4494 3353 4545 ;
3388 4492 3538 4531 nunc

1974 4584 2154 4627 autem
2173 4577 2238 4627 ad
2269 4575 2555 4641 superiora
2581 4572 2867 4626 referenda
2887 4583 3018 4626 sunt
3038 4571 3243 4626 omnia.
3270 4570 3538 4636 Quoniam

1973 4668 2165 4721 civitas
2197 4670 2403 4719 nmnita
2434 4666 2672 4719 desolata
2716 4668 2845 4733 erit,
2876 4676 2931 4721 et
2964 4668 3210 4736 speciosa
3268 4668 3480 4735 quonda
3505 4683 3535 4715 n

1975 4760 2309 4829 relinquetur
2350 4757 2506 4826 quasi
2562 4757 2861 4823 desertmn,
2908 4757 3077 4829 368
3106 4766 3159 4811 et
3203 4758 3278 4810 ibi
3338 4756 3539 4809 vitulus

1973 4851 2278 4913 accubabit,
2304 4860 2359 4904 et
2381 4862 2664 4904 consumet
2694 4853 3021 4919 propagines
3047 4851 3234 4913 vineae,
3261 4857 3316 4901 et
3341 4850 3528 4901 omnia

1973 4944 2349 5007 siccabuntur,
2392 4944 2651 5013 quoniam
2696 4958 2800 4995 non
2829 4953 2913 4996 cst
2949 4943 3180 5010 populus
3214 4942 3423 4995 habens
3456 4944 3536 4991 in-

1977 5036 2272 5099 tellectum,
2324 5045 2377 5087 et
2429 5044 2650 5105 propter
2695 5034 2983 5087 stultitiam
3039 5033 3180 5100 ejus,
3244 5031 3449 5085 nullam
3508 5047 3538 5084 ει

1973 5128 2229 5182 Creatore
2250 5141 2353 5181 suo
2378 5127 2806 5182 misericordiam
2842 5135 3169 5179 consecutus
3198 5134 3299 5179 est.
3329 5123 3537 5177 ldeirco

1976 5222 2263 5290 percutiet.
2292 5222 2407 5275 sive
2437 5222 2726 5276 cont-ludet
2747 5219 3011 5273 Dominus
3040 5221 3107 5272 ab
3131 5218 3285 5272 alveo
3309 5217 3390 5272 vel
3420 5218 3537 5272 tivo

1974 5312 2212 5367 ﬂuminis
2236 5328 2409 5382 usque
2440 5316 2503 5366 ad
2532 5321 2823 5366 torrentem
2842 5309 3081 5380 ΑΞεῄιὼ
3111 5322 3162 5364 ut
3190 5312 3241 5366 itt
3279 5315 3533 5366 universa

1972 5402 2179 5468 Judtea,
2203 5404 2605 5472 quicquondam
2633 5403 3071 5471 repromissionis
3092 5417 3236 5458 terra
3267 5410 3385 5468 fuit,
3416 5409 3538 5459 nqu

1976 5497 2060 5551 lus
2094 5499 2397 5567 reperiatur
2423 5514 2602 5553 sermo
2632 5500 2914 5563 doctrinae,
2950 5502 3084 5554 nihil
3110 5501 3355 5555 scientiae
3388 5501 3537 5554 Seria

1974 5601 2283 5660 pturarum,
2303 5591 2368 5645 de
2391 5592 2591 5659 quibus
2615 5602 2670 5647 et
2700 5594 2992 5661 Apostolus
3024 5595 3266 5665 loquitur
3299 5611 3314 5651 :
3347 5595 3410 5651 Ut
3436 5612 3540 5650 non

1977 5685 2317 5740 attendamus
2347 5684 2589 5740 Judaicis
2617 5686 2814 5756 fabulis
2856 5697 2907 5743 et
2939 5690 3204 5744 mandatis
3245 5692 3543 5757 hominum,
