3972 6198
269 243 390 308 325

298 406 657 421 .—.._—.....—.

669 406 1058 417 _.___—_——__

752 243 1256 305 COMMENTAR.
1299 245 1378 303 ΙΝ
1422 245 1682 305 ISAIAM
1725 244 2191 308 PROPHETAM
2235 251 2379 309 ΗΒ·
2423 252 2529 311 1X.
2572 253 2729 315 CAP.
2792 255 3072 315 XXVHI.

3431 256 3537 322 323

2016 412 2340 420 ——_.._.
2357 413 2582 421 .__—_._
2595 413 3251 431 —..._.._.———._______.__...‘

2804 416 3110 424 ———.———————.

1452 563 1799 650 LIBER
1895 564 2343 656 NONUS.

365 895 541 948 Variis
574 893 835 948 molestiis
862 892 1132 962 occupati,
1163 891 1572 962 explanationes
1594 891 1646 945 in
1678 890 1870 947 Isaiam
1904 897 1947 951 Α
1977 890 2389 961 appellabantur
2434 893 2712 964 Ephraim.
2746 897 2810 952 Et
2842 909 2997 955 vorat
3027 916 3121 957 cus
3154 918 3403 958 coronam
3450 922 3542 960 ευ.

279 987 612 1055 prophetam
676 1000 769 1049 per
831 984 1113 1049 intervalla
1172 984 1461 1038 dictamus.
1550 982 1705 1037 Unde
1770 998 1867 1037 ex-

281 1077 443 1146 pleto
512 1086 709 1130 octavo
775 1076 1091 1141 volumine,
1157 1091 1304 1129 nunc
1368 1083 1486 1142 post
1530 1075 1868 1142 aliquantum

282 1171 553 1239 temporis
599 1169 830 1237 spatium
868 1167 1161 1223 transimus
1209 1168 1275 1220 ad
1326 1183 1525 1221 nonum
1554 1183 1570 1232 ;
1602 1182 1707 1221 non
1739 1169 1867 1222 abs-

280 1276 401 1328 que
449 1276 628 1314 morsu
692 1269 747 1313 et
806 1259 1295 1314 obtrectationibus
1367 1258 1676 1312 invidorum
1712 1300 1727 1321 ,
1775 1258 1866 1327 qui

282 1352 609 1419 ignorantes
656 1348 785 1419 quid
830 1349 1086 1412 audiant-,
1138 1350 1262 1415 quid
1318 1346 1641 1417 loquantur,
1690 1347 1755 1402 de
1803 1361 1869 1402 eo

284 1439 498 1493 audent
520 1439 767 1507 judicare
795 1440 935 1507 quod
986 1438 1255 1502 nesciunt,
1292 1447 1349 1492 et
1384 1445 1510 1493 aute
1561 1437 1870 1505 despiciunt

284 1546 461 1601 quam
498 1532 744 1601 probent,
790 1532 1144 1599 eruditosque
1194 1545 1251 1585 se
1297 1530 1574 1584 aestimant
1608 1539 1664 1585 et
1698 1532 1869 1584 diser—

288 1633 405 1683 tns.
436 1624 480 1675 si
529 1623 593 1675 de
639 1622 850 1676 cunctis
887 1619 1255 1690 Scriptoribus
1281 1621 1592 1676 detrahant.
1623 1620 1866 1686 Quorum

288 1712 519 1767 livorem
552 1722 605 1765 et
643 1713 1075 1766 mussitationem
1107 1696 1385 1782 garrulam
1425 1721 1868 1777 contemnentes,

290 1809 392 1862 Dei
454 1821 738 1877 poscamus
763 1808 1044 1872 auxilium,
1072 1817 1125 1862 et
1154 1806 1455 1864 Psalmistze
1481 1809 1869 1876 imprecatione

289 1899 541 1953 dicamus
572 1914 586 1949 :
622 1898 832 1967 Dissipa
879 1906 1054 1968 gentes
1105 1913 1222 1968 qua:
1273 1898 1411 1952 bella
1460 1898 1640 1952 volunt
1692 1896 1867 1968 (Psal.

289 2004 465 2049 uvn,
496 1991 609 2057 52).
664 1988 874 2043 Domini
927 1991 1070 2043 enim
1120 1989 1274 2044 locus
1326 1989 1379 2043 in
1417 2004 1549 2059 pace
1593 2001 1696 2054 est,
1748 2005 1870 2061 quae

289 2088 594 2148 exsuperat
620 2094 834 2134 omnem
864 2094 1110 2134 sensum.
1141 2081 1312 2146 Quam
1341 2088 1396 2135 et
1426 2082 1691 2150 propheta
1723 2082 1873 2136 desi-

289 2175 453 2229 derat
494 2172 781 2226 clamitans
821 2171 1084 2229 :Domine
1140 2170 1276 2226 Deus
1306 2182 1519 2238 uoster,
1565 2190 1749 2243 pacem
1796 2174 1869 2229 da

1974 982 2174 1051 perbim
2208 1000 2224 1036 :
2255 984 2378 1052 quia
2408 989 2705 1054 comparati
2736 988 2945 1044 duabus
2978 990 3231 1047 tribubus
3251 1032 3266 1057 ,
3297 1009 3416 1063 quae
3446 1011 3540 1064 apo

1971 1075 2311 1143 pellabantur
2336 1076 2496 1142 Juda,
2529 1079 2876 1136 sublirniort-s
2926 1091 3083 1137 erant
3128 1093 3181 1138 et
3215 1100 3442 1139 numero
3486 1096 3541 1138 et

1974 1167 2185 1220 robore.
2215 1165 2519 1238 Ebriosque
2545 1185 2643 1225 eos
2666 1171 2797 1227 dicit
2824 1173 3100 1242 Ephraint,
3128 1177 3217 1243 qui
3244 1191 3397 1230 suum
3431 1191 3539 1229 non

1976 1257 2277 1326 intelligant
2323 1259 2673 1329 Creatorem,
2727 1267 2821 1317 sed
2878 1281 2975 1333 pro
3030 1266 3256 1319 Domino
3315 1269 3544 1322 adorent

1972 1346 2170 1401 vitulos
2202 1362 2400 1404 aureos
2436 1351 2487 1404 in
2537 1350 2648 1403 Dan
2681 1363 2735 1405 et
2772 1352 2979 1406 Bethel.
3032 1352 3119 1407 lsti
3170 1355 3446 1422 quondam
3485 1355 3542 1407 in

1968 1435 2104 1490 ﬂore
2136 1436 2359 1493 fuerunt
2389 1437 2625 1504 Domini,
2658 1449 2711 1495 et
2738 1441 2790 1494 in
2824 1442 3013 1510 gloria,
3042 1443 3255 1510 quando
3283 1446 3545 1512 regeban-

1974 1538 2063 1582 tur
2093 1543 2123 1581 a
2160 1529 2327 1583 David
2361 1540 2417 1583 et
2450 1531 2758 1595 Salomone,
2793 1542 2848 1587 et
2882 1534 2935 1588 in
2970 1535 3256 1589 duodecim
3296 1536 3544 1592 tribubus

1964 1628 2127 1673 erant
2178 1621 2469 1677 adorantes
2523 1621 2690 1678 Deum
2742 1624 2793 1677 in
2850 1626 3044 1694 templo
3087 1625 3406 1692 Jerusalem,
3449 1628 3541 1695 qni

1970 1708 2192 1765 luerunt
2210 1709 2263 1763 in
2289 1710 2494 1765 vertice
2519 1712 2674 1765 vallis
2696 1713 3080 1782 pinguissimm,
3107 1715 3250 1783 quod
3278 1713 3542 1770 llebraice

1970 1802 2166 1856 dicitur
2207 1816 2274 1857 es
2312 1817 2545 1856 SBIANII
2589 1805 2781 1871 (cum
2823 1804 2959 1872 nu).
3009 1804 3290 1875 Signiﬁcat
3360 1820 3541 1860 auem

1966 1890 2149 1946 locum
2177 1892 2266 1947 ubi
2301 1893 2533 1947 traditus
2566 1893 2826 1949 Dominus
2857 1905 2970 1960 est;
3007 1910 3169 1964 super
3200 1895 3356 1965 cujus
3387 1896 3543 1949 vallis

1975 1970 2236 2039 v'erticem
2287 1984 2542 2054 templum
2596 1985 2802 2040 Domini
2834 1988 2996 2042 situm
3030 1998 3133 2041 est.
3169 1986 3257 2042 Isti
3296 1987 3545 2041 inebriati

1970 2083 2097 2131 sunt
2142 2076 2270 2135 vino
2315 2077 2525 2131 erroris
2553 2086 2609 2131 et
2652 2079 2926 2144 amentirc,
2956 2079 3118 2149 372
3149 2078 3290 2143 quod
3338 2079 3415 2132 eis
3447 2079 3547 2131 mi.

1972 2168 2117 2221 seuit
2142 2166 2452 2223 Jerobuam.
2500 2168 2839 2238 Quapropter
2873 2186 3090 2240 pmuam
3144 2171 3247 2224 illis
3287 2166 3546 2224 Dominus

291 2267 446 2320 nobis
470 2281 490 2319 :
515 2265 694 2318 omnia
736 2264 872 2317 enim
907 2263 1186 2318 reddidisti
1221 2266 1369 2319 nobis
1410 2264 1544 2335 (Isa.
1567 2241 1724 2334 invr,
1756 2266 1867 2336 1'2).
1900 2241 1941 2297 Β
1971 2260 2354 2326 comminatur,
2388 2259 2535 2330 quod
2583 2260 2723 2315 sicut
2771 2262 3055 2330 grandinis
3098 2250 3254 2317 turbo
3290 2264 3544 2318 universa

295 2358 406 2412 Sed
462 2356 573 2425 jam
633 2370 1000 2426 proponamus
1057 2354 1205 2410 Isaiae
1256 2358 1583 2424 capitulum,
1640 2365 1694 2414 et
1749 2373 1869 2412 cum

292 2448 880 2520 Moyse‘ingrediamnr
913 2449 1109 2507 nubem
1155 2458 1209 2503 et
1238 2449 1550 2518 caliginem,
1584 2458 1641 2503 ut
1672 2448 1874 2504 clariﬁ—

292 2553 454 2596 cetnr
480 2541 657 2594 vultus
703 2549 907 2605 noster,
952 2548 1028 2606 et,
1058 2539 1210 2609 juxta
1256 2539 1602 2606 Hebraicmu,
1647 2550 1871 2594 cornuta

292 2636 369 2690 sit
426 2635 635 2700 facies,
692 2634 1091 2702 audiantur-que
1146 2642 1200 2687 et
1254 2633 1473 2687 rutileut
1532 2632 1764 2685 tonitrua
1822 2640 1871 2684 et

297 2727 549 2797 ftignra,
629 2741 748 2795 qua:
819 2725 968 2793 plebs
1038 2724 1194 2779 vilior
1263 2723 1446 2777 videre
1516 2739 1621 2777 non
1697 2723 1873 2791 potuit

298 2817 502 2887 (Exod.
549 2816 685 2883 nx).

367 2909 526 2979 37],
567 2906 717 2979 (Cap.
765 2905 1001 2960 ΧΧιίιι.
1028 2936 1093 2947 -—
1125 2904 1276 2958 Vers.
1335 2904 1403 2973 l.)
1460 2923 1477 2955 ι
1518 2903 1608 2957 Va:
1658 2915 1871 2955 corona!

296 3001 566 3070 superbia:
601 2998 764 3051 ebriis
795 2997 1073 3065 Ephraim,
1106 3007 1159 3050 ct
1206 2994 1322 3049 llori
1370 2995 1637 3050 decidenti
1687 2996 1872 3065 gloriae

296 3090 677 3147 exsultationis
709 3088 846 3155 ejus,
881 3090 970 3155 qui
1021 3096 1178 3141 erant
1212 3088 1265 3139 in
1301 3088 1504 3141 vertice
1550 3086 1705 3141 vallis
1756 3088 1876 3154 pini

297 3184 595 3251 gnissinw,
642 3189 887 3234 errantes
934 3195 961 3231 a
1012 3178 1156 3231 vino.
1194 3178 1328 3232 Ειτοιι
1379 3178 1584 3231 validus
1616 3186 1668 3230 et
1718 3180 1874 3231 furtis

297 3272 540 3335 Domini,
566 3271 707 3325 sicut
732 3270 962 3337 impetus
986 3267 1269 3337 grandinis
1300 3268 1458 3321 turbo
1488 3267 1872 3337 ronl‘ringcns;

297 3365 445 3417 sicut
476 3363 707 3431 impetus
746 3375 1006 3429 aquarum
1056 3359 1343 3412 multarum
1396 3358 1771 3413 inundantium
1823 3370 1877 3413 et

295 3456 620 3509 cmissarum
670 3468 833 3519 super
869 3462 1061 3505 terram
1099 3451 1419 3521 spatiosam.
1471 3451 1702 3506 Pedibus
1745 3467 1876 3506 con-

1974 2352 2293 2422 cohlringit,
2320 2363 2373 2408 ct
2404 2353 2635 2423 impetus
2674 2368 2936 2424 aquarum
2976 2354 3351 2409 inundantium
3386 2355 3546 2425 quid-

1974 2445 2102 2514 quid
2152 2446 2367 2500 obvium
2416 2446 2703 2513 invenerit,
2757 2448 2940 2517 rapit:
2970 2450 3049 2501 sic
3084 2448 3152 2501 ab
3200 2447 3544 2517 Assyrim‘ttttt

1971 2538 2259 2591 deleantur
2302 2537 2579 2603 exercitu,
2631 2546 2686 2591 et
2734 2539 2877 2606 quod
2929 2522 3193 2607 reliquum
3247 2537 3443 2601 fuerit,
3490 2538 3545 2591 in

1975 2638 2185 2684 nzontes
2232 2629 2346 2683 sive
2392 2630 2555 2685 urbes
2598 2628 2785 2683 Media:
2837 2631 3219 2683 transferatur.
3253 2629 3548 2697 Comparat

1971 2728 2151 2773 autem
2205 2719 2428 2788 gloriam
2480 2719 2669 2775 decem
2720 2721 2958 2774 tribuum
3009 2736 3221 2774 curante
3271 2720 3544 2773 vnriorum

1973 2811 2185 2874 florum,
2240 2826 2360 2880 quae
2408 2820 2611 2866 tantam
2662 2812 2914 2867 habuerit
2959 2812 3435 2881 pulchritmliuem,
3486 2818 3544 2862 ιιι

1972 2905 2247 2972 quomodo
2277 2903 2322 2956 si
2365 2903 2486 2971 quis
2518 2913 2805 2974 antequam
2843 2913 3003 2957 testas
3034 2903 3211 2956 veniat
3245 2912 3296 2955 et
3327 2911 3544 2954 autum-

1975 3010 2096 3059 nus,
2128 2996 2440 3065 πρόδρομον
2470 2995 2629 3050 licqu
2679 2996 2869 3051 videns
2919 2996 2970 3050 in
3017 2997 3235 3061 arbore,
3270 2995 3455 3050 statim
3491 3002 3550 3046 ut

1976 3105 2137 3143 manu
2183 3089 2442 3151 tenuerit,
2490 3090 2715 3144 devorat
2744 3104 2759 3143 :
2786 3088 2865 3142 sic
2900 3098 2955 3141 et
3004 3088 3188 3142 decem
3225 3087 3396 3142 tribus
3424 3101 3547 3140 cum

1975 3184 2229 3253 Assyrius
2258 3182 2472 3247 viderit,
2504 3191 2677 3235 vastet
2704 3190 2757 3234 et
2791 3184 3031 3243 devoret,
3062 3189 3116 3233 et
3158 3179 3292 3232 nihil
3325 3182 3548 3232 omnino

1975 3274 2186 3342 pristini
2243 3273 2424 3340 pepuli
2475 3274 2741 3339 relinquat
2798 3272 2849 3325 in
2902 3271 3169 3325 Samaria.
3219 3268 3331 3324 Hoc
3377 3271 3552 3325 brevi-

1975 3372 2057 3417 ter
2104 3362 2257 3430 juxta
2323 3363 2601 3416 historiam
2658 3362 2858 3415 dictum
2917 3363 3007 3416 sit.
3062 3360 3425 3415 Transeamus
3479 3361 3548 3414 ad

1970 3455 2311 3523 allegoriam.
2387 3454 2693 3507 Secundum
2754 3456 3178 3523 expositionem’
3223 3455 3360 3510 Osee
3418 3469 3547 3524 pro-

294 3546 601 3602 culcabitnr
630 3560 830 3597 corona
879 3543 1148 3612 superbire
1177 3542 1454 3597 ebriorum
1500 3542 1774 3610 Ephraim.
1810 3543 1872 3598 Et
1897 3559 1942 3623 ο
1976 3546 2168 3615 phetae,
2201 3548 2251 3598 in
2283 3561 2390 3615 quo
2429 3543 2683 3615 Ephraim
2720 3552 2774 3598 et
2819 3543 3020 3613 lescph
3051 3555 3106 3598 et
3150 3544 3445 3598 Samariam
3495 3555 3550 3598 et

296 3641 404 3692 erit
446 3638 544 3690 [ius
574 3635 830 3689 decidens
858 3634 1045 3703 gloria:
1091 3632 1469 3687 exsultationis
1502 3633 1641 3703 ejus,
1668 3633 1757 3703 qui
1790 3645 1872 3688 est

298 3744 466 3800 super
513 3728 768 3781 verticem
820 3725 973 3779 vallis
1024 3726 1336 3795 pinguium,
1387 3726 1542 3795 quasi
1596 3735 1871 3795 tempora-

300 3840 461 3878 neum
491 3831 611 3874 ante
640 3820 1002 3873 maturitatem
1037 3818 1300 3881 autumni,
1325 3821 1464 3886 quod
1494 3834 1614 3872 cum
1641 3833 1869 3888 aspexe-

302 3915 370 3968 rit
428 3915 650 3971 videns,
703 3911 881 3965 statim
938 3921 998 3965 ut
1054 3925 1216 3963 manu
1266 3910 1536 3974 tenuerit,
1593 3909 1875 3965 devorabit

301 4005 448 4058 illud.
503 4020 524 4054 ι
573 4000 715 4055 LXX
760 4019 775 4055 :
829 4020 847 4052 ι
900 4000 989 4055 Va-
1033 4016 1247 4055 coronae
1296 3999 1506 4069 injuria:
1551 3999 1870 4056 mercenarii

298 4096 556 4164 prraim
610 4111 623 4147 :
672 4094 770 4147 llos
819 4093 1018 4148 cadens
1063 4092 1130 4146 de
1181 4092 1348 4161 gloria
1399 4107 1561 4161 super
1613 4094 1870 4147 verticem

301 4189 504 4241 montis
553 4185 785 4256 pinguis,
835 4183 923 4252 qui
971 4182 1105 4236 ebrii
1155 4182 1289 4237 estis
1320 4184 1522 4252 absque
1559 4182 1703 4237 vino.
1735 4183 1874 4238 Ecce

301 4282 457 4335 tortis
497 4290 552 4332 et
596 4278 766 4332 durus
815 4273 967 4329 furor
1018 4273 1264 4339 Domini,
1313 4276 1456 4328 sicut
1503 4274 1712 4344 "grando
1758 4289 1877 4343 qu

300 4372 471 4426 l‘ertur
511 4371 567 4423 in
624 4382 881 4437 pronum,
919 4380 1027 4419 non
1079 4364 1284 4418 habens
1310 4363 1703 4428 nmbracnlnm,
1753 4379 1875 4432 qua:

298 4462 569 4516 violenter
600 4459 802 4513 decidit
850 4457 986 4511 sicut
1020 4472 1282 4526 aquarum
1336 4455 1619 4509 multitudo
1653 4457 1876 4511 trahens

300 4554 552 4614 humum,
584 4561 638 4604 ct
673 4550 878 4603 faciens
926 4548 1027 4602 sibi
1079 4548 1310 4616 spatium
1343 4562 1358 4600 :
1397 4548 1644 4599 manibus
1689 4558 1744 4600 et
1783 4561 1877 4616 pe-

300 4646 460 4699 dibus
521 4640 930 4698 conenlcabitur
992 4654 1189 4693 corona
1269 4638 1479 4709 injuria:
1554 4639 1874 4693 mercenarii

301 4735 589 4806 prraim.
636 4732 701 4786 Et
743 4733 848 4787 erit
894 4729 993 4786 ﬂos
1037 4731 1126 4800 qui
1159 4730 1358 4783 decidit
1390 4731 1454 4782 de
1480 4744 1576 4799 spe
1604 4730 1787 4799 gloriae
1820 4731 1874 4784 in

300 4826 620 4881 summitate
664 4823 865 4877 montis
900 4822 1125 4882 excelsi,
1158 4822 1299 4874 sicut
1346 4833 1668 4891 prannatnra
1716 4821 1874 4886 licus,

1978 3641 2163 3696 decem
2198 3639 2389 3704 tribus,
2419 3654 2536 3708 quae
2566 3638 2754 3692 scissae
2780 3645 2904 3691 sunt
2940 3656 2965 3689 a
2997 3651 3225 3705 corpore
3257 3638 3544 3690 duodecim

1981 3731 2248 3794 tribuum,
2277 3738 2330 3784 et
2361 3729 2615 3796 templum
2640 3727 2852 3782 Domini
2880 3728 3229 3796 reliquerunt,
3264 3727 3546 3781 retulimus

1981 3824 2048 3878 ad
2077 3822 2381 3885 luerctieos,
2402 3821 2496 3889 qui
2529 3835 2653 3873 vere
2676 3820 2828 3888 juxta
2859 3818 3209 3890 Septuaginta
3231 3819 3547 3879 editionem,

1983 3929 2179 3968 corona
2228 3912 2444 3980 injuria:
2488 3919 2635 3973 sunt,
2676 3910 2958 3964 Dominum
2996 3910 3454 3980 blasphemantes,
3493 3918 3552 3963 et

1983 4005 2163 4058 Omnia
2197 4002 2457 4057 mercedis
2500 4015 2662 4055 causa
2697 4000 2917 4066 faciunt,
2947 4011 3000 4057 et
3034 4002 3102 4056 de
3130 4002 3297 4073 gloria
3335 4002 3545 4056 Domini

1980 4095 2334 4151 conciderunt
2369 4112 2382 4148 :
2414 4110 2513 4149 nec
2541 4105 2840 4163 sequuntur
2870 4095 3185 4149 tenuitatem
3231 4110 3469 4158 marinae,
3492 4103 3550 4149 et

1984 4185 2339 4239 humilitatem
2371 4185 2833 4250 ecclesiasticam;
2867 4185 2963 4239 sed
2997 4184 3050 4238 in
3088 4193 3271 4238 monte
3306 4186 3551 4253 pinguis~

1983 4276 2124 4331 sitno
2154 4284 2441 4329 versantur
2467 4275 2606 4329 ebrii
2654 4274 2861 4344 absque
2895 4275 3040 4330 vino.
3081 4274 3366 4345 Propterea
3396 4276 3552 4333 fortis

1982 4374 2037 4419 ct
2065 4368 2232 4420 durus
2260 4365 2409 4419 [uror
2437 4366 2670 4432 Domini,
2697 4367 2790 4435 qui
2823 4381 2916 4421 eos
2943 4368 3234 4437 punitnrus
3257 4378 3362 4432 est,
3393 4384 3554 4438 grau-

1985 4458 2098 4512 ditti
2131 4458 2413 4526 praecipiti,
2441 4472 2559 4526 quae
2589 4473 2695 4510 non
2726 4458 2777 4511 in
2811 4468 2972 4523 tecta,
3003 4460 3094 4514 sed
3122 4459 3175 4514 in
3207 4461 3379 4529 capita
3411 4477 3553 4514 mor-

1985 4549 2171 4603 talium
2228 4551 2366 4612 ruit,
2416 4559 2471 4603 et
2531 4550 2714 4604 multis
2758 4550 2867 4623 [ΑΙ.
2926 4551 3243 4626 multarum]
3288 4569 3551 4623 aquarum

1984 4641 2431 4697 inundationibus
2477 4651 2847 4710 comparatur,
2883 4659 3000 4713 qua:
3030 4645 3289 4714 quidquid
3335 4648 3552 4700 obvium

1984 4736 2311 4796 invenerint.
2345 4733 2588 4787 trahunt.
2624 4732 2745 4788 llzec
2781 4750 2980 4789 corona
3012 4737 3243 4804 injuriae,
3279 4753 3554 4792 mercena-

1988 4826 2053 4879 rii
2099 4824 2440 4894 appellantur
2468 4824 2746 4891 Ephraim,
2785 4827 2877 4892 qui
2905 4826 3059 4895 juxta
3092 4827 3406 4895 Apostolnm
3442 4837 3554 4881 tur-

300 4933 463 4987 quam
499 4915 589 4983 qui
635 4916 851 4977 viderit,
901 4922 1188 4981 antequam
1236 4890 1412 4966 suniat
1464 4928 1648 4977 manu,
1694 4913 1879 4982 cupiet
1899 4890 1953 4991 ,θ
1985 4919 2067 4986 p‘s
2119 4890 2252 4969 lucri
2303 4915 2477 4983 gratia
2513 4890 2582 4969 de
2621 4914 2751 4971 llore
2780 4890 2829 4970 et
2862 4890 2958 4985 spe
2995 4933 3057 4969 ac
3104 4890 3271 4985 gloria
3310 4919 3553 4985 pristinae

302 5019 420 5056 eam
451 5004 734 5056 devorare.
774 5020 792 5052 ι
830 5001 1083 5055 Dicamus
1116 4999 1345 5069 primum
1384 5000 1536 5070 juxta
1570 5003 1875 5066 historiam,

300 5092 496 5147 deinde
537 5093 692 5163 juxta
743 5090 1122 5162 tropologiant,
1157 5100 1208 5144 et
1264 5092 1330 5145 ad
1373 5101 1676 5145 extremum
1722 5092 1875 5161 juxta

302 5186 612 5240 vaticinium
650 5185 988 5256 prophetale.
1024 5184 1285 5251 Loquitur
1318 5199 1498 5238 sermo
1533 5185 1746 5241 divinus
1782 5185 1877 5240 ad-

303 5290 517 5329 versum
557 5276 745 5329 decem
789 5274 963 5328 tribus
993 5288 1112 5342 qua:
1159 5275 1455 5340 regnabant
1500 5274 1552 5327 in
1600 5271 1870 5338 Samaria,

302 5376 356 5420 et
403 5375 617 5436 propter
660 5363 974 5428 Jeroboam,
1014 5364 1106 5435 qui
1157 5365 1226 5419 de
1263 5365 1403 5420 tribu
1456 5365 1710 5437 Ephraim
1750 5366 1873 5434 fuit,

374 5525 388 5553 '
419 5524 623 5579 Eodem
666 5540 828 5581 sensu
859 5527 1151 5597 scripserat
1193 5526 1389 5581 Euseb.
1420 5544 1436 5581 :
1467 5528 1772 5581 Αἰνίττετειι
1810 5527 1868 5581 δὲ

298 5595 360 5676 ςδ
390 5596 806 5676 σιένέδριονιτῶν
829 5595 1145 5676 φαριόᾳξωκ(
1161 5601 1256 5676 xui
1281 5599 1606 5676 ἁρχιερέῳν,
1636 5600 1729 5676 κιαι
1759 5599 1868 5651 τῶν

299 5666 504 5719 λοιπῶν
548 5666 827 5738 ἀρχόντων
868 5667 959 5721 τοῦ
1016 5668 1286 5722 Ἰουδαίων
1335 5666 1489 5733 λαοῦ,
1530 5668 1814 5740 jnngitque
1850 5684 1864 5723 :

1983 5005 2108 5061 ﬁdei
2142 5012 2494 5066 corruerunt,
2527 5013 2584 5058 et
2616 5014 2899 5059 versantur
2932 5006 2984 5059 iu
3029 5006 3304 5075 superbia,
3339 5021 3391 5064 et
3434 5012 3552 5065 ιιυι-

1981 5097 2233 5151 eissitnus
2264 5095 2418 5148 cibus
2449 5095 2643 5148 diaboli
2687 5106 2835 5160 sunt,
2869 5097 2957 5164 qui
2994 5112 3083 5150 eos
3118 5098 3360 5165 quotidie
3388 5102 3553 5155 devu-

1984 5199 2065 5240 rat
2092 5185 2141 5258 (1
2188 5185 2334 5241 Petr.
2369 5187 2441 5255 ν).
2487 5184 2793 5240 Secundum
2834 5188 3170 5255 prophetiam
3206 5190 3333 5243 illud
3361 5208 3551 5260 pussu-

1983 5293 2106 5331 mus
2133 5276 2333 5340 dicere,
2380 5277 2524 5344 quod
2571 5290 2830 5331 coronam
2866 5278 3072 5346 injuria:
3101 5283 3117 5313 ¹
3152 5294 3302 5336 vocet
3335 5284 3551 5340 Scribas

1982 5381 2037 5423 et
2092 5369 2426 5435 Pharisaios,
2482 5369 2571 5437 qui
2629 5371 2909 5423 Dominum
2969 5373 3435 5443 blasphcmabant.
3484 5378 3551 5436 Et

1989 5527 2235 5604 Ἐλεγξτο
2283 5528 2339 5581 δὲ
2368 5528 2574 5604 Ίᾳύδας
2624 5532 2652 5584 ὀ
2694 5530 2960 5603 προδνᾷτης
2994 5535 3057 5587 ἐκ
3104 5534 3277 5604 φυλῆς
3309 5535 3550 5604 Ἐφραὶμ

1977 5601 2596 5679 γεῖονέναιημισθῳτὸν
2641 5604 2804 5679 gratiis?
2952 5601 3392 5679 ἑξηγυξρασρένοὶ
3416 5601 3544 5679 (sui)

1977 5671 2256 5739 χρήμασιν
2300 5670 2392 5722 ἐπὶ
2428 5670 2488 5723 τὸ
2526 5671 2827 5741 προδοῦναι
2870 5677 2962 5729 τὸν
3004 5670 3354 5729 Διεᾶτκαῦω.
3420 5670 3549 5743 Quze
