3952 6180
391 202 493 264 327

1538 206 1599 264 S.
1646 204 1978 264 'EUSEBII
2040 207 2487 272 IllERONYMl

3542 229 3656 289 3‘28

390 314 810 384 appellabantur
841 316 1167 372 mercenarii
1202 316 1481 388 Ephraim,
1510 327 1728 388 prepter
1753 317 1971 386 Judam,
2001 338 2049 391 Α
2079 326 2261 392 populi
2308 326 2496 393 Israel,
2548 328 2649 384 hoc
2708 339 2791 387 est
2834 332 3064 391 duarum
3121 338 3380 406 tribuum,
3416 341 3566 399 δυάδι
3594 360 3655 401 et

388 407 480 475 qui
516 406 586 460 de
635 407 774 459 tribu
834 406 1088 476 prraitn
1140 421 1194 463 et
1228 412 1294 464 de
1343 411 1463 464 vico
1507 411 1745 480 ejusdem
1796 412 1968 468 tribus

386 499 654 555 lsearioth
686 499 731 563 ‘,
761 500 1045 553 Doiniuum
1076 500 1249 569 pretio
1280 498 1543 567 vendidit,
1576 500 1667 570 qui
1703 515 1828 556 vere
1867 501 1967 555 flos

388 591 702 659 apostolicae
732 591 917 661 gloria:
943 590 1138 644 cecidit
1180 605 1344 658 super
1378 604 1614 646 montem
1651 591 1812 667 373
1841 595 1962 661 pin-

388 680 727 747 guissimum,
757 680 825 731 de
849 695 958 748 quo
988 681 1186 733 dictum
1218 691 1470 749 pubmtus
1496 698 1511 733 :
1544 680 1884 734 Mauducavit
1915 691 1964 736 et

391 772 515 825 bibit
545 769 736 833 lat-ob,
767 778 815 823 et
848 779 1119 823 saturatas
1162 782 1260 836 est,
1294 783 1342 825 et
1387 772 1771 841 impiuguatus,
1804 786 1847 827 et
1885 790 1966 828 re-

387 863 685 916 calcitrat-it
735 862 961 916 dilectus
1017 862 1204 931 (Deut.
1257 879 1425 925 χχχιι,
1477 864 1590 936 13).
1641 864 1769 918 Sive
1810 865 1968 936 juxta

388 954 711 1008 Hebraicum
745 971 757 1007 :
788 970 944 1021 super
974 955 1161 1008 vallem
1213 955 1504 1024 pinguium,
1545 956 1597 1009 id
1641 967 1747 1023 est,
1779 956 1966 1011 Gesse-

387 1046 583 1097 mauim
617 1059 635 1096 :
671 1045 721 1096 iu
756 1059 864 1113 qua
912 1045 1073 1098 etiam
1120 1059 1318 1098 nomen
1365 1045 1468 1100 loci
1514 1046 1868 1114 significatur,
1908 1051 1962 1102 in

390 1152 499 1204 quo
527 1134 696 1188 Judas
726 1135 1011 1189 Dominum
1042 1135 1287 1190 tradidit.
1324 1134 1486 1190 Vallis
1514 1145 1693 1191 autem
1726 1139 1960 1208 pinguis,

385 1225 502 1279 sive
540 1226 822 1294 pinguium
871 1226 1095 1288 dicitur,
1130 1236 1348 1295 propter
1379 1228 1706 1294 ubertatem,
1733 1243 1788 1283 et
1815 1228 1964 1283 Scri-

384 1316 485 1369 has
531 1326 583 1368 et
620 1315 925 1371 Pbarisazos
955 1317 1045 1385 qui
1095 1316 1167 1370 ibi
1217 1318 1502 1372 Dominum
1536 1320 1964 1388 comprehende-

387 1418 512 1458 runt
547 1423 562 1460 :
594 1406 662 1461 de
724 1409 920 1476 quibus
967 1409 1020 1462 in
1071 1409 1284 1464 Psalmo
1330 1412 1586 1478 scriptum
1643 1421 1727 1465 est
1761 1431 1774 1465 :
1805 1412 1966 1466 Tauri

385 1497 603 1566 pingues
654 1501 964 1552 obsederunt
1017 1515 1096 1553 me
1127 1499 1301 1570 (Psal.
1337 1517 1426 1554 χχι
1450 1543 1464 1566 ,
1496 1502 1607 1573 15).
1637 1501 1761 1557 llazc
1811 1503 1964 1556 vallis

387 1589 697 1656 pinguium,
756 1589 979 1655 idest,
1018 1587 1409 1655 Gessemanim,
1466 1592 1521 1647 in
1578 1597 1682 1648 hoc
1729 1595 1963 1663 capitulo

382 1678 620 1732 seetuido
652 1679 990 1748 appellatur;
1037 1689 1088 1734 et
1140 1681 1310 1736 miror
1352 1685 1624 1751 quomodo
1665 1683 1807 1738 LXX
1838 1687 1962 1755 pri-
1995 1699 2035 1752 ιι
2064 1678 2238 1756 solum
2268 1678 2566 1775 intemplo,

383 1783 527 1820 tuum
583 1783 702 1823 eam
757 1771 994 1824 dixerint
1048 1782 1278 1825 montem
1332 1776 1611 1844 pinguem,
1665 1784 1719 1829 et
1772 1786 1958 1846 postea

377 1867 604 1911 montem
637 1861 919 1917 excelsum.
957 1862 1152 1917 Ebrius
1194 1875 1375 1918 autem
1423 1865 1523 1919 fuit
1568 1868 1811 1932 proditor
1852 1884 1958 1923 nou

375 1949 525 2011 vino,
556 1953 647 2004 sed
690 1954 918 2006 avaritia
948 1966 1004 2010 et
1045 1955 1227 2010 furore
1259 1959 1508 2026 aspidum
1558 1960 1871 2026 insanabili,
1905 1973 1961 2016 et

377 2040 581 2094 diaboli
628 2042 774 2108 cibo,
820 2045 913 2114 qui
949 2055 1072 2115 post
1109 2048 1410 2102 buccellam
1464 2051 1683 2104 intravit
1731 2052 1782 2106 in
1833 2067 1958 2107 eum

379 2130 567 2197 (Joau.
604 2133 749 2203 ιιιι),
782 2146 835 2188 et
871 2138 1086 2205 penitus
1133 2141 1423 2193 devoratus
1468 2149 1576 2204 est,
1614 2142 1739 2211 quia
1781 2144 1959 2198 oratio

379 2222 496 2289 ejus
524 2239 678 2279 versa
709 2238 793 2281 est
837 2228 888 2281 iu
940 2240 1247 2299 peccatum,
1277 2241 1332 2286 et
1377 2247 1445 2287 ne
1479 2234 1804 2303 ptenitentia
1832 2236 1961 2305 qui-

379 2316 499 2367 dem
546 2316 667 2383 ejus
715 2320 947 2375 truetum
984 2322 1179 2377 salutis
1216 2325 1426 2379 habuit.
1458 2325 1691 2382 Verbum
1737 2326 1961 2383 Hebrai-

378 2421 498 2460 cum
551 2423 817 2466 succuum:
877 2411 1174 2484 (mutor
1226 2418 1540 2489 ambiguum
1592 2432 1716 2483 est,
1773 2426 1828 2474 et.
1878 2419 1960 2473 vel

376 2499 586 2567 ebrios,
644 2502 730 2555 vel
779 2507 1129 2561 mercenaria:
1181 2518 1359 2566 sonat.
1416 2509 1568 2567 Unde
1612 2523 1667 2567 et
1716 2512 1962 2567 Issachar

375 2589 786 2660 interpretatur,
823 2606 896 2649 est
930 2614 1126 2653 merces
1152 2615 1174 2654 .'
1205 2612 1257 2655 et
1305 2618 1504 2659 sucum
1554 2604 1744 2675 (mw),
1797 2606 1961 2675 μέου-

377 2697 513 2750 opai,
561 2682 613 2736 id
643 2696 764 2750 -_est,
797 2689 1019 2742 ebrietas
1048 2705 1067 2743 :
1101 2693 1391 2761 ereterique
1437 2697 1607 2750 ebrios
1635 2712 1653 2749 :
1683 2697 1786 2752 soli
1818 2695 1959 2750 LXX

377 2777 730 2828 mercenaria:
763 2780 1178 2836 transtulerunt.

450 2861 633 2931 (Vers.
672 2866 705 2918 5
748 2868 927 2936 seqq.)
978 2887 996 2921 ι
1042 2871 1100 2923 In
1135 2873 1220 2926 die
1265 2873 1354 2927 illa
1382 2877 1487 2930 crit
1517 2877 1774 2934 Dominus
1803 2896 1959 2937 exer-

377 2953 583 3006 cituum
633 2970 830 3010 corona
859 2959 1066 3028 glorise,
1094 2971 1149 3015 et
1182 2973 1390 3018 sertum
1421 2970 1803 3026 exsultationis
1832 2974 1963 3028 resi-

375 3046 486 3100 duo
523 3047 700 3115 populi
726 3048 832 3116 sui,
857 3060 911 3103 et
951 3052 1175 3120 Spiritus
1205 3054 1396 3122 judicii
1434 3059 1641 3114 sedenti
1681 3076 1847 3132 super
1873 3064 1962 3134 ju-
1987 3033 2033 3094 (ἶ

373 3136 604 3203 dit-ium,
629 3150 682 3193 et
731 3140 990 3197 fortitudo
1032 3146 1428 3202 revertentibus
1454 3149 1521 3204 de
1560 3151 1698 3206 bello
1728 3155 1794 3207 ad
1841 3170 1964 3224 por-

376 3238 509 3283 tam.
549 3230 738 3284 Verum
786 3233 836 3286 bi
880 3249 1097 3306 quoque
1152 3254 1261 3306 pra:
1316 3240 1472 3307 vino,
1516 3245 1849 3315 nescierunt,
1908 3256 1964 3302 et

374 3334 486 3389 pra:
520 3322 782 3379 ebrietate
805 3339 1150 3393 erraverunt,
1174 3332 1431 3387 sacerdos
1466 3342 1520 3387 et
1557 3336 1817 3405 pmpbcta
1862 3355 1960 3395 ue-

373 3409 645 3478 scierunt,
673 3429 781 3483 pra:
812 3415 1073 3473 ebrietate
1107 3419 1347 3488 absorpti
1381 3435 1507 3478 sunt
1539 3440 1570 3479 a
1609 3427 1754 3492 vino,
1806 3443 1958 3485 erra-

377 3515 569 3558 verunt
616 3506 670 3559 in
706 3507 969 3565 ebrietate
1014 3526 1032 3564 :
1091 3513 1401 3569 nescierunt
1447 3517 1755 3586 videntem,
1805 3521 1959 3592 igno-

377 3609 632 3652 raverunt
666 3600 966 3669 judicium,
1002 3604 1109 3659 sive
1158 3607 1504 3662 mirabiliter.
1555 3610 1757 3666 Omnes
1806 3617 1952 3670 enim

372 3703 575 3745 mensa:
603 3694 818 3760 repletae
844 3708 973 3751 sunt
996 3699 1224 3765 vomitu,
1245 3700 1633 3773 sordibusque,
1657 3705 1729 3760 ita
1760 3719 1817 3761 ut
1842 3725 1948 3765 non

370 3794 520 3837 esset
549 3785 687 3837 ultra
716 3786 887 3842 locus.
920 3805 943 3839 ι
985 3788 1129 3843 LXX
1165 3803 1180 3843 :
1242 3810 1261 3843 ί
1286 3790 1345 3846 ln
1382 3796 1469 3848 die
1509 3795 1603 3848 illa
1640 3798 1745 3852 erit
1774 3798 1957 3855 Domi-

374 3887 477 3929 nus
515 3872 757 3930 Sabaoth
792 3894 994 3935 corona
1030 3885 1169 3951 spei,
1203 3901 1322 3954 qua:
1348 3898 1630 3956 compacta
1658 3902 1740 3945 est
1769 3896 1953 3962 gloria:

373 3965 620 4035 reliquiis
679 3958 888 4038 pepuli.
938 3972 1337 4045 Relinqucntur
1398 3980 1451 4033 in
1513 3983 1707 4050 spiritu
1762 3958 1951 4053 judicii

371 4070 536 4127 Super
563 4060 855 4129 judicium.
891 4073 946 4120 et
983 4066 1360 4124 fortitudinem
1399 4082 1589 4129 vetans
1620 4076 1947 4136 interficere.

370 4144 466 4200 Isti
513 4150 658 4202 enim
694 4152 820 4206 vino
849 4152 1060 4224 decepti
1093 4166 1262 4211 sunt:
1305 4173 1495 4214 errant
1537 4173 1760 4234 propter
1802 4170 1945 4224 sice-

372 4251 530 4305 ram;
589 4242 847 4297 sacerdos
912 4256 968 4300 et
1039 4252 1299 4318 propheta
1368 4253 1690 4310 exciderunt
1764 4269 1945 4316 mente

373 4339 599 4399 propter
644 4335 916 4405 siceram;
978 4342 1217 4411 absorpti
1278 4354 1404 4398 sunt
1463 4361 1681 4418 propter
1732 4354 1941 4424 vinum,
1979 4382 2023 4436 υ
2052 4335 2406 4438 pen-cuum;

373 4430 402 4438 __
445 4417 689 4438 “mw”,
741 4431 753 4438 _
815 4425 826 4438 .
1161 4431 1171 4438 .
1344 4434 1359 4438 -

372 4417 781 4488 Vacillaverunt,
815 4425 916 4481 hoc
961 4437 1064 4492 est,
1104 4431 1296 4503 φάσμα
1342 4434 1453 4508 [ΑΙ.
1489 4441 1725 4514 fasma];
1777 4417 1946 4500 male;

370 4507 539 4563 dictio
590 4516 840 4570 comedet
899 4518 1002 4573 hoe
1057 4507 1390 4594 consilium,
1477 4532 1746 4601 siquidem
1800 4538 1943 4592 istud

368 4603 654 4658 consilium
686 4619 905 4678 propter
924 4615 1202 4671 avaritiam
1234 4630 1339 4675 est.
1372 4640 1392 4675 ι
1435 4622 1728 4695 Postquam
1768 4634 1945 4686 omnis

370 4705 514 4747 terra
565 4694 864 4767 Satnariae,
918 4707 970 4758 id
1021 4717 1123 4773 est,
1175 4715 1363 4767 decem
1429 4718 1665 4773 tribuum
1722 4723 1946 4793 Assyrio

366 4781 534 4838 fuerit
612 4788 908 4847 inuudaute
967 4796 1168 4865 deleta,
1225 4813 1280 4856 et
1331 4808 1649 4864 conculcata
1713 4814 1941 4880 pedibus

367 4890 570 4933 corona
619 4885 888 4952 superbiae
919 4890 1194 4945 ebriorum
1245 4894 1409 4967 374
1467 4898 1744 4967 Ephraim,
1786 4915 1841 4958 et
1892 4922 1943 4961 tu

367 4973 584 5027 modum
623 4977 755 5031 licus
812 4991 1172 5049 temper-aucte
1222 5000 1473 5044 devorata
1503 5032 1518 5057 ,
1576 5008 1701 5050 tunc
1735 5001 1941 5054 residui

366 5178 972 5301 eum‘subquuentibus
1007 5187 1074 5243 de
1106 5189 1457 5252 Gethsemani
1494 5197 1851 5273 Hieronymus
1886 5208 1940 5261 in

366 5257 460 5297 sua
530 5261 654 5300 rans
680 5264 781 5301 ert.

364 5257 460 5297 sua
503 5257 781 5305 transtert.

440 5314 455 5390 ξ
492 5314 665 5390 _V_at_ie,
699 5320 933 5386 ejusdem
968 5330 1136 5386 tribus
1171 5331 1414 5390 Curiatii.

431 5385 756 5481 '"Ditl'erp-u:
785 5408 910 5449 vero
940 5415 1058 5451 eum
1092 5419 1143 5481 in
1508 5409 1726 5481 litteris,
1765 5424 1943 5477 H1327

358 5451 510 5543 ebrii,
543 5474 570 5508 a
600 5465 757 5544 1‘le
779 5501 794 5526 ,
828 5473 1170 5538 mercenarii,
1204 5487 1311 5530 tum
1340 5479 1452 5546 ipsa
1484 5496 1671 5538 vocum
1700 5451 1943 5556 prolixi:

364 5546 606 5626 tiatiope.
640 5554 807 5606 l’orro
845 5553 1014 5613 Vatic.
1046 5561 1304 5622 Seccliore
1325 5571 1515 5626 habet.

442 5618 462 5648 ⁸
492 5618 842 5680 υοιπωυτυιιι
873 5629 973 5685 hoc
1003 5646 1123 5687 esse
1154 5618 1615 5701 idiotas—testatur
1638 5645 1695 5702 S.
1725 5662 1942 5720 quoque

2067 410 2372 482 Benjamin,
2411 417 2527 487 ipse
2578 421 2839 478 Dominus
2870 428 2975 481 erit
3023 443 3223 485 corona
3259 434 3531 501 victorias;
3589 451 3653 494 et

2068 504 2294 572 spiritus
2353 507 2551 577 judicii
2613 514 2824 570 sedenti
2904 534 3074 590 super
3139 524 3428 593 judicium,
3496 531 3646 585 haud

2067 596 2290 651 dubium
2345 603 2474 668 qu'n
2521 602 2769 662 Ezechiae
2833 612 2945 680 regi
2999 612 3192 682 Judaz;
3255 627 3313 672 et.
3380 618 3650 679 fortitudo

2068 702 2276 756 eorum,
2335 694 2427 761 qui
2478 694 2674 753 cuncta
2730 703 2951 772 regione
2999 709 3274 777 populata,
3330 713 3394 766 de
3445 715 3644 783 praelia

2068 792 2428 850 revertentes,
2494 803 2553 842 se
2614 791 2747 846 urbe
2800 794 3137 854 clauserunt.
3202 800 3358 867 Quod
3418 805 3472 859 in
3536 807 3649 862 hoc

2067 872 2259 926 eodem
2319 878 2583 945 propheta
2644 880 2834 937 lecturi
2890 902 3079 944 sumus
3141 890 3322 961 (Infra
3385 898 3646 965 xxxv"),

2066 967 2284 1032 quando
2324 980 2541 1023 centum
2581 976 2855 1044 octoginta
2888 979 3129 1047 quinque
3183 985 3353 1038 millia
3400 998 3651 1043 armato-

2068 1071 2187 1110 rum
2223 1059 2292 1115 de
2336 1060 2687 1133 Assyriorum
2743 1072 3018 1125 excercitu
3079 1075 3272 1141 angelo
3308 1079 3649 1145 percutientc

2067 1149 2237 1203 deleta
2281 1164 2427 1206 sunt.
2482 1155 2681 1212 Verum
2741 1160 2794 1214 hi
2836 1177 3074 1231 quoque.
3125 1167 3175 1219 id
3220 1178 3325 1233 est,
3374 1168 3538 1225 Judas
3583 1183 3648 1226 et

2065 1239 2372 1313 Denjamin,
2421 1246 2673 1303 incbriati
2708 1264 2838 1307 sunt
2880 1257 3009 1311 vino
3050 1258 3388 1323 idololatrim,
3421 1274 3473 1316 et
3498 1278 3641 1318 con-

2067 1341 2267 1402 tempta
2301 1338 2559 1407 religione
2588 1344 2796 1412 templi,
2831 1345 3133 1405 daemonum
3162 1350 3451 1408 sitnulacra
3476 1371 3646 1411 vene-

2065 1425 2193 1492 rati,
2235 1436 2289 1481 et
2329 1434 2643 1487 nescierunt
2674 1434 2943 1492 videntem
2978 1440 3285 1508 Dominum,
3315 1446 3407 1513 qui
3438 1461 3641 1503 cuneta

2063 1520 2399 1575 considerat.
2429 1524 2633 1581 Umnes
2672 1530 2818 1581 enim
2845 1545 3045 1586 mensa:
3063 1547 3273 1600 eorum,
3307 1546 3362 1591 et
3388 1539 3647 1596 universa

2065 1610 2213 1680 regio
2274 1613 2490 1683 repletae
2544 1628 2673 1671 sunt
2740 1622 2938 1675 vomitu
2985 1625 3475 1697 sordibuSque,ut
3530 1650 3646 1689 non

2594 1709 2687 1763 sed
2716 1709 2770 1763 iu
2806 1714 3007 1768 vertice
3035 1720 3322 1783 montium,
3354 1733 3408 1775 et
3441 1738 3644 1776 neuio-

2063 1795 2208 1849 rosis
2230 1794 2367 1850 locis
2406 1798 2730 1856 idololatria:
2753 1804 3025 1870 sordibus
3053 1820 3249 1863 cuneta
3282 1813 3641 1881 complerent,

2058 1895 2118 1938 et
2150 1885 2410 1944 Dominus
2451 1890 2507 1945 in
2537 1893 2616 1947 eis
2644 1909 2751 1947 non
2790 1895 3018 1952 haberet
3052 1900 3399 1958 habitationis
3432 1906 3637 1962 locum.

2062 1976 2174 2033 [loc
2194 1979 2351 2049 juxta
2406 1982 2644 2039 litteram
2680 1987 2884 2043 dictum
2913 1991 3006 2046 sit.
3046 1989 3218 2049 Porro
3257 1995 3414 2065 juxta
3449 2009 3640 2070 tropo-

2062 2070 2283 2139 logiam,
2367 2073 2602 2143 priorem
2677 2092 2969 2149 sequantur
3029 2083 3465 2156 intelligentiam,
3535 2104 3640 2145 nec

2063 2161 2296 2220 intactos
2350 2165 2488 2220 LXX
2558 2170 2883 2241 interpretes
2920 2174 3308 2246 relinquamus.
3354 2180 3640 2239 [lteri-licia

2060 2257 2204 2309 enim
2238 2272 2335 2314 ore
2377 2260 2573 2316 diaboli
2611 2267 2904 2332 devoratis,
2959 2270 3046 2335 qui
3099 2282 3336 2325 montem
3371 2276 3643 2342 superbia:

2062 2347 2473 2418 pinguissimum
2503 2356 2967 2424 conscenderunt,
2997 2359 3257 2418 Dominus
3296 2366 3399 2419 erit
3430 2382 3638 2422 corona

2061 2439 2264 2511 gloriae,
2305 2443 2388 2498 his
2423 2446 2533 2513 qui
2577 2447 2630 2501 iu
2684 2448 2932 2505 Ecclesia
2994 2465 3424 2524 commorantur,
3480 2469 3536 2513 et
3564 2465 3634 2515 ad

2063 2532 2470 2590 multitudinem
2536 2539 2896 2606 plurimorum
2953 2548 3251 2601 errantium
3311 2555 3637 2619 comparati,

2062 2626 2213 2695 parvi
2260 2640 2388 2683 sunt
2431 2646 2679 2687 numero.
2733 2633 2852 2688 Erit
2877 2646 3056 2689 autem
3092 2638 3147 2691 in
3201 2640 3394 2707 spiritu
3440 2642 3635 2711 judieii

2063 2735 2228 2788 super
2268 2722 2533 2792 judicium
2595 2743 2611 2781 :
2678 2730 2806 2797 quia
2860 2729 3062 2786 lavabit
3124 2732 3387 2791 Dominus
3437 2739 3634 2794 sordes

2063 2811 2298 2868 ﬁliorum
2356 2826 2410 2871 et
2458 2818 2688 2874 tiliarum
2727 2819 2857 2877 Sion
2907 2826 3101 2894 spiritu
3142 2827 3351 2897 judieii.
3414 2831 3470 2885 Si
3507 2833 3635 2903 quis

2062 2912 2241 2954 autem
2307 2908 2626 2975 sanguinem
2682 2911 2973 2980 habuerit,
3031 2932 3375 2989 nequaquam
3432 2925 3633 2993 spiritu

2062 2992 2273 3062 judieii,
2306 2998 2402 3052 sed
2438 3001 2834 3059 combustionis
2876 3007 3001 3076 igne
3030 3012 3370 3080 purgabitur,
3414 2992 3634 3085 eritque

2067 3087 2263 3155 populo
2331 3089 2624 3159 fortitudo,
2683 3107 2742 3151 et
2795 3101 3107 3167 prohibebit
3167 3121 3289 3160 eum
3350 3106 3455 3179 [ΑΙ.
3507 3123 3630 3189 eos]

2065 3175 2299 3232 interfici
2330 3181 2396 3234 ab
2433 3181 2519 3238 bis
2549 3185 2642 3252 qui
2689 3187 2815 3242 vino
2861 3191 3159 3248 draconum
3194 3175 3442 3254 inebriati
3474 3175 3633 3269 sunt:

2062 3274 2115 3320 et
2139 3279 2463 3325 erraverunt
2489 3286 2709 3344 propter
2737 3279 2990 3335 siceram.
3035 3283 3189 3353 Saepe
3232 3288 3469 3346 diximus
3504 3307 3629 3351 esse

2062 3359 2263 3425 riuum,
2302 3365 2444 3432 quod
2475 3367 2542 3421 de
2585 3370 2756 3425 vineis
2790 3373 2885 3439 tit;
2935 3378 3157 3431 siceram
3206 3395 3385 3436 autem
3412 3400 3630 3442 onmem

2062 3450 2354 3519 potionem,
2390 3471 2512 3526 quas
2542 3457 2809 3517 inebriare
2839 3476 3018 3535 potest
3044 3469 3087 3535 ³,
3116 3479 3171 3526 et
3202 3481 3398 3527 statqu
3432 3479 3633 3536 mentis

2060 3552 2327 3608 evertere,
2347 3563 2509 3617 quam
2540 3555 2756 3621 proprie
2789 3558 2983 3635 Aquila
3002 3562 3303 3618 ebrietatem
3327 3571 3620 3637 transtulit,

2057 3633 2170 3689 sive
2203 3635 2292 3689 illa
2324 3637 2622 3709 frumento,
2658 3647 2772 3700 sive
2826 3632 3057 3716 hurdco,
3097 3654 3213 3708 sive
3246 3656 3413 3724 milio,
3443 3675 3631 3727 pomo-

2060 3742 2289 3797 rumque
2327 3746 2514 3800 succo,
2546 3743 2601 3790 et
2633 3738 2935 3805 palmarum
2971 3741 3175 3812 fructu,
3216 3750 3401 3805 etalio
3455 3752 3631 3820 quoli-

2057 3820 2145 3874 bet
2170 3836 2364 3888 genere
2384 3825 2723 3886 contieiatur.
2748 3830 2917 3901 Igitur
2941 3838 3251 3892 sacerdotes
3277 3851 3329 3894 et
3352 3845 3632 3913 pmphcta:

2057 3905 2430 3965 lia-retieorum
2462 3916 2780 3972 exciderunt
2831 3932 3012 3978 mente
3044 3941 3266 3997 propzer
3295 3931 3548 4000 siceram,
3576 3946 3632 3991 et

2056 4001 2293 4069 absorpti
2327 4014 2698 4077 suntpmpter
2728 4013 2940 4079 viuum,
2973 4018 3164 4087 quales
3195 4019 3417 4077 fuerunt
3441 4026 3626 4083 Prisca

2054 4097 2108 4142 et
2139 4090 2433 4148 Maximilla
2470 4114 2766 4170 earumque
2795 4109 3047 4178 princeps
3091 4110 3253 4181 375
3318 4113 3628 4183 Montanus,

2052 4193 2105 4237 et
2154 4186 2284 4254 quid
2340 4188 2610 4261 dicerent,
2674 4200 3013 4256 nesciebant.
3072 4201 3210 4259 Viuo
3265 4207 3626 4277 iuebriantur,

2052 4281 2272 4344 quando
2314 4281 2630 4355 Seripturas
2661 4301 2880 4347 sanctas
2912 4294 3049 4350 male
3084 4297 3415 4369 intelbguut,
3466 4316 3629 4371 atque

2392 4390 2409 4442 ;
2467 4378 2662 4445 sicera,
2730 4383 2951 4451 quando
3017 4389 3265 4443 smeulari
3328 4392 3627 4447 abutuntur

2051 4463 2319 4531 sapientia
2383 4479 2437 4521 et
2493 4472 2900 4530 dialecticorum
2956 4480 3268 4547 tendiculis,
3341 4500 3463 4553 qua:
3519 4503 3627 4542 non

2053 4562 2162 4607 tam
2194 4558 2405 4613 vincula
2442 4574 2567 4618 sunt
2605 4568 2949 4636 appellanda,
2983 4587 3149 4641 quant
3181 4578 3464 4645 phasmata
3506 4578 3622 4653 [ιιι.

2050 4646 2478 4725 phantasmata],
2507 4655 2559 4709 id
2602 4670 2705 4725 εει,
2740 4661 2944 4717 umbrae
2982 4669 3230 4733 qmcdam
3254 4680 3310 4723 et
3336 4670 3625 4740 imagines,

2050 4754 2168 4807 quae
2230 4743 2338 4796 tito
2404 4756 2632 4814 pereunt
2687 4753 2851 4820 atque
2895 4756 3203 4812 solvuntur.
3256 4759 3417 4816 Istius
3470 4767 3620 4819 modi

2047 4830 2332 4886 consilium
2407 4839 2718 4893 maledictio
2796 4845 3111 4912 possidebit,
3188 4849 3279 4918 qui
3358 4867 3625 4921 quiestqu

2049 4934 2239 4989 putant
2265 4941 2384 4980 esse
2416 4928 2697 4996 pietatem,
2722 4943 2774 4987 et
2800 4947 2993 4991 cuncta
3024 4938 3227 4995 faciunt
3250 4957 3471 5013 propter
3497 4962 3625 5001 avao

2050 5013 2251 5066 ritiam.
2280 5016 2355 5071 De
2387 5019 2488 5074 hoc
2520 5022 2799 5091 phasmate
2832 5038 2889 5081 et
2920 5032 3215 5101 Apostolus
3247 5036 3578 5103 loquebatur
3605 5057 3622 5098 ς

2045 5212 2391 5296 Ambrosius,
2419 5216 2675 5296 .tleilelia
2701 5234 2756 5280 et
2786 5224 2968 5293 Jejuu.
2994 5244 3112 5296 cap.
3149 5232 3217 5288 15
3255 5250 3270 5291 :
3310 5234 3374 5290 Ut
3413 5254 3620 5294 omnem

2044 5292 2247 5378 putum,
2280 5288 2391 5378 qui;
2413 5288 2665 5355 inebriat,
2690 5288 2881 5378 cicera:
2922 5288 3337 5378 nominerocent
3360 5288 3391 5361 7:
3418 5288 3617 5378 plus":

2044 5360 2204 5441 223:7...
2248 5358 2392 5437 quod
2445 5370 2630 5441 potum
2688 5365 3048 5441 inebriantem
3104 5358 3394 5441 significat.
3422 5358 3616 5435 rE'thj

2046 5421 2296 5508 Dastlius,
2340 5428 2392 5480 in
2418 5421 2636 5516 lisaia‘m
2667 5450 2788 5516 cap.
2824 5452 2854 5489 v
2893 5453 2909 5493 :
2943 5421 3336 5516 ‘Zipr;_T&p
3400 5452 3509 5501 πᾶν
3559 5455 3622 5502 τὸ

2043 5492 2344 5586 ὃυέεἱμενον
2365 5498 2540 5586 piam:
2562 5492 2865 5586 ἐητξοιῆοαι
2887 5492 3034 5586 tropa
3053 5492 3168 5575 τόἰς
3198 5492 3474 5586 ’έῆξαίοις
3499 5520 3619 5573 ὀνο-

2050 5562 2244 5657 μᾰξζειν
2308 5562 2574 5653 σόνῆθέςχ
2598 5562 3108 5657 ’βὶςειῖαηιμὲᾲνωῖ
3150 5562 3620 5657 ioiéiiilﬂpéuﬁe

2042 5644 2222 5699 potum
2255 5652 2458 5693 onmem
2481 5643 2574 5709 qui
2607 5643 3187 5707 inducet'e'ebrietatem
3215 5643 3402 5721 pateat.

3949 501 3952 623 ι

3950 654 3952 813 l
