3952 6180
430 292 523 353 331
1596 300 1657 359 S.
1699 297 2006 358 EUS’EBH
2058 295 2507 355 IIIERONYMI

1772 414 2007 469 sentiant
2037 415 2085 474 Α
2116 411 2417 465 bationem;
2447 410 2689 479 probatio
2724 428 2906 480 spem;
2968 429 3083 483 spes
3118 404 3418 467 autemnon
3459 415 3700 483 confun-

424 415 687 477 minitari,
740 431 859 485 qtne
904 430 1180 485 nunquam
1238 416 1484 471 tacturus
1541 416 1643 470 sim
1696 432 1709 474 :

422 512 584 562 rebus
631 510 858 578 expleri,
918 518 975 564 ut
1010 510 1210 565 vadant
1265 510 1317 564 in
1367 508 1671 574 interitum,
1718 518 1771 562 et
1803 508 1998 564 cadant

423 612 720 655 retrorsum
741 601 1071 669 ὀπιτθοτόνῳ
1101 603 1116 633 ¹
1140 601 1463 667 insanabili;
1523 616 1904 670 nunquamque
1930 598 1997 654 ad

425 697 603 761 priora
635 691 939 761 proﬁt-iant,
963 706 1060 747 nec
1087 692 1294 762 possint
1318 707 1443 748 eum
1478 690 1740 761 Apustolo
1767 692 1993 754 dicere;

426 784 828 838 Prtereritorum
867 784 1031 847 obliti,
1078 784 1149 837 ad
1178 801 1238 838 ea
1270 799 1388 854 qua:
1433 784 1616 852 priora
1658 789 1779 836 sunt
1813 791 1991 835 exten-

423 879 598 930 dimur
652 876 903 945 (Philipp.
956 892 1037 942 nt,
1077 876 1201 947 t5);
1263 876 1357 932 sed
1391 884 1747 931 conterantur
1788 883 1845 929 et
1876 875 1996 928 illa-

427 980 733 1039 queentur,
783 980 836 1025 et
894 969 979 1025 vel
1045 985 1073 1022 a
1123 969 1464 1039 Babylonio,
1525 968 1611 1025 vel
1658 984 1687 1022 a
1750 968 1996 1022 Romano

424 1048 710 1130 capiantur
765 1064 1028 1118 exercitu.
1081 1061 1187 1116 Pro
1236 1077 1299 1116 eo
1354 1063 1500 1131 quod
1556 1075 1657 1116 nos
1714 1061 1993 1118 diximus:

422 1152 638 1219 Munda,
718 1153 1007 1217 remanda;
1074 1154 1289 1217 manda,
1355 1152 1607 1205 remanda
1663 1167 1681 1205 :
1731 1162 1994 1220 exspecta,

423 1231 756 1314 re‘exspccta;
785 1254 1025 1314 exspecta
1047 1283 1062 1308 ,
1096 1254 1393 1313 reexspecta
1420 1261 1434 1308 ;
1469 1244 1730 1297 modicum
1755 1244 1850 1310 ibi,
1886 1261 1996 1296 mo-

422 1340 598 1391 dicunt
635 1340 729 1400 ibi.
763 1339 814 1390 in
857 1336 1081 1392 Hebraeo
1109 1338 1186 1392 sic
1221 1340 1481 1407 scriptum
1507 1348 1588 1392 est
1624 1356 1638 1391 :
1680 1352 1775 1392 δΔιι
1805 1351 1994 1400 ιΑεΑυ,

422 1429 588 1498 373
615 1444 711 1482 stu
743 1443 940 1492 LASAU;
988 1443 1089 1482 cui
1115 1441 1308 1490 LACAU,
1348 1442 1444 1481 cau
1486 1442 1650 1480 manu
1680 1442 1694 1480 :
1739 1441 1840 1480 ηπ
1870 1441 1996 1489 snt,

428 1537 526 1573 zsn
555 1536 650 1574 sui
681 1523 735 1587 ²;
798 1520 988 1588 hisque
1018 1518 1194 1571 verbis
1226 1518 1374 1572 abuti
1404 1517 1537 1572 solet
1564 1516 1995 1572 intmundissitua

432 1612 654 1665 tia-rosis
678 1611 817 1680 apud
850 1610 1127 1679 simplices
1153 1624 1399 1679 quosque
1424 1618 1587 1678 atque
1625 1609 1907 1679 deceptos,
1939 1617 1998 1662 ut

427 1716 688 1756 terrorem
733 1702 894 1756 faciat
921 1700 941 1732 ³
974 1701 1213 1755 novitate
1244 1713 1583 1764 sermonum,
1615 1701 1756 1769 quod
1784 1700 1995 1755 scilicet

426 1796 515 1862 qni
552 1795 663 1846 lucc
693 1793 854 1848 verba
899 1792 1235 1862 cognoverit,
1290 1802 1343 1847 et
1384 1793 1436 1846 itt
1470 1793 1614 1847 coitu
1644 1807 1833 1847 eorum
1885 1789 1997 1863 [Αι.
2028 1777 2073 1835 Β

427 1888 643 1956 borum]
670 1885 996 1948 meminerit,
1022 1886 1228 1953 absque
1262 1884 1365 1937 ulla
1391 1883 1727 1938 dubitatione
1760 1890 2000 1937 transeat

425 1980 489 2027 ad
526 1992 686 2045 regna
722 1975 1006 2030 cmlorum.
1044 1973 1297 2041 Legimus
1335 1976 1387 2027 iu
1423 1974 1680 2044 Apostolo
1714 1990 1729 2030 :
1774 1972 1842 2026 In
1874 1974 1997 2027 aliis

428 2070 639 2137 linguis,
668 2079 714 2121 et
749 2068 804 2121 in
849 2067 1005 2120 labiis
1035 2066 1158 2119 aliis
1189 2066 1375 2135 loquar
1406 2066 1603 2135 populo
1635 2066 1779 2133 ltuic,
1822 2076 1870 2120 et
1906 2081 1997 2119 nec

425 2162 498 2213 sic
529 2161 810 2213 cxaudient
839 2175 939 2221 me,
972 2160 1099 2211 dicit
1155 2159 1410 2211 Dominus
1451 2158 1498 2227 (1
1555 2157 1680 2213 Cor.
1719 2174 1829 2223 xw,
1880 2158 1994 2226 21).

426 2255 576 2320 Quod
628 2254 758 2307 mihi
803 2254 1017 2307 videtur
1054 2252 1207 2320 juxta
1253 2252 1583 2307 liebraicum
1639 2253 1706 2307 de
1742 2254 1994 2323 pra‘senti

428 2358 699 2414 sumptum
735 2344 1014 2416 capitulo;
1070 2354 1122 2400 et
1159 2344 1264 2399 hoc
1294 2346 1345 2399 in
1378 2345 1544 2401 veteri
1580 2344 1995 2419 observavimus

426 2435 777 2491 Testamento
845 2436 1074 2507 (absque
1129 2436 1318 2504 paucis
1374 2434 1720 2502 testimoniis,
1795 2437 1996 2505 quibus

426 2530 600 2585 LllCitS
636 2530 782 2583 solus
816 2528 1057 2583 abutitur
1088 2528 1179 2597 qui
1236 2522 1411 2596 magis
1438 2525 1639 2582 Graecae
1669 2527 1869 2596 linguae
1899 2528 1998 2581 ha-

426 2622 537 2674 buit
579 2617 905 2691 scientiam),
958 2618 1267 2687 ubicunque
1323 2619 1390 2672 de
1432 2620 1598 2672 veteri
1633 2618 1996 2672 instmmento

424 2714 551 2779 qttid
586 2713 805 2775 dicitur,
852 2725 960 2765 non
992 2725 1085 2764 eos
1112 2709 1267 2779 juxta
1318 2709 1691 2779 Septuaginta,
1728 2710 1821 2764 sed
1844 2711 1995 2781 juxta

425 2803 749 2857 liebraicutn
783 2815 1003 2870 ponere,
1036 2799 1237 2853 nullius
1266 2809 1561 2869 sequentes
1591 2800 1997 2870 interpretatio-

426 2915 567 2961 nem,
625 2896 719 2951 sed
779 2910 997 2950 sensum
1047 2894 1372 2949 llebtaicunt
1428 2911 1550 2949 cum
1592 2910 1691 2951 suo
1747 2910 1997 2950 sentinae

425 2997 718 3048 vertentes,
751 2983 1131 3055 Symmachus,
1173 2984 1476 3037 Theodotio
1520 2993 1574 3037 et
1614 2980 1756 3035 LXX
1796 2985 1861 3037 de
1894 2982 1997 3036 huc

360 3125 371 3138 .
428 3088 544 3135 loco
604 3080 817 3133 diversa
881 3086 1193 3144 senserunt,
1257 3090 1313 3131 et
1349 3077 1473 3146 quia
1526 3076 1744 3146 longum
1792 3087 1870 3130 est
1925 3077 1994 3131 de

425 3169 676 3227 omnibus
708 3170 908 3234 dicere,
940 3166 1083 3221 LXX
1121 3168 1472 3236 lnterpretes,
1506 3167 1596 3237 qui
1648 3167 1903 3237 leguntur
1941 3167 1993 3220 itt

427 3263 707 3325 I'chlesiis,
761 3262 997 3317 breviter
1029 3272 1490 3316 transcurrantus.
1542 3258 1767 3329 Rejecto
1797 3260 1995 3329 populo

421 3356 753 3417 lida-orum,
774 3355 1148 3410 sacerdotibus
1175 3366 1227 3408 et
1261 3353 1562 3423 prophetis,
1594 3355 1683 3423 qui
1742 3354 1994 3409 incbriati

425 3459 549 3504 sunt
599 3448 793 3514 sicera,
840 3454 895 3501 et
936 3456 1259 3501 erraverunt
1293 3454 1348 3499 et
1390 3446 1701 3501 maledictio
1758 3449 1995 3501 comedit

426 3540 706 3594 consilium
736 3554 941 3605 eorum,
972 3537 1113 3607 quod
1149 3539 1390 3592 inierunt
1423 3548 1646 3607 propter
1680 3538 1989 3602 avaritiam,

424 3635 509 3688 cui
547 3633 990 3687 annuntiabimus
1035 3631 1248 3685 futuras
1295 3645 1391 3699 pro
1420 3629 1646 3685 Christo
1684 3630 1993 3684 tribulatio-

425 3744 520 3781 nes
538 3726 665 3781 Τειιὶ
688 3724 827 3779 mala
853 3738 951 3794 pro
974 3724 1171 3793 quibus
1202 3734 1426 3793 paratur
1456 3736 1654 3776 corona
1688 3721 1996 3776 virtutum!

425 3818 625 3891 Utique
670 3820 753 3874 bis
788 3818 878 3888 qui
913 3817 1168 3873 ablactati
1219 3827 1345 3870 sunt
1390 3830 1419 3871 a
1468 3816 1628 3879 laete,
1673 3816 1765 3886 qui
1820 3816 1992 3871 avulsi

420 3925 546 3967 sttnt
578 3913 643 3965 ab
674 3913 862 3975 ubere,
901 3910 1043 3964 haud
1079 3910 1299 3964 dubium
1326 3912 1453 3978 quin
1480 3910 1757 3978 apostolos
1790 3909 1994 3977 signiti-

420 4018 547 4059 cet:
596 4001 1016 4057 Tribulatiouem
1061 4018 1218 4070 super
1272 4000 1669 4056 tribulationem
1727 4009 1989 4069 exspecta.

422 4098 689 4165 Loquitur
719 4104 899 4150 autem
938 4094 1006 4149 ad
1040 4094 1271 4149 clturum
1316 4094 1687 4162 apostolorum
1718 4092 1994 4171 omnium-

420 4168 524 4259 que
555 4190 887 4243 credentium
921 4188 961 4251 ⁸,
1015 4198 1070 4242 ιιι
1104 4203 1207 4243 non
1239 4188 1305 4239 ad
1336 4203 1520 4245 unam.
1555 4184 1649 4238 sed
1699 4185 1763 4237 ad
1798 4184 1995 4238 multas

421 4296 479 4337 se
529 4292 679 4349 paret
733 4280 1133 4342 tribulationes,
1193 4287 1252 4332 ut
1309 4293 1431 4331 cum
1490 4276 1780 4331 tribulatus
1827 4275 1994 4330 fuerit

422 4383 585 4442 atque
631 4373 943 4442 depressus,
997 4387 1213 4425 rursum
1261 4380 1467 4439 Speret,
1521 4380 1570 4424 et
1625 4386 1775 4439 spem
1830 4385 1996 4440 super

422 4482 569 4534 spem
604 4464 815 4518 habeat.
880 4463 1033 4529 Quod
1073 4464 1117 4516 si
1172 4462 1449 4532 panlttltnn
1504 4462 1838 4516 tardaverint
1875 4479 1995 4531 qua:

422 4561 686 4630 promissa
716 4568 865 4623 sunt,
895 4574 1000 4612 ttutt
1029 4559 1098 4613 sit
1126 4559 1439 4612 incredulus
1474 4575 1487 4612 :
1532 4557 1801 4611 Modicum
1838 4558 1988 4611 enim

421 4653 815 4722 parvulttutqne
854 4661 909 4705 et
951 4651 1171 4705 venient
1206 4665 1325 4717 qua:
1362 4651 1627 4718 promissa
1667 4659 1815 4703 sunt.
1892 4648 1985 4701 Et-

418 4748 552 4800 enim
578 4745 852 4799 tribulatio
886 4744 1200 4812 patientiam
1233 4756 1526 4811 operatur;
1576 4743 1836 4810 patientia
1865 4760 1991 4810 pto-

489 4903 666 5030 ‘Vzide
722 4904 891 4973 epist.
962 4901 1093 4963 147,
1153 4902 1218 4953 ad
1283 4873 1605 4958 Sabinum:
1672 4918 1819 4953 ttttttt.
1890 4901 1990 4960 lt),

494 4991 529 5029 ι.
563 4984 579 5005 ⁸
605 5014 617 5027 .
960 5007 967 5013 ο

421 4991 529 5031 not.
563 4984 617 5030 2.

488 5070 509 5098 '
532 5068 653 5135 Ipsa
682 5065 908 5119 lleltra'a
943 5064 1107 5118 verba
1145 5062 1299 5135 aliert
1322 5072 1385 5135 et
1415 5062 1807 5135 interpretatur
1862 5060 1990 5126 Epi-

962 4901 1093 4963 lii,

418 5132 670 5205 phanius.
713 5136 904 5191 haeres.
940 5134 1030 5198 23,
1082 5150 1200 5201 (tum
1234 5133 1500 5185 Hebratce
1533 5149 1611 5184 sic
1646 5132 1849 5185 habent
1890 5140 1990 5193 πνεῖ
2020 5146 2024 5151 ‘

415 5239 474 5288 ut
503 5235 600 5286 ait:
630 5235 852 5290 ‘1')ti
880 5237 984 5291 1‘11
1022 5210 1116 5304 ἰρὸ
1144 5234 1207 5312 ἰρ
1240 5209 1334 5311 πρὸ
1356 5233 1417 5308 ip
1442 5205 1536 5282 135
1565 5232 1646 5282 ut-
1688 5220 1859 5277 Porro
1900 5223 1992 5279 Νι-

416 5320 735 5375 culailat‘ttttl
773 5318 989 5372 ha'rcsis
1018 5321 1099 5371 bis
1122 5320 1267 5371 abuti
1303 5317 1484 5370 verbis
1509 5328 1817 5378 consuerat,
1854 5331 1992 5383 quos

419 5391 580 5444 tradit
613 5389 927 5455 postipsum
963 5389 1099 5458 Epip
1125 5405 1353 5447 tantum,
1389 5385 1773 5452 'l'beoduritus,
1812 5387 1989 5438 Ita're-

415 5468 505 5515 ιη’.
535 5458 736 5512 b'abttl.
769 5474 886 5525 cap.
921 5461 971 5522 4,
1005 5459 1366 5511 Καυλακούαν
1405 5460 1574 5512 fuisse
1604 5465 1905 5524 veneratus,
1938 5463 1992 5509 et

415 5536 694 5584 tibristntn
729 5543 794 5581 eo
828 5544 1068 5593 nomine,
1102 5530 1257 5597 quasi
1289 5538 1652 5598 exspectatum
1698 5530 1990 5595 designare

426 5604 671 5655 ιυῖιιὶδὸδ.
712 5598 1056 5661 l’btlastrius,
1106 5614 1225 5667 cap.
1282 5599 1373 5661 '55,
1416 5598 1697 5653 Caulacau
1726 5598 1990 5651 hominem

418 5682 593 5731 vorat.
627 5670 960 5740 Epiphanius
986 5668 1224 5739 ἄρχοντὰ
1246 5684 1366 5723 τινα
1388 5708 1403 5737 ,
1427 5680 1556 5740 puta
1591 5667 1848 5737 J‘Eonem,
1874 5669 1989 5725 sire

416 5741 696 5811 Angelum.

3578 298 3695 361 332

2107 506 2183 559 dit
2217 504 2390 577 (Rom.
2433 524 2484 569 v,
2511 508 2567 573 5,
2589 505 2643 571 ὁ,
2678 505 2756 576 5).
2808 505 2875 559 Ει
2903 506 3019 561 lucc
3050 506 3167 576 ipsa
3204 508 3481 562 tribulatio
3510 510 3695 579 gemi-

2105 599 2327 651 nabitur
2351 598 2694 653 detractione
2726 599 2893 669 3'79
2922 599 3211 665 Iabiorum,
3246 608 3304 654 et
3338 601 3700 670 blaspbemiis

2107 689 2575 757 persequentium,
2608 691 2808 759 quibus
2838 690 3103 747 adversus
3151 692 3247 746 Dei
3300 693 3556 763 populum
3592 709 3698 746 ra-

2106 782 2233 837 bido
2267 797 2363 834 ore
2409 782 2736 837 desaeviunt.
2787 782 2958 837 Porro
3021 783 3248 853 apostoli
3305 793 3362 839 et
3405 786 3700 855 apostolici

2105 874 2212 929 viri
2267 875 2561 944 loquentur
2605 875 2673 929 ad
2729 874 2987 945 populum
3016 874 3359 943 Judzeorum,
3397 878 3649 933 dicentes
3679 896 3698 933 :

2109 965 2234 1019 lltrc
2266 974 2342 1019 est
2374 966 2575 1035 requies
2619 967 2876 1019 esurienti
2900 966 3194 1035 justitiam,
3229 980 3278 1022 et
3309 968 3421 1023 hac
3443 972 3703 1026 contritio

2108 1066 2163 1110 et
2187 1058 2434 1122 angustia
2467 1071 2588 1125 quze
2637 1056 2789 1111 ducit
2823 1061 2891 1112 ad
2924 1059 3114 1113 vitam.
3172 1058 3282 1113 Illis
3335 1063 3452 1115 hate
3490 1063 3707 1131 praui-

2108 1146 2379 1210 cantibus,
2427 1149 2615 1200 audire
2651 1145 2818 1216 impii
2845 1147 3159 1203 noluerunt.
3220 1149 3378 1205 Unde
3407 1151 3510 1205 hoc
3537 1154 3696 1220 quod

2108 1236 2173 1290 ad
2205 1235 2294 1289 Dei
2324 1239 2580 1307 populum
2617 1238 2900 1294 dicebatur
2937 1255 2952 1293 :
3005 1237 3425 1295 Tribulationelt
3466 1244 3699 1306 sustine.

2109 1328 2508 1382 tribulationem
2574 1331 2799 1397 sustine;
2884 1341 3129 1401 exspecta
3201 1349 3373 1403 spent,
3446 1345 3703 1404 exspecta

2106 1434 2302 1488 spem;
2345 1421 2521 1476 adhuc
2572 1424 2892 1491 modicum,
2962 1425 3138 1479 adhuc
3206 1426 3508 1493 modicum,
3580 1424 3701 1482 illis

2106 1517 2355 1565 vertetur
2392 1512 2444 1567 in
2495 1526 2735 1582 pinnam,
2772 1515 2864 1584 qui
2904 1514 3099 1569 audire
3128 1528 3438 1571 sermonem
3475 1514 3699 1570 Domini

2106 1602 2422 1669 noluerunt,
2453 1615 2512 1659 ut
2535 1616 2797 1662 corruant
2823 1616 2878 1662 et
2923 1608 3124 1663 vadant
3155 1615 3492 1673 retrorsum,
3544 1618 3601 1663 et
3637 1609 3700 1662 in

2108 1698 2414 1767 periculum
2439 1698 2741 1754 obsidionis
2763 1714 2827 1755 ac
2851 1700 3047 1757 mortis
3081 1701 3382 1767 incurrant,
3409 1711 3467 1757 et
3488 1702 3702 1771 absque

2103 1790 2213 1845 ullo
2246 1790 2592 1846 miseriarum
2636 1790 2745 1846 line
2782 1792 3097 1861 capiantur.
3160 1790 3320 1857 Quod
3348 1802 3533 1846 autem
3568 1807 3701 1846 ver—

2102 1880 2229 1936 bum
2252 1878 2580 1935 llebraietnn
2611 1897 2740 1947 una,
2774 1883 2921 1953 quod
2959 1897 3157 1937 omnes
3177 1892 3487 1949 verterunt,
3520 1883 3699 1938 scien-

2101 1975 2252 2040 tiam,
2279 1974 2381 2030 soli
2416 1972 2774 2046 Septuaginta
2802 1974 2946 2029 mala
2978 1975 3325 2045 interpretati
3360 1987 3509 2040 sunt.
3531 1991 3695 2047 error

2102 2068 2424 2139 perspicuus
2458 2079 2562 2124 est.
2609 2068 2789 2123 Prima
2831 2069 2977 2124 enim
3006 2068 3185 2126 littera
3215 2086 3446 2137 ωιετιι,
3475 2072 3556 2126 vel
3587 2087 3690 2127 ass

2100 2177 2271 2232 parvo
2319 2162 2476 2232 apice
2517 2163 2953 2234 distinguuntur.
3005 2161 3063 2218 Si
3120 2179 3253 2235 ergo
3308 2164 3518 2233 legatur
3579 2181 3684 2220 uss

2101 2250 2272 2317 (mm,
2300 2253 2571 2305 scientiam
2604 2261 2797 2318 sonat;
2827 2252 2870 2307 si
2895 2267 2995 2307 tiu
3024 2254 3205 2322 (mh),
3238 2255 3498 2308 malitiam
3528 2275 3542 2322 ;
3580 2272 3691 2310 non

2101 2357 2128 2394 a
2153 2342 2313 2407 malo,
2349 2345 2493 2412 quod
2525 2345 2862 2399 contrarium
2893 2344 3036 2400 bono
3064 2356 3167 2412 est,
3187 2347 3282 2401 sed
3313 2348 3382 2403 ab
3409 2353 3686 2418 angustia.

2178 2435 2359 2504 (Vcrs.
2418 2436 2506 2502 ti,
2540 2435 2654 2507 15.)
2715 2455 2733 2488 t
2771 2437 3005 2507 Propter
3053 2438 3158 2494 hoc
3223 2439 3406 2515 audite
3458 2444 3691 2496 verbum

2100 2525 2338 2590 Domini,
2377 2527 2475 2579 viri
2510 2526 2781 2593 illusores,
2816 2529 2908 2598 qui
2938 2530 3297 2585 dominamini
3326 2546 3491 2600 suptr
3514 2546 3691 2601 popu-

2101 2616 2209 2669 lum
2255 2632 2458 2684 meum,
2486 2619 2576 2686 qui
2630 2628 2712 2674 est
2755 2619 2806 2675 iit
2848 2619 3181 2676 Jerusalem.
3240 2621 3465 2678 Dixistis
3498 2625 3688 2677 cuitu:

2101 2710 2480 2766 l‘ercussimus
2537 2713 2717 2769 foedus
2779 2729 2903 2769 cum
2946 2725 3143 2780 morte,
3181 2724 3238 2770 et
3292 2730 3417 2771 cum
3476 2717 3695 2771 interno

2100 2804 2329 2857 fecimus
2363 2815 2581 2873 pactum
2618 2822 2637 2862 .:
2671 2804 2945 2875 ﬂagellum
2982 2808 3256 2862 inundans
3300 2823 3424 2863 cum
3453 2811 3697 2864 transie—

2102 2896 2191 2957 rit,
2228 2910 2339 2949 non
2381 2898 2560 2950 veniet
2609 2912 2773 2967 super
2808 2913 2930 2965 nos,
2964 2899 3090 2968 quia
3126 2901 3410 2968 posuimus
3463 2904 3695 2957 menda-

2098 2986 2240 3036 cium
2269 3000 2420 3053 spem
2458 2992 2721 3052 nostram,
2750 2996 2805 3040 et
2838 2988 3131 3043 mendacio
3160 2991 3389 3059 protecti
3418 3005 3631 3045 sumus.
3665 3011 3687 3041 ι

2101 3075 2241 3129 LXX
2291 3093 2359 3130 τι
2412 3075 2709 3146 Propterea
2771 3080 2953 3135 audite
3001 3081 3226 3137 verbum
3284 3083 3498 3139 Dotniui
3559 3085 3690 3149 viri,

2104 3168 2345 3222 tribulati
2370 3179 2420 3223 et
2454 3170 2727 3241 principes
2751 3173 2935 3241 populi
2972 3173 3156 3244 hujus,
3182 3177 3273 3245 qui
3306 3187 3390 3231 est
3440 3178 3493 3230 in
3529 3176 3692 3232 Jet‘u-

2099 3260 2265 3312 salem
2298 3274 2315 3312 :
2351 3258 2490 3325 Quia
2522 3259 2742 3315 dixistis
2786 3261 3082 3320 :Feeimus
3117 3273 3509 3323 testamentum
3560 3288 3688 3324 utut

2097 3351 2337 3419 inferno,
2365 3362 2419 3408 et
2447 3369 2568 3409 cum
2602 3366 2778 3412 morte
2799 3368 3016 3427 pactutn
3051 3377 3067 3421 ;
3096 3370 3390 3433 tempestas
3415 3366 3694 3422 transiens

2095 3444 2140 3500 si
2167 3446 2408 3512 irru'erit,
2435 3462 2539 3501 non
2568 3449 2750 3503 veniet
2769 3463 2934 3521 super
2964 3468 3084 3519 nos,
3117 3456 3373 3523 quoniam
3399 3461 3690 3526 posuimus

2099 3540 2435 3595 mendacium
2454 3554 2604 3604 spem
2624 3553 2892 3610 nostram,
2910 3555 2965 3600 et
2984 3549 3265 3604 mendacio
3281 3559 3684 3622 protegemur.»

2096 3630 2249 3697 Quod
2279 3648 2441 3702 supra
2488 3634 2726 3690 diximus
2750 3651 2875 3691 cum
2916 3638 3378 3709 irrisionesulitos
3412 3646 3694 3716 print-ipes

2094 3721 2403 3779 Judreorunt
2480 3727 2762 3796 prophetis
2803 3731 2989 3786 dicere
3058 3747 3075 3785 :
3120 3732 3338 3799 Munda,
3390 3740 3693 3804 remanda;

2095 3827 2360 3882 exspecta,
2385 3830 2710 3887 reexspecta,
2736 3831 2790 3877 et
2834 3834 3029 3879 caetera
3062 3824 3147 3882 Itis
3191 3829 3414 3895 similia,
3443 3847 3540 3900 per
3564 3849 3690 3901 qua:

2096 3913 2398 3965 ostenditur
2423 3927 2763 3983 nequaquam
2797 3931 2891 3970 eos
2937 3918 3330 3986 prophetarum
3377 3924 3690 3980 credidisse

2098 4000 2462 4063 sermonibus,
2519 4003 2612 4056 sed
2652 4006 2992 4073 pr0phettant
3046 4021 3239 4063 eorum
3277 4010 3541 4067 habuisse
3588 4016 3690 4069 de-

2099 4094 2309 4161 spectui
2347 4108 2361 4147 :
2391 4109 2634 4162 praesens
2665 4100 2907 4152 ostendit
2947 4103 3268 4170 capitulum,
3294 4119 3393 4174 per
3421 4108 3568 4177 quod
3591 4124 3690 4180 ap-

2098 4184 2367 4251 pellantur
2408 4187 2503 4240 uiri
2533 4187 2796 4244 tilusores.
2825 4192 2965 4246 Sunt
2994 4204 3176 4249 autem
3212 4196 3424 4253 Scriba:
3460 4211 3518 4253 et
3546 4202 3691 4255 l't.a-

2100 4278 2239 4329 rtsa-i
2272 4277 2364 4346 qui
2400 4281 2753 4335 dominantur
2800 4299 2966 4353 super
2997 4288 3258 4357 pupulum
3311 4291 3405 4345 Dei
3442 4292 3496 4346 itt
3527 4292 3689 4348 Jeru-

2100 4369 2289 4434 salem,
2311 4385 2448 4439 qttos
2477 4371 2620 4427 LXX
2641 4387 2836 4429 vocant
2867 4379 3002 4434 viros
3033 4380 3318 4437 tribulatos
3348 4393 3399 4436 et
3419 4386 3688 4457 principes

2032 4463 2072 4515 D
2104 4463 2283 4529 paludi
2311 4461 2636 4519 Jerusalem.
2671 4466 2938 4523 Dixerunt
2960 4472 3105 4525 enim
3141 4488 3248 4527 non
3283 4489 3559 4545 sermone,
3587 4484 3686 4535 sed

2097 4571 2260 4622 apere
2294 4572 2307 4609 :
2348 4560 2548 4613 Sumus
2576 4561 2721 4615 sicut
2748 4574 2803 4615 et
2832 4572 3043 4618 castora:
3078 4570 3330 4623 nationes
3365 4588 3381 4627 :
3420 4570 3690 4629 habemus
3784 4608 3791 4613 ο

2101 4662 2323 4717 pactum
2379 4662 2432 4703 et
2488 4651 2665 4707 [cedus
2729 4671 2852 4709 cum
2914 4658 3128 4714 interno
3180 4671 3235 4715 et
3274 4670 3399 4716 eum
3456 4640 3684 4726 morte;

2095 4743 2260 4796 semel
2295 4742 2461 4814 380
2490 4747 2721 4801 salutem
2745 4749 3175 4820 tle-speravimus.
3197 4754 3356 4812 Certe
3386 4761 3686 4829 captivitas

2169 4905 2187 4935 ³
2223 4905 2423 4960 Vittuse
2470 4918 2591 4988 erat
2621 4919 2802 4975 antea,
2838 4922 2895 4965 ut
2954 4929 3189 4988 errorem
3228 4915 3395 4985 faciat
3444 4932 3544 4988 pro
3573 4931 3688 4977 ter-

2042 4977 2047 4981 '
2096 4991 2287 5055 iurem,
2339 4981 2481 5045 quod
2523 4992 2622 5046 upe
2656 4995 2795 5055 mss.
2850 4987 3098 5055 restituo.
3139 4977 3238 5040 Sic'
3272 4977 3554 5055 epist.'75,
3617 4998 3685 5046 ad

2096 5045 2454 5126 'l‘ltcodurant,
2484 5045 2711 5128 nuit-.3),
2740 5064 2866 5105 cum
2889 5052 3195 5128 huiusmodi
3217 5045 3385 5127 nia-gis
3412 5045 3683 5128 portentu,

2094 5132 2251 5196 quam
2273 5119 2512 5196 _nomina
2546 5118 2605 5172 ὃ.
2640 5116 2804 5196 Pater
2840 5116 3150 5196 reciiasset,
3184 5116 3329 5196 qum:
3358 5116 3560 5196 stituttt,
3607 5116 3683 5185 cui

2094 5188 2461 5257 imperitorum
2504 5197 2552 5241 et
2601 5191 3036 5247 muliercularum
3086 5188 3684 5257 animos'cancttaiidus

2092 5257 2247 5331 quasi
2274 5258 2337 5308 tle
2384 5256 2665 5312 Ilcbruiris
2698 5262 2932 5329 fontibus
2966 5265 3241 5331 hauriunt,
3289 5267 3521 5323 barbaro
3548 5276 3687 5324 sim-

2094 5326 2259 5409 plices
2308 5343 2543 5396 quorque
2601 5326 2858 5387 terrentes
2914 5350 3061 5399 sono,
3095 5326 3405 5393 etchiJe
3436 5356 3557 5409 qua
3605 5346 3684 5398 ibi

2096 5405 2446 5451 attnotattttts.

2165 5464 2188 5497 ⁴
2214 5469 2291 5550 ita
2322 5466 2576 5550 Ettseb..:
2622 5472 2862 5550 Λέγεται
2896 5474 2963 5550 ᾗδὲ
3004 5474 3181 5550 ταῦτα
3222 5477 3360 5548 πρὸς
3399 5480 3489 5533 τὸν
3518 5481 3685 5550 χορὸν

2094 5536 2594 5620 τδνβπορτολιξᾷν
2660 5536 2762 5620 κάξ
2812 5546 2948 5613 πρὸς
3000 5549 3213 5620 πάντας
3260 5536 3387 5614 iob;
3434 5536 3550 5620 τῷ”
3577 5536 3687 5605 iu.

2092 5608 2268 5693 ιξηρίῳ
2301 5607 2605 5687 εὐαγγελίῳ
2658 5607 3163 5693 μξιοητέυομένουη
3191 5607 3312 5676 ἔω.
3520 5618 3680 5680 Hier.

2096 5681 2149 5734 iu
2172 5681 2430 5747 pauciora
2465 5681 2756 5740 contraxit.
