3952 6180
303 285 420 350 333
487 250 489 253 ’

809 283 1308 344 (ΖΟΜΜΕΝΊἍΠ.
1357 278 1436 340 ιΝ
1481 279 1739 336 lS.-\lAM
1790 279 1893 336 PHl

1998 278 2252 338 llETAM
2288 276 2434 337 LIB.
2468 277 2574 348 1X,
2616 275 2780 339 CAP.
2823 275 3080 339 XXVIII

3470 275 3576 338 33$

306 406 472 475 longo
506 413 622 474 post
666 411 909 470 tempore
948 410 1177 454 ventura
1215 409 1318 464 est,
1342 399 1648 452 dicentibus
1678 397 1827 448 vobis
1873 412 1886 448 ;
1922 408 1960 458 Α
1993 403 2048 448 et
2083 399 2322 449 secundo
2373 394 2679 461 appellatur
2715 394 2867 463 lapis,
2914 395 3055 448 sicut
3104 404 3156 448 et
3207 395 3272 476 iit
3312 392 3574 459 Levitico,

301 502 494 553 Adhuc
523 497 815 561 modicum,
865 495 1046 549 adhuc
1097 494 1365 548 modicum
1393 511 1408 552 :
1441 503 1712 560 exspecta,
1771 508 1890 543 rur-

300 609 401 646 sus
425 597 700 658 exspecta.
736 587 879 656 Ergo
911 603 1034 641 cum
1083 586 1281 639 mortui
1326 584 1614 648 fuerimus,
1656 583 1756 636 hoc
1789 578 1889 634 ila-

302 683 504 750 gellum
535 680 866 749 captivitatis
895 691 948 733 et
979 679 1119 733 hanc
1155 687 1529 746 tempesmtem
1557 694 1662 730 non
1693 675 1894 728 sentie-

305 791 453 829 mus.
487 773 670 827 Semel
714 773 857 826 enim
908 770 1190 826 mendacio
1235 769 1588 831 credidimus,
1643 767 1742 820 hoc
1785 774 1888 829 est,

305 869 510 922 frustra
549 881 699 935 spem
737 865 1028 918 habuimus
1063 865 1116 916 in
1151 865 1260 917 Deo
1291 872 1345 915 et
1377 861 1429 914 in
1480 861 1596 928 lege
1631 858 1772 928 ejus.
1827 857 1892 911 Et

307 963 434 1015 ideo
473 961 754 1012 mendacio
786 958 1013 1028 prot‘eeti
1051 971 1258 1020 sunms,
1296 954 1420 1024 quia
1458 953 1654 1006 tlltil'llll
1708 951 1891 1006 immi-

307 1067 530 1106 nentem
554 1051 921 1120 captivitatem
956 1048 1369 1102 declinavimus.
1399 1041 1632 1098 Verbum
1664 1041 1892 1097 llebrai-

305 1163 430 1200 cum
467 1160 566 1201 sor
605 1145 766 1215 (min)
830 1141 1024 1210 Aquila
1083 1153 1142 1195 et
1179 1138 1566 1210 Symmachus,
1597 1135 1887 1205 ﬂagellum,

307 1236 453 1294 LXX
521 1247 879 1303 tempestatem
904 1233 1249 1301 interpretati
1289 1242 1452 1298 sunt;
1486 1246 1682 1285 cussau
1714 1227 1889 1298 (aur

307 1346 528 1400 quoque
579 1345 772 1384 omnes
826 1326 1162 1382 mendacium
1225 1325 1644 1388 transtulerunt,
1699 1323 1752 1374 in
1781 1336 1890 1391 quo

305 1434 666 1496 speraverant
695 1421 887 1484 intimi.
924 1419 1079 1488 cujus
1103 1419 1259 1490 juxta
1297 1417 1686 1486 evangelistam
1729 1414 1892 1469 Joan-

305 1534 460 1582 nem,
488 1528 642 1584 pater
669 1524 751 1570 est
777 1513 1046 1569 diabolus.

379 1608 564 1678 (νοτε.
598 1607 666 1662 l6
709 1607 908 1676 seqq.).
982 1623 1002 1657 ι
1041 1604 1245 1660 Idcirco
1296 1603 1411 1658 luec
1442 1601 1574 1658 dicit
1628 1601 1890 1657 Dominus

306 1699 453 1754 Deus
487 1716 504 1757 :
537 1699 680 1753 Ecce
713 1714 814 1768 ego
838 1699 1050 1753 mittam
1076 1697 1137 1751 in
1167 1694 1536 1750 fundamentis
1575 1693 1704 1748 Sion
1744 1695 1891 1762 Iupi-

304 1793 468 1847 ιΙθιιι⁸
501 1791 813 1861 probatum,
851 1792 1185 1859 angularem,
1224 1789 1520 1857 pretiosum
1547 1827 1562 1849 ,
1607 1787 1892 1840 fundatum

304 1883 631 1939 fundamine
663 1900 678 1940 :
711 1883 802 1950 qui
835 1883 1151 1948 crediderit,
1184 1895 1292 1935 non
1326 1881 1566 1936 festinet.
1599 1878 1682 1941 Et,
1697 1894 1891 1947 ponam

304 1977 567 2042 judicium
625 1976 678 2029 in
710 1976 971 2043 poniere,
1011 1983 1062 2027 et
1109 1957 1373 2041 justitiam
1416 1973 1467 2026 in
1501 1987 1756 2026 mensura
1792 1989 1806 2028 :
1839 1980 1896 2026 ct

304 2069 588 2122 subvertet
643 2067 850 2137 grando
911 2082 1059 2136 spem
1131 2067 1418 2126 mendacii.
1477 2076 1531 2118 ct
1597 2066 1895 2134 protectio-

312 2177 433 2215 uem
488 2176 644 2228 aquae
705 2160 1064 2214 inundabunt.
1146 2159 1202 2211 Et
1271 2159 1538 2213 delt-bitur
1592 2157 1768 2213 [tedas
1803 2173 1898 2212 ve-

310 2266 484 2307 strum
560 2268 684 2305 cum
744 2261 966 2314 morte,
1048 2261 1101 2304 σοι
1162 2262 1376 2320 pactum
1456 2261 1695 2306 vestrum
1770 2268 1892 2305 cum

310 2345 526 2398 ittierno
577 2361 680 2398 non
713 2344 908 2408 stabit;
952 2343 1214 2413 ﬂagellum
1245 2344 1516 2397 inundans
1562 2360 1685 2399 cum
1716 2356 1894 2397 trans-

306 2436 457 2498 ierit,
486 2435 642 2488 eritis
682 2435 727 2488 ei
762 2435 814 2486 in
840 2435 1338 2488 conculcationem.
1381 2434 1513 2487 Cum
1545 2431 1658 2504 [AL
1709 2433 1889 2500 Quatt-

312 2523 624 2596 docunque]
678 2525 1075 2594 pertransierit,
1106 2525 1257 2580 tollet
1284 2539 1380 2580 vos
1407 2542 1419 2579 :
1446 2526 1703 2594 quoniam
1737 2540 1896 2578 nmne

313 2617 814 2673 diluculotrausibit
847 2617 1072 2682 indicet
1109 2617 1162 2670 in
1187 2630 1365 2679 noete,
1417 2628 1471 2669 et
1506 2618 1891 2669 tantummodo

312 2712 429 2765 sola
457 2711 673 2766 vexatio
704 2710 1045 2765 intellectum
1077 2708 1232 2765 dabit
1259 2710 1470 2764 auditni
1507 2727 1522 2768 ;
1562 2710 1896 2779 Coangnsta-

311 2815 428 2876 tum
457 2813 542 2860 est
595 2805 740 2860 enim
793 2813 1052 2867 stratum,
1109 2803 1182 2857 ita
1215 2812 1276 2858 ut
1337 2804 1475 2856 alter
1528 2803 1789 2860 decidat:
1841 2810 1897 2854 rt

316 2900 542 2969 pallium
602 2901 765 2953 breve
825 2911 1123 2968 utrumque
1183 2898 1402 2965 Oper-ire
1454 2911 1562 2949 non
1622 2905 1829 2964 potest.
1870 2913 1888 2944 ι

314 2988 456 3043 LXX
491 3007 508 3048 :
547 3006 570 3044 ι
608 2989 897 3058 Propterea
947 2991 1026 3043 sic
1074 2990 1207 3042 dicit
1264 2989 1523 3042 Dominus
1563 3003 1582 3043 ς
1628 2985 1764 3041 Ecce
1793 3002 1894 3055 ego

1997 490 2174 550 homo,
2237 490 2394 539 homo
2450 487 2532 540 bis
2584 489 2783 541 dicitur
2815 497 2869 541 et
2925 487 3203 556 ungulatis
3257 487 3413 555 lapis,
3451 492 3576 558 quia
3646 491 3657 497 ’

1993 579 2429 633 circumcisiunis
2471 589 2523 632 et
2570 580 2814 649 gentium
2886 579 3118 648 populos
3173 581 3467 649 copulavit,
3511 581 3579 638 dc

1995 689 2102 744 quo
2131 683 2183 727 et
2217 674 2268 726 in
2303 673 2518 728 l’salmo
2549 673 2748 728 dicitur
2781 671 3072 743 :Lapidem
3101 689 3254 744 quem
3278 675 3584 740 reprobatis-

1997 777 2118 820 rnnt
2145 765 2486 833 trdi/icantes,
2517 767 2601 819 hic
2618 765 2791 831 [actus
2816 766 2974 820 estin
3001 775 3167 837 caput
3193 765 3378 836 anguli
3403 766 3582 834 (Paul.

1990 875 2164 924 cxvu,
2191 857 2305 926 2‘2).
2339 859 2428 913 Isti
2459 867 2585 912 sunt
2620 867 2804 912 autem
2838 855 3172 912 aediﬁcantes
3203 867 3260 912 et
3292 869 3586 912 canon-nta-

1997 952 2087 1018 rii,
2119 951 2208 1021 qui
2235 966 2378 1006 nunc
2409 950 2753 1022 appellantur
2778 951 2879 1004 viri
2925 949 3180 1006 illusores
3213 960 3267 1004 ct
3304 950 3583 1022 principes

2000 1047 2176 1115 populi
2204 1045 2294 1116 qui
2321 1053 2401 1098 est
2461 1044 2514 1097 in
2555 1041 2879 1099 Jerusalem.
2941 1042 3014 1098 De
3055 1042 3160 1098 hoc
3211 1042 3392 1111 lapide
3445 1044 3582 1100 etin

1999 1139 2219 1193 Daniele
2261 1138 2514 1208 legimus,
2557 1137 2702 1208 quod
2738 1137 2955 1192 escisus
3014 1137 3086 1191 sit
3118 1136 3184 1192 de
3243 1147 3426 1191 monte
3460 1136 3582 1192 sine

1998 1233 2273 1298 manibus,
2303 1242 2360 1286 et
2391 1230 2699 1301 impleverit
2731 1232 3047 1303 universum
3064 1229 3254 1285 orbem
3275 1227 3440 1298 (Dan.
3478 1227 3537 1298 ιι)
3566 1243 3581 1282 :
3621 1250 3628 1259 -

1999 1341 2064 1381 eo
2087 1327 2232 1396 quod
2260 1326 2431 1381 divini
2467 1323 2733 1396 germinis
2755 1321 3096 1392 dispensatio
3128 1325 3428 1378 humanum
3453 1337 3578 1378 cor-
3621 1311 3624 1314 ’

1997 1434 2095 1487 pus
2135 1416 2514 1486 assumpserit,
2551 1425 2606 1472 et
2633 1413 3046 1470 habitaverit-in
3082 1429 3148 1470 eo
3179 1414 3460 1485 plenitudo
3485 1413 3576 1469 Di-

1997 1509 2240 1564 vinitatis
2261 1507 2641 1580 corporaliter.
2675 1505 2856 1577 Super
2887 1507 3032 1561 hunc
3061 1506 3320 1578 lapidem,
3353 1507 3444 1578 qui
3473 1506 3580 1562 alio
3605 1499 3616 1509 ’

1997 1602 2214 1656 nomine
2241 1602 2546 1671 appellatur
2579 1609 2760 1670 petra,
2785 1597 3040 1654 Christus
3063 1600 3355 1655 aedificavit
3385 1600 3572 1655 Eccle-

1999 1697 2236 1761 siatn,et
2287 1696 2464 1761 firmo,
2502 1693 2656 1765 juxta
2696 1691 3048 1760 Hebraicum,
3094 1692 3342 1748 lnndavit
3390 1697 3589 1750 futnla~

2001 1787 2167 1851 tiiitze,
2205 1787 2257 1841 in
2290 1802 2402 1858 quo
2432 1785 2524 1851 qui
2556 1785 2868 1849 crediderit,
2915 1800 3016 1839 non
3041 1785 3418 1854 coninndetur,
3446 1788 3586 1849 sive,

1995 1882 2154 1949 juxta
2189 1879 2541 1944 llebraicum,
2593 1895 2699 1934 non
2726 1878 2937 1948 festinet
2963 1893 2983 1932 :
3013 1893 3080 1935 ne
3115 1880 3369 1936 videlicet
3399 1883 3588 1937 tardus

1997 1973 2047 2026 ei
2086 1971 2290 2027 Christi
2323 1972 2570 2026 videatur
2631 1970 2926 2025 adventus.
2985 1969 3042 2025 Si
3097 1972 3243 2026 enim
3289 1976 3590 2029 tardaverit

1993 2063 2148 2134 juxta
2185 2063 2458 2128 llabacue.
2483 2079 2646 2120 nemo
2675 2064 2923 2132 desperet
2944 2063 3109 2134 :quia
3138 2065 3362 2120 veniens
3387 2067 3588 2131 veniet,

1996 2167 2053 2214 et
2081 2173 2176 2212 sua
2212 2155 2479 2226 promissa
2530 2155 2826 2227 complebit
2867 2154 3102 2226 (Hahae.
3163 2158 3248 2228 ιι).
3314 2156 3594 2214 Promittis

1996 2263 2217 2319 quoque
2261 2247 2402 2303 Deus
2435 2263 2634 2318 ponere
2679 2263 2739 2304 se
2771 2248 2825 2302 in
2875 2263 2942 2302 eo
2969 2248 3238 2316 judicium
3280 2252 3582 2320 ponleris:

2000 2341 2183 2411 Neque
2207 2341 2346 2396 enim
2367 2341 2584 2409 judicat
2621 2339 2784 2394 Pater
2809 2357 3150 2410 quamquam,
3180 2346 3272 2395 sed
3303 2360 3459 2397 omne
3488 2347 3589 2414 jn-

1996 2433 2198 2487 dicinm
2254 2430 2483 2485 tradidit
2526 2429 2671 2485 Filio
2705 2431 2890 2502 (Joan.
2941 2449 2991 2497 v,
3050 2433 3168 2489 92).
3223 2432 3287 2488 Et
3319 2435 3587 2503 justitiam

1997 2523 2112 2576 sive
2135 2520 2564 2576 misericordiam
2601 2521 2655 2574 in
2687 2535 2967 2586 mensura,
3001 2532 3057 2576 ut
3079 2524 3269 2577 reddat
3293 2527 3591 2595 unicuique

1999 2612 2300 2668 secundum
2331 2627 2498 2683 opera
2553 2627 2674 2678 sua,
2725 2621 2778 2666 et
2823 2613 3093 2683 justitiam
3145 2631 3211 2670 ac
3272 2616 3590 2674 misericor-

1999 2707 2148 2761 diam
2178 2706 2448 2761 alterutro
2484 2715 2786 2774 temperet,
2846 2707 3004 2776 juxta
3064 2707 3191 2761 illml
3229 2711 3374 2778 quod
3426 2722 3482 2764 ct
3535 2713 3589 2767 in

2001 2802 2230 2856 Psalmis
2280 2801 2509 2868 legimus
2557 2801 2977 2856 :Miserirordia
3027 2813 3075 2858 et
3104 2805 3300 2859 veritas
3348 2806 3593 2860 obtinue-

2001 2903 2120 2946 runt
2153 2894 2251 2946 sibi
2287 2893 2548 2964 :jnstitiu
2597 2904 2646 2947 et
2675 2910 2782 2962 pas:
2821 2894 3151 2950 deosculata:
3187 2909 3306 2950 sunt
3327 2914 3382 2951 se
3414 2897 3586 2968 (Psal.

1999 3002 2219 3051 thxtv,
2259 2987 2368 3057 ll).
2399 2987 2564 3056 Spem
2601 3002 2817 3056 quoque
2847 2991 2924 3040 ait
2962 2997 3196 3044 vestram
3241 3001 3402 3060 atque
3439 3006 3590 3046 men-

311 3083 607 3135 immittam
655 3082 706 3134 in
745 3080 1097 3136 fundamenta
1125 3080 1257 3136 Sion
1297 3083 1530 3149 lapidem
1559 3081 1885 3151 pretiosum,
1921 3103 1961 3161 ε
1995 3079 2236 3142 d:n-ium,
2279 3079 2332 3133 id
2366 3088 2473 3144 est,
2507 3079 2781 3136 diabolum
2827 3090 3032 3151 patrem
3067 3081 3247 3137 omnis
3293 3084 3586 3152 mendacii,

314 3174 586 3234 electum,
621 3174 959 3240 angularem,
999 3171 1369 3226 lionnrahilem
1430 3173 1481 3225 in
1542 3171 1890 3225 fundamenta

307 3267 466 3332 ejus;
494 3275 548 3318 et
581 3264 671 3332 qui
709 3266 1023 3327 crediderit,
1052 3280 1156 3318 non
1182 3265 1566 3318 roofuudetur.
1603 3264 1664 3317 Et
1697 3279 1894 3332 ponam

307 3358 574 3426 judicium
611 3358 664 3410 in
698 3373 849 3427 spem
883 3374 898 3412 ί
931 3357 1360 3412 misericordiam
1405 3367 1586 3412 autem
1633 3373 1806 3410 meam
1841 3357 1896 3410 in

309 3455 576 3521 pondere,
603 3461 658 3505 et
681 3451 771 3520 qui
804 3450 1034 3505 credunt
1057 3451 1261 3504 frustra
1288 3450 1594 3514 mendacio,
1632 3451 1892 3520 quoniam

311 3559 422 3598 non
485 3545 740 3597 transibit
771 3557 866 3612 per
905 3557 1005 3596 nos
1037 3553 1352 3611 tempestas,
1403 3552 1458 3597 et
1512 3558 1623 3596 non
1687 3543 1899 3595 auferet

313 3637 471 3692 nobis
502 3647 888 3692 testamentum
923 3635 1132 3700 mortis,
1159 3646 1214 3690 et
1243 3651 1369 3705 spes
1405 3645 1583 3690 vestra
1611 3637 1677 3688 ad
1721 3635 1891 3688 inier-
1921 3653 1928 3660 ’

311 3748 441 3785 stum
479 3747 586 3783 non
620 3729 978 3797 permanebit.
1009 3728 1328 3796 Tempestas
1359 3730 1586 3783 veniens
1615 3730 1660 3784 si
1713 3740 1895 3783 trans.

311 3826 458 3886 ierit,
500 3822 654 3875 eritis
683 3820 731 3873 ei
779 3821 832 3874 in
864 3820 1343 3875 conculcatiouem
1382 3833 1550 3876 :cum
1587 3820 1890 3885 transierit,

316 3920 468 3974 tollet
493 3931 590 3972 vos
611 3933 789 3980 mane,
822 3931 982 3970 inane
1013 3918 1342 3985 pertransiet
1369 3932 1384 3975 :
1417 3919 1503 3972 die
1524 3929 1580 3974 et
1612 3928 1768 3972 nocte
1794 3918 1899 3973 erit

315 4021 440 4074 spes
477 4004 737 4074 pessima.
785 4004 986 4059 Discite
1020 4004 1214 4058 audire
1257 4006 1346 4074 qui
1391 4007 1524 4062 estis
1578 4008 1632 4061 in
1671 4008 1898 4061 tribula-

314 4098 506 4150 tione:
533 4093 650 4147 Non
693 4110 984 4163 possumus
1013 4110 1274 4165 pugnate,
1309 4097 1411 4167 ipsi
1462 4107 1640 4151 autem
1695 4099 1892 4152 iniit-mi

313 4204 505 4243 sumus
535 4204 586 4240 ιιι
610 4203 1028 4254 congregemur.
1068 4207 1089 4241 ι
1127 4191 1406 4255 Dixeram,
1451 4192 1647 4260 inquit,
1676 4192 1831 4246 vobis
1875 4207 1890 4248 ξ

314 4283 508 4335 Audite
543 4283 768 4335 verbum
795 4281 1032 4344 Domini,
1073 4283 1172 4336 viri
1213 4283 1485 4350 illusorcs,
1514 4285 1627 4339 sive
1653 4284 1892 4339 tt-ibnlati

313 4374 590 4443 principes
616 4374 796 4443 p0pnli
833 4377 962 4438 tnei,
1011 4381 1066 4426 et.
1107 4375 1271 4430 nolite
1310 4375 1488 4429 fu'tlus
1521 4377 1721 4429 habere
1769 4390 1890 4428 cum

315 4477 511 4530 morte,
540 4481 639 4520 nec
670 4478 886 4535 pactum
932 4482 1054 4521 cum
1083 4467 1319 4530 inferno,
1347 4471 1436 4538 qui
1473 4480 1888 4522 contemnentes
1927 4449 1970 4504 D

315 4570 581 4628 pnrcrpta
617 4574 754 4625 inea,
791 4561 1053 4629 posuistis
1085 4563 1424 4614 tnemlaeinm
1451 4577 1599 4630 spem
1631 4572 1891 4626 vestram,

313 4659 366 4704 et
397 4651 715 4721 g'oriautes,
749 4651 912 4722 381
957 4655 1067 4708 imo
1098 4653 1450 4721 desperantes
1482 4654 1662 4708 dit-itis
1699 4671 1711 4714 ;
1754 4670 1896 4708 men-

310 4743 467 4796 dacio
519 4753 872 4813 protegantur.
905 4745 1120 4799 Idcirco
1163 4746 1475 4800 misericors
1499 4756 1556 4800 et
1607 4748 1896 4800 miseratur

315 4835 574 4889 Dominus
603 4836 811 4904 patiens
834 4845 893 4890 et
909 4836 1137 4890 multum
1158 4837 1467 4890 misericors
1489 4836 1660 4903 (Psal.
1683 4839 1890 4906 σίων),

313 4928 625 4982 nolentibus
651 4929 804 4983 vobis
830 4929 883 4983 in
932 4929 1284 4984 fundamenta
1333 4929 1462 4983 Siutt
1519 4930 1751 5000 lapidem
1785 4931 1894 4985 ele-

312 5031 483 5086 ctum,
516 5033 572 5076 et
622 5022 934 5090 probatum,
977 5031 1033 5077 et
1088 5023 1412 5091 pretiosmn,
1466 5032 1521 5076 et
1576 5025 1892 5091 angularem

313 5116 602 5170 missarum
635 5129 756 5168 esse
783 5129 841 5166 se
869 5116 1024 5172 dicit.
1055 5114 1130 5169 De
1162 5130 1270 5183 quo
1298 5125 1352 5169 et
1388 5115 1679 5183 Apostolus
1720 5116 1896 5183 loqui-

311 5219 396 5263 tur
431 5225 447 5260 :
481 5208 648 5272 Quasi
702 5209 907 5276 sapiens
947 5207 1262 5261 architectus
1301 5207 1708 5274 fundamentum
1748 5209 1896 5275 posui

311 5299 360 5368 (Ι
419 5299 547 5356 Cor.
581 5316 664 5364 ttl,
701 5301 825 5365 10);
885 5310 939 5353 et
1001 5300 1197 5353 iterum
1231 5318 1244 5353 :
1279 5299 1703 5353 Fundamentum
1758 5303 1894 5354 enim

309 5396 455 5446 aliud
485 5411 636 5447 nemo
659 5402 827 5461 potest
856 5408 1050 5461 ponere
1078 5406 1266 5460 praeter
1295 5394 1346 5445 id
1376 5397 1514 5462 quod
1542 5396 1771 5464 positum
1791 5403 1892 5456 est,

304 5485 444 5559 quod
476 5500 553 5542 est
584 5485 1004 5542 Cltristas'Jesus
1054 5486 1250 5556 (Ibid.,
1290 5487 1400 5556 ll).
1440 5486 1544 5540 Iste
1579 5489 1714 5557 lapis
1771 5503 1895 5542 vene

380 5671 400 5702 ί
437 5667 653 5733 Verius,
683 5679 742 5722 ut
773 5669 1010 5729 videtur,
1047 5669 1098 5720 iu
1138 5665 1314 5722 Vatic.
1343 5683 1539 5721 ωιτη.

377 5741 398 5772 ³
430 5738 706 5795 Victorius
739 5743 931 5809 repetit
962 5740 1190 5808 lapidem
1215 5755 1278 5792 ex
1305 5739 1531 5794 Hebraeo
1555 5736 1893 5809 Vulgataque

2004 3173 2394 3242 suppliciorum
2428 3188 2678 3228 meorum
2705 3175 2914 3244 grando
2966 3177 3264 3231 subvertet.
3300 3176 3365 3232 Et
3401 3191 3587 3248 prote-

2002 3269 2264 3330 ctionem,
2320 3266 2422 3318 sub
2479 3281 2584 3335 qua
2638 3281 2735 3319 vos
2790 3276 2935 3320 tutos
2993 3267 3108 3322 fore
3153 3269 3590 3332 arbitrabamini,

2003 3369 2293 3425 tempestas
2330 3358 2503 3412 valida
2537 3369 2591 3413 ct
2620 3374 2886 3428 aquatum
2925 3361 3214 3414 multitudo
3257 3362 3482 3428 delebit,
3516 3365 3588 3418 ita

2003 3463 2061 3504 ut
2087 3452 2322 3503 anucitia
2353 3462 2408 3504 et
2436 3450 2616 3504 foedus
2645 3451 2787 3518 quod
2834 3450 3121 3506 habebatis
3163 3469 3286 3507 cum
3326 3465 3502 3512 morte
3535 3467 3591 3508 rt.

2001 3556 2123 3595 cum
2162 3542 2398 3605 inferno,
2443 3530 2547 3595 hoc
2575 3553 2678 3603 est,
2711 3557 2832 3594 cum
2861 3542 3099 3606 diabolo,
3126 3554 3313 3611 pereat.
3341 3545 3394 3598 in
3425 3557 3590 3602 aeter-

2003 3651 2153 3688 num.
2181 3633 2249 3688 Et
2283 3635 2554 3703 ﬂagellum
2585 3634 2751 3705 382
2782 3637 2895 3688 sive
2921 3646 3242 3706 tempestas,
3267 3638 3334 3692 de
3359 3654 3470 3706 quo
3501 3643 3552 3692 di
3575 3667 3588 3678 -

2002 3729 2206 3782 aeratis
2236 3745 2246 3779 :
2280 3727 2576 3798 Flagellum
2626 3732 2896 3783 imtndans
2946 3743 3068 3782 eam
3116 3730 3416 3792 transierit,
3480 3747 3590 3787 non

2002 3821 2170 3874 veniet
2208 3836 2366 3888 super
2388 3836 2480 3872 nos
2506 3835 2523 3872 :
2552 3821 2750 3885 veniet,
2792 3831 2842 3874 et
2862 3818 3016 3873 eritis
3045 3817 3096 3872 ei
3130 3818 3182 3872 in
3219 3821 3588 3876 conculcatio-

2002 3927 2146 3974 nem.
2181 3912 2284 3968 hoc
2310 3925 2413 3977 εει,
2445 3912 2628 3966 omnia
2658 3921 2925 3966 tormenta
2959 3911 3264 3980 patiemini,
3301 3927 3422 3980 qua:
3483 3929 3581 3967 vos

2002 4005 2278 4073 putabatis
2345 4003 2750 4074 desperationis
2817 4005 3000 4058 animo
3059 4017 3398 4074 nequaquam
3460 4019 3587 4058 esse

2001 4114 2278 4163 passuros.
2312 4098 2538 4166 Semper
2561 4098 2705 4151 enim
2737 4097 2906 4152 irruet
2932 4097 3108 4162 vobis,
3137 4106 3193 4152 et
3237 4106 3346 4152 tam
3378 4097 3431 4151 in
3457 4113 3587 4167 pro-

2001 4194 2175 4261 speris
2202 4206 2362 4262 quam
2395 4191 2446 4244 in
2481 4190 2728 4246 adversis
2765 4189 2904 4244 iram
2943 4190 3159 4244 Domini
3218 4190 3489 4258 sentietis,
3527 4201 3584 4247 et

2001 4300 2145 4336 mors
2171 4299 2264 4336 vos
2296 4299 2433 4336 szeva
2469 4282 2838 4352 populabitur.
2869 4281 3008 4348 Quid
3042 4284 3220 4338 dicam
3257 4283 3322 4338 de
3361 4287 3588 4355 pinnis?

2001 4378 2290 4432 Pwuarum
2339 4377 2451 4430 sola
2485 4375 2720 4432 formido
2747 4383 2805 4431 et
2845 4385 3242 4432 tormentorum
3275 4388 3453 4434 metm
3493 4391 3588 4433 vos

1998 4471 2231 4540 corriget
2267 4469 2336 4524 ad
2371 4470 2626 4536 salutem,
2657 4479 2713 4525 et
2747 4470 2889 4524 mala
2921 4481 3105 4526 vestra
3156 4472 3458 4544 intelligere
3510 4473 3590 4528 la-

1999 4566 2127 4616 ciet.
2159 4562 2402 4630 Cumque
2463 4564 2640 4616 vexati
2679 4563 2914 4624 fueritis.
2950 4573 3078 4619 tunc
3133 4567 3321 4622 scietis
3354 4567 3592 4638 prophe-
3651 4545 3659 4552 Δ

2003 4657 2126 4711 tas’
2157 4671 2309 4711 meus
2341 4671 2472 4710 vera
2507 4657 2732 4712 dixisse.
2778 4655 3047 4727 Quodque
3090 4657 3341 4728 sequitur
3365 4676 3380 4713 :
3406 4657 3588 4714 Coan~

1997 4755 2267 4818 gustatum
2310 4757 2384 4800 est
2406 4747 2545 4800 enim
2588 4758 2838 4813 stratum,
2905 4749 2980 4801 ita
3021 4756 3077 4800 ut
3111 4747 3250 4800 alter
3267 4747 3497 4812 decidat,
3535 4757 3585 4802 et

1997 4840 2224 4910 pallium
2258 4839 2407 4901 breve
2460 4848 2744 4907 utramque
2797 4841 3003 4907 operire
3057 4855 3162 4893 non
3195 4847 3388 4909 potest,
3427 4839 3580 4895 illum

2001 4933 2160 4986 habet
2194 4948 2412 4986 sensum
2455 4947 2615 5000 quem
2653 4934 2705 4984 in
2732 4932 2988 5000 Apostolo
3015 4932 3244 4998 legimus
3284 4943 3300 4983 :
3343 4929 3466 4985 Non
3492 4951 3588 4998 po-

1998 5036 2071 5078 tes
2101 5025 2143 5077 is
2162 5027 2376 5077 calirent
2405 5024 2613 5077 Domini
2640 5024 2832 5089 bibere,
2863 5033 2911 5077 et
2939 5023 3154 5076 calicem
3177 5023 3582 5080 dwmoniornm.

2004 5115 2121 5169 Non
2153 5119 2364 5184 potestis
2397 5133 2592 5171 mensa:
2620 5116 2831 5170 Domini
2854 5131 2963 5169 esse
2987 5114 3298 5184 participes,
3317 5125 3366 5170 et
3395 5133 3588 5172 mensa

1998 5209 2264 5262 idolorum
2326 5207 2379 5277 (Ι
2399 5208 2520 5264 Cor.
2554 5223 2608 5275 ι,
2641 5207 2881 5276 20,21);
2911 5218 2965 5262 et
2995 5207 3124 5262 alibi
3155 5223 3171 5264 :
3206 5206 3337 5274 Qua:
3366 5211 3590 5280 partici-

1997 5308 2140 5370 patio
2169 5303 2402 5372 justitia:
2427 5319 2544 5356 cum
2575 5303 2857 5370 iniquitate
2880 5301 2906 5354 ?
2956 5301 3087 5367 Qua:
3122 5304 3345 5356 societas
3378 5302 3488 5358 luci
3511 5305 3584 5358 ad

1999 5396 2276 5448 tenebras?
2307 5397 2438 5459 Qum
2459 5395 2726 5449 conventio
2740 5393 2941 5449 Christi
2970 5395 3039 5448 ad
3063 5392 3276 5450 Belial?
3299 5394 3430 5460 Qua:
3457 5413 3586 5465 pars

1997 5490 2143 5557 ﬁdeli
2179 5506 2296 5541 cum
2340 5489 2537 5555 inﬁdeli
2561 5488 2586 5540 1’
2615 5488 2720 5554 Qui
2757 5505 3041 5543 consensus
3100 5489 3292 5558 templa
3325 5481 3420 5543 Dei
3464 5505 3586 5544 cum

2135 5687 2258 5723 ιιηρ.

2135 5688 2164 5721 0
2209 5687 2258 5723 (ι.

2000 5672 2268 5812 edinv-3L,
2304 5751 2425 5798 tunc
2452 5745 2880 5800 animadvertetis
2917 5742 3227 5813 Prophetas,
3257 5753 3369 5802 etc.
