3898 6184
354 218 461 282 335

1514 213 1577 276 S.
1609 211 1923 275 EUSEBII
1968 212 2421 275 ‘HIERONYMI

3513 204 3623 270 336

350 317 607 399 ίιιοιίευι
635 326 759 384 Cor.
792 343 867 392 v1,
900 324 1132 395 14-16)?
1188 323 1448 396 Loquitur
1473 336 1653 382 autem
1690 326 1792 381 sub
1822 341 1939 380 me-
1968 338 2011 393 Α
2046 329 2235 397 punire
2286 334 2595 397 peccantes,
2634 326 2728 380 sed
2779 323 3153 396 peregrinum,
3187 332 3239 378 et
3275 322 3513 378 alienum
3550 324 3620 376 ab

356 429 583 492 taphora
613 422 794 476 mariti
818 419 1180 491 pudicissimi,
1213 421 1304 491 qui
1335 419 1600 474 adulterae
1631 419 1766 475 dicit
1793 434 1934 472 uxo-

353 515 398 568 ri
431 531 448 574 :
481 513 631 569 Unus
675 494 908 569 lceiulus
951 528 1037 568 me
1073 522 1127 566 et
1167 513 1474 567 adulterum
1527 520 1704 566 tecum
1738 525 1933 578 capere

356 621 459 661 non
491 613 689 673 potest,
723 614 775 657 ct
798 602 1021 673 pallium
1060 601 1223 655 breve
1267 602 1526 656 maritum
1562 609 1616 655 et
1658 601 1931 655 moechum

354 695 634 761 cooperire
685 710 790 748 non
846 693 1125 762 praevalet.
1169 691 1214 748 Ο
1275 693 1439 759 igitur
1470 692 1805 759 Jerusalem,
1866 694 1931 745 ad

353 796 596 855 quamet
644 785 696 838 in
750 784 998 841 Ezechiel
1027 786 1128 840 sub
1180 801 1411 857 persona
1465 787 1650 842 uxoris
1693 783 1933 854 loquitur

355 876 671 929 fornicantis
732 874 949 942 (Ezec/t.
983 878 1117 945 XVI),
1167 888 1219 931 et
1258 891 1422 946 quam
1485 875 1539 929 in
1585 875 1724 930 Osee
1787 876 1933 944 priu-

353 968 494 1034 t-ipio
522 977 760 1021 scortum
795 977 954 1020 vocat
988 977 1042 1021 et
1082 968 1383 1021 adulteram
1410 967 1589 1039 (Osee.
1637 968 1739 1038 ιιι).
1775 968 1817 1021 si
1854 968 1934 1021 vis

355 1063 487 1117 meis
510 1061 879 1131 cmaplexibus
905 1062 1170 1132 copulari,
1211 1063 1386 1132 abjice
1420 1063 1558 1118 idola
1594 1079 1609 1118 :
1647 1062 1693 1117 si
1723 1062 1934 1117 servie-

357 1158 428 1207 ris
462 1154 641 1215 idolis,
674 1167 757 1207 me
805 1154 1008 1207 habere
1059 1170 1163 1208 non
1213 1156 1436 1222 poteris.
1469 1154 1584 1208 lloc
1623 1156 1779 1223 juxta
1815 1154 1933 1208 lle-

355 1248 622 1301 hraicum.
671 1246 838 1300 Porro
878 1249 1021 1317 quod
1054 1248 1105 1300 in
1136 1246 1276 1301 LXX
1313 1248 1506 1317 legitur
1560 1263 1576 1303 :
1608 1246 1809 1300 Discite
1837 1261 1936 1299 au-

352 1344 465 1407 dire
500 1344 587 1410 qui
650 1340 891 1393 tribnlnti
928 1340 1052 1393 estis
1086 1355 1105 1393 :
1159 1339 1282 1394 Non
1345 1356 1622 1410 possumus
1674 1356 1934 1410 pugnare,

356 1436 453 1502 ipsi
488 1446 661 1488 autem
691 1434 892 1503 inﬁrmi
932 1450 1114 1488 sumus
1168 1445 1222 1487 ut
1285 1433 1720 1504 congregemur‘,
1774 1448 1934 1503 quem

355 1543 573 1582 sensum
618 1527 836 1590 habeat,
872 1534 927 1579 et
967 1526 1239 1596 quomodo
1297 1526 1677 1595 superioribus
1716 1525 1935 1593 copule-

359 1632 463 1686 tur,
502 1620 720 1688 penitus
750 1619 963 1688 ignoro.
1002 1616 1116 1672 Nisi
1165 1618 1303 1673 forte
1333 1620 1398 1671 ad
1422 1619 1705 1698 principes
1753 1617 1932 1687 pepuli

355 1715 609 1783 loquatur
629 1728 810 1768 sermo
848 1712 1091 1776 divinus.
1136 1721 1191 1766 et
1240 1714 1489 1767 hortetur
1532 1727 1660 1777 eos,
1699 1721 1751 1765 ιιι
1782 1727 1933 1781 spent

354 1807 585 1862 habeant
623 1805 674 1858 in
711 1806 837 1872 Deo,
870 1814 918 1859 et
957 1821 1064 1860 non
1094 1805 1147 1860 in
1184 1814 1358 1859 morte
1392 1814 1558 1872 atque
1609 1804 1843 1867 inferno,
1881 1816 1936 1855 et

361 1899 575 1953 discant
632 1898 819 1952 audire
875 1898 1131 1951 vaticinia
1173 1879 1805 1965 pr0phctarum:illique
1855 1909 1938 1946 re-

355 1993 666 2062 spondeant
692 2006 749 2045 se
784 2004 882 2059 pro
916 1989 1230 2043 infirmitate
1270 1989 1463 2041 virium
1507 1987 1769 2041 adversus
1804 2000 1934 2038 con~

356 2086 551 2140 trarias
600 2091 897 2152 potestates
958 2096 1201 2151 pugnare
1252 2096 1355 2135 non
1409 2095 1591 2149 posse,
1624 2093 1724 2134 nec
1785 2078 1927 2132 inter

356 2175 450 2229 Dei
482 2174 734 2244 populum
767 2175 1110 2242 congregari.

427 2265 614 2337 (Vet's.
667 2266 763 2329 Ἡ,
802 2266 918 2335 2‘2.)
959 2284 976 2316 ι
1017 2264 1172 2320 Sicut
1224 2264 1368 2318 enim
1424 2264 1479 2319 in
1507 2272 1687 2318 monte
1711 2262 1939 2317 divisio-

358 2377 488 2416 num
519 2358 683 2416 stabit
714 2358 997 2423 Dominus,
1037 2359 1179 2415 sicut
1210 2358 1264 2412 in
1285 2357 1424 2411 valle
1456 2355 1681 2412 Gabaou
1734 2357 1937 2410 irasce-

359 2464 466 2517 tur,
505 2464 558 2506 ut
585 2452 747 2506 faciat
781 2466 918 2520 opus
949 2465 1146 2514 suum,
1206 2448 1445 2504 alienum
1496 2464 1631 2518 Opus
1679 2448 1819 2519 ejus,
1879 2457 1939 2501 ttt

356 2556 611 2615 operetur
657 2560 795 2615 opus
829 2559 1008 2609 suum,
1048 2546 1396 2613 peregrinum
1452 2551 1535 2598 est
1579 2558 1714 2613 Opus
1753 2542 1820 2595 ab
1850 2557 1937 2597 eo.

357 2641 424 2695 Et
453 2655 595 2695 nunc
622 2639 788 2693 nolite
816 2637 1062 2700 illudcrc,
1090 2651 1155 2690 ne
1181 2636 1319 2690 forte
1568 2634 1941 2704 constringan-

358 2749 443 2788 tur
467 2732 682 2787 vincula
709 2739 907 2786 vestra.
939 2726 1642 2783 Consummationcmenim
1675 2726 1943 2780 ctabbre-

356 2826 652 2881 viatiouem
681 2821 915 2877 audivia
957 2820 1185 2874 Domino
1239 2819 1346 2874 Deo
1389 2820 1728 2873 exercituum
1778 2832 1942 2886 super

359 2924 669 2995 pniversam
706 2925 929 2970 terram.
979 2932 997 2965 ι
1037 2911 1224 2968 LXX:
1270 2931 1288 2963 ι
1337 2913 1489 2966 Sicut
1546 2927 1705 2966 mons
1750 2911 1943 2980 impio-

2036 433 2122 483 eo,
2157 430 2213 472 ut
2243 421 2433 490 puniat
2474 420 2563 487 qui
2605 417 2862 473 Salvator
2892 427 2998 472 est.
3044 416 3315 481 Quoniam
3352 415 3520 485 igitur
3554 415 3619 467 de

2035 513 2297 581 patientia
2342 528 2438 567 sua
2473 521 2889 566 resurrecturus
2913 518 3001 565 est
3029 508 3311 576 Dominus,
3340 517 3397 562 et
3422 522 3623 573 nequa-

2036 620 2197 674 quam
2227 607 2558 674 parciturus,
2602 606 2743 660 sicut
2764 619 2881 659 non
2913 603 3157 673 pepercit
3184 604 3238 656 in
3270 610 3456 656 monte
3479 599 3623 655 Pha-

2039 699 2226 763 rasim,
2254 708 2307 750 et
2337 698 2389 750 in
2417 696 2556 751 valle
2580 695 2800 751 Gabaon
2827 712 2843 752 :
2868 708 3061 750 moueo
3089 709 3210 761 vos,
3239 709 3272 748 ο
3301 694 3402 747 viri
3435 693 3623 747 illuse-

2037 804 2147 853 res,
2187 800 2246 844 ut
2284 804 2628 859 nequaquam
2662 788 2891 843 rideatis
2931 787 2999 842 de
3047 787 3338 858 prophetis
3386 785 3544 860 meis,
3568 795 3623 838 et

2037 898 2145 936 non
2180 883 2383 952 putetis
2415 891 2645 934 ventura
2670 896 2788 950 qtae
2820 879 3100 942 nuntiant,
3129 893 3200 934 ne
3229 878 3275 932 si
3300 892 3623 949 permanse-

2039 978 2159 1031 ritis
2195 977 2246 1029 in
2294 975 2591 1034 illudcndo.
2645 972 3094 1042 constringautur
3126 970 3344 1024 vincula
3375 984 3626 1039 peccato-

2037 1085 2154 1123 rum
2190 1077 2494 1122 vestrorum
2522 1064 2781 1134 (Funibus
2817 1065 2953 1118 enim
3011 1073 3347 1132 peccatorum
3402 1079 3622 1116 suorum

2040 1160 2395 1229 unusquisque
2421 1156 2806 1226 constringitur
2846 1155 3030 1225 (Prov.
3064 1172 3118 1221 v,
3143 1154 3261 1225 εἰ),
3287 1155 3403 1210 sive
3455 1154 3626 1221 capti-

2037 1252 2224 1305 vitatis
2265 1249 2424 1306 vobis
2458 1261 2677 1322 tempus
2724 1249 2997 1304 adveniat.
3031 1247 3309 1318 Siquidem
3336 1247 3489 1316 quod
3526 1246 3625 1299 Do-

2038 1345 2217 1397 minus
2270 1353 2513 1407 tempore
2577 1341 2866 1398 differebat
2932 1340 3147 1395 vincula
3181 1379 3197 1401 ,
3250 1340 3623 1409 captivitatem

2038 1444 2202 1505 atque
2255 1435 2542 1505 supplicia,
2609 1436 2724 1491 sive
2775 1433 3027 1490 ultimum
3080 1433 3269 1503 judicii
3309 1432 3478 1497 diem,
3511 1433 3622 1501 jam

2040 1527 2203 1582 rebus
2242 1527 2558 1597 enpleturus
2587 1537 2690 1593 est,
2731 1534 2785 1581 et
2819 1522 3320 1591 consummaturus,
3343 1534 3397 1579 et
3426 1523 3623 1577 abbre-

2037 1620 2304 1674 viaturus.
2338 1619 2525 1689 Itaque
2554 1633 2654 1687 ego
2691 1619 2952 1689 prepheta
2976 1632 3096 1687 qute
3127 1632 3157 1671 a
3192 1614 3359 1687 384
3396 1616 3625 1669 Domino

2041 1713 2148 1767 Deo
2175 1711 2552 1782 omnipotente
2603 1710 2782 1765 lutura
2837 1708 3069 1780 cognovi
3118 1722 3283 1776 super
3311 1706 3622 1760 universam

2041 1816 2264 1868 terram,
2308 1803 2422 1858 haec
2456 1802 2610 1857 vobis
2658 1801 2875 1866 nuntio,
2930 1809 2989 1854 ut
3051 1798 3428 1852 imminentem
3486 1796 3622 1848 iram

2040 1895 2358 1968 poenitentia
2394 1893 2758 1964 prteveniatis.
2810 1891 2976 1947 Juxta
3033 1889 3174 1944 LXX
3209 1892 3326 1960 ipse
3361 1888 3621 1942 Dotninus

2041 1991 2195 2061 quasi
2232 2006 2387 2045 mons
2418 1990 2706 2058 impiorum
2729 1987 2935 2041 dicitur
2961 1993 3311 2040 surrecturus
3327 1992 3381 2036 et
3404 1980 3621 2035 futurus

2043 2085 2096 2138 in
2126 2084 2264 2137 valle
2292 2082 2518 2137 Gabaou
2549 2124 2564 2149 ,
2598 2090 2656 2136 ut
2700 2081 2859 2135 faciat
2900 2094 3066 2149 opera
3103 2093 3221 2141 sua,
3277 2092 3396 2146 quae
3436 2074 3621 2130 omnia

2044 2194 2211 2233 unum
2238 2193 2378 2248 opus
2404 2188 2489 2232 est
2517 2174 2898 2232 amaritudinis
2939 2190 2955 2230 :
2990 2172 3131 2243 quod
3170 2184 3510 2240 nequaquam
3544 2171 3622 2221 vio

2042 2269 2240 2326 deatur
2280 2284 2401 2325 esse
2430 2269 2831 2340 blasphemum.
2884 2266 2999 2321 Non
3033 2266 3177 2319 enim
3207 2264 3339 2318 dicit
3380 2262 3621 2316 futurum

2043 2363 2331 2419 Dominum
2384 2372 2622 2418 montem
2671 2362 2987 2431 impiorum.
3041 2360 3136 2415 sed
3170 2357 3325 2431 quasi
3362 2366 3620 2418 montem,

2043 2458 2133 2525 qui
2156 2456 2337 2526 impiis
2355 2466 2406 2509 et
2425 2455 2822 2510 sustinentibus
2842 2454 3089 2507 videatur
3105 2467 3225 2506 esse
3252 2448 3622 2521 graviSsituus.

2045 2548 2328 2614 Quomodo
2367 2550 2410 2602 si
2441 2548 2584 2602 liiius
2617 2548 2895 2617 negligens
2933 2556 2985 2599 et
3010 2544 3150 2599 alter
3199 2551 3462 2612 aegrotus.
3518 2556 3611 2609 pa-

2044 2647 2179 2694 trem
2207 2648 2259 2693 et
2285 2638 2552 2693 medicum
2588 2648 2778 2708 putent
2820 2652 2943 2691 esse
2977 2634 3247 2697 crudeles,
3294 2636 3341 2689 si
3374 2649 3466 2688 eos
3499 2648 3622 2687 ver-

2048 2730 2272 2785 beribus
2294 2741 2452 2799 atque
2483 2731 2726 2786 cauterio
2750 2731 3049 2800 disciplina:
3069 2732 3355 2784 restituant
3380 2727 3621 2783 sanitati.

2046 2822 2349 2892 Consul-get
2401 2825 2549 2877 enim
2596 2822 2860 2876 Dominus
2892 2834 2940 2876 et
2973 2823 3076 2876 erit
3131 2821 3184 2874 in
3215 2820 3355 2875 valle
3382 2818 3620 2881 Gabaou,

2048 2928 2270 2986 propter
2309 2931 2405 2972 eos
2460 2915 2555 2984 qui
2585 2930 2707 2969 cum
2740 2914 2808 2969 ob
2838 2923 3063 2985 peccata
3102 2914 3159 2968 in
3215 2912 3409 2968 humili
3444 2912 3622 2966 consi-

361 3026 477 3063 rum
510 3015 801 3075 consurget
840 3004 1118 3069 Dominus,
1161 3012 1211 3056 ct
1252 3004 1354 3056 crit
1402 3004 1454 3054 in
1492 2999 1627 3055 valle
1678 2998 1937 3065 Gabaon;

2049 3017 2197 3062 stant
2252 3008 2392 3074 loco,
2437 3017 2657 3077 propter
2712 3014 2977 3060 tumorem
3013 3003 3179 3059 anitni
3239 3004 3522 3074 eriguntur
3567 3002 3620 3055 in

358 3118 479 3155 runt
514 3100 699 3155 furore
727 3098 892 3153 faciet
924 3112 1088 3167 Opera
1125 3111 1247 3157 sua,
1282 3092 1674 3147 amaritudinis
1709 3106 1844 3159 opus
1889 3100 1941 3143 et

360 3196 510 3247 luror
534 3192 654 3263 ejus
683 3191 837 3262 quasi
872 3189 1063 3244 alienis
1099 3188 1357 3242 abutetur
1386 3204 1400 3241 :
1430 3196 1485 3239 et
1530 3185 1703 3239 aliena
1733 3185 1939 3237 amari-

364 3287 495 3343 tudo
549 3287 688 3356 ejus.
733 3285 800 3339 Et
839 3297 937 3337 vos
993 3281 1162 3334 nolite
1218 3279 1407 3343 tartari,
1443 3292 1508 3330 ne
1563 3275 1944 3331 roofnrtentur

361 3377 569 3435 vincula
631 3385 834 3435 vestra,
874 3373 998 3443 quia
1042 3383 1450 3425 consummatus
1509 3378 1564 3421 et
1599 3366 1943 3421 altbrex‘iatas

364 3490 448 3529 res
500 3470 678 3526 audivi
709 3482 737 3522 a
781 3469 1010 3523 Domino
1063 3464 1171 3519 Deo
1219 3458 1480 3524 Sabaoth,
1512 3476 1648 3530 quas
1700 3460 1944 3512 facturus

360 3576 443 3622 est
488 3580 651 3634 super
675 3578 894 3618 Omnem
939 3570 1162 3614 terram.
1202 3576 1221 3609 ι
1263 3554 1522 3627 Lapidem
1554 3556 1853 3625 pretiosum
1888 3554 1942 3606 in

359 3657 728 3717 fundamentis
768 3656 899 3711 Sion
943 3653 1247 3723 positurum
1281 3666 1338 3703 se
1372 3647 1641 3703 Dominus
1681 3647 1945 3715 repromi-.

360 3756 451 3818 sit,
478 3761 543 3805 nt
572 3750 922 3805 subverteret
949 3746 1160 3817 gramlo
1189 3742 1531 3798 mendacium
1565 3750 1616 3794 et
1651 3741 1942 3810 impiorum

360 3860 548 3923 spem;
581 3842 867 3911 fmdusque
890 3857 1013 3895 cum
1038 3847 1213 3893 morte
1240 3848 1294 3891 et
1323 3847 1538 3907 pactum
1573 3851 1698 3888 cum
1734 3836 1945 3889 inferno

364 3947 661 4007 tempestas
693 3934 870 3989 valida
896 3932 1101 3987 deleret
1161 3932 1328 3994 Quem
1368 3931 1490 3998 quia
1525 3927 1800 3995 SUrClptfl‘c
1826 3928 1945 3979 illu-

361 4043 515 4087 sores
549 4026 825 4098 principes
878 4025 1192 4088 noluerunt,
1241 4023 1379 4076 sicut
1432 4021 1705 4087 quondam
1753 4032 1943 4071 contra

367 4118 707 4190 Allopltylos,
747 4125 1003 4187 regnante
1050 4115 1219 4170 David
1276 4114 1328 4165 in
1375 4123 1556 4165 monte
1588 4110 1943 4171 divisionum,

368 4215 457 4284 qui
481 4212 746 4267 liebraice
772 4208 1145 4279 appellabatur
1163 4204 1274 4278 [ΑΙ.
1310 4202 1646 4277 appellatur]
1692 4220 1947 4273 rutnnsitu

370 4300 635 4377 tam-.5),
676 4300 933 4354 Dominus
967 4300 1205 4353 concidit
1231 4298 1576 4351 advt-tsarios
1639 4301 1948 4377 suos,n‘n-te

2045 3098 2643 3170 superbiaerabaon
2700 3099 2870 3162 enim,
2903 3098 3055 3151 collis
3109 3096 3535 3164 interpretatur:
3569 3103 3625 3148 ut

2049 3190 2217 3243 faciat
2269 3203 2438 3257 Opera
2494 3204 2589 3242 sua
2639 3204 2763 3258 qua:
2813 3198 2940 3242 sunt
2990 3201 3155 3257 opera
3208 3184 3621 3250 amaritudinis;

2047 3285 2265 3352 quando
2308 3281 2521 3350 cogitur
2557 3289 2768 3334 mutare
2816 3280 3183 3343 clementiam,
3221 3288 3277 3333 et
3329 3294 3429 3349 pro
3462 3278 3621 3339 dulci,

2047 3390 2272 3428 amarus
2293 3374 2543 3428 edicitur.
2580 3371 2746 3442 Igitur
2774 3388 2863 3427 vos
2899 3375 2991 3440 qui
3029 3372 3145 3427 haec
3177 3372 3309 3427 estis
3337 3373 3622 3441 aliquando

2051 3471 2285 3538 passuri,
2321 3485 2465 3524 nunc
2496 3470 2663 3524 nolite
2690 3469 2861 3524 laetari
2893 3468 2981 3522 illa
3017 3468 3202 3523 laetitia
3236 3483 3341 3538 qua
3359 3455 3623 3538 gaudebat

2048 3575 2102 3617 cl.
2129 3564 2281 3619 dives
2310 3564 2365 3617 in
2394 3563 2646 3618 convivio
2666 3572 3019 3633 purpuratus,
3049 3561 3399 3623 et_Lazarum
3426 3575 3623 3632 paupe-

2052 3675 2161 3712 rem
2200 3657 2482 3727 negligens
2533 3656 2686 3725 (Luc.
2724 3656 2838 3718 xvi)
2877 3674 2893 3717 ς
2940 3672 3006 3711 ne
3073 3656 3213 3710 forte
3268 3657 3399 3711 [iant
3447 3666 3621 3711 vestra

2047 3752 2262 3806 vincula
2302 3752 2550 3805 fortiora.
2607 3750 2738 3817 Qua:
2770 3751 2913 3805 enim
2941 3748 3184 3804 facturus
3208 3759 3295 3804 est
3328 3748 3611 3815 Dominus,

2048 3855 2102 3899 et
2137 3842 2300 3898 rebus
2327 3860 2479 3897 suam
2522 3844 2852 3898 sententiam
2886 3842 3288 3910 completurus.
3320 3841 3434 3896 haec
3456 3849 3619 3911 egoet

2050 3936 2255 3997 audivi,
2279 3944 2335 3989 et
2368 3934 2521 3989 vobis
2563 3936 2742 3989 omnia
2781 3933 3049 3989 nuntiavi.
3105 3933 3368 4001 Quodque
3400 3932 3573 3986 intulit
3604 3948 3619 3984 :

2048 4025 2221 4096 Supra
2250 4042 2455 4079 onmem
2490 4033 2711 4089 terram,
2750 4023 2901 4092 iuxta
2936 4024 3242 4090 historiam,
3272 4021 3476 4080 Juda‘a:
3522 4034 3623 4078 ter-

2051 4122 2229 4174 minos
2268 4118 2538 4188 intellige:
2567 4116 2722 4186 juxta
2755 4133 3054 4184 auagogen,
3098 4115 3264 4171 totius
3310 4117 3519 4172 mundi.

2123 4210 2303 4281 (Vers.
2351 4210 2422 4263 25
2466 4214 2645 4278 seqq.)
2682 4225 2702 4260 ι
2739 4208 2976 4262 Auribus
3028 4208 3290 4276 percipite
3343 4218 3400 4264 et
3446 4209 3623 4264 audite

2053 4317 2240 4357 vocem
2272 4318 2446 4356 meam
2479 4317 2494 4354 :
2528 4301 2798 4356 attendite
2823 4312 2879 4355 et
2908 4302 3092 4354 audite
3121 4299 3401 4369 eloquium
3431 4312 3619 4360 meum.

369 4410 419 4471 et
450 4400 602 4453 locus
632 4408 831 4450 nomen
864 4392 1091 4460 accepit.
1153 4389 1221 4444 Et
1271 4390 1410 4455 sit-ut
1455 4388 1507 4442 in
1538 4390 1673 4443 valle
1697 4367 1940 4453 Gdbil'tll,
1980 4382 2022 4436 D
2056 4394 2306 4465 quuid
2363 4403 2478 4449 ιυιη
2509 4393 2599 4448 δίε
2630 4396 2809 4448 amb“
2843 4410 3004 4449 armis
3040 4408 3093 4450 ιη
3125 4367 3294 4463 seu“,
3323 4400 3625 4469 prosciudﬂ

371 4491 473 4547 sub
495 4489 624 4544 .lesu
679 4485 946 4555 principe,
979 4485 1195 4552 quamlo
1247 4481 1439 4534 fiducia
1479 4483 1772 4535 tzabitantis
1796 4480 1849 4533 itt
1883 4495 1945 4534 se

374 4581 461 4637 Dei
490 4579 702 4632 locutus
724 4584 806 4628 est
842 4589 858 4629 :
895 4573 1007 4627 Stet
1039 4570 1122 4624 sol
1152 4572 1203 4624 in
1243 4568 1483 4638 Colman,
1525 4581 1573 4624 et
1605 4570 1732 4625 (una
1760 4581 1947 4624 contra

373 4674 558 4731 callem
590 4668 785 4742 Ajalon
816 4666 925 4741 [λι.
975 4664 1134 4736 Ειυη]
1189 4664 1373 4734 (Justte
1424 4682 1477 4730 κ,
1538 4665 1666 4733 12);
1699 4675 1753 4718 ct
1798 4668 1949 4719 sicut,

371 4769 450 4822 θυι
482 4765 658 4833 spatio
689 4761 849 4814 unius
889 4758 1035 4819 diei;
1084 4759 1344 4826 multith
1382 4759 1446 4816 de
1484 4757 1807 4827 alienigenis
1858 4774 1948 4828 pe-

375 4862 618 4913 rierunt:
661 4857 741 4910 sic
789 4863 976 4907 centra
1022 4854 1215 4920 impios
1268 4863 1322 4906 et
1378 4851 1633 4907 iilusores
1678 4852 1950 4906 irascetur

373 4951 649 5014 timiditas,
686 4956 742 4999 ut
782 4943 942 4998 faciat
969 4958 1105 5013 opus
1133 4959 1313 4998 suum.
1354 4941 1468 4995 Non
1504 4943 1786 4997 est’enim
1812 4957 1949 5011 opus

377 5041 584 5093 Dutnini
642 5039 870 5107 perdere
927 5052 1062 5104 quos
1125 5035 1378 5100 creat-it;
1431 5040 1527 5087 sed
1578 5034 1761 5089 lacere
1812 5050 1949 5102 opus

376 5111 635 5192 alienum,
668 5131 809 5198 quod
850 5129 914 5183 ad
946 5128 1327 5183 crudelitatem
1363 5129 1535 5199 magis
1567 5144 1725 5196 quam
1751 5131 1816 5182 ad
1847 5131 1953 5182 cle-

379 5222 635 5276 mentiam
665 5221 914 5287 pertinet.
952 5218 1297 5289 ltttrsumque
1329 5220 1381 5274 id
1416 5221 1591 5295 ipsum
1626 5220 1749 5275 aliis
1774 5221 1952 5276 verbis

378 5312 592 5384 repetit,
625 5318 679 5362 ut
710 5324 951 5377 operetur
984 5327 1111 5379 Opus
1141 5328 1316 5367 suum.
1371 5310 1490 5366 Non
1534 5321 1617 5369 est
1651 5327 1789 5383 opus
1836 5312 1955 5383 ejus

454 5538 469 5567 ¹
499 5535 642 5590 Idem
673 5550 765 5602 pro
789 5548 888 5605 quo
919 5534 969 5587 in
997 5532 1169 5589 LXX.
1213 5534 1278 5590 Et
1309 5550 1453 5604 mox,
1488 5536 1626 5607 quod
1650 5552 1803 5606 quem
1832 5553 1957 5605 sen-

378 5626 513 5665 Sttnt,
552 5621 658 5660 εἰς.

452 5680 471 5708 ³
514 5678 657 5751 Legit
725 5675 995 5734 Victorius
1046 5676 1147 5732 sub
1210 5677 1588 5751 interrOgandi
1638 5688 1787 5749 nota,
1841 5690 1954 5738 tum

2052 4500 2103 4543 et
2131 4488 2329 4543 sarriet
2367 4488 2592 4542 humum
2646 4488 2841 4542 suam?
2868 4488 3058 4545 Nonne
3112 4506 3238 4546 cum
3269 4492 3625 4563 adaequaverit

2053 4581 2245 4637 faciem
2285 4580 2426 4651 ejus,
2461 4589 2603 4637 seret
2626 4582 2764 4651 gitlt,
2798 4590 2854 4635 et
2880 4584 3152 4651 cyminum
3185 4595 3427 4656 sparget,
3456 4596 3513 4640 et
3538 4602 3622 4654 po-

2055 4687 2146 4730 net
2176 4676 2417 4729 triticum
2450 4690 2547 4744 per
2577 4676 2846 4735 ordinem.
2887 4685 2943 4729 et
2994 4674 3280 4741 hordeum,
3318 4686 3377 4731 et
3399 4678 3621 4741 milium,

2054 4781 2108 4823 et
2136 4769 2330 4822 \iciam
2372 4767 2427 4820 iu
2456 4766 2653 4821 finibus
2687 4766 2837 4820 suis?
2868 4765 2933 4821 Et
2972 4768 3183 4823 erudiet
3231 4769 3385 4824 illum
3409 4770 3465 4824 in
3490 4771 3624 4841 judi-

2052 4860 2169 4924 cio;
2205 4858 2349 4914 Deus
2387 4874 2522 4913 suos
2571 4857 2789 4913 docebit
2831 4858 3005 4913 illum.
3050 4858 3169 4915 Non
3200 4844 3348 4915 enini
3385 4863 3437 4916 in
3465 4865 3622 4917 serris

2057 4950 2402 5003 triturahitur
2429 4947 2568 5018 gith,
2604 4965 2706 5003 nec
2753 4959 2870 5003 rota
2907 4949 3134 5019 plaustri
3165 4968 3328 5022 super
3354 4956 3619 5023 cyminum

2056 5043 2350 5110 circuibit;
2403 5042 2496 5097 sed
2542 5045 2686 5111 virga
2743 5044 3051 5098 escutietur
3080 5044 3216 5110 gith,
3261 5054 3317 5099 et
3354 5047 3616 5116 cyminum

2056 5136 2289 5191 baculo:
2324 5137 2478 5205 panis
2508 5146 2689 5190 autem
2734 5135 3159 5191 comminuetur.
3198 5136 3395 5193 Verum
3435 5156 3538 5193 non
3567 5141 3616 5193 in

2059 5238 2377 5296 perpetuum
2432 5233 2699 5282 triturans
2734 5228 3015 5283 triturahit
3046 5230 3221 5297 illum,
3267 5246 3446 5301 neque
3474 5247 3617 5286 vexa-

2060 5317 2137 5372 bit
2165 5331 2288 5371 eum
2326 5325 2442 5370 rota
2489 5316 2736 5385 plaustri,
2781 5331 2961 5387 neque
3012 5317 3232 5387 ungulis
3269 5318 3386 5374 suis
3413 5320 3620 5374 commi-

2062 5540 2212 5624 addit
2245 5556 2596 5610 nequaquam,
2626 5557 2729 5610 qua
2762 5542 3118 5621 distinctione
3149 5552 3203 5597 et
3229 5544 3506 5598 additioae
3535 5556 3618 5593 V0-

2063 5616 2143 5665 cis
2169 5627 2428 5739 ΐὲιυᾶιμέιιιιι
2456 5624 2511 5670 et
2540 5616 2877 5670 contrarium
2928 5630 3148 5671 sensum
3192 5617 3404 5670 restitui
3436 5616 3618 5670 debere

2061 5696 2161 5740 COD
2223 5696 2258 5736 n
2297 5697 2359 5738 ι.
