3952 6180
218 375 339 439 3η

766 375 1267 436 (ΣΠΜΜΕΝΤΑΒ.
1308 376 1389 435 ιΝ
1434 376 1693 436 lSAlAM
1744 378 1828 437 PH

1934 380 2202 440 manu
2244 380 2390 443 LlB.
2434 364 2541 446 Ix;
2580 382 2740 441 CAP.
2780 380 2996 441 xm.

3409 376 3513 439 338

219 504 365 549 nuet
427 508 572 546 enin.
622 491 689 544 Et
738 491 841 546 hoc
888 506 916 543 ιι
976 489 1489 545 Deo'exercituum
1540 492 1727 557 exivit,
1769 502 1825 545 ut
1856 495 2150 565 Ajustitire
2202 497 2632 565 magnitudinem
2691 504 2965 551 monstrat
3012 494 3063 546 in
3118 495 3347 547 cunt-tis.
3386 493 3508 546 llam

218 584 486 640 mirabile
522 582 723 638 faceret
771 583 1086 648 consilium,
1147 593 1200 636 ct
1253 583 1623 651 tuaguilicaret
1666 585 1817 655 justi-

221 680 389 729 tiam.
428 695 446 727 ι
483 673 627 729 LXX
665 690 679 727 :
721 695 739 727 ι
778 665 1023 729 Auribus
1050 673 1312 742 percipite
1351 687 1404 727 et
1428 677 1613 730 audite
1638 693 1822 730 vocem

220 785 407 821 nteant
444 768 821 823 :attenditect
845 768 1033 822 audite
1050 783 1333 822 sermones
1352 782 1525 823 meos.
1564 767 1821 837 Nunquid

219 861 400 932 385
433 873 542 914 tota
584 862 671 914 die
700 862 880 914 arabit
910 861 1003 930 qui
1037 872 1177 926 arat,
1214 870 1308 914 aut
1349 874 1651 916 sementem
1690 878 1825 931 prsc-

222 958 449 1023 parabit
471 964 765 1022 antequam
793 966 1062 1022 praeparet
1090 954 1333 1010 terram?
1357 951 1617 1022 Nunquid
1648 957 1669 987 ⁸
1699 971 1823 1009 cum

226 1048 608 1116 adzquarerit
664 1048 854 1100 t:u-iem
918 1046 1061 1115 ejus,
1114 1057 1244 1099 tunc
1302 1032 1825 1115 scminabitgitbet

224 1142 537 1209 ryrniuum,
584 1147 641 1191 rt
702 1154 916 1193 rursum
980 1139 1273 1191 scminahit
1325 1137 1588 1200 triticum,
1619 1150 1673 1192 et
1706 1140 1829 1194 bor-

225 1236 427 1296 tlcum,
467 1243 517 1285 et
545 1231 776 1294 milium,
803 1239 857 1285 et
890 1228 971 1283 far
999 1230 1050 1283 in
1076 1229 1275 1284 finibus
1313 1230 1442 1290 tuis.
1470 1238 1527 1284 et
1558 1230 1829 1285 erudieris

224 1328 452 1398 judicio
504 1326 624 1390 Dei,
674 1337 728 1379 ct
786 1323 1099 1377 lzetaberis?
1126 1323 1244 1377 Non
1287 1324 1436 1378 enim
1470 1340 1594 1378 cutn
1628 1323 1825 1377 duritia

231 1418 535 1472 tumulatur
567 1417 705 1487 gitlt,
769 1430 946 1484 neque
1006 1426 1122 1468 rota
1176 1413 1402 1484 plaustri
1439 1414 1637 1469 circuit
1666 1430 1830 1483 super

232 1512 556 1579 cyminum,
603 1508 696 1561 sed
745 1507 895 1577 virga
946 1508 1223 1561 excutitur
1280 1506 1502 1574 gitlt,et
1550 1507 1841 1576 cytuiuum'

230 1626 244 1653 ι
269 1621 365 1655 ιιιιι
395 1619 533 1668 pane
552 1602 879 1656 comeditur.
916 1600 1104 1670 Neque
1150 1599 1297 1655 enim
1337 1599 1389 1653 in
1431 1597 1826 1666 sempiternum

227 1712 343 1765 ego
368 1697 577 1749 irascar
603 1696 757 1750 vobis
791 1712 806 1759 ;
837 1710 939 1747 nec.
987 1709 1091 1749 vox
1133 1692 1514 1748 amaritudinis
1537 1707 1668 1746 mea:
1700 1706 1830 1744 cou-

230 1791 484 1843 r-ulcabit
518 1805 634 1854 vos,
667 1798 719 1843 et
746 1791 857 1843 haec
890 1788 1123 1842 Domino
1142 1795 1270 1841 sunt
1299 1800 1521 1856 egressa
1556 1792 1824 1855 portenta.

230 1882 378 1936 liite
416 1882 722 1943 consilium,
779 1880 1018 1934 exaltate
1071 1893 1264 1932 vanam
1312 1876 1766 1932 consolationem.
1801 1892 1820 1925 ι

234 1976 319 2030 Ad
349 1977 566 2029 eosdem
593 1989 735 2026 nunc
757 1976 917 2027 t-liaut
944 1971 1212 2040 loquitur,
1244 1969 1441 2039 quibus
1471 1982 1635 2037 supra
1671 1967 1825 2020 dixe-

234 2085 329 2123 rat.
361 2086 375 2125 :
408 2070 597 2123 Audite
619 2066 828 2121 verbum
867 2064 981 2125 Dei.
1017 2063 1116 2118 viri
1154 2064 1421 2127 illusores,
1466 2062 1553 2133 qui
1585 2060 1828 2113 domina-

233 2163 370 2217 mini
397 2178 554 2232 utpar
585 2159 837 2230 populum
878 2175 1047 2213 meum
1075 2158 1264 2228 quiest
1300 2157 1356 2208 iu
1376 2153 1677 2210 Jerusalem
1708 2169 1726 2207 :
1767 2164 1822 2208 et

234 2258 490 2324 pri-cipit
519 2255 623 2318 cis,
676 2263 734 2307 ut
787 2267 973 2306 vocem
1020 2250 1141 2320 ejus
1172 2249 1420 2315 audiant,
1464 2259 1517 2303 et
1548 2247 1825 2316 eloquium

236 2349 389 2401 illius
419 2347 704 2415 diligenter
752 2346 1059 2399 attendant.
1105 2341 1390 2411 Nunquid,
1436 2341 1535 2407 ait,
1588 2336 1825 2407 agricola

237 2454 461 2504 semper
485 2437 687 2503 arabit,
748 2445 806 2488 ut
858 2442 1159 2489 sementem
1200 2431 1410 2502 jaciat?
1447 2430 1641 2484 Nonne
1678 2427 1830 2494 prius

237 2530 553 2598 proscindet
586 2530 831 2591 hutnmn,
865 2538 920 2582 et
968 2540 1192 2582 vomere
1236 2525 1418 2579 sulcos
1454 2522 1715 2581 revolvet,
1744 2518 1829 2589 ja-

240 2633 543 2689 t-cntcsque
567 2620 754 2691 glebas
785 2630 961 2675 rastro
988 2620 1204 2687 franget
1233 2626 1289 2671 et
1318 2614 1535 2671 sarculo
1570 2629 1585 2678 ;
1619 2620 1677 2666 ut
1705 2624 1830 2665 cum

242 2718 617 2785 adaequaverit
655 2712 998 2783 superﬁciem
1037 2724 1216 2773 terrae,
1252 2721 1302 2765 et
1336 2712 1473 2764 dura
1513 2708 1668 2777 prius
1699 2718 1830 2758 arva

244 2811 527 2869 n-ttlltct‘il,
594 2816 725 2861 tunc
774 2814 996 2874 spargat
1047 2803 1185 2872 gitb,
1240 2802 1354 2856 sive
1406 2800 1681 2871 cyminum
1711 2812 1832 2862 ;se-

248 2915 443 2970 ratque
472 2901 736 2965 triticum,
785 2910 838 2951 et
882 2899 1169 2960 hordeum,
1212 2905 1269 2950 et
1298 2892 1531 2954 milium,
1562 2899 1619 2946 et
1664 2890 1746 2943 far
1775 2889 1830 2943 iu

244 2996 447 3050 ﬁnibus
470 2996 607 3054 suis,
638 2994 792 3059 juxta
825 2991 1143 3045 varietatem
1195 2998 1355 3041 terra:
1398 2995 1453 3041 et
1486 2996 1786 3051 temporum
1813 2996 1831 3048 ;

244 3107 423 3157 neque
481 3092 630 3142 cnim
683 3085 844 3141 simul
894 3084 1076 3139 omnia
1131 3083 1495 3137 seminantur.
1532 3080 1641 3132 Pro
1687 3077 1833 3146 farre

240 3187 382 3246 quod
410 3180 585 3236 Graeci
610 3180 739 3242 ζέαν
767 3187 980 3236 vocant.
1001 3175 1223 3245 quidam
1248 3175 1435 3228 viciam
1460 3170 1770 3237 intelligunt
1788 3168 1828 3221 ³.

239 3275 538 3341 Ipsumque
596 3269 910 3340 agricolam,
964 3268 1015 3321 id
1074 3277 1178 3330 est,
1208 3276 1446 3320 sutorem
1475 3263 1655 3317 erudit
1689 3262 1829 3315 Deus

241 3366 571 3420 naturaliter
595 3363 802 3432 judicio
832 3378 952 3424 suo,
980 3369 1034 3414 ct
1061 3360 1219 3414 docet
1249 3357 1398 3411 illum
1425 3366 1482 3409 ut
1503 3354 1641 3410 sciat
1666 3366 1827 3421 quam

239 3462 327 3516 cui
367 3457 603 3514 sementi
642 3456 908 3510 culturam
961 3452 1235 3507 adhibeat.
1291 3448 1532 3517 Denique
1563 3461 1684 3499 cum
1717 3461 1830 3499 tue-

240 3556 386 3607 tcndi
423 3565 643 3621 tempus
675 3547 977 3612 advenerit,
1021 3546 1133 3616 gitb
1166 3553 1220 3597 et
1261 3541 1559 3614 cyminum,
1601 3552 1720 3608 quae
1747 3538 1830 3590 iu-

238 3646 485 3699 lirmiora
539 3652 664 3698 sunt
727 3642 960 3702 semina,
1018 3653 1121 3693 non
1171 3638 1307 3691 rotis
1353 3634 1716 3704 plaustrorum
1753 3642 1830 3683 te«

236 3750 474 3801 runtur,
535 3750 657 3805 quae
705 3734 760 3787 in
805 3745 1080 3786 serrarum
1148 3727 1557 3783 similitudinem
1615 3722 1826 3788 ferreae,

236 3832 687 3897 circumaguntur
717 3833 769 3880 et
812 3825 1113 3879 trahuntur
1148 3834 1314 3891 super
1353 3822 1634 3875 demessis
1668 3830 1827 3884 sege-

238 3935 355 3987 tes;
386 3925 482 3974 seel
532 3921 681 3988 virga
740 3918 1095 3971 excutiuntur
1139 3922 1192 3969 et
1244 3911 1458 3974 baculo,
1499 3924 1621 3977 qua:
1669 3907 1827 3976 vulgo

237 4014 451 4082 ﬂagella
467 4012 745 4066 dicuntur.
766 4008 929 4062 Panis
952 4016 1154 4073 autem,
1180 4005 1348 4069 idest,
1365 4002 1605 4056 triticum
1628 3999 1693 4054 de
1719 4014 1827 4068 quo

237 4109 475 4162 efﬁcitur
515 4105 695 4174 panis,
733 4103 870 4157 rotis
919 4099 1112 4155 ferreis
1150 4099 1370 4162 teritur,
1414 4107 1468 4149 ct
1501 4095 1681 4148 omnis
1711 4092 1829 4163 ejus

240 4201 443 4271 stipula
498 4196 889 4253 counuinuitur
932 4194 986 4247 in
1027 4193 1230 4263 paleas.
1282 4191 1668 4245 Verumtamen
1721 4201 1825 4240 non

240 4309 459 4363 semper
498 4301 725 4343 vexatur
765 4295 819 4340 ct
880 4287 1095 4350 teritur,
1151 4299 1254 4339 nec
1285 4283 1431 4337 omni
1466 4292 1707 4350 tempore
1745 4293 1831 4333 ro-

243 4398 423 4439 tarum
469 4382 686 4449 ungulis
740 4376 1166 4441 comminuitur;
1209 4388 1305 4442 pro
1366 4371 1564 4440 quibus
1616 4370 1669 4423 in
1722 4367 1832 4423 He-

243 4476 433 4532 braico
463 4474 663 4529 dicitur
692 4470 836 4540 equis
874 4484 1055 4522 earum
1105 4480 1124 4519 :
1173 4475 1231 4519 ut
1270 4464 1394 4533 quia
1424 4462 1649 4533 ungulas
1686 4472 1830 4514 rota-

1859 3180 1902 3240 C

1931 586 2407 656 παραφραστικῶς
2450 585 2707 653 diximus,
2767 597 2824 640 ut
2887 585 3098 640 facilius
3147 598 3364 640 sensum
3410 600 3509 650 pro

1928 693 2038 746 quo
2070 680 2173 732 ista
2205 679 2487 745 dicuntur,
2520 682 2791 748 possimus
2825 679 3150 749 intelligere.
3190 676 3332 730 Dcus
3364 677 3511 729 varie

1929 785 2102 837 genus
2127 772 2409 840 disyensat
2441 773 2763 836 humanum,
2802 788 2947 826 nunc
2979 772 3151 840 punit,
3184 784 3326 824 nunc
3352 771 3513 822 misc-

1930 871 2124 929 retur;
2166 880 2312 919 nunc
2342 865 2593 933 corripit,
2624 880 2768 919 nunc
2816 865 3059 918 defendit
3087 879 3103 928 ;
3146 862 3196 915 id
3227 870 3332 922 est,
3364 875 3511 913 nunc
3563 915 3567 919 ,

1930 965 2073 1022 arat,
2120 972 2268 1011 nunc
2320 957 2475 1022 serit,
2531 974 2677 1012 nunc
2730 968 2971 1011 maturas
3031 956 3216 1023 fruges
3256 956 3428 1016 metit,
3461 962 3513 1007 ct

1928 1049 2210 1104 demesSas
2242 1051 2293 1103 iu
2327 1051 2471 1105 areis
2508 1054 2657 1113 terit,
2705 1050 3007 1118 urbemque
3035 1066 3195 1104 suum
3253 1047 3517 1116 gubernat

1931 1149 1992 1194 ut
2010 1139 2265 1196 voluerit.
2292 1143 2417 1197 Cillt
2461 1152 2516 1195 et
2548 1142 2848 1213 cyminum,
2878 1142 2929 1194 id
2978 1150 3084 1205 est,
3109 1155 3301 1194 omnes
3326 1147 3518 1207 gentes

1930 1247 2051 1299 qua:
2085 1248 2192 1286 non
2229 1246 2549 1302 receperunt
2603 1234 2722 1304 ejus
2776 1233 3044 1298 notitiam,
3096 1248 3193 1286 nec
3237 1230 3521 1296 Legisba-

1930 1329 2100 1384 buere
2135 1339 2422 1397 ιη’ίιξιδυριὲι,
2452 1330 2603 1397 virga
2635 1330 2889 1406 ementh
2920 1336 2974 1382 et
3017 1327 3247 1390 baculo;
3278 1326 3522 1379 l'rumctt'

1931 1430 2045 1475 tum
2108 1432 2314 1484 autem,
2367 1424 2418 1476 id
2479 1431 2583 1484 cst,
2638 1422 2891 1492 populum
2943 1420 3254 1497 Judaaot'uut
3310 1421 3521 1489 magnis

1935 1514 2216 1582 ιοιηιιι-ιιίι
2249 1514 2553 1581 suppliciis.
2586 1513 2683 1567 Cui
2725 1512 2870 1566 enim
2927 1514 3048 1583 plus
3090 1512 3363 1578 creditur,
3401 1512 3520 1579 plus

1932 1606 2184 1673 exigetur
2219 1609 2287 1661 ab
2319 1621 2407 1661 co.
2456 1604 2523 1658 Et
2558 1621 2758 1669 servus,
2788 1608 2881 1674 qui
2924 1607 3021 1659 scit
3055 1607 3373 1660 voluntatem
3414 1605 3522 1658 Do-

1932 1699 2064 1752 mini
2104 1700 2207 1757 sui.
2245 1708 2292 1751 et
2321 1715 2423 1751 ιιοιι
2456 1698 2640 1768 fecerit
2673 1715 2813 1762 eam,
2844 1698 3116 1768 vapulabit
3148 1699 3329 1751 multis
3364 1695 3517 1763 (Luc.

1934 1806 2034 1847 xtl.
2074 1791 2199 1859 47);
2254 1805 2308 1843 et
2359 1793 2415 1843 in
2476 1790 2583 1844 alio
2635 1792 2755 1844 loco
2806 1793 3070 1860 scriptum
3118 1800 3201 1843 est
3238 1807 3250 1845 :
3282 1787 3522 1865 Potentes

1931 1892 2167 1950 patenter
2200 1890 2461 1935 tormenta
2501 1885 2769 1949 patientur
2814 1882 2969 1953 (Sup.
3016 1898 3091 1947 Vt,
3132 1881 3202 1950 7).
3241 1881 3523 1936 Verumta-

1933 1990 2053 2027 ιιιιοιι
2085 1990 2193 2028 ιιοιι
2224 1988 2319 2028 eos
2353 1975 2624 2044 torquebit
2678 1976 2731 2028 iu
2785 1984 3126 2044 perpetuum.
3168 1974 3326 2029 Aliud
3375 1973 3522 2027 enim

1930 2074 2164 2119 estesse
2208 2065 2454 2133 impium,
2494 2065 2638 2119 aliud
2681 2075 3048 2134 peccatorum.
3107 2066 3258 2132 Quod
3318 2079 3415 2118 nos
3458 2063 3527 2116 de

1932 2158 2191 2225 gentibus
2215 2168 2268 2211 et
2314 2157 2518 2212 Judzeis
2573 2157 2922 2228 interpretati
2966 2174 3177 2222 sumus,
3215 2157 3306 2211 alii
3358 2173 3525 2227 expo-

1933 2260 2067 2304 nunt
2096 2266 2267 2320 super
2314 2251 2513 2317 topulo
2574 2260 2628 2304 ct
2688 2250 3085 2316 sacerdotibus,
3145 2250 3289 2318 quod
3332 2251 3527 2318 vulgus

1933 2341 2212 2395 indoctum
2246 2341 2300 2395 in
2323 2340 2408 2395 die
2441 2339 2630 2409 judicii
2660 2343 2817 2410 quasi
2856 2341 2970 2411 gitb
3001 2351 3056 2396 et
3095 2340 3369 2411 cyminum
3401 2355 3526 2394 cor-

1932 2432 2166 2503 ripiatur
2195 2434 2342 2503 virga
2383 2445 2437 2488 et
2466 2433 2699 2500 baculo;
2738 2440 3057 2489 sacerdotes
3092 2447 3274 2488 autem
3302 2432 3390 2502 qui
3425 2433 3525 2486 ba-

1936 2528 2171 2581 bueruut
2229 2525 2432 2581 clavem
2476 2525 2744 2591 scientiae,
2806 2526 3016 2595 magnis
3068 2525 3352 2594 suppliciis
3416 2535 3527 2578 tor-

1935 2629 2208 2688 queantur
2239 2634 2254 2682 ;
2283 2625 2338 2672 et
2371 2617 2473 2671 hoc
2507 2615 2726 2671 Domini
2774 2616 2865 2671 fiat
2902 2617 3128 2687 judicio,
3164 2618 3254 2686 qui
3287 2618 3527 2672 ostendit

1934 2708 1990 2764 in
2060 2709 2274 2763 cunctis
2325 2709 2575 2765 mirabile
2630 2708 2921 2765 consilium
2983 2724 3144 2763 suum
3195 2718 3251 2763 et
3300 2709 3527 2779 justitia:

1933 2798 2246 2863 veritatem,
2279 2807 2338 2852 ut
2371 2798 2460 2867 qui
2493 2798 2612 2868 plus
2644 2805 2999 2873 acceperunt,
3028 2797 3149 2868 plus
3181 2798 3434 2867 exigatur
3455 2800 3524 2852 ab

1935 2889 2034 2945 eis.
2071 2888 2177 2942 Pro
2206 2904 2271 2944 eo
2297 2890 2440 2958 quod
2483 2904 2583 2945 nos
2629 2888 2972 2958 interpretati
3026 2904 3214 2946 smnus
3244 2907 3257 2956 ;
3290 2891 3343 2943 iu
3380 2890 3525 2960 virga

1935 2981 2232 3035 excutiatur
2259 2981 2395 3052 gitlt,
2453 2990 2504 3036 et
2552 2982 2816 3051 cyminum
2848 2982 2903 3035 iu
2934 2981 3146 3047 baculo,
3182 2983 3367 3037 nescio
3397 2982 3523 3051 quid

1940 3072 2180 3127 volentes
2209 3072 2351 3127 LXX
2395 3056 2792 3128 tranStulcruut
2827 3089 2841 3140 ;
2879 3075 3144 3145 cyminum
3195 3083 3370 3128 autem
3406 3089 3525 3128 cum

1936 3178 2072 3228 pane
2097 3165 2408 3219 ccmcditur.
2448 3163 2690 3232 Denique
2738 3173 2792 3217 ct
2837 3172 3048 3220 veteres
3091 3163 3314 3220 Graecize
3356 3164 3527 3218 inter-

1938 3264 2117 3321 prcles
2180 3253 2506 3309 llebraicum
2568 3256 2935 3320 disserentes,
2997 3257 3066 3312 de
3123 3257 3226 3311 hoc
3275 3269 3527 3313 sermone

1938 3356 2243 3410 tacuerunt,
2282 3349 2407 3415 quia
2465 3345 2696 3401 forsitan
2756 3345 2885 3415 quid
2930 3345 3177 3401 dicereut
3204 3360 3310 3399 non
3352 3347 3525 3401 habe-

1935 3438 2091 3492 bant.
2116 3437 2251 3491 Illud
2284 3448 2465 3491 autem
2500 3438 2550 3492 in
2596 3454 2708 3508 quo
2741 3452 2841 3492 nos
2875 3437 3030 3508 juxta
3068 3437 3397 3493 Hebraicum
3430 3454 3528 3507 po-

1935 3531 2185 3586 suimus:
2230 3530 2417 3585 Verum
2452 3549 2555 3586 non
2590 3534 2644 3586 iu
2670 3540 2971 3601 perpetuum
3009 3531 3269 3584 trituram
3300 3530 3528 3583 tritura-

1937 3624 2009 3678 bit
2064 3624 2237 3689 illum,
2300 3641 2460 3695 neque
2521 3625 2730 3680 vexabit
2780 3622 2932 3678 illum
2982 3632 3102 3677 rota
3151 3621 3402 3692 piautttri,
3434 3636 3535 3675 nec

1936 3720 2152 3790 ungulis
2186 3721 2297 3773 suis
2332 3720 2650 3772 comminuet
2678 3733 2817 3778 eum.
2856 3715 2995 3773 LXX
3032 3731 3136 3770 non
3175 3716 3329 3786 juxta
3360 3713 3527 3785 387

1934 3813 2185 3873 verbum,
2221 3809 2315 3865 sed
2356 3808 2513 3879 juxta
2554 3823 2772 3864 sensum
2821 3808 3164 3877 interpretati
3196 3814 3324 3861 sunt
3362 3822 3377 3859 :
3412 3801 3529 3858 Ne-

1934 3919 2032 3974 que
2059 3904 2196 3958 enim
2227 3920 2319 3973 ego
2354 3903 2409 3956 iu
2440 3902 2817 3971 sempiternum
2853 3902 3063 3954 irascar
3099 3898 3263 3965 vobis,
3300 3914 3394 3952 nec
3424 3913 3535 3951 vos:

1937 3994 2315 4049 amaritudinis
2338 4010 2464 4048 mea:
2484 3990 2812 4047 conculcabit
2833 4007 2951 4045 vos:
2971 3992 3326 4047 ostendentes
3344 3990 3527 4045 futura

1935 4086 2348 4159 peccatoribus,
2398 4094 2519 4157 post
2570 4093 2880 4148 tormenta,
2936 4082 3246 4153 refrigeria,
3302 4093 3357 4137 et
3411 4083 3535 4137 haec

1936 4181 2092 4251 quasi
2165 4186 2415 4250 portenta
2475 4187 2644 4250 atque
2714 4175 2985 4231 mirabilia
3057 4190 3279 4247 egressa
3333 4188 3454 4230 esse
3490 4189 3522 4229 a

1937 4272 2190 4328 Domino.
2226 4269 2381 4327 Unde
2429 4270 2742 4340 praecipitur
2774 4269 3153 4341 peccatoribus
3192 4267 3285 4338 qui
3333 4277 3530 4337 postea.

1936 4362 2192 4433 puniendi
2263 4372 2410 4429 sunt,
2468 4370 2527 4416 ut
2587 4363 2776 4417 ineant
2826 4359 3139 4427 consilium,
3163 4367 3218 4413 et
3280 4360 3523 4415 exaltant

1938 4454 2368 4511 consolationem
2440 4469 2635 4519 suam,
2691 4467 3037 4524 nequaquam
3094 4468 3329 4519 vanam,
3388 4461 3518 4507 uta

240 4587 360 4622 mm
420 4569 670 4630 δίηται,
730 4561 1100 4631 metaphoram
1152 4568 1397 4615 servaret
1460 4558 1513 4612 in
1573 4556 1817 4625 reliquis,
1853 4547 2063 4602 DLXX
2132 4549 2376 4602 additum
2438 4557 2559 4611 est,
2613 4545 2710 4600 sed
2762 4546 3010 4602 absolute
3066 4546 3521 4602 consolationem.

237 4665 474 4731 Quidam
502 4663 686 4714 volunt
715 4673 783 4713 ex
816 4672 881 4711 eo
928 4656 1068 4723 quod
1102 4653 1332 4721 ungulas
1359 4661 1415 4706 et
1449 4665 1619 4719 equos
1652 4650 1843 4704 ιιοιιιὶ-.

241 4756 417 4818 navit,
477 4752 688 4806 ostendi
751 4757 1019 4817 equarum
1082 4760 1292 4813 greges,
1335 4746 1429 4814 qui
1488 4744 1553 4798 ad
1606 4743 1825 4797 terenda

240 4848 273 4902 [ν
297 4855 515 4898 umeuta
551 4843 718 4913 386
745 4841 890 4897 arcis
928 4838 1149 4894 immitti
1182 4837 1432 4903 soleant;
1470 4835 1567 4891 sed
1601 4851 1705 4891 non
1735 4851 1829 4906 po-

242 4950 384 4995 lerat
418 4938 701 5007 Scriptura
743 4937 947 4997 dicere,
982 4932 1127 5002 quod
1179 4929 1361 4985 Judaaa
1396 4930 1678 4998 provincia
1717 4944 1826 4982 non

243 5031 504 5085 bibebat.
546 5029 884 5090 llocautem.
938 5026 992 5080 id
1039 5034 1146 5089 est,
1205 5033 1261 5078 ut
1314 5023 1428 5091 gitb
1475 5032 1527 5075 et
1555 5022 1828 5093 cyminum

242 5128 397 5193 virga
424 5122 771 5176 excutiantur
795 5128 850 5174 et
880 5118 1075 5173 baculo
1117 5133 1133 5181 ;
1170 5116 1503 5170 frumentum
1534 5113 1829 5169 hordeum-

242 5228 371 5282 qire,
413 5222 466 5265 et
504 5210 609 5273 far,
650 5208 886 5263 fortasse
915 5218 969 5261 et
992 5207 1225 5271 milium,
1252 5207 1387 5261 rotis
1419 5204 1612 5260 ferreis
1639 5213 1829 5258 coale-

248 5316 461 5367 rantur,
505 5303 705 5357 nonin
767 5315 1092 5372 perpetuum
1154 5299 1248 5355 Dei
1297 5298 1562 5369 judicium
1604 5307 1708 5361 est,
1741 5296 1831 5365 qui

247 5400 301 5453 iu
331 5398 588 5452 omnibus
618 5398 861 5451 ostendit
921 5393 1178 5448 mirabile
1232 5390 1525 5446 consilium
1570 5404 1751 5455 suum,
1779 5398 1833 5442 et

321 5576 336 5606 ⁸
380 5573 561 5629 Vatic.
594 5590 717 5629 cum
747 5571 899 5640 Vulg.
951 5571 1253 5639 interprete
1306 5571 1532 5640 ipsaque
1559 5570 1834 5640 Hierony-

251 5647 428 5700 miana
459 5643 738 5706 versione,
782 5661 814 5697 α
859 5641 1085 5696 Domino
1138 5642 1243 5696 Deo
1279 5657 1297 5698 :
1330 5643 1550 5696 minime
1593 5656 1722 5696 vero
1766 5642 1833 5695 ad

250 5713 543 5770 [labra-um
569 5716 948 5782 archetyptuu.

318 5791 338 5820 ³
375 5790 699 5841 Ληιονὲιιιιιε
729 5788 761 5837 lt
789 5801 851 5836 uc
873 5799 974 5850 urg
1015 5784 1103 5836 ιιιῘί
1139 5782 1484 5850 particulam,
1516 5798 1638 5843 non,
1669 5797 1830 5851 quam

247 5872 378 5915 mss.
418 5858 694 5927 ignorant,
736 5870 906 5924 neque
939 5859 1091 5909 habet
1121 5854 1342 5910 ϐιαιως
1369 5864 1547 5912 textus
1581 5852 1679 5923 οὐχ
1702 5853 1831 5907 ὅταν

1882 5678 1889 5691 .
1935 5639 2061 5707 (uis,
2104 5639 2247 5708 quod

1931 4644 2216 4714 Nunquam
2285 4644 2430 4696 enim
2500 4638 2648 4695 Deus
2695 4641 3038 4711 praeciperet,
3099 4651 3160 4696 ut
3222 4641 3527 4696 exultarent

1929 4749 2124 4787 vanam
2171 4731 2603 4787 consolationem
2637 4745 2815 4799 suam,
2839 4747 2961 4803 quae
2995 4733 3078 4788 eis
3112 4745 3218 4786 non
3256 4741 3373 4787 erat
3398 4745 3526 4801 pro-

1929 4826 2134 4880 futura.

2003 4917 2157 4988 (Cap.
2188 4916 2383 4973 XXIX.
2415 4946 2486 4958 -——
2524 4916 2726 4973 Vers.l
2766 4921 2946 4988 seqq.)
2990 4936 3010 4971 ι
3053 4914 3143 4972 Va:
3167 4916 3339 4983 Ariel,
3376 4916 3525 4971 Apici

1931 5010 2144 5074 civitas,
2176 5026 2339 5078 quam
2370 5012 2706 5081 expugnavit
2742 5010 2933 5067 David.
2967 5011 3199 5065 Additus
3228 5020 3311 5064 est
3341 5026 3524 5065 annus
3558 5049 3570 5061 .

1932 5104 1999 5157 ad
2028 5119 2255 5171 annum,
2296 5105 2674 5159 solemuilates
2712 5106 2947 5159 evoluta:
2993 5112 3141 5159 sunt.
3183 5103 3527 5159 Circutnva!-

1932 5196 2055 5251 labo
2079 5198 2249 5262 Aticl,
2284 5208 2340 5252 et
2369 5199 2474 5252 erit
2513 5198 2683 5253 tristis
2738 5207 2794 5252 et
2854 5212 3126 5265 intercus;
3164 5206 3219 5253 et
3250 5199 3355 5254 erit
3389 5198 3522 5253 mibi

1933 5292 2090 5362 quasi
2127 5290 2299 5345 Ariel.
2333 5290 2398 5344 Et
2439 5292 2798 5348 circumdabo
2828 5293 2981 5361 quasi
3014 5293 3283 5364 sphaeram
3322 5293 3374 5348 in
3413 5294 3523 5348 cir-

1933 5386 2082 5441 cuitu
2108 5393 2223 5451 tuo,
2244 5383 2510 5451 etjaciam
2532 5393 2722 5439 contra
2743 5394 2795 5438 te
2817 5395 3167 5456 agger-mmet
3189 5388 3523 5441 munimenta

1935 5568 2199 5640 ὀμαλίσῃ,
2232 5576 2342 5641 etc.
2374 5566 2495 5621 Mox
2530 5582 2747 5638 quoque
2793 5579 2912 5624 erat
2960 5573 3014 5625 in
3057 5571 3249 5641 ﬁnibus
3272 5571 3383 5625 suis
3427 5585 3525 5639 pro

2308 5654 2442 5692 mss.
2496 5641 2818 5708 praeferunt,
2872 5645 3208 5697 assentiente
3247 5640 3437 5697 Graaco
3465 5643 3526 5693 ὲν

1934 5713 2047 5773 τοῖς
2074 5710 2244 5782 Optat;
2277 5724 2373 5761 σου
2392 5723 2414 5775 ;
2449 5709 2658 5764 tametsi
2688 5710 2954 5781 refragari
2980 5714 3323 5781 subsequens
3354 5726 3527 5782 expo-

1936 5781 2065 5837 sitio
2097 5780 2368 5835 videatur.

2009 5851 2029 5882 ³
2070 5849 2203 5908 Vide
2229 5864 2350 5921 qua
2377 5862 2708 5912 aunotamus
2747 5854 2802 5910 in
2839 5852 3146 5912 Ezechielis
3172 5865 3292 5924 cap.
3327 5866 3406 5908 tv.

3498 5848 3521 5859 τ’
