3952 6180
422 330 531 392 339

1582 338 1642 398 S.
1682 338 2000 399 EUSEBII
2040 338 2484 400 HIERONYMI

3573 338 3681 398 35‘?

427 464 622 516 ponam
650 448 702 504 in
726 448 1067 505 obsidionem
1104 462 1269 514 tuam.
1309 450 1719 512 flutniliaberis,
1754 451 1821 507 de
1854 462 1995 507 terra
2029 454 2073 512 Α
2102 449 2285 521 lingua
2313 450 2450 521 Syra
2481 449 2684 504 dicitur
2713 448 2913 504 Cartha
2950 449 2988 513 ί,
3011 449 3149 503 unde
3180 456 3231 502 et
3266 447 3397 502 villa.
3423 446 3675 500 silvarum

426 542 689 611 loqueris,
739 551 793 596 et
832 543 900 597 de
939 545 1100 600 humo
1151 546 1398 603 audietur
1426 545 1699 614 eloquium
1736 553 1909 608 tuum,
1946 552 2000 598 et

422 634 526 688 erit
547 636 703 705 quasi
750 626 1002 706 pythduis
1046 639 1115 692 de
1164 649 1307 693 terra
1357 630 1459 694 vox
1498 651 1611 706 tua,
1649 646 1703 693 et
1736 639 1805 694 de
1836 639 1999 693 humo

421 726 694 795 eloquium
750 739 902 784 tuum
957 730 1289 787 mussitabit.
1346 731 1413 785 Et
1465 732 1570 786 erit
1632 731 1771 787 sicut
1824 731 1999 801 pulvis

387 819 601 902 ’tenuis
633 821 926 877 multitudo
983 824 1366 879 ventilantitnn
1413 835 1484 890 te,
1523 838 1578 881 et
1628 827 1772 881 sicut
1815 825 1997 879 favilla

420 912 792 974 pertransieus
825 913 1116 970 multitudo
1146 932 1335 970 comm
1365 918 1453 984 qui
1494 918 1683 972 contra
1716 928 1765 971 te
1800 933 1998 987 praeva-

421 996 651 1053 luerant.
711 996 935 1069 Eritque
994 1013 1213 1073 repente
1277 1004 1563 1059 confestim
1620 1022 1632 1061 :
1682 1020 1711 1057 a
1770 1005 1999 1057 Damiuo

420 1091 756 1147 exercituum
801 1095 1113 1149 vi‘sitabitnr
1158 1098 1209 1151 in
1262 1100 1497 1153 tonitruo
1530 1110 1583 1152 et
1630 1099 1999 1153 commotione

392 1188 605 1246 'tcrrze,
642 1197 690 1238 et
726 1202 855 1241 voce
914 1204 1107 1257 magna
1155 1191 1386 1247 turbinis
1438 1202 1492 1246 ct
1544 1194 1901 1261 tempestatis,
1945 1198 1999 1244 et

418 1273 651 1327 flaturum
697 1277 836 1345 ignis
890 1280 1226 1336 devorantis.
1276 1284 1343 1337 Et
1398 1284 1503 1337 erit
1556 1285 1695 1338 sicut
1723 1284 1994 1338 somnium

418 1365 644 1419 visionis
679 1380 957 1425 uerturnze
981 1374 1277 1427 multitudo
1305 1379 1546 1429 omnium
1582 1378 1846 1445 gentium;
1880 1391 1998 1444 qute

419 1457 815 1517 dimicaverunt
845 1474 1034 1519 cont-ra
1075 1466 1256 1531 Ariel,
1286 1479 1340 1522 ct
1390 1485 1581 1525 omnes
1613 1472 1701 1539 qui
1733 1470 1999 1524 militave-

422 1562 571 1617 runt,
634 1566 687 1608 et
749 1555 1103 1621 obsederunt,
1166 1570 1218 1614 ct
1270 1562 1666 1630 praevalnertmt
1732 1567 1998 1621 adversus

417 1659 560 1699 eam.
604 1646 757 1700 Sicut
781 1651 1017 1703 somniat
1049 1654 1299 1708 esuriens
1338 1664 1394 1709 et
1442 1658 1699 1721 comedit,
1730 1674 1853 1713 cum
1880 1659 1997 1714 fue-

418 1735 489 1789 rit
547 1751 901 1809 experrectus
950 1741 1123 1815 [Vulg].
1170 1748 1638 1820 expergefactus],
1697 1765 1864 1805 vacua
1916 1762 1998 1806 est

2105 545 2404 611 appellatur
2421 558 2647 596 CARIATH
2670 557 2825 596 tanta
2848 543 3034 605 (Dr-ty?
3060 541 3249 620 amp).
3281 539 3522 609 Denique
3544 547 3598 591 et
3625 542 3677 592 in

2100 637 2475 703 superioribus
2510 636 2614 706 (Ad
2642 652 2762 703 cap.
2797 652 2836 699 ι,
2857 634 2949 699 9-1)
2980 632 3069 687 ubi
3099 633 3368 704 legimus:
3405 632 3687 699 Quomodo

2105 730 2245 798 facta
2278 737 2353 782 est
2382 709 2630 782 meretrix
2670 728 2855 780 civitas
2896 726 3070 796 ﬁdelis
3100 724 3273 779 Sion?
3300 740 3398 793 pro
3432 725 3678 784 civitate,

2103 821 2323 875 Cariatlt
2356 816 2633 882 scriltitm',
2667 821 2714 875 id
2743 829 2845 881 est,
2879 819 3004 874 villa
3040 833 3057 868 :
3093 833 3254 888 quam
3284 834 3382 871 nos
3414 828 3470 870 ut
3500 828 3675 869 trans-

2103 916 2357 969 lationem
2395 915 2602 982 Aquilte
2673 913 3044 982 exprimamus
3077 912 3143 962 ad
3194 910 3442 970 verbum,
3490 910 3679 961 civita-

2104 1008 2269 1061 tulam
2293 1023 2584 1078 possumus
2614 1008 2815 1059 dicere.
2847 1004 3010 1072 igitur
3037 1004 3207 1064 Ariel,
3236 1003 3285 1056 id
3319 1015 3420 1058 (πει,
3451 1004 3529 1054 leo
3561 1001 3676 1060 Dei,

2102 1102 2371 1168 quondam
2400 1097 2695 1151 furtiSsiina
2729 1106 2953 1148 vocatur
2977 1094 3278 1150 Jerusalem
3309 1110 3323 1146 :
3351 1095 3461 1147 sive
3498 1104 3554 1147 ut
3586 1092 3678 1145 alii

2102 1193 2460 1253 arbitrantur,
2496 1192 2753 1257 templum
2786 1201 2838 1244 et
2865 1190 3035 1243 altare
3067 1190 3156 1242 Dei
3194 1190 3333 1258 quod
3364 1197 3481 1242 erat
3516 1187 3566 1238 itt
3590 1185 3679 1239 Je-

2104 1287 2359 1341 rusalem.
2394 1286 2660 1354 Quodque
2695 1286 2939 1354 sequitur
2974 1302 2988 1339 :
3029 1283 3201 1349 Quam
3233 1285 3551 1353 expugnavit
3580 1283 3681 1335 Da-

2101 1382 2200 1442 vid,
2232 1397 2328 1448 pro
2362 1398 2469 1448 quo
2502 1384 2893 1450 interpretatus
2917 1391 2999 1434 est
3037 1381 3413 1452 Symmachus.
3447 1390 3677 1434 castrum

2102 1473 2297 1537 David,
2338 1484 2387 1527 et
2420 1474 2723 1528 Tltt-odmio
2747 1518 2759 1533 .
2794 1474 3219 1527 circumvallatio
3252 1474 3441 1537 David,
3479 1474 3530 1526 in
3569 1474 3677 1527 lit-—

2101 1566 2245 1621 brtco
2270 1566 2500 1635 legiturn
2526 1583 2618 1620 ΑΜ
2649 1571 2818 1630 (nm),
2839 1568 2977 1630 quod
3003 1565 3402 1620 eruditissimus
3428 1566 3486 1619 ll.
3509 1567 3678 1619 hmo-

2103 1675 2243 1723 rum,
2303 1658 2662 1712 habitaculum
2713 1659 3024 1729 signiﬁcare
3081 1659 3247 1712 voluit
3300 1659 3340 1715 ³.
3392 1658 3445 1710 Si
3514 1659 3679 1726 igitur

2106 1750 2392 1819 legerimus
2416 1790 2430 1813 ,
2456 1768 2611 1821 quam
2645 1754 2960 1823 expugnavit
2994 1752 3184 1817 Darid,
3204 1753 3270 1805 ad
3297 1753 3423 1804 illml
3464 1764 3678 1820 tempus

419 1826 600 1881 anima
660 1830 814 1899 ejus;
887 1842 941 1885 et
991 1833 1132 1887 sicut
1182 1837 1424 1889 somniat
1476 1837 1665 1893 sitiens
1727 1847 1781 1895 et
1834 1839 1994 1904 bibit,
2032 1813 2071 1867 Β
2105 1843 2421 1906 referamus,
2461 1845 2678 1909 quando
2713 1846 2856 1914 cepit
2895 1845 3062 1898 David
3103 1861 3281 1900 arcem
3332 1844 3677 1911 Sion,repn-

420 1930 707 1988 postquam
736 1923 1074 1994 evigilaverit
1103 1926 1295 1998 [Vulg].
1332 1928 1495 1983 fuerit
1526 1930 1988 2004 expergefactus],

420 2010 596 2067 lassus
623 2014 800 2070 adhuc
854 2014 991 2081 sitit,
1044 2029 1097 2072 et
1144 2019 1325 2073 anima
1382 2021 1501 2091 ejus
1546 2038 1716 2078 vacua
1763 2034 1888 2088 est,
1918 2029 1996 2081 sic

419 2104 523 2159 erit
550 2105 841 2163 multitudo
874 2109 1115 2165 oumium
1164 2113 1406 2181 gentium
1441 2132 1561 2185 quze
1602 2117 1998 2171 dimicaverunt

419 2207 606 2252 contra
668 2211 906 2255 montem
966 2201 1117 2259 Sion.
1162 2224 1180 2256 ι
1224 2204 1406 2271 LXX,
1445 2226 1463 2259 ι
1502 2207 1590 2262 Va:
1636 2209 1806 2273 Ariel,
1850 2209 1997 2265 Aliel

419 2289 613 2343 civitas
666 2307 828 2361 quam
867 2297 1196 2363 expugnavit
1247 2295 1436 2353 David.
1476 2298 1815 2372 Congregate
1840 2303 1997 2371 geni-

422 2392 593 2442 mina,
646 2396 844 2434 autumi
878 2397 1044 2451 super
1090 2400 1289 2441 annum
1348 2391 1645 2458 eomedite,
1694 2394 1996 2447 comedetis

417 2471 559 2522 enim
600 2487 720 2525 cum
757 2472 913 2527 Moab
947 2514 964 2540 ,
991 2480 1359 2548 coangustabo
1404 2479 1548 2534 enim
1605 2481 1778 2551 Ariel,
1810 2492 1861 2537 et
1893 2483 1997 2537 erit

417 2563 683 2619 lortitmlo
717 2566 861 2621 illius
893 2577 947 2623 et
981 2569 1186 2625 divitia:
1218 2572 1373 2636 mihi,
1402 2585 1453 2627 et
1478 2575 1825 2630 eireumdabo
1857 2580 1998 2633 sicut

420 2658 583 2710 David
612 2674 776 2727 super
809 2671 857 2715 te
895 2670 987 2715 :et
1031 2666 1238 2717 mittant
1274 2666 1472 2719 vallum
1518 2668 1572 2721 in
1620 2668 1850 2723 circuitu:
1887 2680 1995 2736 tuo,

418 2758 472 2802 et
499 2765 693 2817 ponam
739 2766 835 2819 per
884 2766 1074 2822 gyrum
1115 2755 1187 2808 tt.i
1218 2768 1415 2820 turres,
1452 2770 1507 2812 et
1562 2760 1996 2818 ltumiliabttutut‘

420 2843 473 2894 in
532 2853 731 2899 terram
785 2860 1066 2901 sermones
1122 2849 1245 2912 tui,
1281 2861 1335 2904 et
1391 2853 1441 2905 in
1512 2863 1712 2907 terram
1751 2857 1999 2913 occident

419 2935 581 2990 verba
618 2944 728 2990 tua.
771 2936 836 2991 Et
886 2938 991 2993 erit
1037 2942 1179 2995 sicut
1225 2943 1559 3012 loquentium
1590 2946 1657 3001 de
1709 2958 1850 3003 terra
1895 2965 1996 3005 vox

419 3040 535 3091 ttta,
570 3038 622 3083 et
660 3045 833 3099 usque
864 3032 927 3086 ad
955 3033 1325 3103 pavimentum
1353 3051 1452 3090 vox
1484 3048 1571 3091 tua
1610 3038 1990 3099 iulirmabitur.

2100 1942 2392 2009 gnatttibus
2419 1938 2576 1992 carris
2607 1947 2654 1991 et
2687 1937 2919 2001 claudis,
2944 1947 2999 1991 et
3022 1936 3225 2006 primus
3246 1936 3377 1990 Jnab
3402 1937 3679 1989 dnmatnm

2099 2033 2311 2087 excelsa
2333 2030 2649 2085 conscendit
2672 2028 2719 2096 (Ι
2748 2029 2933 2082 Paral.
2957 2029 3054 2098 χι).
3083 2028 3136 2081 Si
3156 2039 3332 2082 autem
3351 2028 3501 2099 juxta
3523 2028 3681 2098 Sym-

2102 2124 2350 2176 machum
2386 2130 2439 2175 et
2486 2119 2939 2182 Theodotioitctn,
2988 2120 3089 2173 hoc
3138 2119 3498 2185 sentiendum,
3529 2121 3677 2187 quod

2099 2214 2270 2269 David
2323 2230 2442 2270 eam
2513 2211 2902 2265 inStauravet'it
2966 2223 3130 2280 atque
3188 2211 3475 2277 munierit,
3524 2214 3675 2266 addi-

2103 2315 2186 2360 tus
2228 2311 2311 2358 est
2340 2318 2516 2358 annus
2558 2304 2622 2355 ad
2656 2319 2877 2365 annum,
2912 2302 3025 2356 sive
3059 2304 3384 2367 subtracms,
3419 2314 3477 2356 ut
3512 2303 3685 2373 389

2102 2396 2492 2464 interpretatus
2552 2406 2638 2451 est
2688 2394 2920 2464 Aquila;
2977 2405 3031 2450 et
3076 2396 3449 2449 solemnitates
3494 2397 3679 2450 evolu—

2109 2502 2174 2545 ιιι»
2225 2499 2370 2544 sunt.
2435 2489 2709 2541 Subverso
2759 2487 2901 2540 enim
2959 2488 3177 2557 templo,
3210 2501 3263 2542 et
3293 2487 3514 2542 Judaica
3552 2490 3681 2542 reli-

2101 2581 2261 2649 gione
2305 2579 2541 2645 sublata,
2570 2580 2748 2633 ornnis
2798 2592 2985 2633 eorum
3039 2578 3305 2634 festivitas
3366 2580 3547 2648 periit.
3588 2581 3680 2633 Di-

2100 2673 2282 2740 citque
2311 2685 2371 2725 se
2425 2670 2684 2724 Dominus
2734 2669 3149 2725 circumvallare
3189 2668 3339 2723 Ariel
3385 2668 3684 2741 Babylonio

2100 2764 2365 2828 exercitu,
2414 2773 2472 2817 et
2526 2760 2642 2816 fore
2702 2777 2818 2816 eam
2883 2762 3093 2816 tristem
3139 2774 3301 2832 atque
3334 2772 3680 2823 maerentem.

2100 2855 2319 2923 quando
2359 2857 2428 2908 ab
2457 2855 2538 2909 eis
2577 2854 2754 2909 diruta
2795 2854 2983 2909 fuerit.
3010 2855 3360 2923 Rursumque
3404 2858 3506 2911 sub
3549 2856 3682 2912 Jesu

2108 2948 2218 3002 lilio
2269 2947 2499 3003 Josedee
2545 2948 2826 3002 sacerdote
2879 2963 3097 3017 magno,
3121 2957 3173 3001 et
3226 2948 3522 3003 Zorobabel
3571 2950 3686 3003 filio

2104 3039 2386 3105 Salathiel,
2415 3041 2690 3110 Esdraque
2734 3051 2789 3095 et
2823 3039 3076 3107 Neetnia,
3108 3042 3330 3111 quando
3381 3044 3681 3111 propheta-

420 3121 489 3176 Et
516 3130 679 3178 erunt
712 3123 850 3178 sicut
902 3125 1079 3193 pulvis
1112 3110 1281 3198 388
1316 3128 1382 3182 de
1417 3140 1531 3184 rota
1560 3131 1761 3186 divitia:
1802 3134 1997 3203 impio-
2027 3154 2069 3212 ο
2105 3143 2295 3187 verunt
2330 3135 2561 3205 Aggieus
2585 3144 2639 3188 et
2670 3131 2990 3197 Zacharias,
3028 3110 3144 3186 fore
3174 3148 3292 3187 eam
3318 3110 3470 3202 quasi
3507 3136 3682 3199 Ariel,

419 3231 565 3276 rum,
598 3225 650 3269 et
681 3215 824 3269 sicut
846 3215 1021 3269 favilla
1051 3234 1173 3289 qua:
1229 3223 1456 3291 rapitur,
1494 3224 1782 3278 multitudo
1809 3242 1994 3282 cormn

419 3306 510 3374 qui
543 3318 593 3362 te
628 3319 1014 3377 oppresserunt
1041 3327 1055 3375 ;
1121 3312 1335 3380 eritque
1368 3313 1420 3366 in
1468 3327 1668 3383 puncto
1717 3330 1935 3383 repente
1967 3335 1995 3372 a

420 3398 652 3453 Domino
678 3398 941 3456 Sabaoth.
972 3400 1221 3458 Visitatio
1267 3405 1411 3458 enim
1443 3407 1546 3460 erit
1591 3423 1713 3461 etmt
1770 3411 1998 3474 tonitru,

417 3504 469 3547 et
496 3491 868 3549 catntnotioue
904 3502 957 3547 et
987 3509 1118 3549 voce
1149 3512 1362 3566 magna,
1392 3506 1689 3567 tempestas
1718 3502 1913 3567 valida,
1946 3513 2002 3556 et

416 3583 632 3643 ﬂamma
674 3585 820 3658 ignis
865 3585 1158 3643 devorans.
1201 3588 1266 3641 Et
1305 3600 1468 3644 erunt
1508 3592 1782 3660 quomodo
1814 3593 2001 3648 viden-

420 3677 492 3732 tis
520 3679 792 3734 somnium
851 3687 1033 3743 nocte,
1081 3678 1285 3735 divitia:
1314 3682 1554 3737 omnium
1606 3685 1844 3754 gentium
1881 3701 2000 3755 qua:

418 3772 793 3831 militaverunt
824 3783 1013 3829 contra
1047 3774 1195 3829 Ariel
1236 3816 1251 3840 ,
1292 3786 1345 3832 et
1375 3790 1564 3832 omnes
1595 3767 1687 3848 qui
1717 3795 1997 3851 pugnave-

418 3877 549 3925 runt
584 3879 774 3922 contra
807 3864 1136 3933 Jerusalem,
1171 3877 1224 3923 et
1261 3869 1496 3925 universi
1541 3871 1631 3940 qui
1685 3875 2000 3946 congregati

419 3968 550 4014 sunt
579 3974 743 4029 super
769 3974 914 4021 eam,
947 3968 1002 4014 et
1039 3957 1345 4016 afﬂixerunt
1378 3977 1515 4018 eam.
1552 3960 1829 4033 Eruntque
1861 3966 2002 4020 sicut

418 4052 511 4122 qui
549 4053 599 4104 in
625 4050 833 4105 somnis
862 4052 1110 4106 esuriuut
1151 4060 1205 4106 et
1235 4054 1528 4107 comedunt
1556 4066 1578 4106 ε’
1605 4070 1836 4121 cumque
1872 4070 2001 4111 sur-

425 4142 686 4208 rexerint,
712 4158 911 4198 vanum
932 4156 1017 4200 (νει
1033 4143 1303 4197 somnium
1324 4156 1532 4211 eorum,
1553 4154 1605 4198 et
1626 4148 1768 4200 sicut
1796 4147 1885 4216 qui
1907 4162 2004 4216 per

425 4235 698 4292 somnium
722 4236 839 4292 sitit
869 4248 924 4293 et
949 4237 1107 4303 bibit,
1129 4250 1249 4291 eum
1275 4239 1600 4305 surrexerit,
1625 4239 1801 4294 adhuc
1831 4239 1999 4306 sitiet,

423 4338 477 4382 et
506 4328 687 4384 anitna
743 4328 862 4398 ejus
910 4327 1111 4384 frustra
1143 4327 1417 4392 speravit:
1446 4329 1527 4383 sic
1584 4339 1743 4384 erunt
1798 4330 2002 4385 divitiae

424 4423 668 4481 omnium
703 4419 948 4491 gentium
984 4436 1104 4491 quae
1140 4422 1510 4476 militaverunt
1535 4435 1724 4476 contra
1759 4434 1998 4478 montem

2105 3227 2247 3297 quod
2283 3228 2476 3281 habeat
2509 3226 2714 3295 antiqui
2753 3226 2938 3295 templi
2966 3225 3400 3288 similitudinem,
3434 3226 3528 3280 sed
3567 3242 3689 3281 ma-

2107 3320 2478 3392 gnificentiam
2514 3330 3009 3387 ornamentumque
3043 3335 3145 3373 non
3185 3320 3403 3375 habeat.
3431 3317 3693 3374 Secundo

2108 3428 2323 3483 quoque
2345 3412 2608 3467 Dominus
2632 3412 3023 3479 comminatur,
3048 3412 3190 3482 quod
3214 3413 3514 3467 circumdet
3531 3414 3691 3467 Arie-

2110 3505 2215 3559 letn
2270 3503 2501 3573 spharra,
2550 3510 2605 3558 et
2648 3502 2814 3570 iaciat
2861 3512 3048 3558 contra
3115 3519 3234 3558 eam
3303 3519 3587 3571 aggerem,
3634 3512 3693 3558 et

2110 3596 2445 3651 munimenta
2477 3604 2643 3663 ponat
2691 3594 2744 3647 in
2792 3594 3132 3649 obsidionem
3163 3595 3303 3665 ejus,
3332 3606 3385 3649 et
3416 3595 3694 3662 complea-

2110 3695 2196 3740 tur
2227 3684 2353 3739 illud
2381 3685 2527 3755 quod
2552 3683 2665 3752 ipse
2709 3683 2968 3755 plangens
3019 3683 3321 3739 Jerusalem
3370 3684 3689 3752 loquiturin

2110 3776 2402 3846 Evangelio
2438 3794 2452 3831 :
2491 3776 2553 3830 Si
2604 3775 2764 3828 scires
2803 3790 2861 3827 ea
2894 3791 3011 3845 qua:
3059 3775 3128 3827 ad
3175 3790 3354 3845 pacem
3402 3784 3521 3827 sunt
3569 3776 3689 3841 tibi,

2110 3869 2359 3937 quoniam
2387 3868 2590 3922 uenient
2625 3866 2735 3920 dies
2782 3881 2938 3933 super
2984 3877 3054 3931 te,
3098 3878 3147 3919 et
3191 3865 3591 3919 circumdabunt
3641 3877 3696 3920 te

2109 3962 2314 4017 inimici
2351 3961 2429 4015 tui
2475 3959 2633 4025 vallo,
2666 3970 2713 4013 et
2749 3959 3055 4013 obsidebant
3084 3969 3157 4025 te,
3180 3967 3228 4013 et
3268 3960 3331 4012 in
3358 3968 3554 4013 terram
3584 3960 3693 4012 lia-

2111 4055 2403 4111 miliaberis
2437 4054 2589 4126 (Luc.
2629 4069 2684 4119 χ,
2727 4052 2799 4107 42
2827 4061 2874 4107 et
2930 4053 3121 4123 seqq.).
3156 4051 3220 4106 Et
3250 4051 3546 4106 Jerusalem
3583 4052 3697 4106 erit

2109 4148 2422 4204 conculcata
2448 4160 2477 4199 a
2511 4145 2823 4200 nationibus
2858 4158 3031 4213 usque
3063 4143 3128 4196 ad
3159 4144 3694 4199 consummationem

2112 4239 2373 4310 temporis
2426 4238 2690 4308 gentium.
2746 4236 2882 4291 Aliis
2928 4238 3072 4290 enim
3108 4235 3292 4290 verbis
3330 4236 3519 4290 eadem
3564 4251 3709 4304 pro-

2112 4334 2276 4403 pheta
2306 4346 2448 4386 nnnc
2479 4329 2633 4393 dicit,
2666 4328 2807 4396 quod
2843 4328 3130 4382 ltumiliata
3159 4328 3225 4382 de
3244 4338 3391 4383 terra
3416 4329 3707 4398 loquatur,

2111 4439 2164 4483 et
2194 4428 2263 4482 de
2316 4426 2482 4481 humo
2512 4423 2760 4477 audiatur
2814 4421 3089 4492 eloquium
3131 4422 3285 4492 ejus;
3312 4431 3367 4476 et
3420 4423 3490 4475 sit
3531 4423 3700 4488 quasi

425 4516 583 4572 Sion.
617 4534 636 4569 ι
676 4514 780 4572 Pro
803 4529 868 4570 eo
895 4514 1039 4584 quod
1069 4529 1166 4571 nos
1193 4514 1524 4584 interpretati
1552 4532 1761 4578 sumus,
1808 4517 1911 4581 Vw,
1948 4519 1999 4573 in
2036 4516 2080 4573 D
2112 4519 2365 4590 pythonis
2408 4516 2477 4572 de
2525 4526 2669 4571 terra
2706 4530 2809 4569 vox
2864 4513 3032 4580 illius,
3064 4526 3120 4569 et
3166 4515 3234 4569 de
3289 4513 3455 4567 humo
3519 4514 3715 4567 instar

374 4620 383 4631 ‘
426 4610 656 4667 Hebraeo
688 4608 951 4679 soriptuut
979 4615 1068 4662 est.
1087 4622 1139 4662 Ol
1168 4610 1319 4679 (ηπ),
1371 4610 1513 4678 quod
1546 4612 1693 4679 apud
1711 4625 1805 4664 eos
1838 4611 2003 4677 inter-

424 4707 556 4765 dum
581 4705 832 4763 vocativo
854 4719 979 4760 casu
1002 4702 1226 4769 dicitur,
1260 4713 1319 4758 ut
1345 4720 1449 4759 non
1473 4704 1693 4774 plangat
1722 4704 1887 4764 Ariel.
1910 4704 2012 4759 sed.

423 4809 611 4867 vocet;
650 4800 776 4856 licet
822 4800 874 4854 in
908 4798 1181 4870 prmsenti
1204 4797 1323 4853 loco
1354 4813 1452 4866 pro
1485 4797 1700 4868 planetu
1737 4800 2009 4868 accipien-

424 4895 550 4949 dum
574 4895 667 4948 sit.
709 4890 863 4949 Ariel
901 4904 1121 4960 quoque
1152 4891 1544 4960 interpretatur
1570 4889 1649 4944 leo
1686 4890 1883 4954 Dci;et
1909 4906 2009 4956 pro

425 4985 647 5041 civitate
684 4999 846 5054 quam
887 4983 1085 5053 Aquila
1139 4982 1525 5049 interpretatus
1566 4992 1670 5041 est,
1723 4980 2003 5051 πολίχνην,

425 5078 533 5132 hoc
565 5085 670 5141 est,
702 5075 1029 5145 oppidulum,
1064 5073 1180 5130 sive
1200 5074 1450 5140 viculum,
1487 5076 1539 5127 in
1570 5073 1794 5128 Hebrato
1824 5076 2008 5144 legunt

439 5181 685 5225 unum
727 5169 942 5239 (BHE),
968 5171 1114 5239 quod
1159 5166 1377 5236 proprie
1418 5164 1598 5219 villam
1630 5166 1920 5236 significat,
1955 5176 2011 5221 ct.

500 5377 514 5401 '
561 5373 763 5440 νειιίοη
798 5373 1052 5432 Cariatha
1087 5390 1105 5432 :
1142 5388 1325 5430 mtntts
1358 5371 1605 5428 fortassis
1656 5370 1831 5435 male;
1882 5387 2014 5427 nam

429 5446 530 5503 etsi
564 5445 741 5501 Karta
779 5457 928 5517 recte
960 5445 1344 5517 dicetur_Syris
1367 5461 1387 5517 ;7
1428 5460 1458 5497 a
1499 5440 1700 5517 Korelh
1728 5450 1905 5496 tamen
1930 5444 2011 5496 tti-

428 5522 598 5585 citur,
627 5533 735 5573 non
782 5532 811 5571 a
864 5513 1118 5570 Kariath.
1178 5512 1488 5586 Légeudum
1524 5512 1696 5586 igitur
1739 5528 1859 5565 cum
1901 5529 2006 5586 ius.

432 5582 723 5659 llrusiatro.
768 5590 950 5659 lingua
977 5586 1112 5659 Syra
1143 5582 1341 5659 dicitur
1366 5583 1580 5640 Caritlia
1603 5587 1802 5648 κη’-τῃ,
1830 5592 1887 5636 ιιι
1906 5582 2011 5636 Τᾶίο

432 5662 606 5724 ιοὶιΙιει,
643 5657 883 5720 Talitha.
919 5670 973 5714 et
1008 5657 1112 5713 alia
1148 5657 1267 5725 ejus
1289 5659 1525 5726 generis.

506 5736 526 5765 ²
590 5723 734 5785 idem
810 5728 1024 5795 \’atic.,
1090 5723 1450 5782 habitaculum
1503 5723 1792 5795 signiﬁcari
1846 5740 2006 5795 expo-

441 5802 568 5858 suit.

2114 4627 2393 4684 passerum
2447 4608 2727 4675 mussitet,
2759 4617 2819 4661 ut
2870 4621 2968 4676 per
3043 4609 3158 4663 haec
3188 4608 3353 4663 verba
3422 4606 3710 4673 significes

2118 4720 2401 4776 magorum
2441 4700 2870 4773 νεκυομαντεῐαν
2902 4700 2946 4767 ³,
2979 4715 3075 4770 per
3108 4713 3267 4768 quam
3307 4697 3519 4752 animas
3557 4712 3704 4751 evo-

2110 4812 2237 4852 care
2266 4797 2541 4862 dicuntur,
2580 4804 2633 4850 et
2669 4804 2856 4850 tenues
2913 4793 3253 4857 umbrarum,
3312 4790 3420 4846 imo
3486 4791 3709 4846 demo-

2112 4906 2264 4956 num,
2324 4888 2517 4945 audire
2556 4903 2741 4943 voces.
2784 4887 3023 4955 Denique
3067 4900 3165 4953 pro
3213 4884 3471 4955 pythone,
3503 4884 3705 4952 Aquila

2114 4999 2326 5052 magum
2387 4983 2780 5052 interpretatus
2831 4989 2948 5042 est,
3013 4979 3105 5046 qui
3173 4976 3434 5031 llebraice
3496 4976 3709 5029 dicitur

2118 5090 2254 5130 cum
2285 5075 2307 5106 ‘
2348 5075 2524 5144 (:83),
2571 5089 2668 5143 pro
2721 5088 2831 5142 quo
2898 5070 3042 5125 LXX
3088 5071 3152 5123 de
3204 5079 3347 5122 terra
3400 5071 3705 5139 loquentes,

2114 5168 2539 5222 transtulerunt.
2616 5165 2823 5233 Quibus
2890 5163 3071 5220 verbis
3138 5162 3414 5217 iudicatur
3477 5161 3707 5216 ruinam

2185 5373 2205 5404 ³
2240 5376 2409 5428 Antea
2439 5384 2558 5425 erat
2584 5370 3041 5441 νεκρσμαντεῐαν.

2186 5447 2213 5476 δ
2250 5444 2339 5498 Su:
2378 5454 2432 5498 et
2463 5444 2635 5496 nosui
2690 5436 2764 5494 et
2788 5440 3194 5494 vetustissimus
3227 5438 3394 5492 codex
3448 5436 3708 5503 Sangar—

2114 5515 2395 5570 manensis
2438 5513 2574 5580 apud
2609 5510 2977 5564 ltlontfaucou.
3029 5510 3248 5563 habent.
3294 5506 3710 5575 lntelhgendns

2116 5587 2303 5653 itaque
2336 5584 2485 5637 venit
2514 5581 2879 5653 Hieronymus
2903 5596 3013 5653 non
3040 5595 3105 5633 eo
3141 5594 3331 5653 sensu,
3366 5588 3425 5653 ut
3449 5588 3558 5653 tota
3592 5593 3711 5632 vox

2114 5646 2274 5716 Clte'b,
2304 5670 2422 5720 qua:
2457 5656 2507 5705 iu
2542 5646 2803 5705 llebraico
2830 5650 3079 5715 habetur,
3130 5649 3338 5717 Magum
3374 5646 3653 5720 signiticet
3688 5666 3710 5712 ;

2114 5728 2295 5780 litlma
2321 5718 2464 5776 enim
2498 5735 2555 5783 :1,
2602 5739 2719 5790 qua!
2753 5719 3103 5790 prmpoitittir,
3129 5730 3211 5772 est
3248 5720 3363 5771 loco
3412 5718 3713 5786 particula:

2117 5807 2193 5864 ut,
2233 5796 2363 5847 sicut
2385 5811 2403 5860 ;
2427 5795 2520 5850 sed
2553 5789 2706 5848 itaut
2737 5793 2998 5861 integram
3034 5789 3243 5845 Hebraei
3275 5798 3457 5844 textus
3500 5803 3711 5841 vocem
