3952 6180
490 216 505 249 ι

434 339 540 401 343

1592 338 1653 400 8.
1685 338 2001 401 EUSEBU
2054 338 2493 403 HIERONYMI

3587 328 3702 397 344

438 458 510 507 tis
538 453 728 507 oculos
770 462 997 516 vestros,
1029 467 1246 508 neeum
1299 452 1575 519 videretis,
1606 461 1662 507 et
1710 467 1874 508 aures
1922 469 2013 523 ag-
2043 461 2088 517 Α
2119 457 2264 511 enim
2321 455 2585 525 sapientia
2636 467 2665 507 a
2723 451 3062 520 sapientibus
3105 449 3247 520 ejus,
3288 458 3340 502 et
3391 445 3705 502 intellectus

438 546 731 615 gratiastis,
763 560 830 601 tte
881 545 1163 601 audiretis.
1194 546 1324 600 Ideo
1359 555 1413 599 et
1444 544 1536 601 ille
1574 544 1791 600 claudet
1824 545 2012 601 oculos

437 647 669 698 vestros.
706 639 796 707 qui
842 648 968 692 sunt
1024 637 1320 708 prophetia,
1359 652 1457 706 per
1527 652 1665 707 quos
1728 638 2010 691 scientiam

443 732 535 783 Dei
565 729 849 783 videbatis.
885 728 1011 783 Sive
1062 740 1269 784 vestros
1308 728 1496 783 oculos
1533 728 1751 783 claudet
1787 739 1841 783 et
1891 743 2017 797 pro-

444 824 751 890 :betaruut,
778 823 868 892 qui
900 830 1027 877 sunt
1078 822 1353 893 principes
1389 821 1575 876 vestri.
1614 821 1726 876 Lex
1781 823 1925 876 enim
1964 831 2018 875 et

447 915 723 985 propheta:
757 929 927 983 usque
971 917 1036 969 ad
1065 915 1326 969 Joannem
1360 913 1659 984 Baptistam
1692 913 1844 981 (Luc.
1879 915 2013 982 xvi),

444 1020 499 1060 ut
530 1006 819 1061 vobisnon
851 1007 1181 1072 videntibus,
1219 1006 1293 1060 illi
1328 1006 1568 1071 videnti,
1607 1006 1673 1061 de
1703 1006 1902 1076 quibus
1936 1007 2019 1059 in-

443 1099 616 1153 l'etior
670 1115 855 1153 sermo
922 1100 1014 1167 (ad
1043 1116 1177 1153 vers.
1213 1100 1302 1168 18)
1365 1110 1644 1154 testatur:
1682 1099 1745 1152 Et
1801 1099 2018 1156 audient

444 1193 496 1245 in
526 1192 610 1246 die
640 1191 738 1247 illo
772 1192 923 1247 surdi
969 1194 1122 1246 verba
1159 1192 1277 1246 libri
1318 1195 1356 1257 ⁸,
1382 1203 1431 1247 et
1479 1194 1618 1246 oculi
1657 1210 1913 1247 ca’coruut
1942 1198 2019 1248 vi-

452 1291 497 1340 d.
519 1287 643 1340 bunt
674 1297 721 1341 ct
767 1286 1134 1341 exsultabant.
1167 1286 1222 1339 lu
1256 1287 1517 1356 judicium
1549 1287 1692 1341 enim
1728 1288 1873 1339 venit
1920 1287 2020 1341 Do-

449 1382 645 1444 minus,
682 1390 735 1434 ut
762 1382 1007 1433 videntes
1039 1379 1208 1434 Judaei
1238 1396 1345 1435 non
1373 1381 1625 1447 videant;
1664 1389 1715 1433 et
1769 1380 1858 1448 qui
1891 1378 2017 1432 etei

446 1482 623 1535 «χλιιι,
653 1470 887 1540 populus
928 1469 1136 1524 scilicet
1170 1471 1467 1535 natioaum,
1494 1473 1714 1526 videant
1742 1481 1797 1526 et
1837 1474 2020 1526 Domi-

449 1581 575 1617 t.um
614 1565 1049 1628 contemplemur
1077 1563 1258 1626 (Joan.
1304 1565 1405 1632 Is).
1452 1563 1607 1618 Unde
1648 1566 2023 1634 signiﬁcanter

449 1673 553 1711 non
586 1658 746 1720 dixit,
776 1657 917 1724 quod
951 1657 1087 1711 visio
1117 1658 1359 1710 omnium
1394 1659 1779 1725 prophetarum
1811 1657 2019 1726 signata

445 1751 517 1802 sit
551 1749 756 1803 eunetis
789 1748 1125 1818 legentibus;
1162 1748 1257 1803 sed
1316 1750 1488 1813 vobis,
1545 1750 1741 1815 inquit,
1799 1752 1906 1804 erit
1948 1750 2022 1804 si-

2119 549 2467 616 prudentium
2528 545 2672 600 illius
2728 543 3115 600 abseondetur.
3152 560 3171 594 ι
3218 539 3408 595 LXX:
3443 555 3464 591 ι
3497 539 3561 593 Ει
3617 542 3705 591 ait

2119 640 2379 694 Dominus
2442 654 2459 695 :
2507 638 2925 708 Appropinquat
2983 634 3116 689 mihi
3166 632 3396 702 pupulas
3457 632 3558 685 iste
3600 646 3707 683 ore

2118 750 2241 798 suo,
2274 741 2331 788 et
2400 731 2559 786 labiis
2629 730 2743 784 suis
2790 729 3023 783 honorat
3085 741 3214 793 me;
3250 740 3348 778 cor
3369 732 3545 778 autem
3580 722 3708 790 eius

2118 826 2280 896 longe
2314 834 2397 880 est
2426 839 2456 879 a
2489 838 2573 879 me
2610 840 2624 880 :
2652 824 2851 876 frustra
2882 822 3068 875 colunt
3100 836 3210 884 me,
3241 819 3495 872 docentes
3523 815 3710 870 homi-

2121 934 2247 973 num
2284 926 2552 988 pracepta
2587 926 2751 986 atque
2774 915 3074 970 doctrinas.
3108 912 3405 979 Propterea
3438 922 3567 962 ecce
3601 908 3709 959 acl-

2115 1007 2301 1075 jiciam
2336 1014 2395 1059 ut
2442 1001 2769 1058 transferam
2815 1002 3068 1072 pupulum
3117 1000 3281 1054 istum
3321 996 3707 1054 :transferant

2119 1099 2261 1154 enim
2321 1098 2464 1160 illos,
2500 1104 2554 1150 et
2609 1094 2829 1163 perdam
2856 1091 3208 1161 .sapietttiam
3268 1089 3617 1158 sapientium,
3648 1098 3715 1141 et

2121 1191 2463 1245 intellectum
2534 1186 2884 1256 prudentium
2953 1184 3305 1238 abscondam.
3334 1199 3353 1232 ι
3388 1178 3499 1239 lloc
3548 1179 3714 1232 testi-

2125 1284 2302 1338 monio
2359 1284 2561 1337 abusus
2616 1291 2701 1335 est
2766 1278 3031 1333 Dominus
3076 1287 3268 1331 contra
3316 1272 3711 1329 Pharisa-osiu

2125 1377 2420 1445 Evangelio
2482 1374 2743 1437 Malllttl‘l,
2796 1372 3035 1428 dicens:
3078 1369 3259 1434 Quare
3320 1375 3369 1421 et
3427 1382 3514 1420 vos
3562 1379 3717 1433 pra!-

2126 1469 2297 1522 teritis
2351 1469 2674 1520 mandatum
2744 1464 2839 1518 Dei
2897 1477 3110 1534 propter
3160 1460 3471 1514 traditiones
3509 1466 3719 1511 vestras

2126 1558 2348 1629 (.llotth.
2401 1572 2527 1621 xxv,
2583 1556 2661 1623 6).
2713 1554 2779 1609 Et
2831 1554 3026 1607 iterum
3088 1568 3125 1615 ε,
3166 1550 3465 1621 Hypocrita:
3498 1587 3512 1608 ,
3578 1547 3721 1598 bene

2125 1651 2450 1720 prophetarit
2492 1650 2555 1700 de
2610 1647 2752 1700 vobis
2795 1644 2993 1711 Isaias,
3033 1646 3213 1698 dicens
3254 1659 3274 1698 :
3332 1640 3567 1709 Populus
3611 1641 3720 1691 iste

2129 1744 2283 1798 labiis
2334 1758 2415 1794 me
2472 1744 2697 1794 honorat
2759 1755 2851 1792 cor
2881 1748 3061 1791 autem
3100 1737 3210 1805 ejus
3241 1734 3393 1803 longe
3422 1744 3495 1786 est
3536 1749 3569 1785 α
3604 1749 3719 1785 me.

449 1853 613 1909 gnata
645 1844 843 1913 quibus
877 1859 1023 1899 nunc
1052 1845 1270 1914 loquor,
1307 1845 1509 1907 quibus
1542 1847 1655 1900 lia-c
1685 1845 1859 1899 futura
1894 1860 2029 1913 prm—
2058 1820 2100 1873 Β
2128 1831 2355 1887 Frustra
2418 1840 2592 1884 autem
2650 1827 2828 1882 colunt
2887 1842 2969 1881 me
3027 1828 3267 1879 docentes
3319 1824 3588 1877 doctrinas
3663 1831 3719 1873 et

452 1938 646 1992 nuntio
678 1953 692 1994 :
728 1939 845 1993 sive
903 1938 1096 1992 oculos
1133 1939 1432 2007 principum
1494 1949 1819 2004 vestrorum,
1848 1938 1938 2008 qui
1969 1953 2029 1992 se

447 2029 601 2096 juxta
642 2029 995 2098 Septuaginta
1027 2028 1342 2085 abscondita
1377 2039 1432 2086 ct
1461 2046 1661 2086 arcana
1703 2032 1887 2085 videre
1918 2033 2030 2101 jac-

461 2122 669 2187 tdmut,
712 2121 932 2176 claudet
979 2124 1033 2177 in
1086 2134 1426 2193 perpetuum.
1463 2123 1705 2195 Eritque,
1751 2127 1846 2195 ait,
1877 2129 2029 2184 vobis

459 2216 643 2267 omnis
666 2214 947 2284 Scriptura
971 2224 1157 2271 sancta
1186 2216 1368 2272 clausa
1402 2229 1566 2287 atque
1595 2220 1825 2289 signata,
1850 2232 1907 2276 ut
1932 2236 2032 2278 vos

460 2307 554 2374 qui
589 2307 748 2377 Legis
775 2309 794 2339 ²
828 2307 1063 2376 litteras,
1088 2319 1139 2363 et
1171 2311 1551 2379 prophetarum
1584 2313 1836 2368 Vaticinia
1876 2330 2033 2369 nosse

458 2416 555 2455 vos
583 2401 932 2467 existimatis,
969 2411 1024 2455 et
1073 2401 1263 2457 diebus
1328 2418 1389 2457 ae
1448 2405 1697 2460 noctibus
1751 2406 2032 2461 volumina

460 2492 863 2561 Scripturarutn
901 2492 1176 2550 indefesso
1215 2509 1312 2550 ore
1346 2495 1703 2559 meditemini,
1740 2514 1845 2552 non
1878 2497 2036 2554 intel-

460 2584 646 2653 ligatis
700 2586 843 2655 quod
892 2586 1094 2657 legitis,
1159 2587 1300 2642 sicut
1346 2589 1402 2643 in
1450 2589 1769 2660 Apocalypsi
1809 2586 2034 2646 Joannis

462 2678 723 2732 scribitur
759 2695 774 2735 :
801 2677 933 2743 Quis
963 2687 1038 2733 est
1066 2679 1258 2750 dignus
1283 2681 1491 2747 aperire
1514 2681 1728 2747 librum,
1756 2693 1802 2738 et
1838 2683 2036 2739 solvere

460 2771 736 2841 signacula
789 2771 903 2840 ejus
938 2772 1122 2841 (Apoc.
1159 2789 1213 2837 v,
1251 2772 1353 2841 2)?
1393 2772 1637 2841 Cumque
1665 2775 1825 2845 393
1857 2778 2036 2832 nullus

463 2863 657 2917 ξυίδςει
703 2862 956 2917 inventus
996 2863 1086 2932 qui
1153 2864 1394 2931 aperiret
1434 2867 1734 2932 signacula,
1768 2866 1926 2924 ﬂesse
1980 2885 2038 2924 se

467 2956 637 3019 «icit;
671 2966 722 3008 et
756 2955 851 3011 Dei
889 2957 1104 3010 tandem
1149 2958 1213 3010 ad
1251 2972 1308 3010 se
1339 2956 1359 2988 ³
1394 2960 1658 3013 tueruisse
1686 2976 1989 3015 sermonem
2020 2977 2037 3019 :

470 3047 602 3104 Noli
623 3050 747 3119 ﬂere
773 3066 791 3104 :
831 3066 949 3104 erce
976 3052 1097 3104 ricit
1130 3050 1210 3105 leo
1239 3054 1302 3105 de
1336 3052 1475 3106 tribu
1497 3051 1643 3106 ,ΙιιςΙα
1663 3056 1818 3108 milia:
1846 3056 2035 3123 Darid,

468 3152 523 3196 nt
552 3146 756 3212 aperiat
789 3142 1000 3209 librum,
1064 3156 1110 3198 et
1141 3142 1310 3198 solvat
1343 3146 1613 3216 signacula
1639 3148 1773 3216 ejus.
1804 3147 1913 3203 Leo
1944 3166 2037 3201 au-

468 3247 571 3290 tem
606 3237 673 3290 de
703 3236 848 3291 tribu
889 3236 1054 3301 Juda,
1095 3236 1355 3293 Dominus
1415 3237 1571 3294 lusus
1628 3238 1879 3296 Christus
1933 3248 2038 3304 est,

467 3332 560 3395 qui
625 3331 788 3384 solvit
830 3332 1107 3402 signaiula
1145 3335 1292 3394 libri.
1328 3349 1434 3388 non
1485 3335 1701 3404 proprie
1764 3334 1945 3398 unius,
1985 3343 2042 3388 ut

467 3421 620 3475 multi
647 3434 861 3489 putant,
883 3424 1212 3492 psalmorum
1248 3423 1437 3490 David,
1464 3426 1558 3480 sed
1590 3426 1829 3479 omnium
1859 3425 2045 3494 Scrip-

470 3525 732 3579 ‘...rarum.
773 3532 892 3587 qua:
949 3532 1060 3573 uno
1113 3519 1327 3588 scripta:
1373 3530 1498 3573 sunt
1554 3519 1761 3589 Spiritu
1812 3528 2040 3586 sancto;

467 3624 520 3665 et
553 3624 834 3680 propterea
869 3627 1009 3666 unus
1054 3610 1192 3666 liber
1235 3611 1597 3682 appellantur.
1628 3613 1701 3667 De
1739 3629 1847 3683 quo
1908 3614 2045 3667 Eze-

467 3704 606 3758 (‘itiel
672 3706 904 3775 mystico
955 3721 1203 3760 sermone
1264 3716 1494 3760 testatur
1527 3705 1741 3777 (Ezech.
1772 3708 1855 3775 tt),
1897 3705 2044 3776 quod

468 3799 706 3866 scriptus
743 3798 906 3852 fuerit
937 3798 1084 3852 intus
1109 3808 1163 3853 et
1189 3797 1356 3866 lotis;
1391 3801 1441 3851 iu
1476 3815 1636 3853 sensu
1667 3810 1721 3852 et
1753 3800 1804 3852 iu
1845 3800 2043 3853 littera.

470 3888 546 3943 De
574 3906 683 3959 quo
712 3902 763 3944 et
796 3891 1048 3946 Salvator
1085 3891 1325 3962 loquitur
1352 3894 1402 3943 in
1437 3893 1656 3959 psalmis
1681 3908 1695 3948 :
1722 3890 1789 3945 In
1816 3893 2046 3959 capitulo

470 3981 591 4034 lbri
621 3983 878 4052 scriptum
903 3993 981 4036 est
1009 3985 1071 4036 de
1099 3999 1177 4036 nte
1208 3983 1381 4051 (Psal.
1416 4000 1609 4049 χχχιχ,
1640 3982 1720 4052 8);
1756 3999 1861 4036 non
1891 3982 2041 4037 lere—

475 4078 612 4140 ..titn,
645 4092 749 4129 non
783 4073 952 4138 Isaiae,
982 4077 1075 4129 sed
1111 4076 1162 4129 itt
1203 4078 1349 4130 ontui
1385 4076 1673 4145 Scriptura
1705 4086 2049 4145 sancta,qum

472 4182 611 4219 unus
667 4169 804 4221 lilier
854 4167 1177 4236 appellatur.
1216 4166 1486 4238 Magistris
1543 4168 1709 4237 igitur
1735 4166 2046 4223 Judzeoruut

475 4272 647 4325 usque
682 4257 735 4311 itt
776 4272 1095 4328 pra-sentem
1137 4259 1280 4312 diem
1329 4260 1730 4328 nequeuntibus
1767 4260 1943 4328 legere
1997 4267 2051 4316 et

478 4352 695 4418 aperire
734 4353 1115 4421 signacula,”
1147 4353 1401 4422 mysteria
1447 4352 1684 4421 pandere
1728 4353 2052 4420 Scriptura-

482 4461 622 4510 rum,
658 4446 700 4497 si
734 4445 949 4498 dederis
979 4463 1101 4497 cum
1136 4445 1334 4499 libtum
1369 4445 1586 4500 indocto
1629 4446 1844 4514 populo,
1878 4446 1970 4517 qui
2021 4461 2051 4500 a

483 4539 596 4592 suis
623 4538 1050 4608 praeceptoribus
1078 4540 1389 4603 devoratur,
1418 4537 1731 4592 fatebuntur
1762 4541 1978 4593 nescire
1997 4553 2055 4592 se
2084 4532 2134 4591 D
2164 4536 2384 4578 ιυονυω
2435 4536 2450 4576 ἒ

479 4634 718 4698 litteras,
747 4642 799 4685 ct
827 4631 1032 4684 idcirco
1056 4631 1231 4700 legere
1261 4648 1366 4686 non
1389 4646 1569 4699 posse.
1598 4631 1774 4701 Atque
1793 4648 1823 4687 c
1846 4632 2057 4686 duobus

480 4724 637 4780 malis
668 4725 835 4778 multo
866 4723 1041 4778 levius
1076 4716 1159 4777 est
1210 4722 1342 4793 legis
1400 4723 1730 4792 imperitiam
1783 4724 2055 4788 conﬁteri,

477 4836 640 4891 quam
664 4819 878 4891 jactare
907 4819 1250 4889 prudentiaut
1275 4859 1289 4885 ,
1326 4828 1379 4871 et
1408 4831 1515 4873 non
1550 4833 1713 4888 posse
1742 4818 1882 4873 scire
1914 4819 2056 4888 quod

485 4915 704 4968 dicitur.

555 5007 737 5077 (Vers.
776 5006 865 5072 15,
902 5004 1016 5071 14.)
1048 5023 1063 5056 t
1096 5002 1163 5057 Et
1188 5003 1324 5059 dixit
1360 5003 1617 5058 Dominus
1650 5021 1665 5060 :
1695 5004 1798 5057 Pro
1833 5020 1895 5058 eo
1920 5005 2057 5073 quod

485 5103 891 5171 appropinquat
949 5099 1179 5170 populus
1207 5100 1309 5154 iste
1352 5115 1448 5151 ore
1482 5113 1601 5163 suo,
1632 5107 1686 5151 et
1744 5080 1899 5150 labiis
1950 5100 2063 5151 suis

485 5191 756 5261 gloriﬁeat
791 5207 877 5247 me
904 5210 918 5258 ;
943 5207 1036 5247 cor
1070 5198 1252 5245 autem
1286 5187 1402 5256 ejus
1460 5188 1619 5256 longe
1650 5198 1732 5242 est
1791 5204 1818 5241 a
1871 5203 1977 5253 tne,
2008 5197 2064 5241 et

489 5283 793 5336 timuerunt
838 5296 924 5336 me
975 5280 1235 5335 mandato
1293 5278 1601 5341 hominum,
1656 5285 1710 5331 et
1773 5276 2058 5331 doctrinis.

489 5375 620 5428 l.teo
658 5387 785 5427 ecce
815 5387 914 5442 ego
956 5376 1151 5427 addam
1192 5382 1252 5426 ut
1287 5369 1703 5425 admirationem
1739 5367 1932 5421 faciant
1966 5382 2064 5435 po.

489 5466 619 5534 pulo
668 5465 796 5521 huic
838 5466 1100 5520 miraculo
1172 5464 1361 5538 grandi
1417 5476 1470 5517 ct
1530 5461 1795 5532 stupende
1827 5476 1840 5515 :
1870 5458 2067 5530 petibit

566 5631 582 5661 ¹
613 5626 834 5682 Addunt
884 5625 1153 5691 hactenus
1195 5623 1352 5685 editi,
1412 5622 1645 5693 signati,
1670 5634 1831 5685 quam
1880 5631 2064 5672 vocem

492 5715 666 5766 neque
700 5697 871 5752 nostri
903 5710 1031 5748 mss.
1064 5690 1241 5761 neque
1279 5697 1399 5766 ipse
1424 5690 1586 5745 habet
1615 5690 1913 5766 Scriptura!
1944 5700 2063 5766 tex-

492 5758 593 5821 tus'
620 5785 637 5823 :
665 5774 878 5835 littrqtte
902 5767 1100 5835 opinor
1129 5758 1194 5818 ex
1224 5758 1516 5818 occasione
1543 5762 1803 5835 subnexa!
1839 5758 2065 5835 exposi-

492 5842 657 5895 ttuttis
686 5854 712 5891 (ι
741 5830 984 5894 studioso
1016 5836 1271 5906 quopiam
1309 5850 1370 5887 ex
1405 5832 1724 5902 Apocalypsi
1780 5830 2061 5884 translata.

2134 1933 2397 1990 pra'cepta
2458 1920 2728 1975 hominum
2780 1917 2961 1991 (Ibid.
3026 1917 3191 1984 7-9).
3242 1917 3300 1968 ln
3361 1930 3471 1982 quo
3522 1924 3723 1966 notam

2135 2016 2397 2071 debemus
2424 2014 2553 2068 illud
2581 2011 2726 2082 quod
2772 2000 3093 2080 plerumque
3117 2008 3282 2078 394,
3306 2007 3719 2079 admonitionis,

2134 2109 2510 2179 Evangelistas
2531 2115 2583 2161 et
2608 2106 2911 2176 aposmlos,
2946 2119 3052 2159 non
3078 2104 3303 2158 verbum
3330 2105 3723 2170 interpretatos

2134 2219 2253 2258 esse
2286 2202 2354 2257 de
2378 2202 2583 2266 verbo;
2619 2213 2723 2253 nec
2757 2195 2898 2251 LXX
2930 2195 3294 2266 luterpretum
3328 2192 3717 2246 auctoritatem

2139 2304 2382 2358 secutos,
2407 2306 2641 2363 quorum
2675 2290 2843 2344 editio
2865 2289 3086 2358 illojam
3120 2297 3367 2357 tempore
3408 2286 3721 2355 legebatur;

2139 2391 2233 2443 sed
2297 2387 2451 2457 quasi
2485 2386 2744 2440 Hebraeos
2774 2395 2832 2439 et
2864 2383 3164 2437 instructos
3223 2381 3275 2434 in
3315 2379 3480 2448 Lege,
3512 2377 3727 2445 absque

2138 2483 2339 2538 damno
2368 2495 2625 2536 sensuum
2650 2483 2764 2533 suis
2805 2491 2933 2531 usos
2959 2490 3083 2530 esse
3111 2473 3474 2530 sermonibus.
3507 2472 3724 2539 Appro-

2130 2570 2364 2643 pinquat
2394 2579 2572 2623 autetn
2598 2569 2832 2639 populus
2862 2566 3174 2621 Judaeorum
3211 2577 3306 2619 ore
3334 2571 3387 2616 et
3417 2561 3578 2615 labiis
3606 2562 3727 2615 suis

2143 2662 2295 2730 Deo;
2337 2662 2463 2732 quia
2502 2662 2667 2715 unius
2699 2660 2795 2714 Dei
2827 2659 3030 2714 cultum
3068 2657 3270 2712 habere
3298 2670 3355 2709 se
3382 2653 3652 2722 gloriatur
3671 2661 3727 2706 ct

2145 2771 2400 2827 respuere
2426 2754 2609 2820 idola;
2643 2752 2738 2807 sed
2781 2766 2875 2807 cor
2897 2750 3012 2819 ejus
3050 2750 3211 2818 longe
3253 2757 3336 2802 est
3369 2745 3437 2800 ab
3469 2759 3555 2810 eo,
3596 2744 3728 2811 quia

2145 2866 2249 2905 non
2304 2848 2500 2918 recipit
2536 2847 2821 2902 Dominum
2870 2844 3054 2900 Jcsum
3094 2843 3397 2898 Christum.
3431 2838 3534 2905 Qui
3576 2837 3729 2889 enim

2146 2960 2249 2998 non
2282 2943 2477 3012 recipit
2536 2942 2756 3003 Filintn,
2796 2955 2899 2992 non
2930 2937 3125 3007 recipit
3167 2934 3403 2989 Patrem.
3439 2928 3733 2998 Simulque

2145 3037 2423 3092 discamus
2452 3034 2725 3105 quomodo
2781 3031 2980 3100 aliquis
3026 3027 3429 3098 appropitequet
3478 3025 3611 3086 Deo,
3643 3020 3733 3072 vel

2150 3130 2308 3199 longe
2336 3129 2429 3183 liat
2460 3130 2529 3182 ab
2563 3142 2645 3182 eo.
2682 3124 2783 3192 Qui
2825 3135 2879 3179 et
2937 3138 3032 3193 per
3077 3121 3367 3176 Jeretniam
3430 3118 3675 3185 loquitur
3711 3130 3733 3171 ζ

2148 3223 2290 3278 Deus
2318 3222 2748 3294 appropinquans
2780 3234 2897 3288 ego,
2938 3226 2988 3270 et
3017 3232 3119 3270 non
3147 3214 3211 3269 de
3254 3214 3405 3281 longe
3452 3210 3580 3263 dicit
3617 3208 3734 3261 Do-

2143 3320 2316 3372 minus
2345 3315 2560 3382 (Jerem.
2589 3329 2744 3389 χχιιι,
2771 3312 2863 3376 9'5,
2897 3308 3182 3365 secundum
3207 3304 3394 3372 LXX).
3420 3303 3736 3371 Appropino

2148 3426 2382 3480 quantus
2422 3421 2604 3463 autem
2645 3409 2753 3461 Deo
2787 3415 2989 3465 mente,
3032 3417 3137 3455 non
3193 3411 3461 3467 corpore;
3495 3394 3637 3450 sicut
3675 3405 3736 3446 et

2149 3504 2217 3558 de
2246 3503 2427 3573 Moyse
2486 3500 2715 3569 legimus
2747 3513 2762 3551 :
2799 3493 3251 3567 Appmpinqnarit
3318 3489 3522 3558 Moyses
3584 3486 3736 3539 solus

2149 3597 2217 3650 ad
2241 3595 2401 3648 Deum
2434 3608 2451 3647 :
2476 3592 2651 3646 curtrri
2675 3598 2846 3644 autem
2877 3603 2979 3640 non
3012 3576 3504 3654 appropinquabant
3530 3576 3734 3648 (Exod.

2151 3705 2299 3746 sxw.
2327 3687 2406 3758 9.).
2441 3684 2641 3738 Orabat
2683 3683 2826 3736 enim
2860 3678 3027 3733 Deum
3063 3680 3116 3731 itt
3167 3675 3359 3746 spiritu
3389 3683 3443 3727 et
3482 3674 3737 3734 veritate,

2147 3795 2203 3838 et
2235 3781 2526 3836 accedebat
2557 3779 2621 3830 ad
2652 3792 2772 3829 eum
2805 3789 2969 3829 sensu
3000 3781 3055 3826 et
3089 3771 3307 3840 spiritu.
3348 3766 3411 3820 lii
3447 3779 3628 3818 autem
3667 3767 3738 3817 de

2152 3876 2350 3944 quibus
2382 3872 2636 3925 scribitur
2665 3867 2812 3935 quod
2876 3865 3138 3918 tollantur
3193 3861 3261 3915 ab
3311 3868 3486 3923 utero,
3520 3868 3575 3911 et
3611 3872 3741 3909 cru-

2152 3968 2374 4022 diantur
2406 3981 2434 4017 a
2469 3979 2636 4032 puero
2688 3975 2862 4029 usque
2896 3959 2960 4013 ad
3003 3965 3336 4011 senectutem
3365 3969 3383 4019 ;
3412 3962 3463 4006 et
3502 3950 3556 4003 in
3591 3950 3738 4015 Lege

2154 4060 2250 4114 Dei
2274 4059 2360 4114 die
2392 4073 2453 4111 ac
2490 4056 2670 4119 nocte)
2696 4052 2782 4106 ΑΙ.
2818 4050 2995 4105 media
3027 4048 3206 4117 nocte)
3241 4047 3596 4100 ttteditentur.
3624 4056 3735 4093 non

2154 4152 2592 4223 appropinquant
2634 4148 2765 4211 Deo,
2799 4144 2923 4212 quia
2958 4141 3282 4196 traditiones
3313 4136 3726 4189 Pharisaeorum

2159 4244 2585 4309 Seriharumque
2614 4237 2945 4303 suscipiunt,
2989 4248 3109 4303 qua:
3146 4247 3242 4286 eos
3271 4230 3427 4297 longe
3460 4226 3671 4279 faciunt
3706 4238 3737 4275 a

2159 4338 2291 4400 Deo,
2328 4345 2384 4389 et
2419 4341 2544 4388 sunt
2577 4328 2834 4399 sepulcra
2864 4325 3136 4388 tlealbata,
3169 4337 3288 4390 quae
3316 4320 3451 4374 foris
3486 4318 3747 4370 videntur

2159 4446 2282 4485 esse
2312 4428 2560 4497 pulchra,
2594 4424 2740 4478 intus
2774 4430 2954 4474 autem
2985 4418 3140 4487 plena
3173 4423 3301 4469 sunt
3342 4413 3559 4465 ossibus
3592 4426 3741 4462 tuor-

2484 4520 2571 4584 qui
2624 4516 2901 4581 elegerunt
2956 4508 3281 4569 Barabbam,
3325 4517 3381 4557 et
3453 4498 3746 4557 Doininum

2168 4628 2491 4683 respuerant
2539 4608 2758 4681 (Matth.
2790 4604 2973 4673 xxvn)‘
3018 4619 3033 4658 :
3086 4601 3376 4669 Propterea
3427 4595 3746 4648 atltlitutum

2164 4725 2223 4763 se
2249 4723 2371 4762 esse
2404 4704 2791 4766 conuuinatur,
2819 4697 2973 4768 juxta
3009 4691 3175 4755 LXX,
3206 4699 3266 4745 ut
3290 4702 3639 4757 nequaquam
3691 4685 3748 4736 in

2165 4799 2421 4871 Assyrios
2455 4806 2507 4849 et
2539 4793 2865 4865 Babylonios
2893 4804 2985 4844 eos
3016 4784 3335 4848 transferat,
3378 4782 3475 4834 sed
3531 4782 3583 4830 in
3632 4786 3754 4830 toto

2165 4896 2298 4950 orbe
2340 4892 2635 4960 dispergat.
2686 4883 2844 4939 iusta
2903 4877 3256 4940 llebraicum,
3327 4872 3751 4926 adtttiratiouvm

2171 4999 2421 5056 magnam
2454 4979 2651 5050 populo
2682 4975 2996 5033 Juda-orum
3039 4967 3478 5038 stupendutnque
3509 4963 3755 5016 miracu-

2168 5082 2278 5133 lum
2315 5078 2587 5132 facturum
2618 5087 2739 5127 esse
2772 5085 2832 5124 se
2859 5069 2989 5123 dicit
3018 5083 3033 5133 ;
3067 5074 3125 5119 ut
3178 5062 3369 5131 perdat
3424 5073 3617 5112 eorum
3670 5070 3757 5108 sa-

2171 5172 2430 5240 pientiam
2468 5167 2558 5237 qui
2616 5181 2720 5218 non
2758 5168 3084 5231 receperunt
3116 5155 3209 5210 Dei
3238 5154 3499 5210 virtutem
3546 5149 3757 5218 Deique

2172 5265 2516 5334 sapientiam,
2541 5270 2593 5315 et
2617 5257 2944 5313 intellectum
2976 5248 3325 5322 prudentium
3358 5241 3665 5298 abscondat
3698 5250 3759 5295 et

2167 5359 2307 5413 celet
2330 5372 2345 5414 :
2368 5369 2436 5410 ne
2456 5352 2666 5408 scilicet
2683 5365 2806 5405 eum
2830 5345 3103 5416 reperiant
3124 5341 3287 5411 quiin
3309 5340 3488 5392 littera
3507 5335 3759 5390 contiue~

2175 5463 2281 5507 tur.
2310 5434 2384 5506 De
2410 5448 2512 5505 hoc
2536 5448 2655 5503 loco
2678 5440 2958 5515 apostolus
2980 5437 3179 5493 Paulus
3201 5434 3450 5488 scribens
3472 5429 3541 5482 ad
3557 5425 3762 5481 Coriu-

2250 5611 2270 5643 ’
2304 5612 2593 5679 Perperam
2639 5607 2691 5659 in
2725 5602 2965 5679 vulgatis
3004 5596 3260 5667 «ξι-δι,ᾳυὶ
3297 5590 3474 5661 legitis
3525 5588 3759 5679 litteras,

2172 5697 2271 5752 pro
2304 5652 2495 5750 uchris,
2544 5652 3006 5752 quemadmnodum
3068 5652 3147 5721 ex.
3183 5652 3318 5720 'tttss.
3347 5652 3763 5720 vetueudautus,
3792 5652 3803 5675 ‘

2173 5743 2412 5818 cogente
2433 5753 2543 5816 ipsa
2565 5743 2837 5818 orationis
2878 5743 3019 5796 serie
3035 5750 3303 5818 rectoque
3352 5746 3542 5787 sensu.

2248 5811 2269 5855 ⁵
2298 5811 2495 5888 Υκιὶςξ,
2533 5830 2578 5872 et
2612 5816 2706 5872 Dei
2736 5824 2938 5869 tantum
2976 5811 3045 5867 ad
3061 5825 3137 5880 se,
3167 5819 3276 5865 etc.
