3952 6180
332 308 444 369 345

885 315 1382 377 COMMENTAR.
1420 316 1499 375 IN
1540 316 1803 380 lSAlAM
1854 323 1906 381 Pl

2014 323 2318 388 PHETAM
2359 328 2504 389 LIB.
2552 331 2656 402 1X,
2688 335 2847 398 CAP.
2893 338 3109 402 XXIX.

3493 341 3601 405 346

337 428 483 481 thios
501 429 675 497 positit
696 435 1066 489 teStimonium
1095 436 1357 492 :Perdam
1374 438 1693 507 sapientiam
1714 440 1923 508 sapien—
1948 444 1996 500 Α
2028 443 2298 508 ignorare.
2340 447 2398 501 Et
2446 465 2539 517 per
2579 450 2746 504 Amos
2781 452 2846 505 de
2902 452 3084 520 impiis
3121 463 3172 505 et
3224 457 3599 520 peccatoribus

335 520 492 583 tium,
518 534 565 575 et
594 524 915 579 intellectum
935 529 1276 596 prudentium
1306 530 1594 597 reprobabo
1629 530 1681 601 (1
1707 530 1829 585 Cor.
1870 546 1909 591 ι.

339 612 435 681 19)
474 615 638 671 :aliis
666 618 845 672 verbis
875 620 1123 674 eumdem
1150 636 1368 676 sensum
1399 622 1718 678 edisserens
1754 640 1767 678 :
1800 638 1909 676 non

333 707 479 771 quod
509 708 648 762 Deus
677 711 750 765 sit
784 711 1038 766 iuirnirus
1093 714 1376 782 Sapientiae
1407 715 1563 783 cujus
1615 724 1770 783 pater
1803 725 1907 778 est,

335 808 391 851 et
424 814 517 864 per
549 817 711 865 quem
740 804 919 856 omnis
945 815 1030 858 est
1067 805 1116 857 in
1145 807 1454 861 hominibus
1476 808 1744 872 Sapientia
1769 824 1785 872 ;
1815 807 1911 861 sed

331 906 460 943 cum
520 893 896 948 additamenta
942 900 1146 962 posuit,
1183 906 1237 949 ut
1291 899 1341 951 in
1381 898 1643 952 llcbraieo
1672 912 1776 966 est,
1818 917 1910 952 sa-

326 985 583 1053 pientium
614 988 797 1054 populi
828 999 881 1042 et
909 989 1070 1061 395
1103 990 1454 1058 prudentium
1495 993 1660 1055 illius.
1698 993 1749 1047 id
1803 1005 1908 1058 est,

331 1078 515 1143 populi
572 1075 906 1135 Iudaeorum.
936 1080 1001 1135 Et
1069 1100 1260 1139 revera
1323 1088 1532 1155 grande
1585 1088 1909 1141 miraculum

333 1166 476 1221 Deus
512 1168 635 1223 fecit
658 1171 710 1224 in
736 1174 933 1239 populo
962 1186 1081 1243 post
1110 1178 1402 1232 adventum
1442 1178 1652 1232 Domini
1707 1180 1900 1232 Salva-

332 1267 492 1326 toris.
526 1279 581 1318 ut
612 1281 720 1320 uno
761 1278 926 1333 atque
955 1273 1143 1321 eodem
1172 1279 1414 1338 tempore
1445 1273 1660 1325 arderet
1686 1270 1904 1327 Jerusa-

328 1355 462 1422 lem,
493 1368 614 1425 tem;
639 1359 861 1427 lnrnqtte
885 1372 1190 1426 corruerat,
1222 1374 1275 1416 et
1300 1365 1479 1416 omnis
1516 1366 1906 1431 magistrorum

329 1452 559 1505 scientia
601 1450 914 1518 tolleretur;
953 1453 1178 1521 impleto
1214 1454 1305 1507 illo
1333 1457 1475 1523 quod
1511 1471 1675 1522 supra
1703 1457 1905 1509 dictum

327 1553 416 1595 est
466 1544 571 1609 (Ad
607 1560 723 1610 cap.
749 1559 831 1597 ιιι.
867 1545 890 1597 l
925 1532 1111 1614 seqq.)'
1137 1562 1151 1599 :
1182 1545 1317 1600 Ecce
1355 1546 1670 1600 Dominator
1729 1547 1913 1601 Darni-

330 1650 432 1686 nus
459 1631 695 1686 Sabaoth
720 1633 927 1702 auferet
948 1634 1012 1688 ab
1044 1633 1340 1689 Jerusalem
1367 1648 1415 1690 et
1437 1654 1468 1690 α
1494 1635 1641 1690 Juda
1676 1638 1909 1691 ualidum

327 1737 378 1778 et
440 1725 672 1778 validam
702 1742 721 1779 :
761 1743 970 1781 onmem
1017 1726 1380 1796 fortitudinem
1428 1730 1600 1793 panis.
1659 1744 1704 1783 et
1758 1746 1910 1783 omne

330 1818 497 1869 robur
545 1832 740 1885 aqua;
793 1817 1059 1887 gigantem
1110 1830 1159 1873 et
1210 1822 1474 1873 hominem
1505 1820 1834 1885 bellatorem,
1861 1831 1908 1873 et
1942 1809 1985 1864 Β

323 1909 584 1976 judicent,
615 1921 662 1964 et
692 1913 1028 1982 prophetam,
1062 1922 1111 1967 et
1143 1914 1490 1981 conjectorem
1544 1924 1588 1967 et
1636 1930 1831 1974 senem,
1861 1924 1912 1968 et

326 2006 863 2073 quinquagenarium,
914 2017 961 2058 et
1010 2006 1379 2061 admirabilem
1419 2007 1809 2072 consiliarium,
1859 2015 1909 2060 et

329 2098 624 2163 sapirntem
673 2097 1034 2163 architectum,
1068 2107 1116 2151 et
1143 2100 1453 2167 prudentem
1503 2098 1824 2164 auditorem,
1853 2108 1909 2153 ct

329 2200 553 2253 uetera,
595 2204 714 2258 qrne
749 2191 1104 2259 propin-tiens
1132 2207 1311 2246 sermo
1338 2193 1625 2247 contexuit
1650 2194 1691 2247 ’.

400 2278 583 2345 (ἵει-ε.
614 2279 840 2349 l5,16.)
876 2298 895 2331 ι
945 2280 1030 2335 Va:
1083 2282 1173 2349 qui
1224 2282 1479 2353 profundi
1520 2286 1650 2338 estis
1703 2286 1903 2348 corde,

333 2383 392 2424 ιιι
437 2386 466 2424 a
506 2369 739 2425 Domino
783 2372 1132 2428 abscondatis
1163 2375 1474 2438 consilium.
1508 2392 1742 2444 quorum
1775 2387 1901 2432 sunt

330 2469 383 2520 in
426 2468 668 2522 tenebris
698 2484 886 2535 opera,
918 2479 971 2524 et
1023 2470 1213 2525 dicunt
1244 2486 1260 2527 ;
1288 2470 1419 2537 Quis
1468 2472 1616 2528 videt
1678 2489 1796 2535 nos,
1852 2482 1907 2529 et

326 2562 449 2625 quis
484 2564 634 2614 novit
658 2577 754 2616 nos
776 2562 802 2616 ἲ
824 2561 1081 2617 Perversa
1123 2574 1207 2618 est
1255 2564 1370 2619 haec
1402 2575 1579 2619 vestra
1615 2568 1903 2635 cogitatio,

329 2654 485 2719 quasi
528 2652 575 2706 si
630 2653 799 2708 lutum
851 2665 1040 2709 contra
1092 2655 1313 2724 ligulam
1368 2657 1590 2725 cogitet,
1650 2670 1702 2710 et
1759 2658 1905 2711 dic..t

326 2762 469 2813 opus
523 2746 718 2801 facturi
783 2763 931 2804 suo:
969 2747 1092 2803 Non
1162 2748 1336 2803 fecisti
1374 2766 1503 2816 me;
1564 2760 1618 2804 et
1680 2751 1907 2817 ﬁgmen-

331 2854 443 2894 tum
480 2843 813 2896 drcattictori
840 2859 942 2898 suo
974 2859 989 2900 :
1017 2843 1129 2898 Non
1159 2844 1437 2914 intelligis.
1472 2865 1489 2896 ι
1530 2846 1667 2900 LXX
1707 2864 1721 2903 :
1764 2867 1781 2899 ι
1816 2845 1906 2901 Va:

328 2932 420 2995 qui
446 2934 772 3001 profundum
800 2936 1089 2990 consilium
1119 2937 1350 3001 faciunt,
1393 2948 1443 2990 et
1478 2951 1639 2992 erunt
1675 2941 1725 2991 irt
1753 2950 1905 2993 tene-

332 3028 446 3081 bris
469 3043 632 3096 opera
657 3043 867 3093 eorum,
901 3038 955 3083 et
982 3030 1166 3084 dicunt
1203 3047 1217 3086 :
1255 3032 1389 3096 Quis
1430 3031 1577 3085 videt
1620 3033 1763 3087 nos?
1786 3034 1908 3102 quis

328 3122 466 3173 sciet
490 3136 610 3184 nos,
646 3130 695 3174 ct
728 3138 845 3190 qute
882 3137 980 3175 nos
1021 3120 1290 3176 facimus?
1321 3139 1500 3176 nonne
1556 3134 1609 3175 ut
1647 3123 1814 3177 intuiti
1846 3124 1906 3177 li-
1938 3159 1979 3214 ϐ

330 3215 437 3273 culi
475 3215 901 3281 reputabimini?
947 3217 1206 3282 Nunquid
1261 3217 1403 3271 dicet
1460 3204 1670 3270 Dictura
1713 3215 1905 3270 facturi

329 3321 430 3358 suo
457 3317 473 3357 :
502 3306 617 3357 Non
647 3308 922 3373 sapit-nter
942 3321 1028 3358 me
1054 3305 1256 3368 fecisti,
1275 3314 1367 3358 aut
1392 3305 1704 3374 ligtncntum
1729 3304 1909 3360 lictori

331 3414 452 3464 suo,
483 3398 600 3450 Non
625 3407 679 3452 trt
707 3413 791 3451 me
816 3396 992 3454 fecisti
1016 3398 1039 3451 l
1069 3417 1088 3449 ι
1120 3400 1420 3452 Adversum
1440 3398 1661 3454 eosdem
1692 3398 1760 3453 de
1785 3399 1905 3466 qui-

332 3492 431 3545 bus
466 3505 630 3557 supra
659 3490 892 3555 dixerat,
940 3491 1161 3557 perdam
1196 3492 1515 3558 sapientiam
1557 3491 1905 3560 sapientiora,

329 3593 383 3637 et
409 3583 820 3653 intelligentiam
840 3584 1186 3654 prudentium
1214 3583 1535 3653 reprobabo,
1550 3585 1684 3646 sive,
1704 3593 1762 3637 ut
1780 3600 1907 3652 pro-

332 3677 489 3745 pheta
525 3675 736 3741 scribit,
775 3676 1097 3731 abscondam
1131 3692 1150 3730 :
1191 3693 1334 3732 nunc
1386 3678 1551 3732 etiarn
1587 3679 1680 3732 Dei
1726 3694 1908 3733 sermo

329 3770 606 3839 dirigitur,
633 3770 722 3838 qui
744 3771 1022 3839 sapientes
1043 3782 1171 3824 sunt
1200 3771 1250 3824 in
1283 3769 1609 3838 semetipsis,
1632 3783 1686 3824 ot
1705 3772 1756 3824 in
1780 3787 1906 3825 con-

328 3875 517 3928 spectu
552 3877 655 3917 suo
682 3861 996 3931 prudentes.
1055 3862 1129 3917 De
1164 3863 1361 3931 quibus
1410 3865 1714 3918 rectissime
1773 3864 1903 3917 illud

331 3955 555 4025 intelligi
620 3966 846 4024 pateat:
906 3954 1219 4025 Defecerunt
1280 3967 1582 4011 scrutantes
1646 3957 1903 4011 scrutinio

332 4048 502 4108 thal.
535 4064 689 4111 unt,
718 4048 768 4107 7r
791 4063 947 4113 ;cunt
979 4050 1240 4117 scriptrrnt
1262 4050 1331 4102 sit
1363 4051 1429 4104 de
1463 4049 1553 4105 Dei
1585 4049 1849 4116 sapientia
1889 4065 1904 4106 ξ

331 4139 393 4191 Si
421 4141 559 4192 enim
589 4139 704 4209 quis
726 4140 987 4206 perfectus
1015 4141 1170 4208 fuerit
1187 4141 1240 4192 in
1267 4139 1392 4207 ﬁliis
1419 4141 1687 4193 hominum
1712 4144 1907 4210 absque

331 4240 421 4283 tua
457 4231 740 4299 sapientia,
775 4234 830 4287 in
859 4231 989 4285 uiltil
1027 4236 1356 4301 reputabitur
1388 4230 1539 4302 (Sap.
1582 4248 1661 4292 Ix.
1694 4233 1771 4302 6).
1803 4232 1904 4298 Qui

330 4322 533 4376 ideirco
563 4326 900 4377 arbitrantur
927 4325 1092 4378 Deum
1116 4339 1216 4379 sua
1248 4325 1460 4380 nescire
1489 4326 1741 4387 consilia,
1772 4327 1900 4395 quis

331 4418 384 4469 in
423 4417 662 4469 tenebris
690 4426 817 4477 sunt
841 4434 1003 4484 opera
1039 4433 1252 4481 eorum,
1282 4427 1337 4471 et
1370 4420 1549 4473 dicunt
1588 4436 1601 4474 :
1643 4418 1773 4483 Quis
1823 4421 1904 4473 vi.

2022 537 2226 592 dicitur
2260 556 2274 595 :
2309 539 2367 595 Si
2400 528 2771 598 absconderint
2818 561 2871 598 se
2907 547 2971 597 ab
3002 544 3168 598 oculis
3209 547 3332 599 meis
3377 547 3441 607 in,
3472 563 3598 614 pro-

2022 630 2186 696 fundo
2218 633 2403 691 maris.
2460 634 2531 687 ibi
2571 636 2832 688 mandabo
2855 636 3102 702 draconi,
3136 645 3182 688 et
3221 635 3478 689 mordebit
3511 653 3597 690 eos

2023 719 2224 779 (Amos.
2264 739 2334 787 tr,
2362 724 2436 790 ὃ).
2480 722 2628 779 Unde
2675 728 2924 792 quamvis
2958 728 3160 795 aliquis
3189 729 3409 798 sapiens
3452 730 3599 784 silet

2020 811 2363 867 ferventioris
2401 816 2621 886 ingenii,
2665 821 2707 872 si
2743 838 2845 873 non
2878 822 3124 875 habuerit
3151 820 3239 874 Dei
3272 822 3596 890 sapientiam

2020 913 2182 972 atque
2207 907 2525 973 doctrinam,
2554 910 2799 965 dicamus
2822 916 2887 965 de
2913 930 2977 965 eo
3008 930 3023 969 ;
3050 911 3170 966 Nisi
3203 913 3450 966 Dominus
3469 916 3598 967 α’άὶ-

2018 998 2250 1067 Ῑὶείιιόἰ·ἰι
2284 999 2519 1065 domum,
2537 1002 2591 1056 in
2612 1020 2795 1056 vanum
2825 1009 3197 1060 laboraverunt
3218 1009 3308 1072 qui
3326 1007 3594 1074 wdiﬁcant

2019 1106 2156 1143 eam.
2189 1089 2312 1144 Nisi
2354 1092 2610 1147 Dominus
2646 1099 2952 1150 custodierit
3004 1100 3289 1159 civitatem,
3323 1100 3375 1151 in
3408 1116 3596 1151 canum

2021 1184 2259 1251 vigilabit
2289 1186 2377 1255 qui
2409 1188 2635 1241 custodit
2668 1205 2781 1241 eam
2819 1190 2994 1256 (Paul.
3027 1206 3207 1253 cxxvr,
3236 1193 3257 1244 ι
3294 1203 3349 1243 et
3379 1190 3457 1253 2).
3494 1190 3595 1245 Cui

2020 1292 2122 1332 nos
2169 1280 2433 1334 faciamus
2493 1280 2672 1334 simile
2713 1296 2729 1339 :
2770 1281 2887 1335 Nisi
2964 1281 3228 1336 Dominus
3258 1284 3278 1314 ⁸
3328 1283 3598 1352 adjuverit

2018 1371 2332 1434 scientiam,
2357 1372 2408 1424 itt
2452 1388 2650 1425 vanum
2684 1373 2894 1426 laborat
2937 1374 3028 1441 qui
3062 1390 3122 1429 se
3178 1385 3329 1443 putat
3360 1391 3480 1429 esse
3510 1390 3598 1427 sa—

2021 1462 2280 1527 pientem.
2303 1463 2412 1517 Nisi
2446 1463 2704 1518 Dominus
2727 1466 2871 1518 omni
2902 1466 3146 1520 crrstodia
3172 1467 3471 1521 servaverit
3501 1480 3597 1517 cur

2018 1569 2286 1620 nosmmt,
2319 1556 2371 1610 in
2403 1573 2600 1609 vanum
2639 1557 2821 1625 vigilat
2845 1558 3119 1626 qni-putat
3167 1557 3297 1611 illud
3345 1573 3440 1610 sua
3472 1554 3598 1610 dili-

2016 1650 2194 1714 gentia
2227 1663 2384 1716 posse
2425 1651 2655 1703 servari.
2687 1650 2955 1704 Perversa
2979 1662 3083 1715 est,
3119 1650 3315 1720 inquit.
3358 1650 3474 1703 haec
3507 1665 3597 1703 ve-

2018 1751 2130 1794 stra
2161 1742 2450 1809 cogitatio.
2480 1752 2539 1795 ιιι
2568 1742 2831 1796 factorem
2870 1743 3072 1811 putetis
3109 1743 3320 1798 nescire
3349 1743 3491 1811 quod
3518 1742 3597 1795 fe—

2013 1834 2111 1898 cit,
2136 1843 2189 1887 ct
2224 1834 2538 1888 Creatorem
2597 1834 2848 1903 ignorare
2882 1845 3189 1889 creaturam
3222 1852 3402 1899 suam,
3433 1835 3592 1905 quasi

2012 1926 2058 1978 si
2089 1925 2260 1977 lutum
2291 1936 2341 1979 et
2365 1940 2502 1995 opus
2534 1926 2670 1979 dicat
2710 1924 2869 1994 ﬁgulo
2892 1935 2946 1979 ct
2980 1925 3170 1980 factori
3204 1941 3326 1989 suo,
3362 1926 3479 1980 Non
3508 1942 3594 1979 me

2012 2015 2211 2082 fet-isti,
2250 2016 2332 2069 vel
2367 2032 2473 2069 non
2497 2033 2581 2070 me
2607 2017 2745 2071 bene
2770 2016 2969 2080 fecisti,
2995 2034 3095 2072 nec
3134 2016 3391 2086 intelligis
3419 2016 3593 2072 factu-

2011 2124 2125 2163 ram
2180 2120 2345 2164 tnam.
2402 2110 2514 2164 lloc
2554 2110 2869 2164 testimonio
2900 2111 3022 2165 aliis
3061 2111 3241 2165 verbis
3303 2109 3595 2180 Apostolus

2011 2204 2182 2255 utitur
2225 2204 2290 2255 ad
2338 2201 2617 2256 Romanos
2650 2203 2739 2255 ubi
2789 2203 2857 2258 de
2911 2202 3004 2257 Dei
3045 2202 3315 2273 profunda
3369 2201 3592 2256 scientia

2010 2296 2267 2360 disputat,
2294 2304 2347 2347 et
2374 2296 2654 2349 hominum
2704 2296 2820 2350 vult
2866 2296 3198 2350 calumniam
3240 2293 3529 2349 confutare
3573 2310 3589 2347 :

2013 2384 2058 2439 0
2087 2385 2264 2450 homo,
2293 2394 2348 2438 tu
2382 2387 2499 2455 quis
2532 2404 2585 2439 es
2630 2388 2721 2457 qui
2775 2388 3092 2456 respondeas
3131 2386 3289 2439 Deo?
3342 2385 3591 2456 Nunquid

2010 2478 2136 2529 dicit
2167 2478 2471 2545 ﬁgmentum
2494 2478 2669 2546 lictori
2701 2495 2818 2539 suo.
2852 2480 3033 2542 Quare
3054 2496 3134 2532 me
3161 2479 3338 2547 fecisti
3357 2479 3431 2530 sic
3456 2477 3483 2530 ?
3510 2477 3590 2530 An

2015 2584 2119 2620 non
2147 2567 2298 2620 habet
2331 2577 2640 2635 potestatem
2664 2568 2856 2637 figulus
2881 2570 2947 2621 de
2971 2569 3149 2621 eodem
3173 2567 3287 2620 luto
3319 2568 3469 2619 aliud
3502 2584 3591 2619 ras

2015 2658 2185 2726 facere
2210 2661 2261 2713 in
2294 2658 2734 2722 honorem,aliud
2768 2659 2823 2711 in
2857 2657 3283 2712 contumeliam?
3313 2656 3487 2728 (Rom.
3514 2672 3591 2719 rx,

2009 2751 2103 2817 ΞΟ,
2156 2753 2273 2819 ﬁl).
2307 2751 2364 2805 in
2398 2752 2591 2820 quibus
2639 2754 2854 2806 cunctis
2893 2752 2980 2806 illa
3014 2766 3231 2818 semper
3256 2753 3590 2805 observanda

2011 2852 2092 2896 c~t
2121 2842 2301 2911 regula
2333 2858 2347 2899 :
2373 2842 2746 2913 Evmrgelistas
2774 2852 2828 2898 et
2861 2843 3149 2909 Apostolos
3168 2844 3369 2909 absque
3391 2844 3591 2893 damno

2010 2952 2265 2990 sensuum
2309 2937 2698 3006 interpretatos
2744 2938 2794 2991 in
2830 2936 3077 2993 Graecum
3136 2952 3201 2990 ex
3252 2933 3500 2998 Hebraeo,
3532 2944 3593 2987 ut

2012 3030 2114 3084 sibi
2154 3032 2323 3084 visum
2356 3030 2540 3085 fuerit.

2086 3121 2269 3192 (Vers.
2309 3122 2372 3175 17
2398 3123 2577 3192 seqq.)
2615 3141 2633 3174 ι
2668 3118 2860 3176 Nonne
2898 3121 3075 3176 adimo
3114 3121 3168 3174 in
3217 3119 3430 3174 modico
3457 3117 3590 3172 etin

2016 3215 2163 3268 brevi
2200 3225 2549 3269 convertatur
2604 3214 2841 3269 Libanus
2890 3214 2942 3267 itt
2976 3213 3231 3269 Clrarmel
3264 3229 3281 3273 ς
3317 3222 3373 3264 et
3416 3210 3590 3264 Char-

2011 3308 2116 3361 mel
2142 3308 2195 3361 in
2225 3308 2419 3361 saltum
2469 3306 2850 3373 reputabitur?
2896 3304 2960 3358 Et
3012 3305 3235 3359 audient
3294 3304 3346 3357 in
3384 3303 3471 3357 die
3502 3300 3588 3353 illa

2010 3402 2161 3457 surdi
2189 3402 2350 3455 verba
2388 3400 2511 3453 libri
2539 3416 2553 3463 ;
2612 3412 2664 3453 et
2698 3401 2767 3453 de
2809 3399 3049 3453 tenebris
3082 3410 3136 3452 et
3178 3398 3413 3466 caligine
3446 3396 3588 3450 oculi

2011 3508 2281 3551 etet-orum
2335 3493 2619 3547 videbunt.
2677 3492 2744 3546 Et
2795 3492 2997 3546 addent
3041 3493 3201 3545 mites
3259 3492 3314 3544 in
3362 3488 3592 3541 Domino

2011 3587 2250 3641 lanitiam
2280 3598 2365 3642 :t‘l.
2388 3600 2651 3654 pauperes
2668 3585 2915 3639 homines
2935 3585 2988 3637 iu
3006 3582 3205 3637 Sancto
3222 3581 3385 3636 Israel
3405 3583 3585 3635 cxsul~

2013 3680 2225 3743 tabum,
2291 3679 2550 3748 quoniam
2579 3677 2781 3731 defecit
2814 3677 2904 3746 qui
2944 3675 3291 3746 praevalebat.
3330 3675 3592 3728 nonsum—

2011 3781 2190 3826 matus
2232 3782 2313 3825 est
2353 3771 2561 3834 illusor,
2609 3783 2663 3824 et
2704 3769 2904 3825 succisi
2934 3778 3293 3828 snntomues.
3321 3768 3412 3835 qui
3456 3765 3586 3834 vigi-

2007 3865 2377 3933 labantsuper
2403 3862 2886 3931 iniquitatem.Qui
2909 3875 3133 3930 peccare
3168 3859 3438 3912 faciebant
3484 3859 3584 3909 bo-

2012 3958 2185 4011 rnines
2212 3957 2264 4010 in
2310 3956 2498 4021 verbo,
2531 3964 2587 4008 et
2635 3965 2954 4022 arguentem
2988 3953 3039 4006 in
3087 3962 3239 4020 porta
3266 3950 3586 4019 supplanta-

2010 4048 2137 4102 bant
2161 4062 2176 4113 ;
2227 4056 2280 4101 et
2313 4045 2723 4101 declinaverunt
2752 4042 2955 4098 frustra
3008 4060 3037 4097 a
3065 4043 3233 4110 justo.
3274 4062 3292 4093 ι
3343 4044 3587 4109 liespnn-

2009 4142 2168 4196 deant
2200 4138 2369 4193 Judaei
2423 4149 2473 4192 et
2515 4137 2672 4192 amici
2726 4135 2989 4205 simplicis
3037 4144 3247 4189 tantum
3311 4135 3583 4191 historiae.

2008 4234 2099 4302 qui
2129 4231 2338 4286 fructus
2368 4244 2472 4283 non
2499 4240 2750 4300 quaerunt
2779 4230 2831 4283 in
2878 4229 3224 4289 διώξεις-ειμι
3254 4227 3375 4280 folia
3413 4227 3576 4297 397

2010 4332 2216 4376 tantum
2249 4323 2607 4387 umbramque
2632 4320 2944 4382 verborrnn,
2986 4334 3108 4387 qua:
3136 4319 3244 4371 cito
3293 4329 3493 4372 arescit
3525 4328 3578 4369 ct

2008 4413 2241 4483 deperit,
2297 4411 2571 4480 quomodo
2610 4411 2662 4464 in
2730 4412 2963 4465 adventu
3014 4411 3224 4465 Domini
3280 4410 3585 4465 Salvatoris

329 4518 413 4562 aet
448 4525 537 4562 nos
563 4510 589 4563 ?
615 4517 664 4561 et
692 4508 808 4578 quis
837 4512 978 4561 novit
1005 4526 1099 4562 nos
1125 4508 1150 4561 ἵ
1180 4508 1302 4564 Hice
1327 4523 1508 4562 autem
1530 4508 1712 4562 dicunt
1741 4519 1794 4561 et
1814 4523 1902 4562 sa-
1938 4514 1984 4571 υ
2014 4508 2162 4576 (quia
2196 4522 2225 4558 a
2256 4505 2592 4573 tempo.'ibus
2624 4504 2774 4558 lsaia:
2808 4520 2981 4573 usque
3021 4508 3085 4558 ad
3119 4504 3581 4572 dispensationem

332 4603 539 4657 pientes
572 4599 739 4668 hujus
778 4603 984 4667 srecnli,
1017 4610 1070 4655 et
1119 4602 1503 4656 lrzeretir-ornm
1554 4602 1820 4673 magistri,
1854 4611 1908 4655 et

329 4689 637 4745 Jndeeorum
668 4691 950 4754 Pharisaei,
977 4693 1117 4761 quod
1146 4693 1326 4746 mrllus
1342 4709 1435 4748 eos
1463 4693 1725 4763 intelligat
1756 4709 1771 4760 ;
1798 4708 1905 4747 non

334 4780 680 4834 recordantes
718 4782 836 4849 ejus
865 4785 1007 4849 quod
1050 4784 1115 4835 ad
1176 4783 1344 4837 Deum
1382 4783 1627 4838 dicitur;
1666 4783 1906 4837 Tenebrae

333 4889 435 4925 non
461 4874 886 4927 obscurabuntur
910 4892 941 4927 a
973 4886 1019 4928 te
1048 4891 1067 4929 .'
1098 4886 1145 4929 et
1174 4892 1278 4929 non:
1298 4876 1430 4928 sicut
1452 4876 1563 4929 dies
1586 4876 1911 4930 illuminabi-

331 4975 417 5013 tur
441 4963 612 5023 (Psal.
645 4978 908 5023 csxxvnr.
933 4965 1040 5030 η).
1079 4964 1142 5017 Et
1180 4981 1193 5020 :
1226 4965 1378 5019 Sicut
1412 4964 1639 5019 tenebrae
1664 4965 1800 5034 ejus,
1832 4968 1907 5019 ita

333 5066 378 5106 et
432 5058 525 5107 lux
581 5055 697 5123 ejus
750 5054 930 5123 (Ibid.
957 5054 1000 5110 i.
1066 5055 1179 5110 Hoc
1225 5073 1408 5109 tri-ure
1469 5059 1675 5123 decepti
1736 5059 1905 5110 Atla'll

334 5157 386 5199 et
416 5147 549 5210 Eva,
580 5147 863 5202 audientes
896 5149 1134 5201 sortitum
1161 5149 1355 5217 pedum
1392 5151 1791 5204 tlt'aztrbrrlrrttfis
1848 5151 1903 5204 in

337 5242 586 5307 paradiso
833 5239 946 5305 Dei,
1000 5241 1400 5294 absconderant
1449 5257 1508 5294 sc
1539 5244 1638 5296 sub
1689 5244 1905 5309 arbore,

336 5329 386 5382 iit
409 5345 514 5400 qua
545 5333 565 5362 ‘
596 5343 713 5384 erat
744 5332 974 5384 scientia
1003 5332 1126 5386 boni
1151 5343 1205 5386 et
1239 5333 1364 5386 mali
1393 5351 1407 5395 ;
1438 5349 1499 5386 ac
1528 5334 1659 5387 Cain
1693 5350 1906 5403 quoque

336 5424 517 5474 dicens
557 5437 573 5475 :
605 5419 662 5475 Si
708 5423 855 5493 ejicis
901 5440 978 5475 me
1005 5425 1159 5477 hodie
1187 5443 1218 5475 a
1276 5426 1412 5494 {acie
1459 5436 1572 5487 tua,
1607 5426 1907 5477 abscondar

340 5513 491 5583 (Cen.
522 5513 730 5585 tv,l-l),
767 5516 933 5569 simili
966 5517 1195 5570 stultitia
1258 5515 1425 5570 Deum
1484 5517 1781 5570 arbitratus
1824 5528 1907 5571 est

406 5650 421 5681 '
449 5648 684 5704 Ad-Iitur
706 5649 758 5701 in
789 5647 1072 5712 Vaticano,
1096 5650 1399 5703 Notandum
1434 5654 1556 5718 quid
1587 5653 1806 5705 dicatur
1844 5654 1907 5706 de

343 5718 418 5770 his
448 5721 537 5787 qui
572 5718 876 5786 religionem
903 5723 953 5774 in
980 5730 1237 5789 qurestum
1272 5735 1495 5773 rcrtunt.
1544 5721 1647 5777 Vw.
1671 5739 1777 5776 ere.

411 5793 429 5821 ¹
459 5789 657 5844 Confer
710 5791 766 5843 ὃ.
806 5792 1166 5861 Αιιεςιτιηιιιιιιι
1193 5792 1226 5844 li
1252 5812 1281 5845 r.
1321 5808 1357 5845 ιι
1385 5799 1447 5844 de
1473 5794 1677 5845 tiones.
1714 5807 1901 5849 contra

2009 4604 2192 4656 carius
2209 4607 2523 4666 assumpta,
2548 4612 2645 4665 pro
2661 4598 3068 4666 comparatione
3087 4594 3408 4651 aeternitatis
3423 4598 3586 4648 breve

2009 4703 2064 4748 et
2101 4690 2376 4745 modicum
2415 4692 2679 4759 temporis
2733 4691 2967 4757 spatirrrn
3005 4690 3109 4758 est)
3145 4687 3381 4742 Libanus
3430 4702 3584 4739 nrorrs

2009 4784 2287 4838 Phtcieis
2332 4798 2524 4838 versus
2583 4783 2656 4837 sit
2686 4791 2849 4851 atque
2883 4789 3188 4834 traustatns
3236 4780 3286 4829 in
3347 4786 3580 4828 montem

2009 4878 2358 4933 Carmelum?
2430 4878 2520 4946 qui
2587 4874 2849 4929 llebraicc
2893 4886 3142 4926 attenuet.
3194 4852 3441 4937 (ΕΩ-ιδ)
3497 4868 3582 4919 tli-

2009 4972 2156 5024 citur
2180 4987 2195 5034 ;
2219 4980 2273 5023 et
2307 4971 2356 5021 in
2391 4969 2628 5022 confinio
2653 4966 2949 5021 Palmstinae
2975 4976 3134 5031 atque
3165 4961 3440 5016 PittnttiCls
3462 4960 3584 5013 Ptu-

2010 5065 2226 5118 lernaidi
2252 5064 2562 5125 imminens,
2622 5064 2823 5115 licctet
2860 5058 3069 5111 alinsin
3100 5055 3398 5124 Seripturis
3452 5070 3580 5109 san-

2009 5158 2110 5211 ctis
2157 5171 2310 5210 tnous
2341 5154 2621 5208 Carmelus
2653 5150 2972 5219 appelletur,
3025 5147 3080 5201 in
3121 5162 3229 5215 quo
3283 5147 3374 5200 fuit
3415 5146 3583 5201 Nabal

2009 5250 2314 5304 Car-melius
2351 5248 2409 5319 (I
2439 5248 2565 5316 Reg.
2598 5245 2755 5310 xxv),
2802 5244 2964 5297 homo
3001 5242 3201 5295 stultus
3239 5252 3291 5296 ct
3337 5242 3580 5310 iniquus,

2010 5345 2098 5409 qui
2138 5357 2360 5394 uxorem
2401 5341 2582 5392 habuit
2613 5337 2850 5404 Abignii,
2885 5351 3027 5405 quae,
3068 5346 3278 5388 mortuo
3313 5340 3448 5397 vito,
3482 5350 3577 5387 nu-

2016 5434 2115 5501 ρκίι
2158 5431 2323 5484 David
2354 5448 2369 5495 ;
2403 5430 2495 5482 illo
2526 5428 2674 5483 enim
2698 5426 2930 5487 vivente,
2956 5427 3128 5481 virum
3156 5424 3320 5479 Dade
3339 5425 3588 5491 accipere

2012 5540 2117 5577 non
2157 5529 2502 5591 poterat;ne
2531 5530 2819 5574 vocaretur
2846 5517 3093 5572 adultera
3146 5519 3192 5571 si
3239 5517 3380 5571 foret
3424 5514 3586 5571 alteri

2008 5651 2337 5706 Manirltwos

2080 5723 2099 5754 ³
2135 5722 2302 5777 Vati».
2340 5720 2475 5786 Quid
2500 5722 2603 5779 nisi
2638 5723 2917 5789 Dominus,
2949 5732 3062 5779 etc.
