3952 6180
370 308 475 370 347

1541 307 1602 364 s.
1644 283 1949 363 EUsEmt
1998 305 2431 368 unanimam

3525 315 3639 378 358

365 425 486 475 viro
508 419 713 475 sociata
737 435 754 484 ;
778 425 833 474 et
861 417 1133 487 quomodo
1156 415 1409 472 Charmel
1438 417 1490 469 in
1527 418 1752 480 saltum,
1786 427 1839 471 et
1866 417 1946 470 in-
1975 425 2019 480 Α
2050 431 2124 482 st,
2159 417 2285 484 Η).
2312 419 2613 488 Omnisque
2642 427 2725 474 est
2760 420 3050 477 exsultatio
3077 467 3091 489 ,
3119 423 3374 493 quoniam
3435 404 3629 481 defecit

369 518 646 570 fructuosa
704 515 848 582 ligna
905 510 1223 580 repetetur?
1261 509 1414 574 Quod
1438 525 1560 562 cum
1611 511 1790 564 dicere
1821 522 1939 563 'non

371 607 665 674 potuerint,
697 608 920 658 audiant
945 602 1226 662 Libanum.
1251 604 1338 671 qui
1367 605 1760 672 interpretatur
1788 606 1941 657 deal-

369 699 532 760 batio,
573 697 760 751 referri
811 696 877 749 ad
939 696 1187 762 populum
1228 695 1492 759 gentium,
1541 695 1632 763 qui
1697 695 1839 747 lotus
1879 694 1934 748 in

373 792 597 843 inuniuo
627 799 682 843 et
717 788 958 858 purgatis
1005 787 1252 839 sordibus
1298 787 1564 855 pristinis,
1609 798 1753 841 totus
1787 804 1941 840 mun-

367 885 468 932 dus
515 880 835 939 ascendens,
897 879 998 932 sub
1034 877 1146 946 (Al.
1179 876 1366 948 super]
1404 878 1655 931 Ecl-lesize
1710 893 1940 947 persona

368 973 616 1026 innititur
659 970 946 1036 Salvatori,
985 983 1036 1022 et
1067 971 1131 1024 de
1157 974 1299 1023 eoin
1329 970 1558 1023 Cantieo
1603 975 1939 1023 canticorum

367 1065 562 1118 dicitur
591 1080 604 1118 :
639 1063 770 1128 Qua:
787 1073 859 1116 est
883 1063 985 1116 ista
1009 1079 1124 1131 quia
1147 1064 1381 1114 ascendit
1405 1061 1682 1124 denlbata,
1711 1062 1941 1114 innitens

364 1171 520 1220 super
543 1155 847 1223 fratruelem
876 1172 1028 1207 suum
1058 1155 1237 1224 (Cant.
1276 1171 1394 1214 vttt.
1420 1155 1473 1223 5)
1507 1172 1519 1210 :
1559 1167 1610 1209 et
1643 1156 1807 1208 istum
1843 1170 1939 1223 po-

364 1247 543 1313 pulum
580 1246 860 1298 transferri
890 1247 941 1298 in
979 1244 1244 1307 Charmel,
1291 1245 1392 1298 hoc
1423 1257 1529 1308 est,
1585 1248 1634 1299 iu
1665 1246 1943 1300 circumci-

361 1339 524 1390 siouis
550 1338 845 1398 scientiam,
867 1347 924 1391 ut
965 1339 1266 1406 spiritualis
1295 1350 1348 1392 ct
1401 1355 1540 1392 vera:
1564 1339 1942 1392 circumcisio-

364 1446 446 1481 tus
485 1429 736 1498 mysteria
772 1440 1123 1498 recognmcat
1157 1447 1170 1482 :
1201 1440 1253 1483 et
1282 1431 1332 1484 in
1395 1430 1514 1484 loco
1548 1430 1619 1484 sit
1669 1432 1938 1500 quondam

364 1521 542 1590 populi
583 1521 892 1575 Judzeorum
921 1539 937 1575 :
976 1523 1096 1576 illos
1125 1533 1303 1576 autem
1335 1523 1427 1592 qtti
1459 1522 1738 1578 Christum
1767 1523 1942 1577 susci-

363 1628 490 1680 pere
533 1614 823 1668 noluerunt
882 1615 1118 1683 reputari
1151 1615 1202 1668 in
1235 1616 1455 1681 saltum,
1507 1625 1560 1668 et
1616 1615 1668 1669 in
1717 1617 1942 1668 arbores

359 1705 594 1768 steriles,
655 1721 775 1773 quae
829 1720 938 1758 non
991 1715 1216 1773 possunt
1271 1723 1392 1760 cum
1431 1707 1590 1777 lignis
1640 1707 1939 1760 l'ructil'eris

2046 509 2136 578 qui
2161 511 2950 576 przcvalebat.Consummatus
2977 525 3054 569 est
3089 516 3298 577 illusor,
3323 521 3438 572 sive
3467 536 3624 573 arro-

2043 617 2196 670 gans,
2217 616 2270 657 et
2300 605 2587 670 superbus,
2617 606 2708 674 qui
2735 606 2948 661 dixerat
2989 625 3002 664 :
3038 609 3386 666 Fortitudin'e
3428 614 3627 668 faciam

2045 705 2098 746 et
2120 696 2412 762 sapientia,
2449 695 2693 750 :mferam
2734 698 2866 752 lines
2901 701 3137 764 gentium
3171 713 3222 756 et
3249 704 3623 760 fortitudinem

2044 803 2237 841 earum
2274 789 2502 842 vastabo
2531 807 2545 853 ;
2580 790 2671 859 qui
2715 792 2972 844 omnibus
3016 793 3300 859 illudebat,
3331 799 3382 851 in
3414 810 3628 852 tantum

2045 889 2344 934 utsattctus
2376 896 2592 949 quoque
2636 883 2844 938 diceret
2883 901 2896 938 :
2942 884 3128 939 Lumbi
3163 889 3264 940 mei
3294 891 3475 956 repleti
3504 905 3632 946 sunt

2042 972 2376 1026 illusionibns
2405 971 2590 1041 (l’sal.
2621 990 2822 1040 xxxv",
2861 976 2960 1044 8).
3022 978 3088 1032 Et
3115 982 3310 1033 succisi
3332 992 3477 1046 sunt,
3511 985 3632 1039 sive

2046 1063 2210 1118 deleti
2239 1079 2429 1118 omnes
2459 1067 2552 1134 qui
2585 1066 3060 1139 vigilahautsuper
3091 1071 3453 1141 iniquitatem,
3485 1092 3632 1146 quo-

2046 1171 2162 1207 rum
2192 1163 2416 1226 propter
2449 1157 2620 1212 malas
2646 1158 2859 1228 vigilias
2892 1175 2996 1213 non
3026 1161 3296 1215 dormitat
3325 1166 3580 1222 interitus
3613 1185 3628 1223 :

2043 1251 2132 1318 qui
2160 1265 2389 1318 peccare
2421 1249 2692 1305 faciebant
2726 1253 3040 1307 universum
3105 1257 3386 1311 hominum
3451 1275 3631 1328 genus

2044 1345 2095 1398 in
2125 1345 2292 1398 verbo
2325 1346 2694 1414 blasphemiae,
2731 1359 2784 1400 ut
2820 1359 3080 1416 negarent
3117 1348 3352 1404 Verbum
3401 1353 3519 1418 Dei,
3575 1364 3632 1410 et

2045 1435 2096 1488 in
2121 1435 2260 1489 caalo
2293 1446 2556 1504 ponerent
2583 1451 2645 1490 os
2675 1452 2858 1492 smtm.
2897 1437 3178 1506 Significat
3203 1452 3383 1496 autem
3416 1443 3633 1498 memo-

2043 1541 2165 1588 nes,
2201 1528 2288 1594 qui
2330 1541 2559 1595 nequam
2583 1529 2706 1597 ipsi,
2729 1545 2922 1582 onmes
2955 1530 3227 1585 faciebant
3261 1533 3512 1589 homines
3573 1536 3628 1590 in

2043 1630 2300 1669 sermone
2325 1631 2576 1680 peciare,
2629 1619 2796 1670 variis
2843 1619 3188 1688 dogmatibus
3247 1622 3636 1693 blaspheman-

2046 1717 2148 1770 tes,
2181 1719 2235 1762 et
2261 1718 2578 1778 arguentem
2605 1710 2654 1763 in
2682 1721 2830 1780 porta
2860 1722 3024 1783 atque
3074 1713 3304 1783 judicio,
3360 1727 3628 1786 quantum

359 1795 578 1848 laudare
603 1797 909 1850 Domimtm.
941 1799 1077 1852 Cum
1137 1807 1321 1852 autem
1380 1798 1621 1854 Libanns
1661 1800 1713 1854 in
1757 1799 1931 1853 Char-
1972 1779 2016 1838 Β
2047 1799 2104 1854 in
2128 1815 2188 1856 se
2217 1811 2360 1865 erat,
2386 1779 2830 1870 supplantabaut,
2863 1815 2916 1858 et
2936 1779 2977 1857 ia
3005 1779 3218 1872 iustitia
3240 1779 3512 1864 declinare
3541 1809 3626 1865 fa-

360 1887 486 1948 mel,
515 1896 568 1940 et
599 1886 853 1941 Charmel
888 1890 940 1942 in
965 1889 1162 1942 saltum
1190 1889 1362 1944 fuerit
1387 1901 1773 1955 commutatus,
1807 1904 1934 1948 tunc

356 1979 448 2044 qui
478 1979 627 2047 prius
651 1980 800 2034 surdi
838 1992 1017 2041 erant.
1050 1992 1104 2035 et
1139 1983 1297 2036 verba
1339 1984 1457 2037 libri
1497 1985 1797 2052 prophetici
1832 2001 1935 2038 au-

359 2069 478 2122 dire
510 2083 615 2121 nou
647 2078 899 2138 poterant
927 2072 1017 2140 (de
1043 2088 1148 2139 quo
1172 2089 1333 2142 supra
1365 2075 1789 2144 diximus,quod
1819 2094 1936 2131 osu-

360 2161 442 2214 nis
478 2159 757 2229 Scriptura
793 2176 981 2216 sancta
1036 2181 1174 2218 unus
1205 2166 1339 2220 liber
1372 2168 1696 2236 appelletur,
1721 2171 1936 2225 dicente

359 2250 684 2307 Ecclesiaste
711 2254 963 2325 (cap.x1t,
987 2273 1119 2310 vers.
1147 2257 1234 2326 ll)
1267 2274 1281 2310 :
1309 2257 1584 2313 Sermones
1621 2261 1934 2328 sapientium

363 2354 621 2413 tanquam
649 2347 852 2401 stimuli
891 2359 939 2402 et
968 2351 1118 2419 quasi
1147 2351 1284 2405 clavi
1320 2353 1373 2405 in
1399 2353 1573 2407 altum
1598 2355 1814 2424 conﬁxi,
1841 2356 1934 2426 qui

358 2451 389 2485 a
413 2436 649 2490 conciliis
677 2437 790 2491 dati
812 2449 932 2491 sunt
973 2458 1003 2492 a
1039 2452 1250 2508 pastore
1282 2444 1408 2511 uno)
1469 2443 1715 2508 audient,
1765 2457 1818 2498 et
1854 2446 1935 2498 lu-

354 2541 612 2594 quentur,
637 2532 831 2600 quibus
856 2533 1108 2587 Salvator
1127 2535 1270 2589 dicet
1300 2550 1314 2589 :
1355 2535 1624 2604 Epltpheta
1650 2536 1760 2608 [ΑΙ.
1789 2538 1931 2592 Elle-

356 2621 490 2694 tba],
516 2627 658 2692 quod
677 2625 1087 2694 interpretatur,
1107 2629 1592 2702 adaperire(.llarc.
1615 2636 1733 2700 vn).
1752 2633 1934 2698 Quod-

351 2730 456 2782 que
493 2731 591 2769 nus
613 2719 895 2780 vertimus,
923 2719 986 2774 de
1026 2721 1253 2775 tenebris
1283 2731 1330 2775 et
1349 2723 1576 2792 caligine
1603 2725 1743 2776 oculi
1762 2741 1928 2777 σαφο-

351 2823 470 2860 rum
518 2809 788 2875 videbunt,
843 2827 1076 2881 quorum
1136 2815 1311 2870 facilis
1375 2817 1754 2884 interpretatio
1813 2831 1930 2884 eSI;

351 2901 543 2966 Aquda
579 2913 633 2954 et
660 2901 964 2959 'l‘heodotio
1007 2917 1061 2959 et
1095 2909 1452 2978 Synnnachus
1481 2912 1878 2964 transtulerunt
1912 2928 1925 2966 ε

349 2992 605 3046 Tenebras
630 3005 675 3048 et
701 2997 980 3066 caliginem
1012 3001 1150 3052 oculi
1209 3017 1464 3056 amcorum
1519 3005 1758 3058 videbunt
1784 3021 1802 3057 :
1875 3018 1932 3060 ut

2036 1893 2274 1958 ciebant,
2296 1894 2387 1964 qui
2415 1905 2531 1949 erat
2562 1895 2614 1949 in
2640 1897 2812 1964 portis
2843 1898 2964 1953 ﬁliae
3002 1898 3159 1965 Sion,
3222 1901 3497 1958 exaltatus
3553 1904 3624 1957 de

2038 1985 2210 2054 portis
2244 1986 2437 2042 mortis
2479 1996 2578 2052 ;et
2605 1991 2932 2059 corripiebat
2983 2007 3079 2047 eos
3131 1994 3222 2061 qui
3266 1995 3496 2050 oderant
3568 1997 3624 2051 in

2037 2077 2210 2146 portis
2230 2091 2569 2148 arguentem.
2607 2081 2737 2148 Qua:
2779 2099 2879 2138 nos
2903 2099 3064 2154 super
3124 2087 3336 2140 diabolo
3358 2097 3413 2143 et
3459 2103 3626 2159 ange-

2040 2170 2109 2222 lis
2146 2169 2265 2236 ejus
2297 2171 2681 2240 iutelleximus,
2741 2173 2985 2229 Nazareni
3057 2190 3244 2232 contra
3289 2179 3513 2234 Scribas
3566 2193 3626 2238 et

2037 2259 2342 2316 Pharisaeos
2371 2262 2513 2316 dicta
2561 2265 2918 2332 arbitrantur,
2977 2270 3124 2336 quod
3164 2270 3466 2328 defecerint
3502 2275 3627 2326 δευ-

2036 2352 2297 2422 τερωταί,
2327 2357 2419 2425 qui
2463 2355 2612 2424 prius
2647 2357 2942 2414 illudebant
2977 2362 3178 2430 populo
3234 2365 3626 2420 traditionibus

2036 2445 2287 2512 pessimis
2313 2461 2328 2511 ;
2362 2456 2415 2501 et
2441 2448 2507 2502 ad
2538 2444 2890 2520 decipiendos
2917 2452 3198 2522 simplices
3229 2455 3316 2510 die
3346 2470 3626 2527 noetuqne

2038 2533 2355 2603 vigilabant,
2389 2538 2480 2605 qui
2508 2553 2734 2606 peccare
2768 2541 3042 2596 faciebant
3071 2543 3240 2614 399
3280 2546 3528 2602 homines
3568 2550 3625 2603 in

2038 2629 2216 2684 Verbo
2249 2633 2362 2695 Dei,
2393 2634 2742 2690 utChristum
2778 2637 2870 2690 Dei
2905 2636 3100 2691 Filium
3133 2652 3419 2708 negarent.

2107 2721 2288 2788 (Vers.
2322 2723 2391 2776 22
2414 2725 2594 2794 seqq.)
2632 2743 2650 2776 ι
2688 2725 2924 2797 Propter
2979 2729 3082 2782 hoc
3121 2730 3234 2783 haec
3269 2732 3394 2784 tliril
3437 2731 3623 2786 Domi-

2035 2831 2140 2870 nus
2177 2817 2244 2869 ad
2275 2817 2707 2881 domumJacoh,
2741 2819 2833 2888 qui
2879 2820 3110 2877 redemit
3141 2823 3415 2877 Abraham
3455 2842 3470 2878 :
3503 2826 3618 2880 Non

2040 2911 2198 2963 modo
2221 2909 2586 2964 conluudetur
2623 2909 2817 2977 Jacob,
2849 2928 2949 2967 nec
2973 2915 3130 2969 modo
3155 2915 3335 2970 vultus
3356 2917 3473 2984 ejus
3499 2933 3624 2971 cru-

2037 3001 2243 3064 bescet;
2301 3003 2393 3055 sed
2420 3016 2543 3056 cum
2577 3001 2771 3056 viderit
2807 3002 2946 3056 filios
2966 3018 3117 3069 suos,
3151 3018 3316 3072 Opera
3354 3021 3613 3058 manuum

348 3088 696 3142 ostenderent
727 3092 968 3158 gentium
1005 3093 1226 3162 populo,
1251 3097 1340 3163 qui
1376 3097 1523 3162 prius
1552 3113 1727 3153 c:ccus
1787 3111 1925 3165 erat,
1955 3132 2000 3190 ο
2038 3108 2303 3160 tnearnm,
2336 3095 2389 3146 in
2412 3095 2590 3148 medio
2615 3094 2698 3148 sui
2723 3096 3130 3150 sanctilicantes
3151 3111 3345 3150 nomen
3377 3113 3552 3150 meum
3593 3115 3606 3148 :

349 3180 550 3235 Christi
607 3195 956 3242 sacramenta
1015 3185 1322 3255 pandenda,
1376 3189 1528 3256 jtma
1590 3190 1716 3244 illud
1783 3191 1928 3259 quod

347 3273 548 3326 dicitur
581 3290 594 3324 :
634 3271 993 3328 Tenenebrosa
1019 3293 1156 3343 aqua
1191 3279 1244 3331 in
1293 3279 1514 3332 nubibus
1556 3286 1693 3334 aeris
1734 3281 1924 3352 (Ρβιιι.

352 3380 484 3426 xvu.
520 3365 585 3417 l2
615 3364 658 3434 ).
699 3365 764 3418 Et
795 3367 842 3418 in
871 3368 1058 3421 eodem
1085 3367 1299 3424 Psalmo
1328 3370 1392 3424 de
1428 3368 1538 3424 Deo
1559 3373 1817 3438 scriptum
1849 3381 1930 3425 est

347 3454 514 3525 398
539 3455 700 3510 Posui
727 3458 966 3513 tenebras
995 3458 1271 3514 latibulum
1329 3479 1483 3516 suum
1541 3463 1715 3532 (Ibid.
1753 3465 1792 3526 ).
1860 3464 1927 3518 Et

349 3552 398 3600 in
435 3547 746 3605 Proverbiis
808 3551 1084 3621 legimus:
1139 3552 1266 3607 lla'c
1311 3555 1528 3608 audiens
1570 3557 1780 3621 sapiens
1837 3575 1926 3609 sa-

347 3640 574 3708 pientior
594 3644 781 3703 erit,et
804 3644 1034 3710 prudens
1085 3644 1513 3714 gubernationem
1562 3648 1844 3715 possidebit
1883 3656 1932 3700 et

351 3733 610 3804 intelliget
649 3735 959 3804 parabolam
985 3745 1034 3790 et
1069 3738 1401 3793 tenebrosum
1438 3757 1751 3808 sermonem,
1787 3741 1930 3796 dicta

348 3831 667 3893 sapientium
715 3840 762 3882 et
797 3832 1078 3900 wnigmata
1115 3833 1302 3905 (Prov.
1336 3850 1371 3899 ι,
1397 3834 1452 3900 5,
1487 3835 1576 3906 6).
1607 3834 1848 3906 Denique
1879 3845 1934 3891 et

351 3918 562 3986 Moyer
583 3930 640 3971 ut
664 3921 993 3989 intelligeret
1013 3933 1068 3977 et
1101 3923 1311 3978 videret
1335 3924 1502 3980 Deum
1530 3926 1548 3998 (
1574 3925 1749 3980 Exod.
1784 3943 1854 3980 xx
1885 3927 1928 3995 ),

349 4009 402 4062 in
427 4010 619 4064 nubem
657 4011 932 4080 ingressus
961 4025 1042 4067 est
1063 4021 1119 4068 et
1145 4015 1198 4068 in
1223 4016 1534 4086 caliginem,
1586 4022 1653 4072 de
1713 4035 1818 4089 qua
1877 4022 1929 4073 in

349 4101 567 4156 Psalmo
605 4102 804 4157 dicitur
847 4120 862 4162 :
891 4105 1075 4178 Caligo
1093 4106 1188 4161 sub
1221 4110 1436 4177 pedibus
1453 4110 1567 4178 ejus
1594 4108 1763 4176 (Psal.
1794 4127 1928 4174 xvn,

350 4193 420 4248 10
448 4191 492 4265 ).
523 4193 660 4248 Cum
691 4205 871 4250 autem
911 4197 1063 4266 prius
1086 4201 1213 4254 caeci
1267 4199 1354 4252 vel
1400 4201 1643 4268 mystica
1703 4217 1930 4270 quaeque

349 4288 760 4357 eonspexerint,
784 4289 865 4343 vel
885 4291 952 4344 de
982 4292 1226 4346 excitate
1239 4303 1286 4344 et
1320 4292 1561 4348 tenebris
1581 4292 1768 4348 oculos
1787 4295 1931 4347 leva-

348 4385 529 4434 verint
561 4383 626 4434 ad
652 4380 962 4446 tidendum,
1022 4393 1080 4437 ut
1139 4384 1535 4439 sedentihusin
1582 4388 1822 4440 tenebris
1876 4396 1930 4440 et

2032 3195 2087 3239 et
2131 3186 2552 3240 sanctiticabunt
2584 3195 2831 3240 sanctum
2887 3184 3079 3249 Jacob,
3126 3197 3180 3242 et
3222 3187 3387 3242 Deum
3448 3191 3619 3243 Israel

2033 3278 2435 3346 przedicabunt:
2468 3287 2522 3331 et
2550 3279 2728 3332 scient
2777 3287 3030 3332 errantes
3059 3278 3616 3346 spirituiutellectmn,

2031 3381 2086 3421 et
2115 3370 2491 3424 inussitatores
2513 3369 2725 3425 discent
2752 3367 2970 3437 Legem.
2999 3389 3018 3421 ι
3057 3368 3200 3423 LXX
3232 3387 3247 3424 :
3275 3388 3293 3421 ‹
3327 3369 3618 3438 Propterea

2039 3462 2150 3516 lucc
2175 3462 2310 3515 dicit
2356 3461 2622 3516 Dominus
2653 3477 2818 3529 super
2849 3462 3070 3516 domum
3101 3461 3290 3528 Jacob,
3337 3479 3497 3529 quant
3535 3476 3619 3516 se-

2037 3553 2244 3621 paravit
2277 3569 2343 3608 ex
2381 3553 2656 3608 Abraham
2694 3569 2708 3607 :
2755 3551 2872 3606 Non
2935 3554 3096 3608 modo
3129 3553 3496 3609 confundetur
3523 3553 3617 3608 Ja-

2032 3647 2136 3698 col)
2165 3665 2176 3698 :
2211 3662 2385 3714 neque
2417 3661 2563 3700 nunc
2595 3645 2792 3700 faciem
2825 3645 3094 3712 mutabit;
3125 3647 3221 3700 sed
3268 3661 3390 3698 cum
3421 3647 3437 3677 ⁸
3463 3646 3618 3700 vide-

2034 3741 2104 3792 rit
2143 3740 2280 3793 illius
2304 3753 2430 3792 suos
2452 3752 2619 3808 opera
2666 3752 2838 3793 mea:
2898 3747 3118 3806 prOpter
3171 3752 3258 3791 me
3313 3738 3621 3791 sanctifica-

2033 3830 2388 3885 buntnomen
2427 3845 2632 3895 meum,
2659 3841 2714 3883 et
2748 3830 3169 3884 sanctilicabunt
3225 3839 3474 3885 sanctum
3530 3829 3618 3884 Ja-

2034 3925 2157 3989 cob,
2207 3933 2262 3978 et
2295 3923 2458 3976 Deum
2494 3921 2659 3977 Israel
2699 3922 2991 3987 timebunt,
3049 3933 3103 3976 et
3158 3923 3330 3978 scient
3377 3924 3470 3991 qui
3526 3938 3615 3978 er-

2033 4025 2155 4069 rant
2178 4012 2849 4082 spiritu,intelligentiam,
2899 4023 2955 4066 et
2989 4014 3371 4068 mussitatores
3401 4016 3614 4069 discent

2033 4105 2417 4178 obedientiam.
2450 4123 2469 4156 ι
2509 4105 2772 4173 Quodque
2820 4107 3066 4174 sequitur
3100 4117 3161 4160 -ι-
3198 4117 3245 4159 et
3275 4104 3468 4174 lingua:
3497 4107 3613 4158 bal-

2038 4196 2290 4250 butientes
2319 4199 2521 4252 discent
2547 4197 2888 4267 loquiparem
2931 4199 2972 4265 ,⁹
3007 4197 3165 4253 obelo
3202 4199 3613 4265 prmnotandum

2036 4300 2140 4342 est.
2173 4289 2307 4342 Cum
2343 4289 2616 4342 audierint
2646 4289 2876 4358 ,inquit,
2929 4291 3078 4344 surdi
3141 4294 3304 4345 verba
3354 4292 3502 4356 libri,
3558 4303 3608 4346 et

2035 4379 2179 4432 oculi
2203 4395 2472 4434 ca‘corum
2504 4381 2775 4444 viderint,
2799 4380 3146 4448 Libanusque
3168 4397 3466 4440 conversus
3502 4384 3616 4437 fue-

348 4473 543 4528 uutbra
567 4475 758 4529 tttortis
789 4475 999 4529 oriatur
1040 4478 1219 4530 lumen
1255 4493 1465 4539 verum,
1503 4488 1633 4534 tunc
1670 4481 1829 4533 mites
1861 4483 1926 4531 de
1966 4493 2010 4546 υ
2040 4475 2107 4525 rit
2142 4475 2192 4526 iu
2228 4473 2504 4541 Cltarmel,
2533 4485 2589 4528 et
2634 4475 2884 4529 Charmel
2947 4485 3228 4545 reputatus
3289 4479 3339 4530 in
3389 4479 3610 4542 saltum,

347 4571 544 4638 quibus
567 4567 826 4635 scriptum
845 4580 926 4622 est
948 4584 963 4624 :
983 4567 1132 4623 Beati
1165 4571 1335 4638 mites,
1361 4573 1610 4641 quoniam
1644 4575 1742 4640 ipsi
1763 4575 1932 4640 possi—

345 4660 538 4713 debunt
571 4669 768 4714 terram
795 4659 1025 4730 (Matth.
1054 4661 1201 4733 v,-i)
1230 4678 1243 4720 :
1279 4664 1396 4718 sive
1446 4680 1734 4734 pauperes,
1788 4682 1922 4735 qun-

346 4770 464 4808 rum
498 4754 754 4824 princeps
785 4755 835 4808 in
872 4754 1100 4809 Psalmis
1130 4755 1204 4807 ait
1237 4770 1254 4807 :
1294 4754 1392 4808 llic
1412 4773 1614 4825 panper
1648 4759 1922 4824 clamavit,

342 4857 390 4900 et
427 4846 683 4901 Dominus
741 4850 1012 4902 exattdieit
1058 4848 1206 4902 illum
1241 4849 1260 4920 (
1292 4847 1448 4905 Psal.
1484 4866 1674 4913 xxxut,
1709 4851 1778 4918 7)
1812 4867 1826 4915 ;
1875 4863 1929 4904 et

344 4937 706 5005 quijudicabit
732 4955 983 5006 pauperes
1007 4940 1210 5008 populi,
1259 4949 1309 4993 el
1358 4944 1532 4995 salvos
1578 4930 1756 5011 faciet.
1789 4942 1927 5010 ﬁlios

343 5031 822 5100 p.tttpr3t‘ttﬂt(Ps'al.
855 5047 1008 5101 thl,
1038 5034 1115 5103 4),
1148 5036 1217 5086 de
1243 5050 1348 5104 quo
1379 5035 1580 5090 dicitur
1597 5039 1661 5088 ad
1683 5035 1922 5103 Judmos,

345 5121 634 5174 Consilnun
685 5127 931 5191 pauperis
986 5126 1271 5194 sprevistis,
1325 5126 1524 5181 addent
1572 5129 1624 5182 in
1691 5129 1920 5183 Domino

348 5214 609 5273 Ι.ι·ι.ιι;ιιιι,
649 5213 821 5282 utqui
859 5218 1144 5282 gloriatur,
1180 5219 1230 5270 in
1267 5217 1492 5271 Domino
1553 5219 1815 5288 glorietur
1869 5221 1915 5290 (l

344 5301 465 5356 Cor.
499 5321 510 5356 ι
536 5319 552 5368 ;
576 5301 632 5356 ll
663 5303 783 5357 Cor.
819 5304 872 5376 χ)
898 5324 913 5372 ;
951 5321 995 5360 et
1025 5323 1293 5378 pauperes
1323 5309 1570 5365 homines
1597 5313 1709 5366 sive
1737 5314 1928 5380 despc-

350 5398 449 5446 lttlt
475 5397 542 5448 ab
571 5411 637 5446 an
655 5395 899 5450 minibus
941 5407 1107 5467 atque
1147 5403 1469 5470 Conletttpti,
1493 5405 1584 5472 qui
1619 5403 1752 5475 legis
1780 5406 1928 5472 prius

343 5488 598 5538 notitiam
630 5503 732 5539 non
760 5486 1051 5549 habebant,
1078 5494 1126 5542 in
1148 5492 1348 5547 Sancto
1373 5495 1534 5549 Israel
1555 5499 1925 5560 exsultabant,

344 5579 480 5644 quia
511 5589 524 5628 ι
546 5593 559 5631 ;
581 5575 758 5631 Sancti
779 5586 961 5642 estote,
983 5580 1229 5648 quonith
1251 5597 1342 5649 ego
1362 5593 1574 5634 sanctus
1599 5600 1712 5636 sum
1733 5585 1749 5654 (
1767 5582 1927 5636 [μετα.

2037 4566 2109 4618 ita
2145 4573 2200 4617 ut
2231 4566 2387 4618 mites
2433 4575 2488 4620 et
2515 4582 2781 4636 pauperes
2850 4569 3107 4621 laetentur
3150 4570 3205 4622 in
3262 4569 3514 4634 Domino,
3559 4581 3613 4624 et

2036 4659 2304 4724 Superbus
2367 4657 2662 4726 illusorque
2719 4660 2982 4724 deficiat,
3038 4670 3166 4714 tunc
3252 4660 3615 4716 confundetur

2035 4748 2201 4803 Jacob
2227 4751 2314 4817 qui
2349 4749 2506 4803 modo
2527 4749 2744 4804 interim
2785 4766 2891 4804 non
2917 4753 3288 4806 confunditur.
3333 4753 3612 4821 Significat

2035 4853 2215 4894 autem
2245 4841 2399 4895 Isaiae
2431 4852 2695 4909 tempora.
2723 4844 2787 4896 Et
2814 4833 3156 4898 vnliusillius
3205 4845 3518 4909 erubescet,
3555 4854 3610 4896 ut

2037 4937 2205 4988 rubor
2239 4947 2401 5004 atque
2432 4936 2682 4992 confusio
2705 4938 2922 4991 occasio
2957 4939 3027 4991 sit
3072 4938 3285 5000 salutis,
3341 4939 3613 5006 praecipue

2033 5043 2154 5082 cum
2192 5029 2386 5082 viderit
2427 5029 2567 5083 (ilios
2603 5045 2754 5092 suos,
2783 5031 2834 5084 id
2886 5039 2992 5094 est,
3049 5030 3338 5099 Apostolos
3365 5039 3415 5084 el
3481 5046 3612 5098 apo-

2027 5121 2250 5174 stoliCus
2288 5121 2454 5186 viros,
2482 5122 2572 5189 qui
2610 5121 2827 5175 fuerunt
2851 5121 2917 5174 de
2962 5137 3158 5190 genere
3202 5121 3532 5183 Juda'orum,
3561 5123 3610 5174 in

2027 5217 2204 5268 medio
2224 5216 2497 5267 nationum
2522 5215 2732 5267 Domini
2757 5225 3068 5283 perpetrare
3105 5216 3356 5274 virtutes,
3380 5224 3436 5268 et
3462 5215 3611 5269 3hri~

2027 5309 2094 5360 sti
2122 5323 2320 5359 nomen
2369 5307 2617 5375 gentibus
2646 5310 2966 5374 praedicare,
2997 5309 3255 5363 etd'cere
3283 5325 3297 5365 :
3331 5307 3490 5361 l‘ater
3519 5325 3610 5359 uo-

2029 5412 2156 5456 :lrr.
2185 5405 2270 5469 qui
2306 5417 2357 5452 es
2383 5401 2437 5453 in
2455 5401 2998 5470 cwlis.sancti/icetur
3016 5418 3200 5456 nomen
3220 5414 3364 5456 tuum
3389 5403 3606 5472 (Matth.

2035 5505 2107 5554 γι,
2143 5489 2338 5559 υ).1ΙΙὶ
2368 5492 2512 5544 enim
2539 5493 2960 5546 sanctilicabunt
2993 5494 3257 5547 Sanctum
3317 5497 3408 5561 qui
3456 5505 3610 5549 ortus

2037 5595 2118 5635 tst
2153 5583 2218 5635 dc
2251 5581 2445 5650 Jacob,
2474 5596 2524 5637 et
2550 5584 2720 5639 Deum
2755 5585 2915 5641 Israel
2941 5588 3208 5642 docebunt
3238 5589 3288 5642 itt
3327 5588 3608 5658 gn'tttihus,

426 5754 810 5814 'Cumecco
843 5757 960 5829 ipso
996 5772 1145 5815 testu
1213 5761 1360 5814 ἵδωςι
1399 5763 1465 5814 τὶς
1524 5765 1684 5816 τέκνα
1754 5767 1929 5816 αὑτῶ-ι

2038 5767 2181 5835 potiit
2215 5765 2483 5820 Victorius
2508 5765 2724 5819 viderint
2743 5765 2842 5833 [ilti
2861 5767 2964 5818 sui.
