3898 6184
268 301 374 363 349

828 301 1324 364 COMMENTAR.
1370 304 1451 363 IN
1489 303 1751 364 ISAIAM
1793 303 2261 368 PROPHETAM
2295 307 2599 384 LlB..IX,
2654 308 2812 374 CAP.
2847 313 3032 376 XXX.

3432 310 3540 372 350

266 425 329 470 ut
355 413 514 469 idolis
531 412 826 479 derelictis,
856 415 1037 468 dicant
1067 431 1082 471 :
1113 431 1278 484 quam
1303 413 1443 470 falsa
1477 415 1839 486 possederunt
1873 419 1926 478 Α
1952 421 2277 488 przepositus
2324 429 2409 476 est
2451 422 2582 492 regit
2624 423 2838 487 generis
2884 421 2968 475 his
3001 419 3091 489 qui
3133 420 3188 474 in
3222 417 3401 473 ltrltea
3449 437 3536 474 re-

262 515 446 574 patres
481 506 653 560 nostri
689 505 854 572 idola,
883 514 938 560 et
965 521 1068 559 non
1097 515 1180 561 est
1202 509 1255 560 in
1288 506 1393 562 illis
1415 509 1506 578 qui
1541 507 1692 578 plnat
1723 525 1738 573 ;
1794 514 1851 561 et

264 597 583 652 tttnescient
612 597 702 667 qui
751 612 900 652 nunc
944 608 1136 654 errant
1170 599 1386 669 Spiritu,
1439 599 1848 669 intelligentiam

264 687 384 752 Dei,
409 691 577 756 etqui
635 690 914 759 quondam
977 692 1030 744 in
1077 690 1374 745 solitudine
1435 691 1849 744 tnurtuurabaut

261 790 456 834 contra
489 779 797 847 Dominum,
835 783 1050 838 discent
1101 782 1323 852 Legem,
1350 783 1505 851 cujus
1531 784 1684 852 prius
1747 799 1850 838 no-

265 871 442 925 titiam
477 887 580 927 non
617 873 910 928 habebant.
947 875 1003 928 Si
1028 874 1175 928 enim
1204 876 1549 944 recepissent
1604 875 1846 946 Moysen,

266 966 604 1033 recepissent
649 975 704 1021 et
766 968 1054 1022 Dominum
1106 967 1292 1021 Jesutn
1348 968 1657 1034 Christum,
1721 971 1846 1040 quia

267 1057 482 1128 Moyses
511 1060 576 1113 de
598 1058 690 1113 illo
722 1059 1066 1130 loquebatur.
1114 1060 1265 1127 Quod
1295 1061 1346 1114 in
1400 1062 1668 1130 principio
1695 1064 1847 1132 capi-

269 1149 368 1204 ιιιιί
388 1150 540 1220 juxta
597 1150 918 1207 llehraicum
951 1154 1326 1209 transtulimus
1365 1172 1378 1212 :
1421 1155 1549 1210 lltec
1592 1156 1716 1209 dicit
1747 1156 1849 1210 Do-

265 1245 448 1298 minus
484 1246 553 1298 ad
578 1236 996 1308 domamlacod,
1029 1253 1117 1315 qui
1136 1250 1357 1303 redemit
1378 1252 1650 1320 quondam
1676 1251 1846 1303 Abra-

263 1337 414 1402 ham,
449 1346 502 1392 et
531 1338 717 1392 eduxit
749 1339 814 1392 de
841 1339 1134 1398 Gltaldteis.
1189 1351 1243 1396 et
1293 1344 1346 1396 in
1403 1353 1601 1396 terram
1664 1357 1849 1408 repro-

263 1432 547 1487 missionis
625 1432 837 1487 induxit
907 1431 1078 1504 (Gen.
1141 1433 1281 1504 st),
1342 1435 1627 1505 perspicue
1677 1445 1846 1503 patet.

262 1521 408 1576 Illud
431 1535 608 1578 autem
635 1525 778 1595 quod
814 1525 1165 1595 Septuaginta
1207 1527 1604 1579 transtulerunt
1642 1541 1657 1583 :
1719 1525 1846 1580 llazc

262 1611 399 1666 dicit
429 1611 595 1685 5.00
626 1616 883 1669 Dominus
901 1632 1058 1686 super
1083 1616 1297 1671 domum
1316 1615 1346 1670 J
1356 1617 1484 1671 acab
1505 1634 1663 1687 quam
1693 1635 1846 1686 sepa-

263 1707 408 1760 ravit
445 1722 510 1761 ea:
539 1706 833 1775 Abraham,
857 1709 936 1764 sic
981 1709 1206 1782 intelligi
1245 1722 1444 1780 pote5t,
1495 1711 1639 1780 quod
1698 1711 1846 1766 Scri-

1960 524 2294 578 manserant,
2330 514 2587 570 Godolias
2623 514 2763 569 ﬁlius
2803 515 3056 584 Ahicam,
3088 527 3194 582 quo
3227 528 3322 582 per
3355 513 3534 565 dolum

1958 619 2080 656 cttm
2130 603 2400 659 Chaldaeis
2447 606 2614 660 sociis
2666 605 2972 668 interfecto,
3019 620 3206 658 omnes
3265 604 3536 670 principes

1959 693 2305 757 bellatorum,
2356 704 2409 748 et
2460 693 2746 748 Johannatt
2801 695 2959 766 401
3013 696 3152 748 filius
3195 693 3441 754 Chartae,
3484 703 3538 744 ct

1956 785 2252 841 Jechonias
2295 789 2436 840 filius
2474 788 2652 851 Osee;
2687 799 2737 840 et
2774 790 3040 854 reliquum
3093 786 3282 852 vulgus
3309 801 3336 835 a
3371 799 3537 852 parvo

1957 896 2132 948 usque
2167 881 2232 934 ad
2272 896 2549 949 magnum,
2585 890 2932 932 accesserunt
2975 878 3040 932 ad
3082 877 3373 931 Jeretuiam
3416 892 3542 946 pro-

1957 973 2208 1041 phetam,
2257 980 2311 1024 et
2360 971 2616 1025 dixerunt
2667 972 2716 1025 ei
2770 989 2782 1023 :
2831 971 3000 1024 Cedat
3044 973 3213 1024 oratio
3259 982 3440 1023 nostra
3485 971 3538 1022 in

1957 1075 2232 1133 Conspectu
2276 1073 2387 1126 tuo,
2423 1075 2468 1116 et
2505 1081 2599 1116 ora
2635 1081 2728 1130 pro
2763 1065 2910 1117 nobis
2946 1065 3016 1117 ad
3050 1063 3331 1116 Dominum
3372 1064 3538 1117 Deum

1958 1166 2100 1208 tttunt
2135 1172 2229 1223 pro
2260 1157 2518 1209 universis
2554 1157 2786 1224 reliquiis
2817 1157 2950 1209 istis.
2986 1156 3123 1220 Quia
3159 1157 3325 1208 relicti
3355 1171 3538 1207 suntus

1956 1251 2111 1318 pauci
2143 1250 2206 1302 de
2238 1249 2496 1317 pluribus,
2533 1251 2664 1301 sicut
2704 1251 2843 1300 oculi
2883 1250 2959 1301 tui
3008 1267 3100 1300 nos
3142 1252 3456 1302 intuentur:
3489 1257 3538 1299 et

1956 1346 2236 1396 annuntiet
2281 1344 2426 1396 nobis
2469 1342 2720 1395 Dominus
2767 1341 2905 1394 Deus
2938 1352 3056 1393 tuus
3092 1345 3227 1394 viam
3265 1358 3354 1410 per
3381 1357 3539 1411 quant

1955 1453 2253 1505 pergamus,
2285 1447 2331 1488 et
2370 1437 2576 1488 verbum
2613 1438 2752 1505 quod
2781 1435 3042 1503 faciamus
3078 1434 3290 1502 (Jcrem.
3325 1449 3452 1499 xui,
3481 1433 3538 1494 2,

1955 1528 2030 1596 3).
2068 1527 2310 1596 Cumque
2351 1525 2614 1579 Jeremias
2655 1538 2774 1594 post
2810 1529 2994 1579 decem
3038 1525 3155 1580 dies
3190 1541 3253 1580 ex
3292 1540 3542 1579 sermone

1956 1611 2168 1666 Dotnini
2242 1615 2606 1682 respondisset
2657 1633 2670 1668 :
2721 1615 2849 1667 Ha'c
2903 1615 3030 1667 dicit
3089 1613 3343 1668 Dominus
3403 1613 3541 1668 Deus

1957 1701 2173 1774 Israel:
2205 1702 2264 1758 Si
2299 1706 2624 1772 quiescentes
2659 1706 2960 1759 manseritis
2993 1706 3049 1760 in
3084 1717 3224 1758 terra
3257 1705 3374 1768 hac,
3408 1706 3544 1759 cedi-

264 1797 370 1854 bas
399 1809 454 1854 et
513 1771 839 1869 Pharisaaos,
884 1805 976 1874 qui
1039 1771 1323 1860 Douiiouui
1370 1771 1847 1876 blaspltcmabant,

1960 1771 2124 1862 ﬁciubo
2152 1812 2238 1848 vos
2269 1771 2318 1847 et
2349 1812 2450 1848 non
2481 1797 2773 1860 destruant,
2803 1798 3056 1860 plantabo
3086 1806 3137 1851 et
3168 1814 3270 1850 non
3301 1798 3538 1862 evellam,

264 1893 1276 1966 separaveritahAhraham,quividit
1307 1899 1452 1953 diem
1504 1898 1742 1964 Domini,
1797 1907 1850 1952 et

264 1977 484 2034 laetatus
509 1990 592 2036 est
625 1983 817 2051 (Joan.
847 2000 940 2040 t'tn
969 1985 1012 2057 ).
1039 1988 1093 2042 Si
1115 1988 1260 2042 enim
1285 1988 1516 2044 fuissent
1555 1990 1645 2044 lilii
1677 1991 1854 2044 Abra-

263 2067 421 2136 ham,
457 2069 902 2144 fecissentopera
929 2076 1229 2132 Abraham.
1263 2079 1328 2132 Et
1387 2078 1681 2149 Apostolus
1739 2080 1851 2134 dis-

262 2170 427 2230 putat
459 2177 555 2219 eos
579 2167 934 2236 appellandos
998 2169 1140 2225 ﬁlios
1182 2169 1460 2225 Abraham
1494 2171 1513 2241 (
1541 2170 1703 2225 Hebr.
1733 2186 1785 2225 ιι
1810 2173 1851 2238 ),

261 2254 361 2321 qui
392 2253 683 2311 habuerint
710 2258 1114 2314 similitudinem
1142 2262 1266 2317 lldei
1301 2264 1599 2326 Abraham,
1623 2263 1729 2320 hoc
1745 2271 1850 2328 est,

262 2344 527 2414 papulum
559 2351 824 2417 gentium,
873 2352 964 2420 qui
1021 2367 1127 2406 non
1178 2368 1245 2407 ex
1305 2353 1584 2422 operibus,
1639 2356 1735 2408 sed
1785 2371 1853 2408 ex

265 2435 371 2490 fide
390 2439 666 2492 Abraham
702 2441 841 2496 {ilius
874 2442 1176 2514 appellatus
1219 2455 1329 2500 est.

337 2525 500 2596 (Cap.
524 2525 694 2584 XXX.
721 2561 786 2572 —
811 2530 969 2585 Vers.
996 2533 1019 2586 1
1053 2532 1194 2604 seq.)
1231 2552 1249 2589 ι
1280 2533 1374 2590 Va:
1399 2535 1489 2590 filii
1515 2538 1850 2606 desertores,

264 2617 403 2673 dicit
464 2621 748 2688 Dominus,
811 2631 868 2677 ut
910 2624 1158 2682 faceretis
1203 2629 1516 2695 consilium,
1547 2645 1600 2684 et
1637 2647 1739 2685 non
1785 2648 1848 2686 ex

266 2727 385 2778 me;
440 2723 496 2769 et
552 2714 872 2770 ordiremini
929 2717 1126 2785 telam,
1173 2730 1226 2776 et
1283 2736 1388 2776 non
1444 2737 1539 2792 per
1591 2722 1853 2794 Spiritum

267 2820 475 2871 meum,
549 2815 608 2860 ut
666 2809 939 2862 adderetis
994 2821 1276 2878 peccatum
1330 2829 1494 2881 super
1550 2823 1855 2883 peccatum.

265 2897 368 2963 Qui
425 2899 739 2967 ambulatis,
773 2909 830 2955 ut
863 2904 1203 2957 descendatis
1248 2905 1298 2958 itt
1340 2904 1672 2978 Emptum;
1707 2917 1761 2961 et
1794 2923 1856 2962 os

268 3003 456 3041 meum
514 3006 621 3044 non
678 2993 1090 3064 intermgastis,
1145 3010 1424 3065 sperantes
1477 2999 1738 3053 auxilium
1800 3001 1854 3052 in

1955 1889 2206 1957 quoniam
2266 1887 2511 1956 placatus
2548 1906 2666 1942 sum
2713 1905 2870 1958 super
2903 1889 3042 1942 malo
3069 1892 3208 1960 quod
3242 1893 3340 1962 feci
3375 1891 3540 1946 vobis.

1954 1979 2132 2033 Noli’e
2171 1980 2352 2033 timere
2389 1996 2420 2032 α
2452 1979 2592 2049 [acie
2636 1982 2772 2050 regis
2802 1980 3112 2051 Babylonis,
3141 1998 3290 2052 quem
3321 1999 3408 2035 vos
3441 2000 3544 2051 pa-

1955 2073 2064 2128 vidi
2114 2072 2420 2141 formidatis
2455 2071 2746 2142 (lbidJO,
2795 2072 2907 2141 Η).
2971 2073 3035 2127 Et
3061 2083 3180 2143 post
3225 2074 3540 2130 modicum:

1955 2164 2015 2221 Si
2045 2178 2222 2221 autem
2253 2166 2520 2232 dixeritis,
2549 2182 2653 2220 non
2683 2166 3036 2242 habitabimus
3067 2167 3122 2220 in
3153 2175 3296 2221 terra
3324 2171 3465 2233 ista;
3495 2178 3546 2223 et

1954 2261 2239 2326 posueritis
2297 2263 2489 2329 [aciem
2541 2270 2790 2320 vestram,
2831 2269 2890 2313 ut
2945 2261 3318 2331 inqrediamini
3373 2260 3546 2332 Αἴθῃ-
3605 2281 3612 2286 π

1956 2363 2128 2424 ptum,
2161 2365 2206 2406 et
2254 2354 2578 2407 intraveritis
2625 2365 2681 2406 ut
2727 2354 2800 2406 ibi
2835 2352 3114 2418 Itabiletis;
3153 2356 3361 2424 gladius
3394 2372 3543 2424 quem

1958 2463 2048 2500 vos
2085 2446 2414 2512 formidatis.
2458 2447 2529 2498 ibi
2568 2445 2966 2514 comprehendet
3003 2463 3088 2500 vos
3116 2463 3133 2500 :
3160 2459 3205 2498 et
3243 2449 3405 2518 fames
3450 2463 3544 2513 pro

1958 2553 2062 2607 qua
2101 2536 2224 2589 estis
2253 2536 2489 2602 solliciti,
2557 2537 2846 2590 adharebit
2903 2536 3046 2590 vobis
3102 2539 3155 2589 in
3187 2537 3438 2606 zEgypto,
3495 2549 3547 2592 et

1964 2630 2034 2682 ibi
2105 2629 2402 2684 moriemini
2476 2629 2660 2699 (Ibid.
2708 2630 2790 2692 l5,
2826 2629 2913 2691 15.
2955 2629 3066 2698 16).
3132 2630 3546 2694 Ιιυειιυιιιιυιθιιιιι

1960 2721 2062 2774 viri
2109 2723 2354 2791 superbi,
2393 2721 2632 2774 dicentes
2684 2723 2748 2773 ad
2795 2718 3091 2774 Jeremiam
3137 2738 3152 2774 :
3205 2719 3545 2774 Mendacium

1960 2814 2305 2885 tuoloqueris
2343 2831 2359 2868 :
2395 2831 2492 2866 non
2551 2815 2694 2867 misit
2745 2822 2791 2867 te
2851 2813 3102 2867 Dominus
3154 2813 3292 2867 Deus
3343 2823 3540 2878 noster,

1959 2910 2140 2961 dict-ns
2171 2925 2188 2962 :
2224 2907 2302 2960 Ne
2343 2908 2719 2976 ingrediamini
2760 2909 2814 2960 in
2856 2907 3167 2976 Afgyptnm,
3203 2916 3258 2958 ut
3294 2909 3544 2960 habitetis

1961 3003 2106 3065 illic;
2152 3003 2239 3052 sed
2279 2999 2491 3052 Burach
2537 3000 2682 3066 filius
2735 2997 2913 3051 Neria:
2960 2999 3146 3052 incitat
3181 3011 3229 3051 te
3269 2999 3547 3052 adversum

268 3083 592 3139 fortitnd'ne
653 3087 990 3154 Pharaonis,
1049 3101 1106 3145 et
1169 3091 1434 3147 habentes
1492 3093 1742 3150 ﬁduciam
1804 3095 1853 3146 in
1888 3129 1928 3186 ϐ
1965 3110 2080 3146 nos.
2108 3101 2161 3144 ut
2193 3091 2372 3142 tradat
2405 3108 2496 3143 nos
2526 3093 2578 3143 in
2611 3089 2851 3142 manibus
2884 3089 3276 3148 Chaldworunt.
3305 3103 3358 3143 ut
3390 3093 3548 3143 inter-

268 3179 466 3230 umbra
511 3177 751 3249 Egypli.
799 3179 864 3234 Et
900 3183 1006 3236 erit
1056 3184 1207 3238 vobis
1253 3183 1516 3239 fortitudo
1562 3183 1860 3238 Pharaonis

270 3272 320 3320 in
354 3269 766 3337 Confusionem,
802 3283 856 3328 et
887 3272 1081 3327 fiducia
1116 3280 1318 3330 umbrae
1349 3275 1570 3348 .Egypti
1614 3277 1668 3331 in
1713 3279 1865 3346 igno-

269 3361 519 3416 niuiant.
575 3363 747 3416 Erunt
794 3366 940 3420 enim
992 3367 1044 3420 in
1097 3367 1267 3422 Tanis
1319 3370 1592 3438 principes
1640 3371 1744 3434 tui,
1810 3380 1864 3422 et

273 3453 453 3506 nuntii
491 3455 566 3507 ttti
612 3471 778 3524 usque
809 3456 989 3511 llattcs
1015 3456 1128 3530 [ΑΙ.
1165 3459 1231 3513 ad
1265 3458 1434 3533 Attes]
1475 3474 1858 3529 pervenerunt.

270 3545 480 3599 Omnes
519 3547 729 3602 confusi
771 3563 900 3604 sttnt
947 3568 1112 3621 super
1146 3556 1344 3623 p0pulo
1372 3555 1464 3625 qui
1484 3555 1576 3609 .eis
1608 3556 1862 3624 prodesse

274 3651 385 3689 non
422 3636 653 3705 poterit;
688 3654 795 3692 non
824 3641 1046 3695 fuerunt
1078 3641 1129 3695 in
1162 3644 1426 3697 auxiliutn
1458 3653 1513 3698 et
1542 3644 1591 3696 in
1625 3644 1859 3713 aliquant

275 3729 596 3795 utilitatem,
629 3732 721 3787 sed
755 3730 806 3785 in
843 3732 1223 3788 confusionem
1252 3745 1307 3788 et
1333 3735 1388 3788 iu
1422 3735 1798 3804 opprobrium.
1833 3754 1852 3785 ι

275 3819 468 3875 LXX:
513 3841 531 3875 t
569 3823 658 3878 νω
706 3824 800 3880 lilii
859 3827 1341 3895 praevaricatores,
1393 3828 1524 3882 dicit
1576 3829 1856 3883 Dominus.

277 3909 514 3970 Fecistis
542 3916 856 3982 consilium,
883 3927 936 3970 et
971 3933 1078 3972 non
1113 3934 1208 3987 per
1243 3935 1358 3985 tne;
1393 3929 1446 3974 et
1480 3929 1719 3988 pactum,
1753 3936 1857 3972 non

277 4019 378 4074 per
406 4005 669 4076 Spiritum
701 4023 880 4063 meum
914 4028 926 4065 :
960 4019 1019 4064 ut
1046 4011 1316 4065 adderetis
1345 4025 1564 4081 peccata
1593 4026 1857 4080 peccatis;

273 4101 369 4169 qui
413 4101 505 4155 itis
554 4111 609 4154 ιιι
649 4103 991 4157 descenlatis
1055 4104 1109 4156 itt
1159 4102 1485 4173 ASgyptum;
1521 4113 1576 4157 et
1627 4121 1710 4157 tue
1753 4119 1857 4157 non

279 4193 680 4264 interrogastis,
716 4207 774 4250 ut
801 4182 1082 4263 accipiatis
1113 4197 1375 4251 auxilium
1407 4213 1436 4250 a
1473 4196 1779 4260 Pharaone,
1805 4208 1860 4251 et

275 4289 638 4356 protegamini
668 4289 735 4342 ah
765 4287 1053 4360 Egyptiis.
1088 4289 1206 4344 Erit
1235 4292 1386 4345 vobis
1417 4291 1685 4360 protectio
1716 4290 1860 4344 Pha-

276 4379 465 4434 raonis
515 4381 569 4434 ιιι
621 4381 1035 4448 confusionem;
1074 4394 1129 4436 et
1179 4382 1287 4445 his,
1325 4383 1415 4452 qni
1470 4384 1749 4437 conﬁdunt
1807 4388 1858 4438 in

1964 3186 2106 3254 [iciat
2145 3202 2233 3236 nos
2269 3193 2316 3237 et
2355 3186 2627 3236 transdttci
2662 3185 2827 3248 facint
2873 3186 2923 3235 in
2963 3183 3279 3252 Dabylmtem
3325 3183 3543 3253 (Jcrem.

1966 3295 2116 3343 xutt,
2150 3278 2204 3341 ‘2,
2235 3279 2312 3344 5).
2356 3278 2597 3345 Denique
2646 3293 2835 3329 omnes
2883 3278 3154 3345 ptitlz‘ipes
3191 3277 3368 3346 populi
3420 3276 3548 3330 reii-

1963 3373 2108 3438 quiis
2141 3367 2484 3436 congregatis
2519 3382 2644 3420 cum
2682 3367 2998 3420 mulieribus
3037 3369 3373 3435 et-parvulis
3413 3368 3549 3420 tilia-

1965 3465 2064 3517 hus
2099 3463 2238 3530 regis
2266 3461 2306 3523 ',
2342 3475 2448 3514 non
2488 3460 2772 3512 audientes
2809 3474 2997 3512 vocent
3043 3461 3275 3524 Domini,
3317 3462 3544 3529 ingrcssi

1963 3562 2087 3607 sont
2120 3550 2438 3622 IEgypIunt,
2473 3548 2768 3614 assumptis
2816 3564 3003 3601 secum
3052 3547 3291 3603 Jeretnia
3345 3560 3400 3602 et
3447 3551 3547 3602 lia-

1968 3645 2121 3706 ruch,
2155 3653 2211 3698 et
2260 3653 2525 3696 venerunt
2557 3643 2608 3694 in
2655 3640 2936 3710 Taphnas,
2978 3642 3050 3695 ita
3097 3651 3153 3695 ιιι
3189 3640 3451 3695 Jeretnias
3494 3643 3546 3696 iu

1962 3736 2173 3804 signan
2216 3734 2552 3802 captivitatis
2591 3732 2786 3786 futurae
2822 3732 3172 3800 prophetaret
3219 3746 3408 3784 contra
3467 3733 3550 3785 itt-

1961 3827 2302 3881 obedientem
2325 3826 2578 3896 populum
2602 3841 2664 3878 ea
2696 3839 2815 3892 qua:
2848 3827 2897 3878 in
2933 3823 3068 3877 libro
3095 3824 3241 3879 illius
3259 3823 3546 3880 continen-

1963 3929 2071 3974 tur.
2115 3918 2266 3985 Quod
2315 3918 2477 3988 igitur
2522 3929 2706 3986 postea
2751 3917 2990 3971 futurum
3027 3927 3165 3980 erat,
3203 3926 3332 3971 ante
3376 3932 3548 3970 annos

1965 4012 2165 4067 multos
2204 4011 2538 4080 praedicitur,
2570 4021 2625 4065 et
2664 4012 2974 4065 desertores
3004 4021 3059 4064 et
3090 4010 3546 4077 praevaricatores

1963 4104 2060 4160 ﬁlii
2113 4105 2456 4174 appellantur
2505 4103 2594 4172 qui
2651 4101 2872 4156 deserto
2923 4101 3152 4155 consilio
3211 4100 3342 4164 Dei,
3397 4100 3544 4169 quod

1965 4204 2292 4266 acceperant
2334 4211 2428 4262 per
2466 4191 2782 4257 Jcrcmiam,
2814 4209 2966 4247 suam
2997 4192 3166 4248 secuti
3199 4201 3322 4245 sunt
3357 4193 3549 4244 volnu-

1965 4299 2154 4352 tatetn,
2195 4299 2250 4343 et
2293 4288 2453 4342 orditi
2507 4287 2690 4350 tclatn,
2729 4301 2834 4342 non
2885 4300 2980 4352 per
3023 4285 3277 4354 spiritum
3315 4285 3545 4354 Dei,qui

1964 4383 2046 4440 eis
2081 4379 2330 4436 «Ieremia:
2377 4395 2472 4434 ore
2525 4379 2833 4434 resonabat.
2870 4378 3114 4432 Orditatn
3155 4389 3336 4431 autem
3385 4380 3545 4432 telam

275 4469 536 4541 Egypto,
560 4473 930 4542 opprobrium.
961 4473 1100 4529 Sunt
1128 4478 1274 4528 e‘nitn
1311 4477 1360 4529 in
1393 4471 1528 4528 Tani
1559 4475 1857 4546 principes,
1894 4467 1936 4521 Β
1968 4473 2360 4546 μεταφορικῶς
2422 4475 2641 4542 posuit,
2704 4483 2762 4526 ιιι
2818 4487 3044 4540 pravum
3103 4473 3388 4527 consilium
3453 4474 3548 4526 de-

277 4563 455 4616 nuntii
507 4565 752 4631 pessimi.
801 4563 1025 4619 Frustra
1081 4566 1408 4620 laborabunt
1457 4569 1522 4620 ad
1578 4569 1855 4637 populum,

276 4655 366 4722 qoi
412 4653 491 4708 eis
545 4672 649 4709 non
699 4656 938 4726 proderit
989 4657 1054 4712 ad
1101 4659 1469 4712 auxiliandum
1515 4677 1529 4713 :
1576 4674 1752 4729 neque
1805 4662 1858 4715 iu

280 4746 594 4824 utilitatem,
625 4751 719 4804 sed
767 4751 820 4804 itt
873 4750 1248 4806 confusionem
1302 4762 1355 4805 et
1408 4755 1786 4820 opprobrium.
1833 4771 1850 4804 ι

279 4839 407 4894 Post
441 4842 782 4910 prophetiam
813 4852 1001 4896 contra
1035 4845 1201 4911 Ariel,
1229 4855 1282 4898 et
1312 4854 1507 4898 caztera
1539 4862 1656 4913 qua:
1691 4862 1860 4914 usque

279 4934 344 4985 ad
401 4935 548 4988 hunc
596 4934 772 4989 locum
815 4936 1120 5003 praeteritus
1161 4953 1340 4992 sermo
1372 4939 1672 4994 disseruit:
1713 4957 1858 4994 nunc

277 5026 511 5080 alterius
541 5027 948 5082 vaticinationis
985 5031 1264 5084 exordium
1297 5041 1400 5092 est,
1431 5047 1548 5098 qua:
1582 5045 1701 5102 post
1733 5051 1859 5087 cen-

279 5130 389 5170 tuvn
440 5119 834 5189 quinquaginta
876 5137 1066 5186 annos,
1102 5124 1191 5192 qui
1233 5124 1450 5179 fuerunt
1488 5127 1628 5179 inter
1666 5125 1855 5180 Isaiam

281 5219 332 5262 ct
355 5208 647 5264 Jeremiam
679 5217 942 5282 probatur
967 5228 1086 5268 esse
1116 5219 1404 5283 completa.
1434 5215 1685 5272 Pra'dicit
1711 5219 1854 5272 enim

277 5301 426 5354 illam
457 5304 760 5370 historiam,
785 5320 945 5374 quam
977 5308 1028 5360 in
1053 5305 1299 5361 Ieremia:
1327 5309 1597 5363 roluntiue
1627 5311 1857 5377 legimus

279 5391 498 5461 (Ierem.
537 5400 670 5463 xu),
705 5400 924 5466 quando
955 5399 1214 5454 subversa
1249 5399 1546 5454 Jerusalem
1583 5412 1635 5454 et
1672 5417 1853 5454 omm-

281 5490 380 5541 bus
415 5489 467 5540 in
511 5487 784 5559 Babylooe
828 5490 1022 5560 Opibus
1063 5493 1506 5564 principibusque
1549 5495 1851 5560 translatis,

350 5692 365 5766 ἦ
402 5691 583 5766 Χειιιιι
616 5705 661 5746 et
693 5695 904 5761 filiabus
936 5698 1073 5766 regis
1101 5697 1152 5749 in
1182 5695 1359 5749 Valit‘.
1393 5713 1497 5749 non
1529 5708 1674 5752 sinit.

351 5763 597 5830 ‘Yatic.,
640 5766 743 5833 Qui
791 5763 1152 5830 ttescemlistis,
1194 5769 1384 5837 inquit.
1428 5770 1480 5821 in
1537 5767 1853 5838 .Egyptum,

1967 4577 2317 4629 monstraret,
2363 4576 2418 4621 et
2466 4567 2568 4619 hoc
2618 4565 2887 4627 fecerunt,
2935 4575 2992 4618 ut
3043 4574 3264 4629 peccata
3316 4567 3543 4634 pristina

1967 4670 2230 4730 angerent
2287 4668 2514 4728 peccato
2577 4657 2942 4710 contentionis
2994 4666 3048 4710 et
3101 4657 3386 4724 sapt-ibim.
3441 4658 3544 4723 Qui

1966 4752 2318 4818 descenditis,
2355 4749 2549 4818 inquit,
2587 4749 2640 4803 in
2675 4748 2987 4820 Αἰεῃιιυιιι,
3023 4760 3075 4803 et
3111 4764 3172 4802 os
3211 4764 3383 4801 meum
3435 4766 3543 4803 non

1968 4844 2346 4911 iuterrogastis
2379 4844 2420 4899 ³.
2455 4839 2572 4894 Non
2611 4842 2752 4908 qttod
2797 4857 2903 4893 nou
2944 4840 3417 4908 interrogareriut,
3450 4843 3543 4892 sed

1966 4938 2112 5007 quod
2160 4936 2444 4990 consilium
2493 4936 2766 5003 prophetae
2813 4931 2973 5002 402
3018 4932 3204 4984 audire
3251 4930 3542 4997 nolnetittt,

1964 5039 2253 5098 spetautcs
2309 5028 2568 5079 auxilium
2624 5026 2675 5077 itt
2727 5023 3047 5078 fortitudine
3103 5021 3436 5085 Pharaonis,
3488 5032 3544 5077 et

1965 5121 2230 5174 habentes
2303 5119 2553 5173 fiduciam
2627 5119 2677 5172 in
2752 5117 3121 5184 protectione,
3181 5117 3294 5169 sive
3353 5117 3542 5170 tnnbia

1964 5213 2205 5284 IEg)'pti.
2239 5212 2345 5267 Pro
2369 5210 2686 5264 fortitudine
2711 5208 3032 5273 Pharaonis,
3058 5222 3176 5276 qua:
3207 5208 3258 5260 in
3295 5210 3394 5261 hoc
3425 5210 3546 5261 loco

1966 5305 2049 5360 his
2075 5307 2315 5375 ponitur,
2335 5305 2387 5356 in
2413 5303 2679 5357 llcbraico
2705 5303 2967 5371 scriptum
2995 5303 3154 5357 habet
3179 5319 3315 5356 usoz
3341 5303 3542 5366 (mn).

1965 5398 2078 5453 Hoc
2125 5397 2538 5459 adnotavimus,
2590 5404 2650 5449 ut
2705 5397 2848 5464 quod
2903 5395 2956 5448 in
3009 5394 3246 5449 Danielis
3297 5405 3541 5447 extrema

1962 5491 2191 5560 legimus
2235 5488 2398 5558 (Dan.
2443 5486 2502 5556 ιι)
2554 5487 2764 5541 visione
2811 5485 2980 5542 Deum
3029 5501 3226 5540 usozm
3265 5486 3540 5554 (nimia).

1961 5708 2008 5750 et
2053 5714 2153 5752 non
2207 5712 2378 5750 meum
2423 5694 2790 5766 intcrrogastis
2834 5692 3137 5750 consilium.
3193 5690 3313 5747 Non
3363 5691 3540 5762 quod,

1964 5782 2069 5825 cte.
