3952 6180
435 275 542 339 3ξρ5

1594 267 1652 328 S.
1687 266 2004 340 EUSEBII
2042 267 2123 327 HI
2144 268 2493 329 EltONYM‘I

3594 272 3711 332 ibi

429 404 511 449 est
546 388 688 458 quod
726 388 811 451 ad.
850 386 1183 441 iracundiam
1233 383 1652 453 provomvcvint
1701 384 2015 449 Dominum,
2049 391 2091 443 Α
2122 387 2484 451 ehodonosor,
2520 403 2688 458 usque
2722 389 2787 442 ad
2814 366 3246 445 internecionem
3281 391 3544 460 perihitis.
3580 394 3683 448 ηαξ

429 482 675 537 Jeremize
708 482 868 533 verba
899 478 1088 532 audire
1120 477 1366 530 nolentes
1401 474 1620 545 (larem.
1680 481 1854 545 xuu).
1906 477 2005 541 Qui

432 576 687 627 dixerunt
711 575 757 629 ei
794 590 808 627 :
855 572 969 625 Noli
999 571 1150 624 nobis
1178 570 1360 622 videre
1388 572 1528 635 quod
1563 569 1852 621 nolumus:
1903 567 2006 619 noli

433 668 589 720 nobis
629 666 954 721 interdicere
995 666 1131 715 viam
1168 660 1387 730 Egypti
1423 676 1520 712 nec
1553 675 1671 726 qua:
1697 670 1837 712 recta
1880 670 2008 712 sunt

434 760 693 828 praedices
722 774 736 821 ;
772 757 866 813 sed
900 757 1117 823 loquere
1148 756 1291 821 qttotl
1319 752 1473 806 nobis
1511 752 1710 821 placet,
1742 761 1799 803 ut
1821 766 2011 819 perga-

438 871 557 907 mus
588 854 639 906 in
672 851 989 921 Aigyptum,
1024 850 1167 917 quod
1203 846 1445 899 enuntiet
1478 854 1696 913 pet-cata
1750 845 2007 913 peccatis.

434 946 570 1012 Quid
599 946 751 999 nobis
773 943 975 1011 ingeris
997 942 1135 1009 quod
1168 957 1271 993 non
1302 939 1534 992 libenter
1560 937 1806 989 audimus
1835 936 2009 1005 ?quid

435 1050 703 1091 monstras
738 1038 879 1091 viam
912 1051 1009 1103 per
1045 1049 1208 1101 quam
1261 1029 1464 1095 ingredi
1524 1030 1824 1082 uolumus?
1871 1028 2010 1094 Quid

432 1126 745 1194 frequenter
802 1127 1102 1193 iugeminas
1147 1125 1371 1177 auribus
1414 1123 1618 1175 nostris
1652 1138 1665 1175 :
1703 1123 1834 1175 Ha’c
1884 1120 2014 1173 dicit

430 1220 590 1292 407
627 1219 880 1273 Dominus
911 1215 1138 1271 Sanctus
1178 1214 1398 1269 Israel?
1430 1213 1619 1269 Cesset
1650 1228 1678 1265 a
1713 1211 1870 1266 nobis
1910 1212 2011 1266 ista

434 1312 768 1380 praedicatio.
792 1310 1100 1363 Secundum
1128 1307 1506 1375 tt‘opoiogiam,
1532 1320 1724 1357 ontues
1772 1302 2012 1358 hmetici

433 1405 719 1459 mendaces
744 1402 838 1456 lilii
869 1403 1225 1471 appellantur.
1267 1402 1340 1453 Ex
1372 1399 1525 1451 ηοὶιίη
1554 1400 1696 1451 enim
1739 1397 2011 1461 exierunt,

439 1498 532 1552 sed
568 1515 673 1551 non
706 1496 924 1550 fuerunt
952 1510 1018 1547 ex
1051 1496 1207 1547 nobis
1247 1492 1294 1563 (Ι
1332 1492 1501 1545 Joan.
1532 1491 1624 1556 ti);
1657 1489 1746 1560 qui
1777 1503 1883 1542 non
1919 1504 2014 1541 au-

432 1590 588 1642 diunt
629 1588 909 1642 interioris
962 1586 1198 1640 hominis
1249 1586 1476 1638 auribus
1539 1584 1734 1653 Legem
1784 1583 1903 1648 Dei,
1961 1592 2016 1637 et

432 1681 796 1735 Ecclesiarum
826 1680 1120 1748 loquuntur
1172 1678 1450 1747 magistris
1480 1694 1493 1729 :
1534 1676 1715 1729 Nolite
1742 1676 1901 1730 nobis
1932 1674 2013 1729 vi-

430 1773 553 1825 dere
586 1788 705 1839 quae
734 1779 881 1826 recta
939 1779 1082 1836 sunt,
1121 1785 1219 1823 nec
1268 1769 1528 1838 gehennae
1571 1767 1821 1821 ﬂainmas
1863 1782 2013 1821 com-
2044 1752 2091 1813 Β
2121 1780 2241 1819 mus
2280 1785 2294 1819 :

430 1866 709 1918 minemini
747 1882 761 1930 ;
796 1864 889 1919 sed
943 1864 1243 1933 promittite
1302 1862 1458 1916 nobis
1503 1875 1673 1929 regna
1722 1863 2009 1927 calorum,

433 1964 491 2008 ut
516 1966 636 2022 post
664 1954 935 2007 luxuriam
975 1963 1031 2007 et
1055 1953 1297 2018 delicias,
1353 1952 1628 2022 pandatur
1660 1951 1817 2005 nobis
1860 1966 2017 2021 para-

433 2048 601 2099 disus.
629 2046 767 2111 Quid
803 2046 933 2099 mihi
963 2047 1205 2100 ostendis
1237 2046 1376 2099 viam
1425 2042 1661 2104 Domini,
1710 2058 1804 2112 per
1854 2056 2015 2110 quam

435 2156 540 2192 non
579 2138 811 2190 libenter
834 2137 1110 2207 ingredior
1133 2134 1311 2200 ?Quid
1337 2136 1569 2203 replicus
1595 2134 1802 2187 ’nomen
1830 2132 2018 2187 Sancti

437 2224 620 2289 Israel,
676 2225 790 2278 sive
840 2224 1065 2278 verbum
1101 2222 1337 2288 Israelis,
1387 2224 1530 2293 quod
1619 2223 1726 2277 mei
1781 2224 2018 2292 pectoris

434 2333 630 2368 arcana
660 2333 762 2368 nun
800 2316 1093 2383 penetrat?
1127 2314 1280 2380 Quod
1327 2315 1542 2384 quidem
1577 2326 1627 2369 et
1660 2315 1726 2369 ad
1759 2315 2014 2385 populum

434 2410 694 2463 Et-t-Iesia:
722 2412 929 2463 dicitur
964 2410 1351 2478 ttt‘gligetttcttt,
1391 2410 1433 2462 si
1466 2420 1750 2464 aversetur
1781 2413 2019 2464 austeri-

434 2511 597 2554 tatem
651 2504 1057 2571 magistrorum,
1094 2511 1149 2554 et
1177 2502 1545 2555 adulatoribus
1574 2501 1772 2558 faveat.

512 2594 692 2664 (Vers.
742 2595 948 2665 12-14.)
990 2613 1007 2644 ι
1070 2593 1364 2663 Propterea
1416 2595 1529 2648 lucc
1578 2595 1707 2647 dicit
1762 2596 2021 2648 Dominus

437 2690 669 2742 Sanctus
724 2686 890 2740 Israel
944 2704 958 2740 :
994 2686 1096 2739 Pro
1126 2702 1189 2740 eo
1234 2687 1379 2754 quod
1418 2686 1750 2753 reprobastis
1797 2689 2018 2740 verbum

439 2782 560 2843 hoc,
596 2788 651 2831 et
675 2778 936 2847 sperastis
974 2779 1025 2830 in
1054 2777 1325 2831 calumnia
1360 2789 1411 2831 et
1448 2779 1680 2831 tumultu
1718 2796 1730 2831 :
1767 2789 1815 2831 et
1851 2780 2019 2832 innixi

435 2869 570 2923 estis
600 2883 762 2936 super
796 2883 904 2921 eo:
939 2874 1220 2936 propterea
1270 2868 1375 2922 erit
1416 2870 1567 2921 vobis
1606 2869 1863 2936 iniquitas
1912 2871 2024 2923 haec

438 2961 926 3031 sicutinterruptio
952 2961 1173 3022 cadens,
1207 2971 1261 3015 et
1325 2954 1585 3030 requisita
1613 2962 1664 3014 in
1718 2978 1872 3016 tnuro
1927 2978 2022 3016 ex-

2124 476 2275 527 rt-tici
2305 493 2521 546 quoque
2546 489 2600 531 et
2654 494 2815 533 omne
2864 480 3058 547 dogma
3107 488 3447 537 contrarium
3492 487 3712 540 veritati

2119 568 2397 621 eunlidunt
2422 571 2471 622 in
2498 570 2767 623 calumnia
2804 581 2967 640 atque
3003 574 3304 638 mendacio,
3335 587 3388 629 et
3416 579 3716 632 mussitant

2115 662 2269 729 juxta
2305 661 2442 715 LXX
2480 674 2668 718 contra
2696 664 3012 720 Creatorem
3042 684 3220 722 suum.
3254 668 3544 738 Propterea
3600 671 3719 724 ἰιιιι

2121 755 2332 821 pietatis
2361 772 2548 811 eorum
2585 758 2778 812 civitas
2828 762 3157 826 destruetur,
3210 777 3375 830 quam
3422 764 3722 817 :rdificavit

2120 844 2275 909 Cain,
2314 848 2401 899 cui
2428 849 2610 901 veniet
2631 853 2907 917 repentina
2937 854 3191 921 perditio,
3214 870 3333 906 cum
3363 864 3515 922 capta
3540 855 3717 909 fuerit

2121 936 2191 990 ab
2224 938 2615 994 ecclesiasticis
2645 942 2796 1007 viris,
2838 953 2893 997 et
2950 945 3021 998 ita
3073 945 3349 1000 destructa
3377 957 3430 1001 et
3481 953 3722 1005 commi-

2123 1040 2276 1091 nuta,
2309 1031 2525 1084 utnihil
2571 1032 2620 1085 in
2670 1047 2731 1086 ea
2782 1045 3057 1088 remaneat
3107 1038 3251 1106 quod
3310 1040 3487 1108 possit
3531 1043 3720 1110 ignem

2121 1132 2430 1175 emortuum
2461 1127 2844 1190 reaecendere,
2876 1137 2929 1179 et
2956 1130 3144 1182 saltem
3169 1142 3471 1199 caenosam,
3508 1144 3562 1187 et
3586 1149 3723 1203 par-

2122 1214 2300 1267 vulam
2327 1230 2522 1282 aquam
2567 1217 2776 1286 populis
2808 1218 3049 1285 praebere
3094 1220 3432 1278 sitientibus.

2195 1303 2378 1374 (Vers.
2413 1306 2476 1358 I5
2507 1307 2686 1375 sc~qq.)
2720 1326 2738 1358 ι
2781 1308 2913 1373 Quia
2953 1310 3064 1364 Inec
3099 1312 3230 1365 dicit
3261 1312 3519 1370 Dominus
3567 1317 3723 1373 Deus

2126 1397 2357 1453 Sanetus
2390 1400 2559 1453 Israel
2595 1420 2608 1454 :
2645 1400 2700 1452 Si
2752 1404 3096 1456 revertamini
3131 1414 3183 1457 et
3226 1408 3541 1473 quiescatis,
3574 1410 3722 1464 salvi

2121 1494 2273 1546 eritis
2309 1509 2321 1545 :
2364 1493 2414 1545 in
2449 1494 2668 1546 silentio
2691 1504 2742 1548 et
2776 1494 2827 1546 in
2883 1511 2981 1563 spe
3021 1496 3125 1549 erit
3172 1496 3431 1553 fortitudo
3486 1511 3719 1569 vestra;

2123 1596 2177 1639 et
2200 1584 2473 1648 noluistis,
2507 1595 2560 1637 et
2595 1584 2809 1638 dixistis
2840 1601 2855 1638 :
2882 1583 3278 1656 Nequaquam;
3312 1589 3405 1644 sed
3444 1590 3509 1644 ad
3541 1607 3723 1661 equos

2125 1675 2439 1744 fugiemus:
2477 1675 2598 1729 ideo
2648 1674 2871 1745 fugietis
2902 1686 2956 1730 et
2997 1692 3160 1743 super
3211 1679 3422 1737 veloces
3446 1685 3723 1739 ascende—

2367 1764 2490 1819 ideo
2536 1765 2751 1820 veloces
2788 1776 2945 1820 erunt
2985 1767 3075 1835 qui
3147 1782 3546 1839 persequentur
3587 1789 3718 1834 vos.

2118 1857 2261 1912 Mille
2313 1857 2562 1912 homines
2593 1872 2622 1911 a
2676 1857 2816 1912 facie
2865 1859 3090 1913 terroris
3136 1862 3343 1917 unius:
3378 1874 3431 1918 et
3480 1880 3509 1918 a
3566 1865 3716 1924 facie

2119 1950 2343 2007 terroris
2368 1951 2611 2021 quinque
2641 1949 2883 2021 fugietis.
2924 1970 2943 2004 ι
2975 1952 3116 2007 LXX
3146 1970 3161 2006 :
3194 1972 3212 2005 ι
3259 1954 3387 2011 Haec
3427 1959 3561 2013 dicit
3603 1959 3717 2015 Do-

2119 2043 2302 2098 minus
2339 2042 2482 2096 Deus
2539 2042 2776 2107 Sanctus
2820 2043 3025 2098 Israel:
3077 2046 3214 2098 Cum
3264 2062 3516 2104 reversus
3559 2050 3721 2121 inge-

2121 2139 2318 2191 mueris
2347 2139 2388 2201 ',
2415 2145 2542 2190 tunc
2573 2136 2760 2191 salvus
2788 2138 2921 2203 eris,
2945 2149 2998 2191 et
3024 2138 3165 2194 scies
3197 2141 3283 2194 ubi
3311 2141 3480 2197 fueris
3510 2161 3525 2198 :
3582 2145 3719 2214 quia

2119 2230 2426 2284 confidebas
2461 2246 2624 2300 super
2655 2232 2824 2293 vanis,
2856 2247 2993 2287 vana
3034 2230 3173 2287 facta
3199 2244 3282 2288 est
3324 2234 3588 2290 fortitudo
3620 2251 3722 2291 ve-

2121 2334 2233 2375 stra
2267 2339 2283 2389 ;
2317 2333 2372 2377 et
2402 2323 2653 2376 noluistis
2687 2324 2917 2380 audire:
2949 2325 3040 2378 sed
3076 2326 3311 2389 dixistis.
3341 2343 3504 2397 super
3538 2343 3718 2399 equos

2122 2414 2389 2485 fugientes
2423 2432 2436 2468 :
2467 2426 2754 2484 propterea
2804 2416 3059 2484 fugietis;
3090 2430 3139 2471 et
3172 2435 3336 2488 super
3386 2420 3594 2475 levilms
3621 2437 3720 2475 as~

2123 2506 2439 2559 censui-ibus
2459 2506 2664 2560 erimus
2698 2522 2711 2562 :
2749 2506 2869 2560 ideo
2900 2510 3043 2561 leves
3068 2518 3230 2562 ertmt
3261 2512 3350 2577 qui
3376 2526 3724 2581 persequen-

2126 2608 2210 2649 tur
2240 2595 2345 2668 [Αἰ.
2390 2597 2818 2668 persequuntur]
2860 2614 2972 2653 vos.
3036 2599 3175 2655 Mille
3202 2602 3269 2654 ad
3314 2617 3499 2657 vocem
3553 2605 3722 2659 unius

2127 2686 2379 2758 fugient:
2433 2699 2487 2743 et
2543 2691 2609 2743 ad
2666 2705 2850 2743 vocem
2916 2693 3158 2762 quinque
3215 2691 3423 2761 fugient
3453 2695 3627 2749 tntilli.
3694 2714 3715 2748 ι

2125 2777 2379 2841 Sanctus,
2417 2780 2513 2838 ait.
2543 2780 2699 2848 cujus
2725 2798 2885 2850 supra
2922 2799 3118 2837 nomen
3159 2795 3460 2849 tacueram,
3490 2788 3604 2855 ipse
3627 2799 3725 2842 est

2128 2869 2387 2923 Dotuinus
2424 2869 2583 2933 Deus,
2620 2873 2712 2941 qui
2756 2873 2908 2927 vobis
2942 2884 2995 2927 et
3052 2890 3148 2941 per
3183 2891 3267 2928 me
3310 2886 3364 2930 et
3418 2894 3513 2946 per
3554 2875 3725 2932 Jere-

2129 2962 2289 3013 iniam
2314 2961 2554 3031 loquitur
2578 2962 2796 3031 (λιι-ειη.
2833 2967 2932 3032 xu)
2960 2980 2973 3022 :
3006 2964 3061 3019 Si
3108 2968 3282 3036 agatis
3313 2969 3724 3036 paenitentiam,

437 3054 585 3107 celso
612 3072 625 3107 :
653 3054 908 3122 quoniam
927 3054 1105 3107 subito
1128 3054 1252 3106 dum
1286 3068 1392 3107 non
1423 3062 1673 3122 speratur
1706 3053 2026 3108 venietcon-
2056 3096 2098 3155 ο
2131 3067 2184 3109 et
2212 3059 2290 3109 vel
2321 3058 2445 3110 vitia
2482 3059 2824 3130 relinquatis,
2857 3059 2939 3114 vel
2975 3076 3216 3113 errorem
3249 3060 3400 3128 pravi
3454 3061 3671 3115 consilii
3704 3078 3724 3119 :

440 3148 589 3199 tritio
619 3145 759 3214 ejus.
797 3146 863 3199 Et
891 3146 1291 3201 comminuetur
1321 3148 1463 3199 sicut
1491 3146 1788 3199 conteritur
1840 3150 2026 3212 lageua

442 3240 591 3309 ﬁguli
638 3240 969 3294 contritione
1023 3239 1298 3307 pervalida
1334 3256 1346 3291 :
1382 3246 1437 3291 et
1466 3254 1573 3291 non
1624 3239 1933 3293 invenietur
1958 3240 2026 3293 de

439 3334 759 3402 fragmentis
783 3331 899 3398 ejus
932 3343 1068 3385 testa
1098 3332 1149 3384 in
1181 3348 1286 3400 qua
1343 3339 1589 3400 portetur
1638 3330 1909 3398 igniculus
1959 3330 2028 3385 de

441 3428 694 3482 incendio
720 3446 733 3480 :
764 3435 856 3480 aut
892 3426 1174 3479 hauriatnr
1210 3440 1403 3494 parum
1440 3439 1592 3493 aqua:
1625 3427 1688 3477 de
1721 3423 1873 3479 fovea
1924 3426 1965 3480 ¹.
2002 3445 2022 3479 ι

438 3521 597 3589 Quia,
634 3520 832 3589 inquit,
866 3535 1028 3589 supra
1062 3519 1281 3573 dixistis
1314 3534 1329 3571 :
1375 3517 1563 3571 Cesset
1585 3533 1612 3570 a
1645 3516 1785 3573 facie
1840 3529 2026 3572 nostra

438 3618 670 3670 Sanctus
704 3614 894 3678 Israel,
928 3613 1043 3668 sive
1077 3622 1137 3665 ut
1169 3609 1311 3667 LXX
1355 3611 1770 3679 transtulerunt,
1825 3612 2029 3680 auferte

439 3727 469 3760 a
502 3709 650 3761 nobis
680 3706 887 3762 uerbum
919 3705 1137 3771 Israel;
1180 3706 1384 3761 idcirco
1432 3707 1546 3760 haec
1592 3708 1725 3761 dicit
1770 3707 2029 3760 Dominus

442 3803 675 3857 Sanctus
705 3802 895 3867 Israel,
926 3810 981 3856 et
1024 3799 1334 3856 nolentibus
1377 3800 1531 3854 vobis
1585 3816 1645 3854 se
1695 3799 1912 3870 ingerit,
1969 3808 2030 3853 ut

439 3911 597 3966 quem
637 3894 958 3965 neglexistis
985 3901 1448 3956 couunonentem,
1502 3892 1752 3946 sentiatis
1798 3891 2030 3961 punien-

438 3998 568 4043 tem.
613 3986 893 4042 Habuistis
925 3985 1174 4040 fiduciam
1226 3986 1278 4039 in
1326 3984 1703 4055 [Egyptiorum
1757 3983 2027 4037 calumnia

436 4088 599 4145 atque
636 4078 940 4140 mendacio,
973 4076 1226 4130 etinnixi
1258 4076 1389 4130 estis
1444 4090 1608 4143 super
1659 4075 1887 4125 tumultu
1939 4089 2030 4126 eo—

442 4186 581 4237 rum,
606 4170 723 4223 sive
746 4168 1178 4223 contradictione
1205 4176 1259 4221 et
1283 4168 1559 4233 superbia,
1586 4164 2028 4234 utSymmaehus

438 4272 491 4313 ct
522 4250 829 4314 Theodotio
864 4257 1207 4326 interpretati
1247 4268 1398 4319 sunt,
1451 4266 1739 4324 propterea
1792 4264 2032 4308 vertetur

441 4352 595 4407 vobis
626 4353 741 4405 lucc
773 4351 1035 4419 iniquitas
1072 4350 1188 4405 sive
1234 4362 1540 4419 peccatum,
1601 4358 1657 4400 ut
1701 4348 1822 4401 sitis
1872 4345 2028 4415 quasi

2133 3156 2188 3200 et
2212 3150 2473 3203 maneatis
2500 3151 2551 3203 iu
2579 3148 2788 3216 Iudaea,
2813 3168 2915 3205 non
2945 3152 3362 3222 Babyloniorum
3389 3154 3650 3223 impetum
3676 3156 3725 3219 ³,

2128 3244 2221 3295 sed
2258 3259 2373 3296 mea
2406 3257 2670 3313 praecepta
2713 3255 3035 3309 metuentes,
3063 3245 3197 3301 salvi
3231 3247 3412 3313 eritis.
3438 3245 3728 3312 Quiescito

2128 3343 2183 3386 et
2211 3337 2505 3402 speratein
2558 3312 2811 3400 Domino,
2864 3345 2918 3391 et
2970 3337 3090 3392 fidei
3134 3328 3195 3390 ‘in
3238 3312 3531 3406 promissis
3584 3338 3726 3390 meis

2130 3427 2294 3481 robur
2326 3429 2567 3494 arripite,
2601 3428 2693 3498 qui
2727 3436 3143 3483 contemnentes
3182 3439 3449 3498 praecepta
3512 3428 3726 3495 vitalia,

2128 3519 2511 3588 desperatione
2542 3519 2778 3584 dixistis,
2810 3516 3165 3589 Nequaquam
3196 3520 3268 3572 ita
3315 3520 3419 3573 erit
3450 3529 3507 3572 ut
3531 3519 3729 3589 loque-

2130 3612 2248 3676 ris;
2291 3610 2385 3665 sed
2430 3612 2493 3665 ad
2548 3627 2719 3679 equos
2760 3613 3135 3681 confugiemus
3176 3609 3481 3679 IEgyptios,
3510 3623 3566 3665 et
3584 3626 3729 3665 con-

2130 3704 2237 3757 cito
2270 3704 2335 3758 ad
2366 3719 2458 3758 eos
2486 3714 2649 3774 atque
2676 3704 2846 3759 veloci
2885 3719 3168 3773 pergentus
3224 3701 3415 3773 gradu.
3444 3702 3579 3769 Quia
3620 3702 3732 3773 igi-

2133 3806 2222 3851 tur
2260 3799 2361 3852 ista
2392 3796 2633 3860 dixistis,
2667 3795 2887 3865 fugietis
2940 3796 3156 3863 quidem
3187 3804 3241 3848 et
3290 3794 3499 3863 pernici
3549 3808 3730 3849 cursu

2132 3892 2409 3947 iutrabitis
2450 3889 2751 3960 Egyptum
2790 3904 2805 3954 ;
2836 3890 2929 3943 sed
2965 3888 3267 3942 velociores
3296 3894 3457 3940 erunt
3497 3885 3733 3956 Babylo-

2134 3988 2229 4050 nii,
2270 3985 2360 4054 qui
2396 3999 2490 4035 vos
2527 3974 2700 4050 usque
2729 3981 2793 4031 ad
2819 3978 3112 4048 Egyptqu
3141 3988 3558 4047 persequentur,
3599 3986 3735 4030 tan-

2133 4089 2324 4148 tusque
2379 4088 2555 4131 terror
2608 4088 2770 4145 atque
2820 4072 3053 4128 formido
3101 4072 3368 4126 obtinebit
3404 4070 3731 4141 IEgyptnm,

2134 4182 2193 4226 ut
2223 4171 2312 4225 uni
2366 4169 2613 4224 Chaldaeo
2663 4166 2807 4221 mille
2837 4164 3078 4236 Egyptii
3116 4163 3283 4235 409
3314 4164 3573 4218 resiSIere
3626 4176 3736 4216 ne-

2135 4274 2358 4334 queant,
2402 4271 2456 4317 et
2502 4264 2742 4331 quinque
2796 4261 3065 4322 hostibus,
3116 4259 3438 4328 fugientium
3490 4256 3734 4327 plurima

2138 4356 2454 4418 multitudo,
2481 4355 2631 4424 juxta
2671 4354 2799 4406 illud
2827 4352 2970 4421 quod
3014 4353 3063 4405 in
3114 4350 3536 4405 Deuteronomio
3596 4348 3739 4418 legi-

442 4459 634 4498 murus
664 4443 866 4498 cadens
901 4444 1082 4497 subito
1115 4442 1352 4495 civitatis
1384 4441 1711 4493 firmissiqu
1739 4448 1793 4492 Cl
1838 4449 2030 4508 captw,
2067 4445 2109 4500 ἶ)
2143 4462 2260 4500 mus
2290 4461 2305 4500 ;
2340 4443 2497 4496 Dabit
2531 4452 2577 4496 ιε
2611 4441 2870 4495 Dominus
2899 4450 2955 4493 ut
2984 4456 3203 4495 con-ua;
3237 4440 3291 4492 in
3316 4448 3597 4507 οοηδρεεικ
3625 4440 3740 4492 ἰπὶ-

441 4538 598 4607 cujus
618 4535 896 4603 repentina
918 4534 1198 4587 advenerit
1222 4534 1401 4595 ruina,
1430 4538 1502 4585 ita
1525 4535 1666 4587 enim
1693 4531 1829 4585 LXX
1855 4542 2033 4584 traus~

442 4629 706 4683 tulerunt.
733 4627 796 4682 Et
823 4638 903 4682 est
925 4642 1122 4681 sensus
1148 4626 1302 4693 juxta
1354 4626 1674 4680 Ilebraicum
1706 4643 1718 4676 :
1747 4625 2032 4690 Quomodo

440 4723 762 4790 iuterruptio
791 4724 930 4775 tnuri
954 4720 1202 4774 altissimi
1230 4721 1319 4789 qui
1344 4720 1560 4788 longam
1609 4720 1776 4771 traxit
1797 4719 2031 4778 ruinam,

440 4814 661 4869 diflicile
691 4814 986 4867 instaurari
1018 4822 1215 4882 potest,
1252 4822 1306 4865 et
1334 4812 1626 4879 prisnnum
1656 4810 1903 4862 decorem
1949 4825 2033 4862 re-

442 4908 626 4977 cipere
661 4924 675 4961 :
716 4909 796 4962 sic
838 4907 991 4960 vobis
1024 4905 1204 4959 veniet
1231 4904 1512 4973 repentina
1563 4902 1841 4957 contritio.
1878 4899 1945 4953 Et
1976 4910 2034 4953 ut

444 5003 551 5055 alia
584 5012 705 5055 utar
744 4999 1104 5054 similitudine
1135 5014 1149 5051 :
1181 5000 1335 5053 Sicut
1366 5012 1459 5051 vas
1495 4996 1663 5066 figuli,
1697 4997 1744 5049 si
1780 4993 2027 5050 confrin-

444 5104 601 5163 gatur
665 5094 995 5147 contritione
1051 5090 1357 5159 pervalida,
1400 5090 1475 5142 ita
1541 5088 1934 5142 comminuitur
1982 5087 2035 5139 in

445 5181 641 5251 frusta,
675 5196 731 5237 ut
765 5188 850 5237 vix
880 5184 1104 5253 parvula
1142 5192 1275 5237 testa
1306 5178 1475 5253 408
1519 5190 1800 5235 remaneat
1840 5182 1906 5234 de
1928 5178 2039 5233 fra-

445 5277 699 5349 gmentis,
738 5278 789 5330 in
824 5292 929 5346 qua
982 5285 1233 5344 portetur
1277 5276 1569 5346 igniculus,
1614 5283 1707 5326 aut
1758 5273 2036 5341 paululum

446 5388 602 5442 aqua:
633 5372 699 5426 de
725 5370 917 5424 lacuna
950 5372 1235 5424 hauriatur
1252 5379 1306 5424 et
1329 5369 1482 5424 fovea
1518 5384 1532 5433 ;
1567 5367 1647 5422 sic
1670 5384 1766 5422 vos
1801 5383 1923 5421 cum
1959 5370 2039 5422 ie-

445 5468 565 5522 rttis
630 5466 683 5520 in
739 5461 1068 5533 Egyptum,
1114 5474 1478 5532 persequente
1525 5475 1619 5515 vos
1658 5462 1784 5514 illuc
1842 5460 2038 5514 Nabu-

520 5672 537 5704 ¹
570 5669 738 5734 Idem,
761 5666 1045 5721 hauriatur
1073 5681 1210 5729 aqua
1239 5663 1301 5719 de
1336 5666 1508 5735 fovea.

526 5743 543 5772 ¹
575 5742 741 5796 Yatie.
782 5751 1013 5793 reversus
1049 5736 1239 5806 fueris,
1272 5745 1317 5790 et
1345 5735 1682 5805 ingemucrix.

2137 4538 2389 4590 micorum
2424 4544 2661 4587 tuorum.
2706 4532 2801 4583 Via
2841 4548 2944 4584 una
2977 4530 3256 4599 egredieris
3300 4534 3368 4582 ad
3390 4545 3500 4595 eos,
3546 4540 3595 4581 et
3639 4544 3741 4594 per

2135 4638 2328 4699 septem
2366 4631 2478 4683 vias
2504 4628 2669 4697 fugies
2696 4646 2727 4680 a
2754 4627 2888 4695 facie
2914 4638 3183 4690 eorum,et
3202 4626 3307 4679 eris
3330 4625 3385 4677 in
3411 4623 3739 4703 dispersione

2138 4725 2190 4775 in
2234 4724 2437 4775 cunctis
2461 4723 2633 4789 regnis
2663 4732 2817 4774 terra:
2844 4720 3025 4790 (Deut.
3085 4734 3276 4781 xxvm,
3310 4716 3403 4779 25,
3433 4715 3547 4785 52).
3571 4714 3741 4769 Juxta

2138 4831 2417 4884 anagogen
2442 4826 2496 4867 et
2521 4812 2658 4867 LXX
2685 4813 3004 4877 editionem,
3026 4826 3215 4865 omnes
3234 4813 3301 4863 ad
3353 4808 3740 4878 pu-uiteutiam

2139 4921 2471 4978 peccatores,
2510 4919 2565 4961 et
2596 4905 2863 4975 praecipue
2890 4904 3172 4959 haereticos
3204 4902 3523 4957 cohortatur
3553 4915 3745 4954 sermo

2139 4999 2370 5065 divinus,
2403 4999 2545 5069 quod
2583 5014 2703 5052 eum
2736 4999 2941 5051 reversi
2973 5012 3003 5049 a
3056 4996 3204 5050 vitiis
3249 4994 3634 5065 ingemuerint,
3687 5001 3747 5046 et

2138 5096 2346 5163 egerint
2377 5092 2775 5162 pinuiteutiam,
2803 5090 2938 5144 salvi
2964 5090 3130 5154 fiant;
3160 5099 3214 5143 et
3245 5099 3371 5140 tunc
3430 5084 3748 5152 intelligant

2141 5189 2230 5241 ubi
2262 5187 2409 5255 prius
2437 5184 2659 5250 fuerint,
2697 5193 2751 5240 et
2791 5183 2937 5252 quod
2989 5183 3186 5237 frustra
3247 5185 3299 5233 in
3350 5179 3503 5232 vanis
3548 5192 3748 5245 spera-

2140 5284 2338 5339 vcriut.
2368 5282 2613 5352 Cumque
2645 5296 2737 5336 eos
2770 5281 2835 5334 ad
2867 5278 3242 5350 paenitentiam
3278 5276 3614 5339 cohortetur,
3662 5272 3747 5329 illi

2141 5390 2171 5429 e
2197 5378 2475 5428 contrario
2509 5371 2789 5428 confidunt
2821 5371 2873 5423 iu
2905 5371 3058 5423 falsis
3096 5367 3393 5437 magistris,
3448 5374 3503 5417 et
3548 5364 3604 5417 in
3655 5366 3749 5416 iu-

2141 5477 2292 5522 certo
2319 5468 2499 5521 saeculi
2535 5482 2549 5521 :
2584 5465 2787 5535 Deique
2822 5462 2987 5518 verba
3018 5459 3209 5514 audire
3244 5457 3509 5524 nolentes,
3566 5469 3751 5525 equos

2216 5672 2237 5704 ³
2269 5669 2468 5726 Iterum
2500 5669 2667 5735 idem,
2701 5664 3117 5735 Babyloniorum
3140 5663 3444 5733 imperium,
3488 5669 3602 5724 κα,
3626 5670 3745 5714 etc.
