3952 6180
251 299 281 358 3
293 297 352 356 57

797 293 1296 354 COMMENTAR.
1348 292 1422 352 1N
1467 293 1726 352 istum
1757 256 1855 351 ἰιι

1967 293 2226 352 ΠΕΤΑέιὶ
2283 295 2426 354 LIB.
2460 294 2568 365 IX,
2608 293 2766 355 CAP.
2807 292 2994 353 XXX.

3419 289 3524 355 353

251 415 529 487 .‘iiigyptios
559 414 888 476 desiderant,
913 424 965 465 et
989 428 1174 468 eorum
1237 413 1522 468 velocitate
1559 414 1835 476 laetantur,
1863 412 1908 472 Α
1941 413 1959 482 (
1994 411 2124 466 Luc.
2168 430 2245 476 vr,
2280 412 2394 481 21).
2446 412 2513 466 Ει
2545 422 2828 482 postquam
2865 410 3208 473 clamaveris,
3239 419 3291 463 et
3317 408 3524 465 dixeris

251 516 387 571 quos
415 498 762 567 multiplicari
812 497 1073 551 Dominus
1122 498 1402 565 prohibuit
1455 498 1637 564 (Deut.
1679 499 1834 567 xvu).

253 595 455 649 Idcirco
488 591 845 646 ecclesiastici
877 591 972 643 viri
995 605 1090 644 eos
1118 590 1376 645 velociter
1416 600 1837 661 persequentur,

253 697 305 739 et
338 686 498 740 unitts
519 685 798 739 bellatoris
829 699 1035 748 vocem,
1065 684 1435 752 sivequinque
1475 686 1834 754 pugnantium

255 779 418 849 (quod
459 777 528 831 ad
565 785 796 831 mentem
835 784 890 830 et
923 778 988 830 ad
1016 776 1260 846 quinque
1289 791 1483 830 sensus
1511 777 1720 832 referre
1747 779 1842 830 de-

253 873 463 939 bemus)
500 871 644 923 mille
676 869 922 923 homines
951 880 1004 922 et
1061 868 1340 922 incondita
1398 872 1554 922 turba
1613 869 1839 936 fugien-

256 966 385 1016 tium
423 963 693 1016 sustinere
725 977 828 1015 non
864 972 1143 1027 poterunt.

325 1052 508 1122 (Vers.
547 1053 660 1122 17.)
716 1071 736 1104 s
792 1052 972 1106 Donec
1026 1053 1408 1121 relinquamiui
1460 1055 1612 1120 quasi
1667 1055 1843 1106 malus

259 1151 411 1200 navis
445 1147 496 1198 in
525 1147 725 1200 vertice
761 1147 984 1204 montis,
1019 1156 1071 1198 ct
1107 1148 1258 1213 quasi
1293 1149 1507 1215 signum
1538 1162 1700 1212 super
1731 1146 1845 1199 eol-

260 1239 385 1290 lem.
428 1257 446 1289 ι
486 1235 690 1290 Scribit
731 1247 783 1288 et
817 1236 1084 1290 Jcretnias
1129 1241 1272 1307 quod
1317 1237 1621 1292 interfectis
1669 1237 1848 1304 gladio

259 1343 311 1384 et
345 1329 486 1383 fatue
515 1328 599 1384 his
628 1330 720 1396 qui
755 1330 807 1384 in
837 1329 1130 1399 [Egyptum
1162 1331 1550 1401 confugerant,
1579 1332 1733 1397 pauci
1768 1345 1852 1382 re-

261 1423 563 1477 manserint
597 1422 689 1491 qui
715 1423 919 1476 reversi
945 1422 1055 1476 sint
1079 1422 1130 1475 in
1155 1420 1401 1476 Judaeum
1434 1421 1652 1492 (Jerem.
1676 1424 1850 1489 ιιινι)⁸

261 1516 322 1568 Et
358 1515 632 1585 quomodo
663 1515 710 1568 si
744 1514 913 1568 l’racta
946 1515 1070 1568 navi
1108 1523 1161 1568 et
1194 1529 1459 1586 compage
1497 1515 1645 1570 illius
1677 1516 1851 1570 disso-

261 1609 394 1670 luta,
437 1610 549 1663 sola
592 1608 754 1663 arbor
797 1624 918 1678 qua:
961 1608 1137 1664 malus
1181 1611 1402 1673 dicitur.
1441 1617 1744 1672 remaneat,
1797 1615 1852 1662 et

260 1710 499 1768 ponatur
523 1713 622 1768 pro
653 1698 810 1768 signo
842 1699 895 1752 in
924 1698 1240 1752 summitate
1271 1698 1494 1762 montis,
1523 1697 1639 1752 sive
1670 1697 1726 1751 in
1756 1709 1850 1750 ex-

260 1794 414 1847 celso
438 1792 574 1846 colle
611 1807 626 1845 :
662 1790 743 1846 sic
777 1805 874 1859 pro
910 1791 1067 1858 signo
1102 1801 1268 1858 atque
1295 1791 1546 1861 vestigio,
1581 1790 1668 1842 vix
1711 1802 1852 1842 unus
1886 1766 1928 1821 Β

259 1899 314 1940 et
339 1887 479 1938 alter
496 1886 791 1950 resideant,
810 1884 874 1937 ad
902 1883 994 1938 Dei
1020 1883 1314 1952 potentiam
1338 1881 1847 1936 demonstrandam.

263 1980 332 2032 Et
382 1990 529 2041 tunc,
572 1978 769 2044 inquit,
817 1975 991 2030 scient
1035 1990 1224 2029 omnes
1268 1975 1512 2043 reliquiae
1558 1971 1716 2038 Juda,
1760 1973 1850 2041 qui

267 2085 414 2123 mine
447 2069 824 2136 ingrediuntur
869 2076 1070 2119 terram
1107 2065 1348 2134 Egypti,
1385 2073 1446 2117 ut
1476 2064 1722 2117 habitent
1753 2062 1850 2125 ibi,

264 2183 390 2220 cum
427 2167 630 2219 reversi
666 2164 866 2218 fuerint
900 2164 950 2216 in
983 2172 1180 2217 terram
1207 2163 1472 2229 Judaeant,
1498 2161 1651 2229 cujus
1675 2174 1853 2215 sermo

263 2260 623 2328 compleatur,
661 2274 837 2320 meus,
875 2273 941 2310 an
977 2257 1217 2311 illorum.

333 2350 524 2412 (γεῖς.
570 2350 679 2418 l8.)
727 2366 746 2400 ι
791 2349 1083 2417 Ρι-οιιιετεει
1125 2355 1408 2414 exspectat
1459 2346 1742 2406 Doniinus,
1798 2353 1856 2398 ut

267 2446 592 2498 misereatur
616 2441 809 2507 vestri,
831 2449 886 2495 et
911 2440 1030 2494 ideo
1058 2438 1388 2494 exaltabitur
1415 2453 1646 2507 parcens
1676 2437 1852 2498 vobis,

267 2539 400 2604 quia
436 2535 578 2588 Deus
630 2532 825 2600 judicii
871 2531 1179 2586 Dominus:
1215 2530 1356 2584 beati
1395 2545 1586 2584 omnes
1635 2531 1720 2598 qui
1764 2545 1857 2582 ex-

266 2638 518 2698 spectant
539 2641 689 2683 eum.
721 2643 740 2676 ι
764 2624 1000 2680 Grandis
1031 2623 1317 2678 clementia
1355 2623 1468 2688 Dei,
1493 2633 1547 2676 ut
1576 2630 1858 2691 exspectet

267 2733 514 2776 nostram
547 2719 943 2786 ptBuilentiaut,
979 2726 1031 2772 et
1059 2718 1234 2770 donec
1266 2731 1365 2770 nos
1395 2734 1421 2768 a
1449 2718 1594 2770 vitiis
1626 2731 1853 2770 comer-

270 2826 476 2876 tamur,
520 2812 607 2864 ille
646 2821 921 2880 petentem
971 2808 1256 2862 contrahat
1303 2825 1544 2872 manum,
1580 2825 1644 2862 ne
1693 2809 1858 2862 ferire

269 2919 516 2977 cogatur.
554 2905 680 2960 Ideo
709 2915 886 2958 autem
928 2904 1219 2957 miseretur
1263 2912 1316 2956 et
1348 2905 1543 2973 parcit,
1574 2915 1631 2955 ut
1659 2902 1860 2956 exalte-

270 3011 359 3052 tur
412 2999 556 3052 illius
602 2997 998 3058 misericordia,
1047 3005 1101 3048 et
1146 2994 1365 3048 bonitas
1409 2993 1688 3048 Creatoris
1732 3005 1856 3047 nota

1940 503 2007 555 ad
2033 502 2354 556 Dominum:
2382 501 2623 557 Ctamatti
2647 505 2700 556 iu
2726 511 2834 556 toto
2857 503 3012 556 corde
3041 517 3174 564 meo,
3201 501 3395 554 exaudi
3422 518 3524 567 me,

1942 591 2167 646 Domine
2190 592 2348 658 (Psal
2400 610 2590 660 cxvm,
2615 595 2762 663 H5).
2783 595 2849 648 Et
2885 594 3077 647 iterum
3102 610 3116 646 :
3143 591 3404 656 Clamavi,
3429 594 3531 645 mi-

1941 703 2111 739 serere
2147 688 2268 751 mei,
2292 697 2340 740 et
2375 691 2675 742 custodiam
2711 689 2970 742 mandata
3005 698 3096 740 tua
3119 685 3299 757 (Psal.
3328 702 3526 751 Lxxxv,

1943 777 2020 844 '5).
2061 777 2122 830 Et
2141 777 2268 830 alibi
2299 796 2312 832 :
2344 779 2660 848 Exspectaui
2681 781 2735 834 in
2762 780 3021 832 matutino
3038 789 3084 832 ct
3108 777 3526 847 clamavi(Psal.

1944 887 2126 935 CXVIII,
2179 872 2328 935 H7),
2353 883 2417 924 -et
2453 883 2560 926 tam
2587 873 2737 926 clara
2769 871 2934 925 fuerit
2964 886 3068 925 vox
3127 879 3237 933 tua,
3275 882 3332 922 ut
3362 872 3532 925 caelos

1949 980 2193 1035 penetret
2223 986 2236 1021 :
2262 970 2446 1020 statim
2475 965 2572 1019 tibi
2619 966 2884 1020 Dominus
2910 963 3288 1034 respondebit,
3307 965 3536 1019 etsinti-

1947 1060 2014 1113 lis
2068 1063 2178 1114 eris
2236 1059 2427 1131 Moysi,
2494 1060 2560 1114 de
2591 1075 2698 1128 quo
2724 1061 2984 1126 scriptmn
3023 1069 3147 1114 est:
3198 1057 3535 1128 Loquebatur

1948 1151 2176 1222 Moyses,
2206 1164 2252 1207 et
2289 1153 2543 1206 Dominus
2574 1152 2915 1218 respondebat
2947 1153 2993 1205 ei
3032 1151 3232 1222 (Exod.
3273 1168 3387 1214 xIx,
3419 1151 3533 1218 l9).

2027 1244 2210 1313 (Vers.
2237 1246 2356 1313 2t.)
2403 1263 2422 1296 s
2467 1244 2535 1299 Et
2565 1244 2716 1298 dabit
2756 1245 2910 1298 vobis
2937 1243 3202 1298 Dominus
3227 1259 3420 1310 panem
3449 1261 3538 1295 ar-

1951 1348 2124 1401 etum,
2170 1348 2224 1392 et
2266 1338 2746 1407 aquambrevem.
2797 1354 2816 1387 ι
2867 1337 2923 1390 Si
2969 1341 3036 1390 ad
3070 1335 3388 1400 ,Zorobabel
3424 1337 3538 1388 luce

1957 1431 2242 1486 rel‘erinins
2289 1443 2554 1500 tempora,
2595 1431 2775 1485 facilis
2821 1429 3196 1498 interpretatio
3237 1437 3358 1494 est;
3393 1428 3538 1498 quod

1956 1540 2063 1578 neu
2103 1524 2268 1579 fuerit
2309 1525 2410 1578 sub
2443 1539 2512 1578 eo
2542 1525 2778 1592 perfecta
2820 1522 3028 1582 laetitia,
3061 1522 3281 1575 dicente
3319 1522 3484 1574 David
3522 1537 3536 1573 :

1959 1617 2090 1672 Cum
2116 1626 2432 1672 converteret
2462 1617 2718 1670 Dominus
2735 1617 3089 1682 captivitatem
3115 1613 3272 1679 Sion,
3296 1614 3424 1676 facti
3447 1631 3506 1667 su
3523 1643 3543 1656 ο

1959 1726 2072 1763 mus
2129 1713 2262 1764 sicut
2296 1711 2597 1766 consolati:
2632 1723 2687 1765 ut
2719 1729 2822 1767 non
2857 1713 3290 1768 consolationem
3325 1713 3540 1782 plenam

1955 1812 2118 1871 atque
2164 1802 2482 1871 perfectam,
2533 1808 2627 1860 sed
2681 1806 3096 1861 similitudinem
3149 1804 3542 1861 consolationis

1955 1896 2290 1966 acciperent.
2314 1895 2410 1952 Sin
2433 1906 2614 1952 autem
2645 1899 2709 1950 ad
2730 1897 3034 1954 Salvatoris
3047 1899 3365 1962 adventum,
3387 1899 3544 1966 panis

1955 1999 2140 2042 arctus
2175 1999 2229 2043 et
2259 2006 2394 2059 aqua
2433 1990 2633 2051 brevis.
2671 1990 2820 2055 iuxta
2869 1992 3174 2061 apostolum
3206 1991 3456 2053 Paulum,
3491 2000 3545 2042 et

1957 2080 2100 2134 hunc
2123 2083 2372 2134 eumdem
2401 2081 2597 2135 Isaiam
2620 2083 2963 2150 prophetam,
2989 2080 3338 2150 evangelicus
3363 2095 3546 2134 sermo

1959 2174 2289 2242 praedicitnr,
2314 2174 2404 2242 qui
2435 2189 2530 2242 pro
2562 2175 2844 2227 laciniosis
2870 2172 3028 2244 [ιι-εις
3057 2173 3539 2228 observationibus

1955 2265 2115 2338 41],
2164 2278 2323 2334 atque
2366 2268 2656 2328 mandatis,
2703 2268 2754 2321 in
2803 2281 2910 2320 uno
2947 2267 3114 2321 verbo
3160 2265 3544 2334 recapitulavit

1956 2361 2136 2414 omnia
2162 2377 2175 2413 :
2206 2358 2404 2430 Diliges
2428 2361 2727 2427 proximum
2754 2341 2924 2425 tuum,
2958 2360 3097 2414 sicut
3130 2361 3376 2429 teipsum.
3403 2359 3544 2412 Con-

1961 2463 2296 2506 summatum
2344 2453 2488 2507 enim
2537 2465 2590 2507 et
2633 2455 3009 2508 abbreviatum
3061 2469 3372 2509 sermonem
3420 2453 3548 2508 fecit

1961 2542 2222 2596 Dominus
2253 2560 2416 2611 super
2459 2557 2658 2598 terram
2693 2545 2899 2611 iGalat.
2937 2552 3008 2615 v).

2033 2636 2214 2705 (Vcrs.
2251 2636 2364 2707 2:2).
2417 2656 2434 2688 ι
2484 2636 2549 2689 Ει
2585 2654 2688 2691 non
2736 2638 2900 2692 faciet
2943 2643 3162 2696 avolare
3195 2659 3220 2694 a
3267 2651 3318 2696 te
3358 2642 3376 2674 ⁸
3408 2644 3548 2695 ultra

1962 2729 2237 2781 doctorem
2270 2738 2444 2792 tuum,
2474 2737 2527 2782 ct
2555 2740 2716 2782 erunt
2748 2733 2888 2783 oeuli
2925 2733 2997 2785 tui
3035 2735 3282 2788 videntes
3339 2751 3545 2804 prame-

1964 2829 2178 2889 ptorem
2211 2831 2386 2884 tuum,
2406 2832 2459 2874 et
2488 2837 2646 2876 aures
2679 2834 2784 2877 ture
2813 2826 3033 2878 audient
3059 2826 3275 2879 verbum
3307 2839 3425 2896 post
3449 2837 3554 2881 ter-

1963 2926 2086 2980 gum
2123 2913 2394 2967 mouentis
2420 2929 2436 2964 :
2467 2912 2590 2967 llaec
2618 2916 2723 2978 via,
2756 2916 3031 2969 ambulate
3071 2918 3121 2969 in
3154 2933 3239 2981 ea,
3271 2934 3450 2986 neque
3483 2921 3548 2972 ad

1965 3004 2269 3064 dexteram,
2297 3021 2470 3074 neque
2493 3009 2558 3058 ad
2584 3006 2886 3059 sinistram.
2924 3024 2942 3057 ι
2978 3005 3119 3060 LXX
3150 3025 3162 3060 :
3195 3028 3212 3059 ι
3251 3009 3316 3062 Ει
3350 3026 3554 3078 nequa-

271 3095 489 3146 t-unctis
521 3092 629 3144 fiat.
673 3087 769 3143 Vel
791 3096 939 3142 certe
968 3087 1120 3156 juxta
1157 3086 1286 3140 illud
1314 3088 1457 3154 quod
1485 3087 1537 3140 iu
1569 3087 1858 3154 Evangelia
1885 3111 1929 3162 ο
1963 3110 2126 3163 quam
2166 3097 2305 3150 ultra
2341 3099 2850 3167 appropinquabuut
2893 3101 2985 3151 tibi
3017 3101 3108 3168 qui
3151 3099 3427 3170 decipi-int
3479 3112 3552 3165 te,

270 3187 514 3254 loquitur
539 3181 724 3250 (Joau.
750 3197 843 3245 xtl,
867 3180 958 3248 δὲ)
990 3197 1002 3232 :
1031 3177 1162 3232 Cum
1189 3177 1457 3232 exaltatus
1482 3178 1652 3246 fuero,
1678 3179 1853 3230 omnia

272 3283 488 3332 ira/mm
529 3278 599 3330 ad
631 3293 729 3341 me,
760 3274 924 3346 410
957 3276 1158 3328 idcirco
1193 3274 1462 3328 exaltatur
1493 3274 1546 3328 in
1582 3290 1765 3336 cruce,
1797 3283 1854 3328 ut

274 3385 465 3440 parcat
487 3371 763 3425 omnibus.
787 3370 906 3438 Ipse
929 3379 1014 3422 est
1043 3369 1186 3421 enim
1219 3367 1361 3422 Deus
1382 3368 1568 3438 judicii
1591 3385 1607 3435 ;
1632 3381 1684 3421 et
1717 3366 1855 3420 beati

274 3477 404 3520 sunt
432 3478 622 3519 omnes
655 3463 744 3530 qui
777 3471 1096 3531 exspectant
1134 3461 1416 3515 Dominum
1451 3469 1854 3527 exspectantem

273 3557 690 3611 conversionem
726 3569 904 3607 suatu.
934 3553 1176 3618 Quorum
1209 3553 1276 3606 sit
1303 3560 1502 3616 autem,
1532 3559 1585 3604 et
1609 3566 1729 3618 qua:
1757 3550 1858 3604 ista

276 3651 590 3713 conversio,
622 3648 908 3715 sequentia
943 3646 1106 3700 verba
1139 3645 1540 3699 monstrabunt.

353 3737 535 3809 (νει-δ.
572 3736 684 3806 l9.)
709 3755 726 3786 ι
756 3736 993 3802 Populus
1021 3737 1165 3788 enim
1206 3735 1336 3790 Sion
1374 3734 1637 3787 habitabit
1673 3734 1724 3785 iu
1761 3731 1853 3786 Je-

279 3829 539 3885 rusalem.
596 3847 614 3879 ι
653 3825 825 3880 εἰιιιιεεὶ
867 3827 979 3880 haac
1026 3830 1093 3878 ad
1135 3823 1260 3894 Cyri
1312 3835 1553 3887 tempora
1596 3823 1861 3884 I'eiet'ttttt,

277 3922 501 3992 quando
519 3920 588 3975 de
616 3919 889 3989 Babylone
921 3919 971 3972 in
1002 3916 1246 3972 Iudaeam
1283 3931 1538 3971 reversus
1566 3927 1648 3970 est
1690 3931 1862 3986 p0pu-

281 4021 370 4071 lus
406 4019 508 4071 sub
538 4012 841 4069 Zorobabel
871 4021 926 4066 et
956 4011 1082 4065 Jesu
1121 4009 1404 4064 Pontilice.
1436 4008 1544 4063 Nos
1570 4021 1774 4075 autem,
1808 4019 1865 4060 ut

281 4126 425 4178 smpe
462 4110 576 4173 jam
611 4107 868 4168 diximus,
905 4119 1092 4159 omnes
1143 4103 1594 4170 reprouiissiones
1624 4117 1741 4170 qua:
1775 4118 1866 4155 ex-

283 4207 487 4254 cedunt
538 4195 980 4250 mediocritatem
1036 4195 1179 4248 illius
1225 4195 1503 4263 temporis,
1549 4194 1616 4248 ad
1662 4194 1867 4248 Christi

286 4297 592 4349 reteramus
616 4292 932 4352 adventum,
965 4289 1018 4341 in
1052 4303 1158 4357 quo
1189 4289 1434 4355 captivus
1463 4289 1734 4355 quondam
1767 4301 1866 4354 po-

287 4387 444 4454 pulus
477 4385 730 4454 passione
765 4381 982 4434 Domini
1021 4380 1306 4441 liberatus,
1340 4380 1601 4432 habitavit
1637 4380 1691 4432 in
1738 4377 1866 4433 Sion

1965 3192 2089 3260 quia
2128 3190 2267 3242 oculi
2305 3192 2379 3246 i'ti
2429 3192 2686 3244 videbunt
2726 3206 2821 3245 eos
2864 3194 2955 3260 qui
3009 3203 3061 3248 te
3110 3197 3466 3258 seduxerunt,
3501 3206 3556 3247 et

1961 3296 2122 3334 aures
2155 3293 2258 3333 tua:
2293 3282 2514 3334 audient
2546 3282 2708 3335 verba
2742 3293 2865 3350 post
2913 3295 2965 3336 te
3002 3285 3418 3352 decipientium,
3458 3288 3551 3354 qui

1962 3373 2216 3425 dixerunt
2257 3387 2272 3428 :
2311 3371 2436 3427 Haec
2475 3374 2579 3434 via,
2613 3375 2954 3427 ambulemus
2982 3373 3035 3427 iu
3067 3390 3152 3438 ea,
3181 3375 3297 3430 sive
3326 3382 3394 3428 ad
3426 3381 3557 3430 ιιι-ι-

1964 3472 2160 3523 teram,
2179 3463 2294 3515 sive
2315 3463 2381 3514 ad
2405 3461 2714 3514 sinistram.
2741 3478 2761 3512 ι
2799 3446 3025 3515 Mullum
3052 3462 3104 3514 iu
3136 3462 3237 3515 hoc
3263 3462 3382 3516 loco
3410 3461 3498 3514 LX
3516 3463 3556 3515 Χ

1962 3553 2129 3606 editio
2181 3553 2618 3620 llelnaicumqne
2655 3550 2992 3606 discordant.
3025 3551 3267 3605 Primum
3314 3568 3443 3622 ergo
3491 3555 3557 3604 de

1965 3643 2197 3712 Vulgata
2245 3643 2492 3698 editione
2523 3643 2902 3707 tractabimus,
2945 3651 2999 3697 et
3043 3651 3231 3712 postea
3268 3658 3557 3710 sequemur

1963 3737 2206 3790 ordinem
2231 3736 2494 3813 veritatis.
2513 3733 2646 3788 Cum
2676 3734 3042 3788 intellexerint
3062 3743 3227 3802 atque
3256 3749 3556 3803 perspexe-

1969 3832 2070 3882 rim
2099 3829 2280 3881 contis
2308 3828 2454 3880 oculi
2487 3828 2796 3890 veritatem,
2830 3837 2884 3881 et
2904 3841 3002 3882 eos
3029 3828 3120 3895 qui
3142 3843 3200 3880 se
3224 3828 3375 3897 prius
3394 3829 3556 3882 dece-

1969 3929 2178 3989 perant,
2211 3927 2318 3972 tota
2356 3919 2554 3971 mentis
2586 3919 2798 3971 ratione
2823 3918 3207 3986 cognoverint,
3239 3929 3295 3972 et
3330 3919 3554 3971 auribus

1967 4013 2196 4065 eruditis
2231 4020 2352 4080 post
2390 4020 2601 4079 tergum
2637 4010 3028 4078 deeipieutium
3066 4012 3228 4064 verba
3260 4025 3555 4077 perspexe-

1972 4106 2099 4163 riut,
2128 4118 2342 4169 semper
2365 4104 2507 4155 enim
2535 4117 2736 4154 caecam
2768 4104 3018 4164 corporis
3051 4111 3260 4169 partem
3305 4103 3558 4168 decipere

1972 4197 2251 4258 h-stiuaut,
2277 4194 2432 4262 juxta
2476 4193 2606 4246 illud
2641 4197 2782 4260 quod
2816 4197 2865 4244 in
2903 4191 3123 4247 Psalnto
3159 4194 3391 4260 legimus
3425 4209 3442 4250 :
3492 4192 3558 4248 Ut

1971 4291 2220 4356 sugitzeut
2249 4287 2302 4337 in
2333 4289 2551 4338 obscuro
2570 4293 2736 4338 rectos
2762 4287 2918 4338 corde
2942 4283 3122 4353 (Psal.
3153 4302 3206 4349 Χ,
3225 4287 3306 4356 2),
3330 4289 3420 4356 qui
3443 4297 3564 4342 tau-

1977 4389 2082 4430 tam
2110 4379 2210 4430 sibi
2241 4387 2530 4429 assumunt
2559 4377 2966 4437 auctoritatem,
2995 4385 3054 4429 ut
3077 4393 3171 4430 seu
3201 4376 3424 4431 dextera
3461 4380 3564 4432 do-

286 4493 340 4533 et
367 4478 698 4538 Jerusalem,
731 4475 782 4528 in
813 4472 1024 4542 specula
1083 4473 1353 4537 videlicet,
1391 4482 1445 4525 et
1480 4474 1674 4525 visione
1702 4473 1870 4538 pacis,
1906 4457 1947 4508 ι)
1979 4476 2154 4533 ceant,
2197 4482 2293 4520 seu
2333 4468 2576 4529 sinistra,
2619 4466 2674 4520 id
2717 4477 2824 4529 est,
2870 4469 2986 4522 sire
3031 4470 3190 4532 bona,
3240 4472 3356 4525 sive
3401 4472 3559 4533 ntali.

288 4575 392 4626 hoc
419 4583 523 4635 est,
557 4571 610 4622 in
640 4568 900 4622 Ecclesia.
927 4566 1095 4619 Porro
1124 4567 1264 4630 quod
1291 4566 1340 4617 in
1364 4564 1504 4618 LXX
1540 4569 1758 4618 verbum
1787 4569 1882 4617 ad-

289 4669 438 4719 ditur
464 4663 792 4724 sanctitatis,
819 4675 910 4728 qut
933 4663 1219 4712 dixerunt:
1254 4656 1483 4725 Pupulus
1499 4659 1637 4710 enim
1663 4668 1878 4710 sanctus

290 4765 345 4809 in
386 4757 517 4810 Sion
551 4756 750 4808 habitat
785 4752 896 4824 [AL
927 4749 1232 4828 habitabit],
1259 4754 1338 4803 sic
1375 4751 1729 4818 interpretari
1760 4768 1883 4820 pos-

290 4866 508 4914 sumus,
541 4861 596 4901 ut
616 4851 854 4903 dicamus
875 4847 1075 4898 utilium
1108 4846 1350 4898 habitare
1377 4847 1426 4896 in
1454 4847 1606 4910 Sion,
1632 4846 1728 4899 nisi
1758 4860 1881 4898 eum

290 4945 382 5011 qui
409 4953 634 4996 Sanctus
658 4942 749 5002 sit,
780 4951 833 4993 et
851 4940 1032 4992 audiat
1059 4940 1325 4990 dicentem
1348 4937 1636 4990 Domitium
1658 4955 1671 4989 :
1697 4937 1882 4992 Sancti

286 5044 474 5098 estote,
489 5034 742 5102 quoniam
765 5041 812 5085 et
852 5047 942 5100 ego
963 5042 1175 5084 sanctus
1189 5046 1303 5082 sum
1319 5027 1505 5099 (Levit.
1527 5045 1603 5093 xt,
1623 5030 1734 5098 44).

367 5127 549 5198 (Vers.
579 5125 695 5193 20.)
734 5142 752 5174 ι
789 5123 1014 5177 Plorans
1048 5138 1387 5192 nequaquam
1421 5121 1684 5190 plorabis,
1719 5126 1881 5180 mise-

293 5235 423 5274 rans
457 5217 807 5272 miserebitur
836 5217 908 5270 tui
942 5233 956 5269 :
989 5217 1054 5269 ad
1081 5229 1264 5268 vocem
1296 5216 1549 5268 clamoris
1575 5218 1673 5281 tui,
1696 5219 1881 5271 statim

290 5324 354 5364 ut
385 5312 639 5373 audierit,
673 5307 1020 5376 respondebit
1051 5307 1167 5360 tibi.
1205 5323 1223 5356 ι
1262 5306 1395 5362 Cum
1430 5322 1680 5362 reversus
1713 5308 1882 5363 fueris

288 5403 346 5455 in
374 5401 527 5466 Si0n,
551 5410 608 5454 et
629 5399 960 5454 habitaveris
985 5399 1038 5451 in
1057 5397 1382 5465 Jerusalem,
1407 5415 1743 5470 nequaquam
1766 5403 1884 5470 plo-

289 5495 464 5558 rabis,
512 5503 565 5543 ut
617 5499 743 5545 ante
787 5492 1121 5560 ploraveras,
1152 5505 1248 5544 seu
1295 5490 1452 5546 ﬂetus
1485 5505 1606 5548 tuus
1643 5503 1884 5547 vertetur

290 5587 344 5640 in
393 5585 648 5654 gaudium
695 5598 710 5636 :
746 5581 897 5636 Beati
936 5583 1072 5638 enim
1107 5583 1310 5651 ﬂentes,
1343 5585 1468 5653 quia
1502 5585 1602 5655 ipsi
1636 5585 1880 5639 ridebunt

1978 4564 2151 4614 nolint
2192 4559 2484 4628 discipulos
2527 4561 2740 4613 ratione
2786 4561 3082 4622 discutere,
3112 4565 3206 4615 sed
3239 4578 3298 4616 se
3331 4579 3566 4631 praeces»

1979 4669 2131 4708 seres
2164 4653 2315 4720 sequi
2346 4668 2362 4717 ;
2401 4661 2528 4704 tunc
2563 4652 2616 4705 hi
2660 4655 2748 4721 qtti
2786 4654 2936 4720 prius
2968 4655 3332 4722 decipiebant,
3367 4670 3568 4723 nequa—

1979 4761 2142 4813 quam
2180 4745 2316 4797 ultra
2358 4747 2422 4796 ad
2466 4759 2562 4798 eos
2607 4745 2861 4798 valebunt
2893 4747 3160 4800 accedere
3189 4759 3473 4814 [umquam
3507 4764 3566 4801 se

1985 4841 2256 4892 senserint
2289 4837 2614 4890 intellectus.
2646 4837 2820 4890 Porro
2847 4837 3004 4905 juxta
3034 4836 3359 4892 llebraicum
3393 4848 3445 4892 et
3486 4838 3561 4890 fa.

1988 4934 2108 4984 ctl;s
2131 4942 2184 4983 et
2212 4943 2338 4982 vera
2369 4928 2684 4998 explanatio
2707 4939 2810 4984 est.
2837 4930 2971 4984 Cum
2994 4931 3138 4983 enim
3165 4928 3570 4990 Dominuscre-

1990 5025 2246 5078 dentibus
2276 5022 2492 5078 dederit
2526 5037 2721 5092 panem
2754 5034 2991 5082 aretum.
3016 5030 3073 5076 et
3099 5036 3294 5091 aquam
3323 5023 3564 5086 brevem,

1993 5131 2334 5186 nequaquam
2380 5115 2523 5169 ultra
2572 5113 2733 5169 faciet
2777 5114 2998 5168 avolare
3041 5113 3109 5168 ab
3155 5117 3236 5170 eis
3281 5114 3429 5169 illum
3473 5117 3567 5186 qui

1990 5211 2145 5264 docet
2192 5208 2462 5264 hominem
2511 5208 2837 5273 scientiam;
2893 5205 2990 5260 sed
3046 5222 3264 5275 semper
3313 5207 3569 5262 videbunt

1983 5303 2126 5356 oculi
2154 5302 2276 5371 ejus
2300 5312 2689 5371 prwceptorem
2716 5314 2899 5365 suum,
2920 5310 2972 5353 et
2993 5313 3152 5354 aures
3176 5299 3320 5354 illius
3343 5301 3565 5356 verbum

1985 5411 2106 5468 post
2142 5407 2352 5468 tergum
2389 5398 2671 5450 mouentis
2704 5397 3016 5458 exaudient,
3065 5409 3229 5467 atque
3276 5398 3503 5452 dicentis
3551 5413 3568 5454 :

1985 5491 2108 5544 Haec
2132 5491 2216 5543 via
2241 5499 2389 5543 recta
2409 5497 2516 5552 est,
2539 5489 2810 5542 ambulate
2831 5490 2884 5542 in
2907 5505 2993 5556 ea,
3018 5505 3192 5560 neque
3213 5493 3279 5544 ad
3297 5491 3568 5554 dextram,

1986 5598 2165 5652 neque
2198 5582 2265 5636 ad
2296 5583 2600 5647 sinistram,
2634 5586 2936 5637 secundum
2974 5585 3104 5640 illud
3137 5583 3282 5654 quod
3323 5583 3451 5643 alibi
3491 5584 3573 5642 le.

367 5759 385 5788 ¹
431 5755 644 5811 Vocula:
671 5774 700 5810 a
731 5764 778 5811 te
816 5771 990 5827 nthte
1022 5757 1073 5812 iu
1111 5755 1360 5823 llebnco,
1401 5775 1573 5829 neque
1608 5760 1658 5815 in
1695 5762 2115 5839 llieronymiana
2152 5781 2214 5822 ex
2249 5779 2314 5823 eo
2353 5772 2498 5820 textu
2534 5763 2786 5821 versione
2819 5763 3108 5823 habentur.
