3952 6180
366 311 477 378 an

369 434 512 501 gitur
553 445 568 485 :

372 540 511 586 ntus,
541 524 626 576 via
659 522 801 590 regia
833 521 1143 591 grudienlur
1172 516 1353 586 (Num.
1381 532 1471 583 xx,
1506 516 1610 578 l7.)
1637 515 1694 577 In
1726 527 1953 582 utraque

372 613 517 665 enim
550 622 701 678 parte
733 612 994 681 quidquid
1028 625 1191 679 supra
1225 609 1440 663 modum
1473 618 1579 672 est,
1607 608 1661 660 in
1690 607 1823 660 vitio
1847 617 1949 659 est.

372 707 436 760 Et
468 708 534 760 de
595 707 801 761 dcxtris
838 704 1078 773 partibus
1110 703 1310 757 dicitur
1343 717 1357 757 :
1395 699 1477 753 Ne
1507 702 1577 754 sis
1602 701 1780 769 justus
1818 704 1950 751 mut-

373 809 481 851 tum
511 798 709 870 (Eccle.
738 815 829 863 \‘ll,
861 797 974 867 l7.)
1004 798 1075 851 De
1100 797 1337 849 sinistris
1363 806 1544 849 autem
1586 795 1729 861 quod
1766 794 1817 846 in
1848 794 1954 847 bze-

374 894 588 952 dorum,
621 900 675 945 et
710 893 758 945 in
799 892 1139 960 pereuntium
1174 900 1327 961 parte
1356 896 1648 958 ponantur,
1681 887 1823 940 nulla
1856 888 1955 940 dn-

374 990 562 1042 bitatio
602 996 709 1040 est.

446 1077 624 1151 (Vers.
649 1078 765 1138 ‘23.)
801 1095 818 1127 ι
852 1076 918 1130 Ει
946 1073 1348 1130 contaminahis
1370 1073 1599 1126 laminas
1620 1069 1951 1139 scnlptilinm

370 1170 578 1237 argenti
602 1169 699 1233 tui,
720 1167 884 1239 412
907 1179 961 1220 et
989 1168 1372 1220 vestimentum
1398 1162 1687 1217 conﬂatilis
1707 1162 1825 1214 auri
1854 1160 1950 1225 tui,

370 1271 424 1313 et
471 1260 755 1328 disperges
802 1274 863 1310 ea
902 1257 1039 1310 sicut
1075 1254 1475 1309 immunditiam
1524 1259 1879 1305 menstruales
1935 1265 1950 1305 :

373 1352 666 1420 Egredere,
700 1350 847 1403 dices
873 1350 944 1401 ei.
978 1367 994 1398 ›
1029 1345 1169 1400 LXX
1198 1362 1216 1404 :
1242 1364 1260 1397 ‹
1290 1345 1355 1399 Ει
1383 1344 1783 1399 contaminahis
1809 1341 1950 1395 idola

373 1446 808 1509 deargeutala,et
837 1439 1097 1492 deaurata
1136 1452 1152 1492 :
1192 1439 1532 1490 comminucs
1563 1450 1625 1487 ea
1655 1445 1709 1487 et
1740 1434 1953 1502 disper-

374 1548 469 1601 gcs
496 1533 637 1586 sicut
671 1545 868 1600 aquam
906 1538 1277 1593 tuenstruatre,
1311 1537 1368 1583 et
1398 1529 1536 1581 sicut
1569 1537 1780 1582 stercus
1810 1525 1952 1592 abji-

373 1640 485 1677 c:es
513 1639 596 1677 ea.
642 1640 660 1673 ι
701 1621 833 1674 Cum
866 1622 1206 1675 intellexeris
1237 1621 1546 1680 veritatem,
1581 1627 1636 1671 et
1678 1618 1951 1686 decipien-

373 1727 453 1769 tes
479 1720 545 1768 ad
574 1723 625 1768 te
648 1729 757 1768 non
782 1713 1137 1777 accesserint,
1163 1711 1256 1767 sed
1284 1711 1429 1765 oculi
1458 1712 1532 1762 tui
1556 1710 1790 1763 viderint
1817 1724 1952 1777 pra!-

372 1815 648 1875 ceptorent
673 1816 848 1869 tuum,
868 1816 921 1858 et
943 1818 1104 1858 aures
1125 1811 1229 1856 tuae
1249 1816 1464 1871 semper
1485 1800 1792 1865 audierint}
1822 1797 1949 1850 "(vc
1981 1779 2023 1834 Β

374 1899 479 1961 riu,
509 1896 777 1949 ambulate
812 1897 866 1948 in
891 1912 975 1961 ea,
1007 1909 1167 1965 neque
1192 1894 1260 1947 ad
1287 1893 1553 1953 dextram,
1587 1906 1750 1958 neque
1782 1892 1850 1942 ad
1881 1891 1952 1942 si-

374 1991 597 2043 nistram
624 2006 639 2052 ;
676 2000 802 2042 tunc
830 2002 1020 2042 omnes
1053 2001 1272 2041 errores
1300 1996 1351 2039 et
1386 1985 1550 2048 idola,
1584 1998 1647 2037 ac
1696 1982 1952 2036 similitu-

376 2082 535 2136 dines
568 2081 832 2144 veritatis,
875 2094 994 2149 quae
1028 2077 1221 2132 artifex
1264 2077 1445 2147 lingua
1484 2083 1863 2145 composuerat
1900 2075 1950 2127 iu

373 2174 660 2244 splendore
685 2172 1030 2242 εἰοιιιιειιιίω,
1052 2172 1195 2240 quod
1224 2170 1617 2239 interpretatur
1643 2177 1951 2237 argentum,

375 2278 429 2321 ct
463 2268 514 2321 in
541 2268 752 2321 ratione
780 2267 1082 2335 sapientiae,
1109 2264 1252 2335 quod
1285 2280 1480 2317 aurum
1512 2271 1692 2322 sonat,
1727 2260 1955 2314 etmnui-

377 2376 511 2414 nues
538 2371 699 2429 atque
730 2360 1027 2427 disperges,
1059 2370 1115 2412 et
1148 2359 1221 2411 ita
1250 2356 1524 2426 judicabis
1561 2354 1865 2417 immunda,
1899 2364 1957 2408 ut

378 2465 729 2509 menstruatze
762 2454 1010 2508 mulieris
1040 2451 1421 2507 sordidissimo
1450 2452 1702 2519 sanguini
1738 2465 1957 2519 compa-

376 2562 485 2613 res,
503 2546 645 2616 quod
671 2546 849 2603 verbis
868 2547 991 2601 aliis
1009 2561 1204 2615 aquam
1225 2554 1576 2599 menstruatae
1598 2542 1954 2614 Septuaginta

378 2639 792 2694 transtulerunt.
1265 2709 1268 2712 ἢ

451 2732 631 2801 (Vers.
667 2730 781 2799 24.)
825 2749 842 2780 r
891 2728 953 2782 Et
985 2729 1201 2783 dabitur
1233 2729 1416 2799 pluvia
1452 2730 1650 2784 semini
1700 2740 1794 2782 tuo
1838 2729 1959 2783 ubi-

378 2836 596 2890 cunque
638 2820 995 2874 scminaveris
1025 2820 1078 2872 in
1105 2827 1273 2876 terra.
1298 2827 1352 2872 et
1379 2819 1535 2887 panis
1560 2817 1773 2888 frugum
1800 2830 1958 2874 terra:

378 2914 482 2965 erit
518 2911 824 2967 uberrimus
857 2921 912 2963 et
948 2910 1186 2979 pinguis.
1218 2927 1235 2960 ι
1261 2907 1402 2963 LXX
1430 2925 1446 2966 :
1478 2932 1496 2962 ι
1529 2909 1680 2964 Tunc
1712 2912 1815 2964 erit
1844 2913 1959 2981 plu-

386 3005 466 3057 via
501 3003 697 3056 semini
735 3011 894 3058 terra:
931 3011 1060 3065 ulte,
1095 3012 1148 3055 et
1186 3004 1340 3072 panis
1385 3003 1596 3071 frugmn
1648 3012 1802 3058 terra}
1852 3017 1959 3059 tum

1550 305 1615 365 S.
1651 301 1969 364 EUSEBII
2013 304 2063 363 Η
2077 304 2099 362 l
2112 301 2312 363 ERON
2325 301 2461 363 ΥΜΙ

607 428 716 483 Nec
748 429 814 482 ad
847 434 1113 490 dextram,
1144 439 1236 478 nec
1264 422 1330 476 ad
1359 421 1630 477 sinistram
1666 421 1957 476 declinabi-
1988 432 2028 485 Α
2069 421 2206 489 xxi),
2242 424 2333 488 (ιιιί
2368 430 2668 490 operantur
2704 429 2926 483 terram,
2963 418 3041 474 sic
3072 418 3138 474 de
3168 432 3291 472 arca
3328 421 3637 486 comedent,

3531 304 3643 363 312‘)

2060 525 2116 565 ut
2146 514 2307 567 fuerit
2330 514 2673 578 ventilatum,
2700 529 2768 568 ne
2796 514 2922 581 quid
2950 511 3201 567 videlicet
3226 513 3279 565 in
3306 513 3428 567 cibo
3449 528 3641 567 eorum

2059 607 2278 658 mistum
2345 606 2417 659 sit
2464 607 2759 673 palearum,
2793 609 2860 660 de
2893 604 3088 675 quibus
3128 604 3181 657 in
3213 602 3447 657 Ieremia
3498 605 3648 658 scri-

2059 706 2209 765 plum
2255 708 2334 751 est
2372 714 2387 753 :
2421 697 2560 762 Quid
2594 698 2759 766 paleis
2795 698 2864 750 ad
2910 697 3165 758 triticum,
3207 695 3336 749 dicit
3381 695 3645 750 Dominus

2058 788 2271 856 (Jerem.
2299 805 2452 852 χχιιι,
2474 788 2608 859 28)?
2641 797 2829 858 etquae
2852 788 2904 841 in
2936 785 3228 858 Evangelia
3248 788 3650 841 comburuntur

2057 880 2166 947 igni
2217 881 2642 949 inexstinguibili
2683 880 2836 947 (Luc.
2868 880 2969 948 In).
3007 880 3178 934 Porro
3207 880 3358 949 juxta
3394 878 3534 933 LXX
3561 879 3653 947 ju-

2057 982 2262 1037 nzcnta,
2312 988 2434 1040 qum
2491 973 2722 1026 necdum
2779 974 3010 1026 rationis
3061 972 3453 1041 sapientiaeque
3510 981 3647 1025 sunt

2057 1063 2230 1130 plena,
2264 1074 2316 1118 et
2348 1067 2411 1117 de
2440 1066 2638 1133 quibus
2669 1082 2834 1119 unum
2867 1065 3106 1135 loquitur
3134 1066 3203 1119 ad
3231 1064 3398 1119 Deum
3435 1080 3450 1121 :
3483 1064 3645 1120 Sicut

2053 1155 2345 1221 iumentum
2373 1158 2546 1227 factus
2574 1173 2688 1211 sum
2720 1157 2861 1226 apud
2891 1172 2937 1211 re
2973 1156 3126 1227 (Prol
3198 1171 3370 1219 um,
3402 1156 3514 1226 25),
3544 1172 3651 1225 pa-

2055 1260 2275 1300 scentur
2323 1250 2375 1302 in
2422 1248 2543 1304 loco
2588 1250 2939 1320 pinguissimo
2990 1260 3043 1304 et
3096 1250 3354 1318 Spatfoso,
3382 1251 3474 1321 qui
3526 1266 3644 1305 non

2053 1340 2206 1393 alii-rt
2235 1342 2418 1408 spinas
2444 1353 2495 1395 et
2529 1343 2779 1407 tribulos,
2807 1342 2897 1395 sed
2929 1345 3082 1412 quasi
3113 1353 3256 1397 terra
3293 1340 3461 1396 Israel
3496 1343 3643 1396 lacte

2056 1441 2106 1483 et
2163 1433 2320 1486 ntelle
2373 1433 2636 1498 decurrit,
2683 1443 2735 1486 et
2780 1433 2992 1504 plenam
3043 1433 3390 1500 pascentibus
3445 1434 3644 1487 tribuit.

2066 1524 2398 1578 llbt‘rlnlelll.
2445 1523 2613 1579 Tauri
2660 1537 2836 1580 autem
2882 1534 2936 1579 et
2986 1526 3152 1580 boves
3196 1527 3287 1595 qui
3341 1538 3647 1595 operantur

2059 1628 2281 1683 terram,
2315 1618 2366 1669 id
2396 1626 2498 1682 est,
2524 1618 2766 1687 Apostoli
2793 1628 2845 1671 et
2876 1617 2975 1670 viri
3006 1618 3314 1685 apostolici,
3343 1619 3406 1669 de
3434 1618 3642 1685 quibus

2054 1717 2103 1759 et
2141 1709 2418 1778 apostolus
2458 1711 2660 1764 Paulus
2694 1710 2958 1778 scriptum
2998 1711 3394 1779 interpretatur
3450 1750 3465 1766 .
3520 1708 3646 1764 Non

2054 1800 2298 1870 alligabis
2337 1819 2394 1855 οε
2430 1802 2546 1855 bori
2590 1802 2886 1854 triturami.
2924 1800 3030 1856 Et:
3067 1800 3317 1871 Nunquid
3362 1801 3424 1855 de
3474 1801 3644 1856 bobus

2053 1912 2177 1949 cura
2198 1905 2274 1948 est
2301 1893 2408 1948 Deo
2432 1894 2482 1965 (1
2510 1892 2635 1950 Cor.
2672 1909 2748 1959 lx,
2780 1892 2832 1963 9)
2858 1895 2880 1946 ?
2909 1892 3014 1948 Sed
3052 1893 3238 1961 utique
3270 1895 3335 1949 de
3370 1895 3451 1947 his
3484 1895 3643 1959 dicit,

2053 1989 2141 2055 qui
2179 1996 2473 2057 Operantur
2507 1996 2705 2040 terram
2739 2001 2915 2049 suam,
2949 1994 3001 2040 et
3036 1986 3102 2039 tle
3147 1985 3347 2053 quibus
3387 1986 3526 2041 idem
3563 1988 3645 2042 lo-

2052 2083 2258 2150 quitur,
2287 2080 2380 2133 Dei
2406 2080 2755 2151 ugrirultura,
2788 2079 2880 2133 Dei
2910 2077 3195 2147 wdificalio
3219 2094 3399 2132 sumus
3431 2075 3486 2151 (1
3509 2078 3640 2135 Cor.

2054 2189 2137 2235 ιιι,
2175 2173 2251 2241 9).
2290 2174 2451 2226 l’aler
2483 2173 2626 2225 enim
2663 2171 2894 2239 agricola
2934 2183 3037 2234 est,
3073 2179 3128 2224 et
3172 2170 3427 2225 Christus
3473 2173 3639 2225 vinea

2056 2264 2239 2333 (Joan,
2276 2266 2365 2333 xv)
2406 2282 2420 2318 :
2454 2248 2740 2318 comedent
2790 2262 2975 2332 paleas
3020 2262 3211 2317 tnistas
3252 2278 3377 2317 cum
3435 2264 3647 2318 hordeo

2056 2360 2334 2412 ventilato.
2376 2356 2627 2428 Legimus
2662 2356 2804 2426 quod
2841 2356 2990 2411 lsaac
3026 2356 3289 2410 hordeum
3324 2354 3546 2415 severit.
3585 2367 3651 2410 et

2058 2451 2181 2517 quia
2216 2450 2357 2520 apud
2386 2449 2697 2520 Allophylos
2727 2460 2864 2515 erat,
2891 2448 3261 2503 ccutenariam
3296 2447 3483 2502 hordei
3517 2448 3643 2501 fru-

2058 2557 2178 2611 gem
2213 2542 2479 2611 receperit
2509 2539 2662 2610 (Gen.
2695 2542 2865 2609 xxvi).
2898 2540 2966 2594 Et
2996 2537 3137 2595 Osee
3168 2554 3300 2595 coro
3329 2550 3383 2594 et
3414 2541 3648 2595 dimidio

2057 2653 2186 2690 coro
2217 2637 2402 2690 hordei
2428 2636 2689 2689 conduxit
2715 2635 2993 2687 mulierem
3019 2634 3320 2687 adulteram
3349 2633 3505 2704 (Osee
3525 2635 3640 2702 ιιι).

2061 2728 2307 2781 Salvator
2342 2742 2559 2796 quoque
2591 2728 2833 2796 quinque
2863 2726 3028 2779 millia
3066 2726 3306 2779 virorum
3338 2727 3425 2787 qui
3464 2726 3650 2778 adhuc

2060 2824 2311 2876 sensibus
2341 2823 2360 2851 ¹
2386 2823 2633 2889 corporis
2662 2821 2995 2882 serviebant,
3025 2832 3078 2873 et
3108 2817 3305 2888 Legem
3322 2817 3651 2887 sequeban-

2065 2926 2151 2971 tur
2200 2914 2388 2986 Moysi,
2434 2915 2753 2969 llOl‘tlca‘lCt'lS
2806 2914 3034 2982 panibus
3074 2922 3414 2967 saturaverat
3453 2910 3649 2982 (Joau.

2063 3011 2159 3076 vt).
2199 3009 2296 3074 Qui
2333 3008 2385 3061 in
2420 3007 2525 3060 alio
2559 3007 2679 3059 loco
2716 3006 2972 3076 lrangens
3014 3018 3220 3074 septem
3270 3005 3431 3075 Legi;
3473 3022 3649 3073 panes

379 3098 483 3149 erit
516 3095 796 3150 abundans
827 3105 881 3151 et
908 3097 1121 3166 pinguis
1141 3096 1211 3146 ί.»
1255 3094 1526 3162 Scriptum
1557 3104 1641 3151 est
1669 3096 1718 3149 in
1749 3095 1955 3162 Regum
1985 3112 2027 3168 ο
2062 3109 2115 3152 et
2144 3102 2195 3151 in
2227 3099 2392 3153 frusta
2427 3101 2828 3162 COIIIllIllIUCIIS,
2861 3108 3092 3166 quatuor
3160 3098 3326 3151 millia
3354 3099 3498 3151 viros
3550 3113 3651 3150 reo

381 3189 660 3244 volumine
690 3188 798 3260 (Ill
836 3188 959 3260 Reg.
995 3190 1171 3260 xun),
1199 3190 1341 3259 quod
1373 3198 1656 3258 postquam
1685 3188 1958 3245 interfecti

382 3293 508 3336 sntit
534 3283 600 3335 ab
640 3280 754 3335 Elia
788 3282 1293 3350 pseudoprophetm,
1323 3282 1445 3336 data
1482 3281 1552 3336 sit
1586 3280 1766 3351 pluvia
1802 3291 1960 3337 terrae

383 3370 551 3428 Israel
588 3387 605 3426 :
641 3380 694 3425 et
724 3372 868 3441 quod
917 3371 1072 3440 panis
1110 3368 1286 3424 Elisaii
1329 3379 1387 3424 et
1433 3380 1619 3440 postea
1662 3369 1961 3424 Salvatoris

384 3464 696 3518 uberrimus
723 3464 885 3518 fuerit
911 3475 1072 3533 atque
1100 3462 1520 3533 pinguissimus,
1543 3472 1597 3516 et
1626 3470 1828 3516 tantam
1862 3461 1960 3516 ha-

369 3538 561 3611 buerit
593 3555 1008 3627 plenitudinem,
1041 3563 1100 3609 ut
1139 3554 1305 3609 multa
1354 3554 1632 3609 hominum
1677 3554 1842 3608 millia
1891 3568 1959 3606 ca

380 3669 446 3705 eo
487 3660 730 3705 saturata
768 3651 879 3704 sint
916 3648 1015 3722 (ιν
1047 3648 1176 3718 Reg.
1222 3663 1309 3713 tv;
1353 3645 1519 3703 Joan.
1561 3647 1660 3718 vr).
1695 3647 1771 3703 lta
1817 3655 1869 3703 et
1906 3648 1959 3703 in

382 3743 634 3810 pra-scuti
665 3741 805 3806 loco,
840 3756 946 3796 non
974 3741 1128 3811 prius
1157 3739 1375 3794 dabitur
1408 3739 1584 3809 pluvia
1616 3740 1809 3797 semini
1842 3738 1959 3809 spi-
1994 3758 1999 3763 λ

383 3836 582 3902 i-itnali,
621 3844 674 3889 et
711 3836 865 3904 panis
911 3843 1071 3889 terrae
1120 3834 1432 3890 uberrimus
1469 3843 1633 3897 atque
1668 3833 1960 3903 pinguissi-

384 3943 525 3994 mus,
572 3926 679 3982 nisi
731 3928 874 3983 idola
926 3932 1275 3997 deargenlata
1331 3935 1386 3981 et
1442 3926 1701 3981 deaurata
1757 3925 1961 3980 fuerint

378 4020 735 4085 comminuta,
765 4031 819 4074 et
854 4030 1100 4089 reputata
1131 4021 1184 4074 in
1219 4019 1643 4089 Sterquilinium.
1670 4015 1785 4073 Nisi
1812 4019 1957 4073 enim

382 4114 508 4167 vitia
546 4115 891 4177 recesserint,
920 4114 1146 4168 virtutes
1176 4128 1282 4168 non
1311 4113 1570 4168 subeunt.

455 4204 637 4276 (Vers.
665 4206 781 4275 25.)
820 4224 837 4257 r
883 4205 1145 4260 Pascetur
1185 4207 1236 4260 in
1275 4206 1617 4275 possessione
1654 4216 1741 4260 tua
1778 4207 1829 4259 in
1873 4208 1960 4261 die

384 4296 470 4348 illa
509 4311 678 4366 agnus
713 4298 972 4368 spatiose.
1010 4297 1075 4350 Et
1110 4299 1246 4350 tauri
1294 4299 1369 4351 tui
1412 4308 1464 4353 et
1515 4298 1642 4368 pulli
1680 4298 1957 4353 asinorum

380 4388 469 4457 qui
497 4399 795 4459 operantur
824 4399 1046 4455 terram,
1074 4391 1422 4444 commistum
1447 4392 1644 4461 migma
1670 4392 1959 4446 coincdent

379 4483 521 4537 sicut
573 4483 624 4537 in
679 4498 805 4537 area
851 4481 963 4556 [ΑΙ.
1011 4484 1063 4538 in
1112 4498 1241 4538 area
1285 4482 1390 4557 ut]
1440 4484 1753 4539 ventilatum
1799 4498 1902 4540 est.
1940 4506 1958 4538 ι

364 4574 519 4645 (LXX
559 4594 573 4631 :
608 4596 626 4628 ι
662 4576 727 4631 Ει
756 4589 1047 4647 pascentur
1068 4578 1314 4647 jumenta
1342 4588 1431 4633 tua
1459 4581 1511 4634 in
1543 4580 1630 4635 die
1657 4580 1749 4634 illa
1781 4582 1958 4635 locum

378 4670 636 4738 pinguem
664 4680 721 4723 et
754 4671 1073 4739 spatiosum.
1111 4668 1278 4725 Tauri
1310 4674 1471 4727 vestri
1509 4680 1563 4726 et
1591 4673 1758 4728 boves
1789 4674 1956 4728 vostri

378 4762 471 4831 qui
508 4774 806 4833 operantur
840 4773 1069 4831 terram,
1103 4764 1391 4819 comedent
1423 4765 1605 4835 paleas
1636 4769 1959 4822 connnistas

381 4852 432 4904 in
464 4852 672 4907 hordeo
704 4852 992 4908 ventilato.
1035 4872 1053 4905 ι
1087 4853 1148 4908 In
1185 4869 1366 4910 rerum
1398 4858 1639 4911 onmium
1671 4860 1957 4911 abundan-

381 4948 475 5010 tia,
504 4946 713 5001 coelesti
757 4945 935 5015 pluvia
967 4948 1360 5013 descendente,
1392 4958 1446 5003 et
1473 4948 1563 5002 illo
1594 4963 1732 5017 pane
1765 4952 1855 5019 qui
1891 4951 1959 5006 de

380 5037 520 5089 cmlo
574 5036 878 5101 descendit,
930 5051 1089 5106 quem
1140 5038 1233 5106 qui
1284 5037 1624 5104 comederit,
1681 5054 1957 5109 nunquam

379 5129 603 5192 esuriet,
640 5140 937 5196 pascentur
983 5128 1109 5199 agni
1146 5130 1198 5182 in
1236 5128 1356 5184 loco
1399 5129 1820 5198 spatiosissimo,
1866 5132 1955 5200 qui

381 5228 683 5288 sequuntur
717 5234 915 5288 agnum
949 5235 1275 5291 quocunque
1311 5222 1481 5287 vadit,
1532 5231 1587 5276 et
1620 5223 1711 5292 qui
1744 5238 1960 5291 semper

381 5311 446 5364 ad
465 5311 709 5364 dextram
730 5324 877 5365 sunt.
895 5309 1059 5366 Tauri
1079 5322 1258 5367 autem
1276 5311 1439 5384 413
1470 5314 1741 5383 principes
1759 5317 1959 5384 gregis,

378 5406 443 5453 dc
461 5402 663 5473 quibus
700 5402 930 5468 legimus
962 5419 979 5459 :
1009 5403 1360 5475 Congregatio
1394 5418 1672 5459 taurorum
1704 5407 1757 5459 iu
1784 5409 1958 5460 vaccis

377 5497 685 5567 populorum
713 5494 885 5565 (Prol.
906 5512 1072 5562 ωινιι,
1101 5499 1192 5570 51)
1223 5513 1238 5552 :
1273 5508 1326 5553 et
1357 5498 1487 5565 pulli
1513 5498 1811 5563 asinorum,
1843 5500 1960 5567 qui-

375 5594 477 5647 bus
506 5592 701 5647 sedens
725 5589 985 5648 Dominus
1008 5591 1287 5661 ingressus
1308 5602 1392 5648 est
1417 5591 1718 5647 Jerusalem
1740 5590 1957 5662 (.lluttlt.

451 5752 463 5779 ‘
489 5747 665 5804 Vatic.
681 5748 896 5819 frugum
920 5762 1076 5804 terra:
1095 5758 1201 5804 tum
1218 5750 1318 5808 erit
1342 5749 1704 5813 ubumlaus,et
1722 5750 1957 5819 pinguis.

444 5819 667 5877 ’V'atic.
708 5824 801 5888 qui
857 5832 981 5875 tunc
1018 5823 1277 5890 sensibus,
1319 5831 1449 5890 cita,
1503 5831 1555 5876 et
1600 5826 1765 5891 paulo
1812 5831 1954 5890 post,

2064 3193 2225 3261 plevit
2257 3191 2488 3247 triticeis
2522 3194 2775 3260 panibus,
2811 3194 2899 3261 qui
2932 3191 3303 3262 evangelicum
3346 3209 3377 3245 ιι
3398 3207 3650 3245 itinerum

2062 3283 2432 3349 sequebantur
2468 3282 2681 3351 (Matth.
2725 3288 2832 3351 xv).
2874 3282 3184 3338 Istiusmodi
3232 3282 3416 3353 populi
3461 3297 3656 3338 come-

2063 3379 2195 3430 dunt
2229 3388 2282 3430 et
2316 3385 2522 3445 partem
2567 3377 2874 3444 palearum;
2908 3376 3033 3430 dum
3086 3377 3138 3430 in
3184 3379 3508 3446 quibusdam
3550 3391 3648 3430 se-

2061 3479 2300 3536 quentur
2330 3468 2586 3534 litteram,
2622 3478 2675 3522 et
2711 3478 2886 3522 tamen
2920 3484 3015 3539 per
3045 3471 3231 3537 paleas
3274 3479 3325 3524 et
3376 3472 3646 3525 hordeum

2064 3560 2322 3631 paulatim
2360 3561 2380 3592 ⁸
2418 3560 2734 3629 proﬁciunt,
2768 3569 2824 3614 ut
2858 3571 3132 3616 transeant
3173 3564 3239 3615 ad
3280 3562 3641 3619 frumentum.

2135 3653 2318 3726 (Vers.
2348 3654 2463 3725 25.)
2501 3673 2520 3707 ι
2557 3655 2622 3709 Et
2647 3663 2809 3710 erunt
2840 3670 3004 3724 super
3033 3671 3246 3710 omnem
3282 3666 3520 3711 montem
3546 3674 3654 3712 ex-

2062 3749 2290 3809 celsum,
2323 3756 2378 3801 et
2406 3762 2567 3817 super
2599 3762 2815 3801 onmem
2848 3747 3039 3801 collem
3073 3750 3343 3803 elevatum
3379 3750 3477 3802 rivi
3513 3766 3648 3802 cur—

2064 3844 2297 3897 rentium
2341 3857 2603 3911 aquarum
2655 3841 2707 3894 in
2752 3841 2840 3895 die
2882 3840 3278 3895 interfectionis
3320 3843 3647 3906 inuitorum,

2061 3951 2184 3990 cum
2224 3934 2518 3989 ceciderint
2552 3944 2753 3989 turres.
2794 3950 2812 3983 ι
2854 3932 2913 3988 In
2950 3933 3053 3987 hoc
3092 3933 3211 3987 loco
3239 3933 3410 3987 Judaei
3448 3938 3653 3990 uuiltos

2063 4026 2385 4083 interfectos
2434 4037 2491 4082 et
2546 4034 2768 4081 ruentes
2806 4035 3005 4089 turres,
3050 4026 3114 4077 ad
3157 4024 3387 4080 Romani
3431 4027 3659 4095 imperii

2064 4120 2309 4175 referunt
2337 4122 2663 4191 potentiam,
2687 4119 2754 4173 de
2774 4118 2976 4187 quibus
2995 4126 3050 4174 et
3073 4120 3365 4187 Apostolus
3397 4120 3646 4189 loquitur

2063 4208 2150 4279 (ll
2174 4208 2352 4264 Thess.
2378 4208 2510 4277 n,7)
2539 4222 2554 4263 :
2581 4207 2804 4262 Tantum
2821 4208 2910 4274 qui
2928 4215 3063 4283 leuet
3092 4223 3248 4274 nunc,
3270 4205 3654 4280 Alﬁ‘teneat,

2061 4303 2226 4354 donec
2258 4303 2321 4352 de
2356 4299 2524 4352 medio
2566 4298 2686 4367 ﬁat.
2725 4296 2878 4363 Quod
2925 4298 3135 4353 scilicet
3180 4299 3231 4353 in
3277 4301 3368 4353 illo
3404 4310 3656 4370 tempore

2066 4406 2213 4447 tanta
2247 4392 2523 4447 beatitudo
2550 4393 2622 4446 si!
2649 4393 2831 4461 populi
2856 4390 3050 4457 Israel,
3077 4402 3134 4444 ut
3153 4408 3258 4446 non
3277 4394 3448 4447 solum
3480 4394 3654 4448 valles

1998 4498 2041 4551 ι)
2070 4497 2233 4551 atque
2261 4484 2609 4549 rantpcstria,
2640 4486 2731 4537 sed
2763 4498 2952 4537 onmes
2979 4496 3193 4538 montes
3215 4492 3268 4537 et
3295 4484 3459 4539 colles
3488 4487 3656 4552 aquis

2070 4577 2362 4631 ﬂuentilms
2397 4576 2716 4642 irrigantur.
2747 4573 2856 4629 Nos
2889 4589 3070 4630 autem
3109 4588 3319 4631 montes
3365 4588 3420 4630 et
3457 4578 3655 4637 colles.

2067 4686 2161 4724 eos
2192 4670 2579 4740 intelligamus,
2607 4669 2698 4738 qui
2730 4668 2782 4721 in
2813 4671 3089 4722 excelsum
3121 4670 3414 4724 virtutilms
3447 4672 3650 4724 elcvati

2069 4775 2217 4831 sum,
2262 4766 2351 4833 qui
2401 4765 2655 4818 esuriunt
2693 4773 2747 4817 et
2780 4763 2972 4816 sitiunt
3001 4763 3272 4829 justitiam
3310 4764 3524 4832 (Matth.
3569 4766 3654 4834 ι’),

2066 4873 2206 4927 quos
2249 4854 2509 4908 Dominus
2548 4862 2805 4923 provocat
2857 4856 2926 4906 ad
2986 4851 3301 4907 bibendum.
3347 4855 3449 4919 Qui
3498 4855 3654 4907 enim

2069 4950 2265 5006 biberit
2295 4950 2360 5003 de
2395 4947 2553 5017 aquis
2584 4946 2721 5016 ejus,
2754 4961 2863 5000 non
2893 4945 3041 5002 sitiet
3070 4946 3121 4999 in
3149 4956 3414 5000 mlernum
3452 4947 3646 5016 (Joan.

2066 5044 2166 5114 IV).
2190 5040 2346 5098 Unde
2363 5052 2417 5095 et
2441 5041 2494 5095 in
2520 5040 2733 5095 Psalmo
2758 5039 2984 5110 legimus
3008 5055 3023 5095 :
3056 5039 3345 5095 Beuedicite
3366 5040 3655 5095 Dominum

2066 5139 2130 5190 de
2149 5134 2381 5205 fontibus
2406 5132 2579 5187 Israel
2616 5116 2786 5202 (Psal.
2811 5148 2975 5197 LXVII,
3009 5132 3123 5204 27).
3167 5134 3234 5187 Et
3273 5136 3324 5187 in
3364 5134 3661 5203 Evangelii)

2068 5230 2288 5295 dicitur,
2329 5228 2470 5297 quod
2505 5226 2684 5280 omnis
2715 5226 2805 5294 qui
2842 5226 3041 5279 biberit
3082 5226 3147 5278 dc
3177 5227 3333 5294 aquis
3364 5223 3513 5292 Jcsu,
3551 5226 3663 5278 llu-

2069 5319 2215 5371 mina
2247 5332 2403 5385 aqua:
2440 5316 2575 5370 viva:
2606 5314 2778 5369 liuent
2812 5317 2877 5369 dc
2908 5328 3101 5369 ventre
3148 5315 3264 5382 ejus
3294 5314 3472 5385 (locu.
3527 5315 3657 5387 vit).

2070 5411 2133 5463 Et
2161 5411 2227 5463 ad
2262 5411 2431 5463 Deum
2466 5407 2702 5463 Sanctus
2733 5408 2972 5476 loquitur
3002 5423 3015 5460 :
3042 5406 3303 5471 Quoniam
3335 5410 3476 5476 apud
3499 5415 3547 5461 te
3571 5424 3658 5461 est

2069 5504 2185 5572 [ous
2213 5506 2331 5555 vita:
2356 5500 2535 5572 (Ρδαι.
2558 5518 2724 5567 xxxv,
2751 5501 2859 5566 10),
2884 5503 3068 5570 dequo
3087 5501 3429 5570 puriSsimum
3452 5500 3661 5553 ﬂumen

2068 5598 2365 5667 egreditur,
2403 5612 2565 5665 super
2594 5610 2706 5666 quo
2739 5612 2954 5651 rursum
2988 5596 3274 5666 Scriptura
3308 5608 3659 5650 commemo-

2067 5753 2319 5824 frangens
2347 5757 2573 5824 quinque
2600 5752 2752 5823 Legis
2785 5771 2969 5824 panes,
3002 5763 3112 5809 etc.

2138 5827 2159 5857 ³
2197 5825 2365 5892 Idem,
2398 5841 2490 5885 per
2511 5825 2691 5884 valeas
2729 5827 2910 5881 Ιιθιιιιὶ
2937 5828 3225 5895 paulatim,
3259 5835 3369 5884 ctc.
