3952 6180
219 289 292 354 361
687 283 1187 349 COMMENTAR.
1224 284 1307 345 IN
1351 283 1620 343 ISAIAM
1658 279 2137 342 PROPHETAM
2179 280 2334 343 LIB.
2379 279 2453 348 X.
2494 279 2656 340 CAP.
2704 277 2891 339 XXX.
3310 263 3413 331 £562

219 396 581 457 rattFluminis
617 396 840 464 impetus
862 395 1097 464 iwtificat
1126 397 1386 450 civitatem
1429 394 1526 449 Dei
1568 392 1737 462 (l’sal.
1771 405 1815 457 Α
1845 395 1924 447 sol
1987 393 2186 446 laboris
2245 402 2300 445 et
2356 406 2550 446 cursus
2608 390 2688 446 sui
2716 388 2936 458 pi’aeinia
2984 394 3413 456 consequantur.

218 494 395 562 sth).
414 490 478 545 Et
495 491 547 543 in
568 490 676 543 alio
701 489 819 543 loco
841 506 853 542 ε
879 486 1094 541 Flavius
1117 486 1209 540 Dei
1229 486 1453 553 repletus
1480 495 1559 538 est
1587 484 1738 553 aquis

217 581 361 655 (Psal.
394 594 539 644 Lstv,
571 579 703 646 l0);
737 578 826 632 ille
848 576 1117 637 videlicet,
1141 578 1232 645 qui
1270 575 1507 643 loquitur
1537 589 1629 639 per
1655 572 1742 627 Je-

219 673 403 728 retniani
420 707 434 723 .
461 668 546 721 Me
569 667 955 736 dereliquerunt
976 664 1174 731 fontem
1198 680 1348 734 aqua:
1378 665 1503 716 vim:
1522 662 1742 735 (Jerein.

218 781 264 819 ιι.
286 764 382 831 15).
412 762 521 814 Hoc
549 742 728 813 autem
766 771 896 813 tunc
928 760 1040 823 liet,
1066 774 1187 812 cum
1212 757 1483 811 interfecti
1521 755 1745 821 iuerint,

218 860 310 911 sive
330 853 577 921 perierint
603 849 819 918 plurimi
852 867 866 903 :
894 838 1052 902 Multi
1070 848 1212 902 enim
1242 848 1432 912 vocati,
1456 847 1609 913 pauci
1632 861 1751 899 vero

219 943 565 1013 electi;(i!atth.
588 959 676 1005 xx,
700 941 809 1008 16).
832 941 893 994 Et
924 956 1046 995 cum
1073 939 1369 994 ceciderint
1408 951 1605 1005 turres,
1642 940 1755 992 sive

221 1040 484 1092 datuonum
519 1042 833 1103 potestates,
867 1033 982 1087 sive
1011 1031 1229 1102 superbi
1263 1033 1461 1101 quique
1518 1041 1571 1083 et
1602 1045 1757 1083 arro-

222 1140 381 1198 gantes
406 1137 459 1179 et
496 1127 670 1192 magni
708 1126 760 1179 in
805 1126 909 1178 isto
956 1125 1193 1191 saeculo;
1244 1123 1312 1178 de
1358 1123 1553 1191 quibus
1601 1129 1654 1176 et
1702 1122 1755 1175 in

224 1219 415 1274 Psalmis
448 1219 645 1273 dicitur
681 1235 697 1272 :
743 1216 864 1269 Vidi
902 1218 1115 1279 impium
1150 1216 1426 1280 eleuatum,
1457 1224 1503 1268 et
1555 1216 1762 1268 (ποίεο-

223 1325 312 1367 tum
334 1315 463 1366 sicut
492 1312 672 1363 cedros
704 1308 908 1373 Libani,
944 1318 993 1362 et
1023 1309 1264 1375 transiri,
1290 1318 1336 1362 et
1360 1324 1472 1362 ecce
1496 1324 1601 1362 non
1625 1317 1758 1370 erat,

223 1405 404 1475 quaesiti
429 1419 569 1467 eum,
584 1413 747 1456 etnon
763 1411 837 1455 est
850 1402 1085 1453 inventus
1101 1399 1246 1453 locus
1264 1398 1377 1467 ejus
1393 1398 1564 1470 (Psal.
1578 1413 1759 1461 XXXVI,

224 1496 299 1559 35,
324 1496 431 1564 56).
471 1493 574 1547 Has
605 1503 785 1547 turres
815 1491 1086 1545 aediﬁcare
1126 1485 1607 1560 cupiebant'(Gen.
1668 1486 1764 1558 xl),

223 1588 295 1657 qui
320 1595 594 1642 moverunt
619 1586 781 1651 pedes
806 1599 933 1636 suos
956 1582 1025 1637 de
1046 1582 1291 1646 Oriente,
1318 1595 1547 1651 quorum
1573 1579 1768 1649 lingua:

224 1685 267 1735 in
292 1681 544 1751 Babylone
569 1679 807 1732 confusae
837 1686 984 1739 sunt,
1011 1675 1189 1739 etilli,
1216 1688 1380 1745 super
1407 1688 1543 1744 quos
1571 1674 1768 1728 cecidit

225 1772 373 1843 turris,
389 1769 538 1823 Siloe
570 1766 722 1837 (Luc.
756 1770 897 1836 stu).

292 1862 481 1932 (Vers.
511 1860 602 1916 26.
634 1860 652 1928 )
689 1878 707 1912 ι
748 1860 815 1914 Et
846 1860 950 1913 erit
975 1859 1067 1913 lux
1104 1858 1263 1922 lunae,
1299 1858 1442 1912 sicut
1466 1857 1559 1909 lux
1610 1855 1764 1920 solis,

224 1966 269 2010 et
311 1954 484 2008 lumen
530 1954 659 2007 solis
715 1954 820 2006 erit
866 1949 1174 2019 septuplum
1228 1949 1372 2005 sicut
1416 1948 1508 2001 lux
1564 1959 1767 2017 septem

223 2047 429 2112 dierum,
466 2047 517 2099 in
550 2046 636 2099 die
664 2060 769 2112 qua
798 2043 1098 2112 alligaverit
1137 2042 1398 2096 Dominus
1445 2041 1641 2094 vulnus
1675 2054 1772 2110 po-

226 2141 314 2208 puli
339 2140 440 2203 sui,
493 2148 549 2191 et
602 2150 978 2206 percussuram
1033 2135 1203 2204 plaga:
1257 2134 1374 2201 ejus
1406 2131 1700 2186 sanaverit.
1744 2148 1762 2180 ι

223 2226 342 2282 LXX
372 2248 385 2283 :
420 2247 441 2279 ί
486 2226 550 2279 Ει
577 2227 681 2280 erit
712 2225 895 2278 lumen
934 2224 1096 2289 Inlue,
1127 2224 1269 2277 sicut
1311 2223 1495 2275 lumen
1528 2221 1683 2284 solis,
1717 2230 1817 2301 ει,

226 2318 375 2375 lumen
425 2320 564 2375 solis
612 2316 939 2387 septuplum,
992 2317 1043 2368 iu
1094 2316 1182 2369 die
1230 2318 1450 2385 quando
1501 2315 1774 2368 sanaverit

224 2409 464 2465 Dominus
493 2407 876 2462 contritionem
910 2403 1093 2474 populi
1148 2404 1250 2467 sui,
1287 2414 1342 2458 et
1374 2403 1616 2458 dolorem
1654 2402 1771 2470 pla-

224 2515 289 2568 gae
330 2513 425 2556 tua:
485 2501 777 2556 curaverit.
819 2517 838 2550 ι
894 2496 1062 2550 Miror
1097 2499 1373 2566 quomodo
1412 2497 1464 2550 in
1519 2496 1774 2564 priesenti

225 2592 323 2647 loco
386 2593 557 2648 verba
628 2589 892 2644 llebraica
952 2603 1154 2641 LABANA
1215 2572 1388 2657 (ma‘t
1415 2587 1459 2658 ),
1491 2597 1540 2641 et
1591 2603 1776 2641 nauus

226 2684 390 2754 (nm),
424 2698 550 2753 qua:
584 2683 775 2751 Aquila
820 2680 1213 2749 interpretatur
1239 2680 1413 2734 albam
1460 2691 1512 2735 et
1550 2681 1775 2735 calorem

229 2788 309 2844 per
355 2789 471 2846 quae
527 2775 707 2827 lunam
779 2772 1060 2842 solemque
1106 2771 1375 2842 signiﬁcat
1404 2787 1566 2841 supra
1635 2773 1775 2826 idem

229 2866 349 2920 LXX
392 2867 613 2921 laterem
670 2872 723 2918 et
760 2880 970 2918 murum
1019 2864 1395 2918 transtulerint
1450 2864 1504 2918 in
1535 2879 1599 2918 eo
1659 2865 1779 2918 loco

230 2957 305 3010 ubi
332 2958 592 3025 scriptum
623 2964 750 3009 est:
802 2951 872 3006 Et
919 2952 1184 3008 erubescet
1222 2953 1372 3020 luna,
1428 2961 1479 3007 et
1528 2953 1609 3006 sol
1656 2969 1779 3006 con-

231 3046 478 3116 fundetur.
517 3048 622 3101 Pro
651 3062 758 3117 quo
791 3046 867 3100 illi
921 3044 1264 3115 interpretati
1294 3054 1443 3111 sunt,
1503 3045 1779 3117 liqueﬁent

230 3136 420 3204 lateres,
467 3147 524 3192 et
579 3149 692 3190 ruet
750 3152 952 3199 murus,
1005 3146 1060 3191 et
1108 3151 1256 3191 nunc
1296 3135 1437 3190 idem
1485 3146 1777 3203 sequentes

231 3227 562 3297 Hebraicum,
617 3228 779 3301 4,15
834 3233 1017 3282 lunam
1066 3228 1335 3298 solemque
1384 3228 1779 3283 transtulerint.

234 3318 369 3377 Unde
408 3323 544 3376 mihi
599 3325 759 3375 datur
801 3321 1061 3391 suSpicio,
1138 3336 1247 3374 non
1304 3334 1398 3375 eos
1458 3334 1678 3374 erraSse
1751 3335 1781 3372 a

231 3415 498 3484 principio,
541 3415 634 3468 sed
660 3415 913 3483 paulatim
948 3413 1274 3481 scriptorqu
1325 3412 1454 3466 vitio
1515 3412 1780 3479 deprava-

233 3512 325 3558 tos.
352 3504 541 3575 Neque
586 3504 731 3557 enim
770 3503 887 3558 ﬁeri
936 3512 1136 3572 potest,
1171 3512 1230 3557 ut
1278 3502 1456 3573 quiin
1512 3503 1615 3557 hoc
1665 3505 1783 3556 loco

230 3595 401 3650 eadem
418 3595 599 3651 verba
653 3595 792 3649 bene
846 3595 1197 3663 interpretati
1218 3604 1361 3659 sunt,
1401 3595 1455 3648 in
1486 3595 1786 3663 superiori-

229 3683 318 3739 bus
341 3688 667 3742 erraverint.
694 3686 747 3739 lu
778 3686 866 3740 die
889 3699 1020 3752 ergo
1038 3684 1433 3741 interfectionis
1462 3687 1780 3751 multorum,

230 3792 335 3831 cum
365 3793 688 3848 arrogantes
712 3779 1041 3848 superbique
1092 3778 1424 3841 corruerint,
1472 3788 1525 3832 et
1551 3781 1642 3847 qui
1687 3793 1785 3847 po-

230 3881 437 3925 suerunt
486 3874 543 3925 in
594 3872 796 3925 cretum
876 3885 940 3926 os
986 3885 1166 3934 suum,
1223 3871 1516 3926 didicerint
1564 3886 1684 3925 esse
1725 3885 1786 3925 se

233 3970 439 4026 terram,
462 3964 572 4019 erit
601 3965 785 4017 lumen
821 3964 982 4031 lunae,
1015 3964 1158 4018 sicut
1180 3962 1362 4017 lumen
1394 3965 1526 4018 solis
1565 3981 1579 4018 :
1617 3981 1787 4033 quan—

232 4053 514 4110 dodcderit
540 4055 802 4110 Dominus
827 4058 1024 4111 coelum
1054 4072 1278 4121 norum,
1318 4067 1376 4112 et
1433 4068 1631 4111 terram
1686 4073 1786 4111 no-

233 4158 359 4207 tam,
394 4159 450 4201 et
478 4149 759 4202 transierit
798 4150 1011 4203 habitus
1039 4151 1221 4204 mutuli
1258 4150 1442 4219 hujus,
1475 4162 1533 4202 ut
1576 4152 1701 4202 luna
1728 4160 1785 4204 et

232 4329 1147 4353 Μ*

1151 4340 1315 4351 -.ο-ε..-

1320 4340 1619 4351 Μ

1624 4342 1693 4353 ..-

1846 481 2057 535 Etenim
2089 484 2418 551 exspectatio
2472 490 2735 537 creatura:
2768 478 3143 534 revelationezn
3179 476 3409 531 ﬁliorum

1850 573 1941 626 Dei
1977 574 2314 639 prastolatur
2345 586 2359 624 :
2385 573 2512 641 quia
2545 586 2598 625 et
2647 573 2760 641 ipsa
2791 579 3036 625 creatura
3093 569 3410 622 liberabitur

1852 680 1879 715 a
1912 666 2170 717 servitute
2205 665 2590 732 corruptionis,
2624 664 2675 717 in
2714 663 3017 717 libertatem
3059 660 3242 730 glorizc
3273 658 3412 712 lilio-

1855 770 1969 807 rum
2006 755 2094 809 Dei
2121 754 2295 824 (Rom.
2330 772 2442 819 vui,
2483 756 2568 825 19)
2609 775 2622 810 :
2651 755 2773 809 licet
2821 768 2881 809 ea
2910 754 3129 824 quidam
3161 753 3271 825 [Αἱ.
3298 754 3424 824 qui.

1856 846 1975 897 dein
2012 841 2265 914 ]0rgatia
2306 844 2441 899 lucis
2498 844 2881 914 intelligentes,
2932 842 3269 898 insensibilia
3302 857 3427 897 esst:

1857 937 2208 990 contendant.
2245 935 2389 989 Luna
2419 951 2549 1005 ergo
2581 938 2710 991 SOlla
2739 936 2999 1006 fulgorem
3033 934 3284 1004 accipiet.
3314 932 3425 989 Nec

1862 1029 2054 1080 mirum
2108 1027 2207 1079 hoc
2267 1029 2333 1081 de
2367 1027 2669 1081 clarissimo
2728 1028 2929 1082 sentire
2979 1028 3266 1092 elemento,
3340 1028 3427 1079 cui

1862 1119 2194 1186 principatus
2246 1122 2418 1174 noctis
2474 1129 2556 1173 est
2615 1120 2863 1184 traditus,
2920 1135 3043 1174 cum
3100 1120 3167 1174 de
3221 1120 3430 1174 sanctis

1862 1225 2077 1278 quoque
2128 1211 2389 1280 scriptum
2439 1211 2512 1264 sit
2569 1228 2582 1265 :

1868 1301 2085 1373 (Matth.
2124 1318 2244 1366 xm,
2274 1305 2387 1373 45).
2410 1303 2476 1357 Ει
2508 1304 2588 1358 sol
2607 1306 2912 1375 septupluni
2944 1304 3125 1358 lunieu
3155 1304 3386 1373 accipiet
3418 1318 3435 1356 :

1867 1397 2006 1447 sicut
2036 1395 2138 1449 fuit
2187 1397 2275 1448 lux
2311 1406 2514 1464 septem
2589 1396 2824 1461 dierum,
2882 1397 3102 1467 quando
3158 1397 3224 1449 ab
3284 1395 3438 1449 iniiio

1868 1498 2084 1541 creatus
2112 1495 2196 1541 est
2231 1488 2461 1541 mundus
2506 1489 2880 1557 (quamquam
2907 1498 3097 1554 septem
3139 1486 3269 1553 dies,
3306 1486 3438 1556 Sep-

2649 1210 2943 1282 Fulgcbunt
2985 1214 3121 1280 justi
3153 1212 3304 1279 quasi
3352 1213 3434 1265 sol

1874 1580 2111 1647 tuaginta
2154 1596 2257 1633 non
2290 1580 2667 1635 transtulerint
2697 1577 2717 1649 )
2767 1580 2982 1647 quando
3030 1577 3293 1634 Dominus
3319 1579 3441 1633 alli-

1874 1673 2083 1738 gaverit
2132 1671 2324 1724 vulnus
2360 1671 2542 1740 papuli
2597 1670 2702 1734 sui,
2762 1671 2875 1723 sive
2908 1669 3182 1723 sanaverit
3240 1670 3442 1724 contri-

1872 1767 2071 1817 tionem
2110 1765 2291 1834 populi
2319 1766 2399 1818 sui
2434 1781 2447 1818 :
2502 1765 2718 1832 quando
2760 1762 3073 1832 implebitur
3102 1759 3271 1833 416
3304 1761 3437 1815 ιιιυ.ι

1873 1856 2015 1921 quod
2043 1855 2302 1923 scriptum
2342 1868 2423 1908 est
2454 1871 2467 1907 :
2512 1851 2707 1923 Fugiet
2738 1851 2911 1913 dolor,
2941 1865 2987 1905 et
3021 1842 3316 1917 nzaarorfet
3348 1869 3442 1922 ge-

1871 1945 2030 1998 mitus
2056 1943 2191 2012 (lsa.
2249 1960 2413 2009 xxxv,
2449 1945 2537 2014 10)
2597 1959 2612 1998 :
2648 1942 2867 2013 quando
2896 1942 3242 1997 subintrante
3272 1946 3445 2013 pleni-

1878 2036 2062 2092 tudine
2091 2039 2356 2106 gentium,
2386 2038 2567 2092 salvus
2600 2037 2691 2090 lict
2721 2036 2903 2091 omnis
2938 2036 3101 2091 Israel
3128 2052 3143 2103 ;
3176 2045 3267 2090 aut
3296 2048 3446 2093 certa:

1874 2128 2092 2199 quando
2143 2128 2277 2183 ultio
2323 2143 2511 2183 eorum
2578 2129 2808 2194 venerit,
2870 2145 3100 2199 quorum
3154 2129 3256 2183 sub
3287 2131 3445 2183 allati

1875 2222 2109 2276 clamant
2141 2222 2332 2276 animae
2391 2239 2405 2275 :
2459 2219 2733 2293 Usquequo
2771 2239 2873 2276 non
2915 2223 3189 2277 ulcisceris
3232 2226 3450 2293 sangui-

1876 2329 1993 2366 nem
2024 2326 2262 2368 nostrum
2297 2313 2361 2366 de
2386 2314 2465 2367 his
2487 2316 2576 2383 qui
2606 2313 2849 2367 habitant
2880 2315 2933 2367 in
2968 2327 3109 2368 terra
3134 2316 3153 2378 ί
3176 2314 3338 2384 Apoc.
3375 2332 3450 2381 ιι,

1878 2404 1967 2474 to)
1994 2405 2016 2457 ?
2045 2405 2108 2458 Et
2165 2407 2266 2459 hoc
2297 2407 2582 2459 considera
2638 2408 2782 2475 quod
2818 2422 2923 2461 non
2987 2408 3203 2473 dixerit,
3233 2416 3451 2478 quando

1878 2500 2153 2551 sanaverit
2216 2499 2596 2552 contritionrni
2634 2499 2815 2567 pOpuli
2852 2501 2934 2553 sui
2992 2499 3180 2562 lsrael,
3214 2501 3329 2555 sive
3354 2499 3449 2555 Ja-

1879 2591 2023 2657 cub;
2071 2591 2164 2643 sed
2206 2589 2473 2656 absolute,
2527 2590 2713 2661 pOpuli
2757 2589 2861 2653 sui,
2919 2600 2975 2643 ut
3004 2606 3198 2646 omnes
3226 2593 3340 2648 Deo
3372 2593 3449 2647 si-

1880 2682 2098 2752 gniticet
2128 2683 2449 2736 servientes.
2503 2682 2734 2745 Quidam
2766 2684 2944 2737 locum
2996 2686 3158 2737 istum
3185 2694 3239 2739 et
3268 2686 3451 2739 omnia
3517 2734 3529 2747 ,

1883 2787 2004 2842 qua:
2036 2774 2087 2823 in
2131 2772 2232 2824 hoc
2274 2771 2755 2840 GCI‘OIIIlSslonUlll
2787 2773 3025 2841 capitulo
3078 2772 3452 2839 c0ntineutur,

1884 2868 1948 2917 ad
1975 2866 2249 2919 cmiestem
2294 2862 2533 2916 relernut
2592 2861 2912 2931 Jerusalem,
2963 2875 3020 2920 et
3064 2865 3131 2918 ad
3184 2866 3457 2921 reversio-

1888 2971 2011 3010 nem
2082 2957 2258 3026 populi
2318 2956 2453 3020 ejus,
2505 2959 2719 3025 quando
2771 2954 3086 3025 implebitur
3133 2954 3262 3008 illud
3311 2958 3457 3024 quod

1812 3075 1854 3135 ϐ
1888 3048 2148 3115 scriptum
2187 3057 2269 3101 est
2296 3064 2310 3098 :
2338 3044 2539 3101 Catina:
2561 3056 2608 3099 et
2643 3058 2780 3100 terra
2807 3046 3205 3116 pertransibunt
3234 3045 3459 3118 (Matth.

1889 3155 2037 3206 XXIV,
2071 3138 2182 3209 55).
2219 3138 2326 3193 Alii
2363 3140 2430 3192 ad
2468 3140 2598 3193 Elia:
2631 3150 2898 3208 tempora,
2946 3149 3001 3192 et
3042 3140 3219 3207 ipsum
3270 3141 3457 3191 dicunt

1885 3249 2027 3298 esse,
2066 3235 2132 3287 de
2183 3248 2291 3301 quo
2333 3249 2493 3299 supra
2526 3234 2788 3300 scriptum
2820 3243 2944 3285 est:
2979 3230 3150 3284 Erunt
3180 3233 3320 3286 acuti
3377 3233 3459 3283 tui

1889 3328 2120 3381 ridentes
2166 3336 2540 3392 prwceptoreut
2606 3335 2754 3377 tuum
2805 3334 2853 3378 et
2889 3341 3045 3377 aures
3097 3333 3201 3379 tua?
3235 3323 3455 3377 audient

1889 3419 2099 3471 verbum
2131 3426 2244 3482 post
2274 3424 2472 3483 tergum
2508 3417 2762 3468 monentis
2801 3430 2819 3468 :
2874 3422 3003 3467 tunc
3070 3414 3138 3469 de
3186 3416 3461 3469 nontibus

1891 3523 1941 3566 et
1971 3509 2221 3576 collibus,
2258 3511 2406 3578 juxta
2440 3509 2646 3563 fabulis
2677 3518 2976 3577 poetarum,
3017 3518 3071 3562 et
3101 3506 3322 3562 Saturni
3356 3523 3459 3561 an-

1897 3619 2045 3657 reum
2100 3604 2352 3656 saeculum
2399 3603 2555 3656 lactis
2609 3602 2752 3654 rivos
2793 3599 2980 3663 liuere,
3009 3610 3063 3654 et
3097 3599 3165 3655 de
3198 3600 3456 3654 arborum

1896 3696 2038 3751 loliis
2070 3698 2277 3750 ειῑιιιιω
2327 3696 2487 3748 inc-ila
2524 3695 2837 3785 purissima.
2869 3692 3006 3759 Qua:
3036 3694 3129 3763 qui
3163 3694 3456 3763 recipiunt,

1898 3790 2283 3859 inille‘quoque
2331 3803 2599 3841 annorum
2652 3786 2911 3852 fabulam,
2940 3799 2994 3841 et
3029 3798 3306 3841 terrenum
3335 3786 3458 3841 Sal-

1896 3884 2097 3937 vatoris
2132 3860 2417 3951 iinperium
2463 3879 2691 3935 Judaico
2747 3893 2934 3933 errore
2982 3880 3301 3946 suscipient,
3353 3896 3461 3934 non

1898 3976 2260 4045 intelligentes
2291 3974 2670 4045 Apocalypsin:
2704 3971 2929 4027 Joannis
2970 3972 3022 4025 in
3056 3973 3349 4041 superficie
3375 3971 3460 4025 lit-

1898 4077 2050 4131 terae,
2108 4067 2395 4121 medullata
2452 4064 2704 4121 Ecclesia:
2757 4076 3100 4120 sacramenta
3145 4074 3461 4120 contexere.

1701 4342 2037 4355 ...σι-*σαρο-

1336 4485 1691 4574 LIBER
1782 4485 2349 4578 DECIMUS.

288 4832 544 4890 Decimus
602 4832 786 4898 Liber,
832 4850 989 4904 quem
1042 4847 1187 4889 nunc
1244 4832 1509 4889 habemus
1563 4836 1616 4889 in
1680 4849 1796 4889 ma-
1830 4844 1958 4908 put
2026 4836 2263 4899 voluisti,
2312 4834 2460 4905 virgo
2515 4835 2716 4891 Christi
2784 4833 3162 4899 Eustochium,
3226 4845 3279 4891 et
3331 4846 3386 4891 ut
3417 4835 3470 4890 iu

228 4923 420 4991 nibus,
481 4940 628 4981 neno
701 4934 758 4977 et
819 4925 1104 4979 undecimo
1169 4927 1347 4979 minor
1414 4926 1516 4979 erit
1571 4942 1797 4982 numero

229 5032 524 5082 versuum,
579 5034 686 5072 non
747 5033 1003 5073 sensuum
1071 5018 1468 5087 magnitudine.
1538 5018 1799 5089 Sequitur

227 5108 354 5181 [ΑΙ.
421 5109 733 5183 sequetur]
791 5110 933 5163 enim
1000 5124 1123 5163 eunt
1189 5112 1561 5166 Seunaclterib
1634 5123 1797 5182 atque

228 5202 522 5268 Rabsacis,
576 5213 632 5258 et
700 5201 948 5257 Ezechiae
1016 5204 1156 5270 regis
1227 5203 1485 5270 historia,
1522 5218 1643 5271 quae
1699 5220 1798 5258 nec

222 5296 364 5367 iungi
408 5312 539 5351 cum
589 5294 1021 5365 praecedentibus
1094 5297 1313 5362 pmcrit,
1368 5310 1590 5366 propter
1637 5311 1800 5351 enor-

226 5402 354 5442 mem
380 5389 685 5443 voluminis
705 5387 1167 5458 inagnitndinem[
1193 5388 1284 5444 Al.
1329 5387 1720 5457 longitudinem
1743 5387 1785 5460 ],

228 5491 321 5531 nec
350 5478 526 5533 dividi
561 5487 785 5546 propter
820 5489 1100 5547 gestorum
1125 5478 1545 5532 continentiam.
1584 5477 1792 5561 itaque,

286 5628 505 5700 ἐυμεν
551 5631 904 5701 responsione,
938 5641 1044 5686 etc.
1104 5634 1324 5701 Aliquot
1384 5650 1519 5691 mss.
1585 5633 1806 5689 codices

229 5702 405 5774 legunt
439 5716 604 5771 super
649 5705 970 5769 sponsione;
1016 5707 1158 5772 quod
1192 5704 1451 5761 Erasmus
1500 5718 1556 5764 et
1589 5705 1790 5760 Maria-

560 5798 834 5858 PATROL.
883 5797 1110 5858 KXW.

1906 4943 2191 4982 commune
2223 4928 2446 4996 placuit,
2479 4930 2622 4984 sicut
2647 4943 2702 4985 et
2728 4930 3039 4999 superiores
3084 4939 3211 4983 ante
3240 4929 3465 4996 dictavi,

1906 5030 1960 5075 et
2012 5022 2153 5076 hunc
2178 5030 2233 5076 et
2278 5020 2538 5090 reliquos,
2570 5022 2614 5076 si
2663 5021 2913 5077 Christus
2946 5022 3220 5086 annuerit,
3255 5022 3473 5078 dictabo

1904 5113 2073 5168 libros
2117 5124 2225 5167 :ut
2275 5115 2586 5183 praphetias
2629 5116 2731 5169 sibi
2786 5114 3055 5183 copulam,
3114 5129 3215 5169 nec
3267 5129 3360 5170 eas
3390 5116 3472 5169 in-
3556 5157 3562 5164 .

1903 5213 1985 5257 ter
2034 5218 2093 5257 se
2140 5205 2373 5259 lacerein
2423 5218 2583 5276 atque
2644 5208 2988 5274 discet-pain,
3034 5207 3085 5260 in
3130 5207 3354 5262 alterius
3412 5208 3475 5262 (i-

1904 5313 2071 5362 nem,
2129 5307 2183 5354 et
2243 5300 2467 5353 alterius
2517 5299 2869 5370 principium.
2938 5299 3127 5369 (Audio
3185 5311 3469 5371 praetcrea,

1901 5388 2204 5454 scorpium,
2266 5399 2472 5441 mutum
2519 5390 2717 5443 animat
2785 5400 2841 5443 et
2896 5402 3241 5454 venenatum,
3306 5408 3471 5458 super

1902 5483 2253 5549 responsione
2286 5481 2303 5511 ¹
2348 5482 2620 5550 quondam
2653 5482 3100 5538 Commentarioli
3139 5486 3242 5539 inei
3272 5484 3324 5537 iu
3366 5483 3473 5536 Da-

1917 5650 2023 5689 nns
2058 5637 2227 5711 secuti
2278 5648 2437 5711 sunt,
2511 5654 2615 5711 non
2670 5639 3033 5711 intelligeutcs
3095 5641 3297 5693 nullam
3355 5656 3478 5694 esse

1898 5710 2227 5775 sponsionem
2276 5705 2590 5780 Hieronymi
2650 5705 2910 5767 adversus
2963 5727 3121 5779 quam
3160 5713 3478 5767 inusitatet

3048 5802 3122 5861 12
