3898 6184
550 359 657 423 363

1744 354 1804 413 S.
1847 353 2153 413 EIISEBII
2192 350 2630 411 HIERONYMI
3670 349 3758 412 364

547 471 741 527 nieleni
794 472 1153 542 prophetam,
1209 468 1391 524 nescio
1437 467 1567 538 quid
1624 467 1950 531 mussitare,
2009 465 2119 518 imo

2229 463 2391 519 verit.
2425 462 2577 518 Licet
2617 463 2732 518 haec
2761 463 2980 532 quidam
3030 462 3431 534 ὑπερϐολικῶς,
3475 461 3634 534 418
3659 464 3763 536 Cyri

546 561 711 617 ferire
744 565 930 617 conari
964 563 1019 616 in
1056 576 1154 615 suo
1192 575 1326 630 pure
1356 559 1678 613 moriturum
1723 559 1764 610 ί.
1807 557 1976 626 Cujus
2005 569 2112 607 na:-

550 654 653 706 niae
689 661 746 706 et
792 653 1050 723 lugubres
1105 651 1390 706 cantilena:
1427 650 1660 704 necdum
1715 648 1845 702 mihi
1889 645 2116 714 prodita:

547 756 694 810 sunt,
726 753 778 798 et
806 744 1020 812 idcirco.“
1048 744 1207 797 dilata
1262 742 1542 812 responsio
1586 758 1601 796 :
1649 739 1932 808 magisque
1992 737 2117 792 obe-

549 837 802 890 dicndum
854 836 948 889 tibi
1004 844 1108 900 est,
1137 847 1192 890 et
1246 846 1441 889 sancto
1497 844 1657 902 atque
1739 831 2114 887 eruditissimo

556 930 670 980 viro
718 928 871 982 fratri
929 927 1300 990 Pammachio,
1344 927 1434 995 qui
1489 925 1782 981 insatiabili
1817 922 2000 977 studio
2033 938 2117 976 me

548 1031 644 1084 per
675 1015 883 1070 litteras
945 1018 1108 1086 cogit,
1141 1015 1359 1084 expleto
1410 1017 1568 1080 Isaia,
1606 1015 1838 1069 transire
1869 1013 1934 1067 ad
1972 1013 2114 1067 Eze-

551 1104 717 1171 chiel,
777 1121 899 1160 cum
931 1121 1030 1176 ego
1077 1108 1336 1162 etaetatis
1366 1115 1419 1161 et
1469 1108 1712 1177 corporis
1754 1104 2117 1159 imbecillitate

557 1197 858 1263 confectus,
915 1200 1352 1269 notariorumque
1403 1199 1644 1268 penuria,
1696 1198 1786 1267 qui
1842 1212 1925 1250 me
1987 1211 2116 1264 pos-

549 1297 670 1343 sent
721 1289 834 1343 suis
894 1290 1214 1346 ministeriis
1265 1292 1540 1361 adjuvare,
1575 1293 1625 1344 in
1678 1294 1865 1345 eodem
1930 1291 2112 1343 adhuc

550 1382 661 1436 luto
691 1381 958 1448 Itmsitem,
999 1393 1053 1438 et
1087 1384 1173 1438 vix
1213 1394 1418 1453 partem
1453 1385 1609 1438 Isaiae
1645 1385 1882 1437 mediam
1926 1385 1977 1436 in
2016 1385 2118 1437 hoc

551 1475 824 1529 volumine
860 1469 1138 1530 finiturum
1169 1490 1296 1532 esse
1340 1492 1427 1531 me
1467 1479 1708 1531 credam.
1740 1475 1904 1542 Quod
1958 1478 2028 1540 si,
2072 1487 2122 1531 te

548 1576 743 1620 orante
791 1568 832 1632 ³,
883 1569 1250 1636 complevere,
1305 1567 1618 1636 arripienda
1675 1577 1835 1622 erunt
1888 1579 1942 1623 et
1992 1570 2121 1622 reli-

551 1672 676 1722 qua,
736 1673 854 1726 quae
907 1674 935 1711 a
988 1659 1401 1728 quartodecimo
1449 1658 1695 1713 Ezechias
1773 1659 1912 1729 regis
1975 1673 2120 1713 anno

555 1749 830 1804 habebunt
865 1749 1045 1803 initia.

840 1929 1016 1997 (Vers.
1075 1930 1141 1983 9.7
1173 1930 1352 1998 seqq.)
1394 1951 1410 1981 ι
1464 1931 1601 1985 Ecce
1646 1946 1838 1985 nomen
1905 1930 2116 1985 Domini

551 2023 702 2076 venit
760 2023 824 2076 de
884 2022 1038 2092 longe
1087 2039 1106 2078 :
1145 2024 1345 2077 ardens
1391 2023 1539 2076 furor
1567 2024 1685 2092 ejns
1717 2035 1772 2076 et
1825 2024 2007 2091 gravis
2056 2025 2118 2077 ad

555 2115 899 2182 portandum.
950 2113 1118 2168 Labia
1170 2115 1288 2183 ejus
1320 2115 1529 2184 repleta
1559 2125 1686 2168 sunt
1721 2115 2117 2185 indignatione,

553 2215 606 2255 et
638 2204 815 2268 lingua
850 2201 966 2269 ejus
1001 2203 1154 2271 quasi
1190 2204 1328 2274 ignis
1384 2206 1674 2260 devorans.
1709 2203 1948 2273 Spiritus
2001 2205 2120 2272 ejus

554 2296 701 2346 velut
733 2303 945 2348 torrens
982 2293 1253 2348 inundans
1286 2309 1456 2364 usque
1490 2297 1555 2349 ad
1589 2297 1822 2350 medium
1869 2297 2015 2362 colli,
2055 2297 2118 2350 ad

556 2384 856 2454 perdendus
912 2397 1101 2455 gentes
1148 2402 1254 2453 pro
1313 2389 1491 2452 nihili,
1523 2399 1577 2443 et
1612 2388 1825 2444 frenum
1862 2391 2113 2444 erroris'

552 2480 693 2547 quod
723 2490 839 2533 erat
900 2482 950 2532 in
1007 2482 1240 2536 maxillis
1299 2482 1640 2551 populorum.
1701 2482 1983 2536 Canticum
2019 2484 2122 2535 erit

554 2573 727 2640 vobis,
761 2574 903 2626 sicut
954 2589 1058 2627 nox
1112 2573 1459 2628 sanctificata:
1512 2575 1891 2637 solemnitatis,
1923 2585 1976 2628 et
2030 2575 2121 2628 la:-

555 2665 670 2718 titia
731 2666 934 2730 cordis,
989 2665 1133 2718 sicut
1157 2666 1247 2735 qui
1281 2666 1454 2734 pergit
1497 2681 1618 2719 cum
1655 2667 1807 2730 tibia,
1843 2677 1902 2719 ut
1949 2667 2113 2720 intret

557 2759 608 2811 in
673 2766 909 2810 montem
978 2755 1186 2809 Domini
1236 2759 1302 2810 ad
1354 2756 1553 2810 fortem
1607 2757 1794 2811 Israel.
1849 2774 1867 2807 ι
1909 2756 2048 2810 LXX
2105 2776 2117 2811 :

560 2866 579 2900 ι
625 2833 766 2902 Ecce
795 2863 992 2902 nomen
1033 2848 1238 2901 Domini
1269 2855 1415 2902 venit
1448 2859 1569 2916 post
1597 2858 1811 2917 tempus
1847 2851 2074 2905 multum
2108 2869 2120 2905 :

562 2939 760 2994 ardens
797 2939 947 2993 furor
971 2955 1089 2992 cum
1124 2939 1313 3008 gloria,
1359 2941 1630 3008 eloquium
1664 2941 1931 2994 labiornm
1984 2942 2119 3010 ejus,

559 3031 830 3098 eloquium
865 3033 957 3085 iraa
989 3031 1230 3101 plenum,
1259 3041 1310 3086 et
1346 3033 1425 3084 ira
1458 3030 1657 3087 furoris
1689 3033 1830 3087 sicut
1865 3035 2003 3102 ignis
2029 3037 2125 3089 de-

2219 555 2574 622 temporibus,
2629 555 2723 624 qui
2780 555 3148 624 captivitatem
3179 553 3358 624 populi
3411 553 3674 618 relaxavit,
3715 559 3760 609 in

2221 657 2364 701 terra
2391 645 2575 700 Iudaea
2607 646 2818 716 expleta
2839 645 3189 700 contendant.
3211 645 3346 711 Quia
3379 645 3538 713 igitur
3565 644 3701 698 b0nis
3715 658 3760 700 et

2218 739 2599 794 obedientibus
2631 738 2866 809 praemia
2887 741 3218 808 repromissa
3248 731 3399 803 sunt,
3425 749 3569 790 nunc
3592 751 3620 790 e
3654 754 3756 791 con-

2220 827 2387 882 trario
2416 827 2572 881 malis
2603 836 2656 880 et
2703 825 3170 894 contemptoribus
3209 825 3472 894 supplicia
3530 825 3754 878 nuntian-

2222 928 2327 980 tur,
2361 917 2505 986 quod
2542 917 2802 971 Dominus
2841 917 3063 986 impleat
3092 918 3483 984 cogitationem
3522 931 3691 978 suam,
3717 927 3755 969 el

2219 1008 2284 1061 ad
2319 1006 2619 1076 puniendos
2654 1006 2812 1074 longo
2846 1016 2970 1076 post
3013 1015 3254 1074 tempore
3307 1006 3493 1061 veniat
3546 1015 3760 1074 peccato-

2220 1113 2328 1164 res,
2361 1107 2416 1152 et
2463 1099 2514 1150 in
2569 1110 2796 1152 cunctos
2830 1099 3157 1152 sententiam
3205 1096 3468 1166 proferat,
3500 1098 3758 1165 spirituque

2221 1192 2334 1245 oris
2362 1192 2444 1246 sui
2477 1190 2768 1245 interficiat
2804 1191 3051 1257 impium,
3081 1205 3239 1259 quem
3287 1190 3502 1244 frenum
3559 1188 3757 1258 appellnt

2223 1285 2390 1338 fuisse
2431 1284 2751 1352 populorum
2791 1302 2804 1337 :
2852 1298 2958 1337 non
3010 1299 3118 1353 quo
3148 1283 3398 1340 subditos
3423 1282 3526 1336 sibi
3558 1282 3756 1334 traheret

2224 1378 2287 1429 ad
2323 1377 2556 1430 ruinam.
2615 1376 2772 1430 Ponit
2805 1392 3019 1446 quoque
3068 1377 3483 1432 similitudinem
3535 1377 3755 1430 torrentis

2225 1481 2393 1534 usque
2437 1468 2501 1520 ad
2559 1465 2753 1520 collum
2803 1466 3142 1528 inundantis,
3205 1475 3261 1520 ut
3321 1463 3487 1519 ﬁnem
3548 1465 3752 1518 omnium

2225 1558 2437 1611 venisse
2492 1564 2742 1612 testetur.
2781 1556 2932 1611 Sicut
2959 1557 3101 1610 enim
3153 1567 3364 1610 torrens
3393 1554 3757 1622 suﬂ'ocateuni,

2225 1649 2289 1700 ad
2323 1649 2478 1714 cujus
2527 1648 2726 1702 collum
2783 1662 2957 1715 usque
3013 1650 3320 1717 pervenerit
3369 1648 3502 1701 :sic
3527 1646 3750 1715 judicium

2231 1739 2320 1793 Dei
2353 1742 2622 1794 neminem
2673 1740 2994 1809 impunitunt
3042 1741 3192 1793 abire
3221 1739 3483 1808 patietur.
3512 1731 3638 1793 Cum
3681 1753 3755 1790 au-

2156 1808 2196 1862 θ
2228 1842 2334 1885 tem
2383 1829 2614 1899 frenum,
2671 1831 2813 1901 quod
2871 1832 2922 1885 in
2970 1831 3204 1886 maxillis
3231 1838 3351 1885 erat
3399 1832 3633 1885 omnium
3653 1843 3754 1897 gen-

2225 1923 2378 1984 tium,
2406 1937 2526 1975 cum
2555 1921 2792 1976 subditis
2820 1922 2867 1976 ei
2897 1922 3151 1992 gentibus
3192 1920 3509 1990 perdiderit,
3532 1932 3588 1974 et
3616 1922 3671 1973 ad
3693 1919 3755 1972 ni-

2223 2011 2318 2066 hili
2375 2013 2660 2067 deduxerit
2721 2030 2736 2066 :
2799 2022 2928 2067 tunc
2975 2014 3146 2079 vobis,
3198 2014 3392 2082 inquit,
3447 2009 3750 2079 sanctis,qii

2223 2105 2358 2158 meis
2393 2105 2731 2172 jussionibus
2759 2105 3016 2170 obeditis,
3044 2107 3148 2158 erit
3173 2109 3465 2167 canticum,
3500 2108 3635 2158 sicut
3669 2119 3748 2155 ιιυι

2224 2195 2247 2225 ⁴
2274 2195 2628 2249 sanctificata:
2655 2197 3042 2260 solemnitatis,
3077 2199 3292 2265 quando
3323 2198 3529 2265 egressi
3565 2196 3682 2248 estis
3704 2195 3753 2246 de

2224 2285 2479 2358 Lgypto,
2523 2298 2576 2342 et
2611 2289 2661 2343 in
2695 2289 3050 2353 solemnitate
3077 2289 3295 2344 Pascha:
3319 2287 3511 2356 jugum
3564 2287 3756 2342 servitu-

2226 2379 2292 2433 tis
2353 2380 2620 2451 A‘Igyptiaa
2667 2380 2996 2450 projecistis,
3052 2380 3284 2435 dicentis
3322 2385 3374 2433 in
3432 2381 3566 2435 mari
3605 2378 3750 2432 Rubro

2226 2470 2505 2524 Pharaone
2545 2473 2830 2526 submerso
2872 2487 2886 2524 :
2925 2470 3213 2526 Cantemus
3265 2471 3514 2533 Domino,
3563 2471 3750 2541 glorias:

2224 2569 2360 2619 enim
2414 2565 2781 2635 magniﬁcatus
2829 2575 2908 2620 est
2969 2566 2986 2624 (
3021 2565 3190 2619 Exod.
3254 2582 3344 2628 xv,
3384 2568 3447 2634 I)
3487 2583 3502 2618 :
3536 2575 3590 2620 et
3609 2564 3751 2620 cordis

2227 2665 2371 2711 tanta
2419 2657 2625 2723 laetitia,
2664 2669 2725 2712 ut
2769 2658 3052 2714 imitemini
3110 2673 3205 2714 eos
3266 2659 3357 2728 qui
3404 2660 3474 2714 ad
3532 2659 3749 2727 templum

2233 2750 2508 2818 primitiva
2570 2759 2871 2818 portantes,
2911 2761 2963 2804 et
2999 2752 3052 2804 in
3097 2749 3192 2805 Dei
3227 2751 3516 2806 toreularia
3545 2750 3755 2803 deferen-

2227 2851 2307 2896 tes
2348 2856 2589 2907 munera,
2627 2850 2852 2911 pergunt
2882 2858 3003 2898 cum
3035 2843 3201 2909 tibiis,
3235 2842 3417 2896 cordis
3444 2844 3631 2912 gaudia
3657 2854 3753 2894 ear-

2226 2935 2370 2988 mine
2391 2934 2848 2990 detnonstrantes.
2906 2933 3028 2989 llaec
3073 2935 3227 3004 juxta
3280 2934 3603 2989 IIebraicutn
3638 2933 3755 2987 brevi

2226 3042 2475 3082 sermone
2516 3029 2832 3098 perstrinxi.
2865 3028 2918 3082 In
2966 3037 3196 3098 utraque
3222 3040 3403 3084 autem
3435 3031 3756 3084 editionean-

560 3125 790 3187 vorabit,
827 3136 879 3177 et
909 3125 1132 3193 spiritus
1153 3123 1269 3194 ejus
1291 3125 1425 3180 sicut
1458 3141 1592 3195 aqua
1623 3129 1674 3180 in
1711 3128 1869 3191 valle,
1902 3130 2123 3184 trahens
2153 3145 2198 3207 α
2232 3122 2528 3174 notandum
2563 3133 2664 3186 est,
2700 3125 2839 3190 quod
2882 3137 2988 3178 non
3027 3123 3308 3187 Dominus,
3342 3124 3440 3178 sed
3467 3123 3756 3178 nomenut-

561 3218 741 3271 veniet
795 3231 967 3284 usque
998 3218 1063 3269 ad
1089 3218 1306 3279 collunt,
1336 3227 1391 3270 et
1439 3217 1706 3270 dividetur
1750 3227 1806 3271 ut
1838 3219 2127 3272 conturbet

561 3318 745 3378 gentes
789 3323 950 3377 super
1001 3322 1184 3361 errore
1214 3322 1372 3370 vano,
1427 3315 1481 3360 et
1530 3307 1821 3375 abjicietur
1867 3324 2038 3373 error,
2072 3319 2127 3362 et

561 3414 802 3454 assumet
834 3417 927 3454 cos
957 3401 1009 3452 in
1045 3407 1335 3468 conspectu
1366 3414 1578 3453 eorum.
1611 3398 1881 3470 Numquid
1909 3415 2124 3471 semper

563 3504 774 3564 oportet
807 3509 902 3548 vos
934 3493 1103 3546 lzetari
1135 3502 1187 3548 et
1214 3492 1418 3562 ingredi
1455 3495 1506 3547 in
1537 3504 1722 3548 sancta
1763 3509 1879 3547 mea
1905 3493 2124 3563 jugiter,

563 3584 719 3653 quasi
770 3584 903 3637 festa
928 3580 1259 3637 celebrantes
1302 3592 1462 3651 atque
1495 3585 1813 3652 gaudentes,
1843 3593 1904 3636 ut
1939 3583 2122 3652 ingre-

562 3677 784 3732 diamini
833 3693 951 3729 cum
989 3675 1118 3728 tibia
1174 3677 1236 3728 ad
1292 3685 1530 3728 montem
1562 3675 1774 3729 Domini
1835 3677 1900 3731 ad
1960 3675 2123 3729 Deum

559 3770 726 3824 Israel
747 3770 799 3822 ?s
830 3768 1080 3823 Dicamus
1099 3769 1326 3837 primum
1342 3767 1492 3833 juxta
1516 3764 1861 3830 Hebraicum.
1882 3766 2128 3823 Pendent

557 3880 621 3916 ex
647 3863 1042 3930 superioribus,
1074 3875 1197 3930 quae
1220 3860 1502 3915 dicuntur.
1528 3859 1881 3929 Corripuerat
1934 3877 2123 3917 sermo

558 3955 912 4028 propheticus
961 3967 1058 4007 eos
1103 3953 1191 4020 qui
1233 3963 1542 4022 contempto
1601 3953 1801 4008 auxilio
1853 3953 1966 4016 Dei,
2003 3969 2126 4024 pro-

559 4061 674 4119 pter
693 4047 1101 4118 Babyloniorum
1123 4055 1324 4098 metum
1342 4048 1407 4098 ad
1420 4043 1706 4116 Egyptios
1723 4046 2124 4115 confugiebant,

557 4140 1083 4195 etcstcmnminatus
1106 4138 1573 4205 descendentibus,
1599 4140 1669 4194 ibi
1689 4154 1783 4194 eos
1810 4154 1930 4193 esse
1960 4141 2128 4193 mori-

561 4242 731 4285 turos.
766 4231 1110 4299 linteumque
1140 4239 1260 4299 post
1283 4244 1497 4299 poenas,
1525 4244 1617 4285 eos
1647 4231 1737 4295 qui
1759 4231 1910 4286 illum
1937 4233 2127 4288 audire

557 4323 852 4376 voluissent
891 4321 1018 4392 [AL
1043 4321 1347 4375 noluissent
1376 4319 1417 4392 j,
1454 4336 1560 4375 non
1613 4322 1793 4377 solum
1815 4325 1914 4377 sub
1951 4320 2124 4376 Zoro-

560 4413 737 4482 baltel,
762 4413 924 4481 Eua,
949 4423 1004 4466 et
1040 4411 1260 4466 Neemia
1294 4413 1346 4466 in
1372 4413 1671 4469 Jerusalem
1700 4412 1980 4468 habituros
2003 4428 2127 4468 esse

2231 3213 2360 3265 mini
2423 3215 2546 3281 post
2603 3214 2835 3266 multum
2889 3224 3100 3284 tempus
3156 3216 3430 3280 adveniat,
3471 3215 3536 3269 de
3572 3230 3671 3284 quo
3711 3215 3752 3266 in

2229 3304 2460 3359 Psalmis
2501 3305 2701 3360 dicitur
2753 3324 2766 3360 :
2815 3304 3125 3360 Benedictus
3178 3310 3269 3376 qui
3313 3309 3449 3360 venit
3501 3310 3554 3361 in
3586 3303 3755 3361 nomine

2235 3397 2462 3461 Domini,
2500 3397 2634 3452 Deus
2661 3398 3198 3463 Dominus,etiltuxit
3232 3402 3377 3455 nobis
3422 3402 3589 3472 (Psal.
3617 3417 3752 3459 cmi.

2226 3489 2319 3553 9.6,
2360 3491 2471 3560 27).
2509 3491 2572 3543 Et
2603 3492 2715 3559 ipse
2735 3492 2980 3560 loquitur
3003 3494 3056 3547 in
3090 3491 3384 3564 Evangelia
3417 3494 3561 3567 :E‘go
3593 3496 3689 3550 seni
3712 3495 3756 3547 in

2228 3583 2435 3635 nomine
2487 3581 2652 3652 419
2711 3583 2892 3638 Patris
2949 3585 3072 3652 mei,
3128 3596 3176 3639 et
3217 3603 3320 3639 non
3367 3589 3656 3656 suscepistis
3693 3601 3754 3638 tne

2229 3673 2414 3744 (Joan.
2447 3693 2499 3730 v.
2537 3677 2651 3745 45).
2682 3677 3023 3747 Pulclireque
3049 3690 3173 3746 post
3196 3680 3426 3732 multum
3462 3689 3654 3749 tempus
3685 3687 3756 3730 ve-

2229 3768 2344 3821 nire
2371 3767 2592 3832 dicitur,
2624 3768 2879 3836 loquente
2907 3769 3141 3823 humana
3161 3769 3502 3839 impatientia
3543 3790 3557 3827 :
3587 3770 3753 3835 Ume-

2226 3874 2350 3930 quo,
2411 3858 2653 3924 Domine,
2718 3860 3034 3915 obliviscaris
3092 3877 3173 3915 me
3222 3862 3276 3915 in
3324 3863 3752 3934 ﬁnequuanditt

2229 3951 2421 4004 avertis
2451 3952 2638 4020 faciem
2669 3960 2815 4004 tuam
2841 3969 2872 4004 a
2891 3969 2970 4006 me
3001 3951 3282 4024 (Psal.m,
3316 3956 3410 4025 1)?
3437 3957 3632 4010 Ardens
3651 3961 3755 4022 quo-

2228 4058 2333 4112 que
2358 4043 2509 4098 [uror
2534 4043 2652 4112 ejus
2688 4045 2838 4098 venit
2866 4060 2988 4098 cum
3018 4046 3210 4115 gloria,
3243 4053 3301 4100 ut
3343 4062 3505 4118 quem
3537 4046 3587 4102 in
3612 4045 3756 4100 Ιιιιιιιι·

2229 4135 2380 4189 litate
2419 4137 2868 4205 contempsimus,
2895 4138 2947 4190 in
2995 4138 3280 4206 majestate
3311 4140 3614 4194 timeamus.
3663 4137 3753 4190 Hinc

2230 4229 2404 4300 ipsum
2431 4241 2485 4285 et
2515 4231 2567 4284 in
2607 4229 2839 4284 Psalmis
2865 4231 3127 4300 scriptum
3164 4241 3249 4286 est
3280 4250 3295 4286 :
3335 4231 3474 4287 Deus
3517 4232 3754 4299 manifeste

2232 4319 2352 4394 [ΑΙ.
2385 4320 2693 4390 manifestus
2724 4323 2744 4394 j
2773 4325 2961 4390 veniet,
2997 4321 3130 4377 Deus
3181 4333 3358 4379 noster
3405 4337 3456 4379 et
3508 4342 3602 4380 non
3651 4316 3752 4376 sile-

2233 4418 2325 4471 bit.
2363 4413 2507 4484 Ignis
2561 4416 2614 4468 in
2656 4425 2930 4483 conspectu
2961 4432 3072 4484 ejus
3103 4419 3342 4485 ardebit,
3369 4428 3420 4472 et
3473 4419 3526 4471 in
3571 4417 3758 4471 circuit:

562 4480 851 4578 promittit,
878 4480 972 4562 sed
1005 4507 1261 4575 majorem
1297 4505 1508 4561 eunetis
1561 4507 1909 4562 credentibus
1958 4480 2344 4575 verbonejus
2383 4480 2657 4574 tempestas
2712 4480 2885 4560 valida
2943 4480 3120 4579 (βίαι.
3176 4480 3438 4581 χιιιξὸ).
3487 4510 3596 4580 Ipse
3639 4509 3754 4564 enim

563 4600 678 4662 Dei,
704 4603 758 4653 tn
783 4598 1246 4653 consummatione
1273 4599 1456 4652 mundi
1485 4597 1879 4654 beatitudinem
1899 4598 2122 4668 pollice-

562 4707 670 4760 tur,
692 4695 908 4762 quando
927 4706 1022 4760 per
1043 4705 1233 4745 omnes
1247 4701 1457 4746 montes
1475 4699 1528 4746 et
1543 4691 1711 4747 colles
1726 4701 1943 4747 current
1966 4707 2126 4762 aqua-

561 4801 684 4841 rum
713 4785 956 4851 flumina,
986 4792 1043 4837 et
1073 4782 1374 4838 interfectis
1423 4783 1626 4848 multis,
1679 4784 1868 4838 cadent
1924 4792 2121 4838 turres.

559 4880 707 4934 Luna
735 4871 950 4948 quoque
986 4885 1036 4929 et
1062 4874 1142 4930 sol
1171 4873 1368 4929 clarius
1390 4873 1572 4928 lumen
1598 4874 1884 4944 accipient,
1910 4874 2125 4944 quando

559 4973 755 5028 vulnus
785 4968 968 5040 populi
1022 4965 1392 5023 soi'Dominus
1427 4967 1729 5037 alligaverit
1758 4977 1916 5035 atque
1964 4965 2122 5022 Sana-

559 5128 786 5182 Ruiinus
817 5125 1034 5191 scorpio
1067 5137 1208 5191 saepe
1241 5133 1620 5191 comparatus;
1672 5124 1766 5179 sed
1801 5126 2118 5194 responsio-

563 5214 684 5252 nem
741 5195 1076 5265 Prtclationis
1135 5194 1521 5259 Continentarii
1574 5195 1626 5248 in
1671 5195 1970 5260 Danielem,
2017 5212 2121 5265 qua

561 5282 682 5323 sese
714 5269 889 5336 tuetur
927 5263 1518 5336 Hieronymusddicens
1547 5281 1563 5320 :
1614 5283 1637 5336 t
1670 5265 1733 5318 Et
1760 5265 1924 5320 miror
1951 5263 2120 5336 ques-
2184 5268 2188 5272 ’

561 5341 686 5392 dam
745 5332 1145 5407 μεμψιμοξρους
1211 5334 1471 5401 indignari
1549 5334 1724 5407 mihi,
1786 5332 1984 5407 quasii'
2025 5351 2124 5407 ego

561 5407 955 5462 tlecttrtaverim
978 5405 1215 5474 librum,
1248 5417 1412 5472 quum
1469 5413 1523 5457 et
1554 5404 1834 5474 Origenes,
1867 5417 1921 5460 et
1948 5404 2120 5460 Euse-

558 5481 717 5542 bitts,
763 5486 818 5528 et
856 5472 1220 5538 Apollinaris,
1275 5477 1476 5542 aliique
1518 5472 1877 5542 ecclesiastici
1932 5479 2029 5530 viri
2069 5485 2122 5530 et

561 5553 811 5602 doctores
844 5544 1086 5606 Graecae,
1110 5543 1226 5607 has,
1262 5554 1319 5596 ιιι
1345 5544 1476 5608 dixi,
1522 5547 1758 5599 visiones
1799 5562 1901 5598 non
1928 5547 2115 5600 haberi

564 5621 705 5686 apud
734 5614 986 5668 Hebrazos
1018 5612 1306 5686 fateantur,
1333 5629 1439 5686 nee
1467 5628 1526 5666 se
1559 5615 1756 5668 debere
1785 5619 2118 5682 respondere

561 5683 860 5755 Porphyrio
901 5696 996 5753 pro
1048 5683 1132 5755 his
1162 5697 1281 5751 quas
1333 5683 1532 5755 nullam
1585 5685 1877 5753 Scriptura
1921 5699 2122 5739 sanctae

563 5751 939 5816 auctoritatem
986 5754 1280 5822 pra-beant.
1315 5772 1333 5804 ι
1375 5751 1496 5808 lituo
1519 5766 1634 5808 erat
1657 5751 1956 5824 responsio,
2009 5772 2118 5810 non

2233 4602 2475 4671 loquitur
2541 4603 2594 4658 in
2658 4603 2950 4676 Evangelio
3011 4604 3178 4675 (Luc.
3241 4622 3356 4670 xu,
3392 4605 3562 4677 49):
3609 4604 3753 4673 Ignem

2231 4695 2348 4748 veni
2399 4695 2605 4748 mittere
2640 4710 2796 4764 super
2851 4704 3069 4762 terram,
3123 4707 3171 4751 et
3230 4714 3389 4767 quam
3440 4701 3552 4754 volo
3595 4708 3641 4751 ut
3679 4712 3753 4746 ar-

2232 4787 2350 4840 deat
2380 4786 2400 4837 !
2442 4786 2648 4841 Rursus
2683 4787 2733 4840 in
2793 4787 2898 4841 alio
2937 4787 3154 4844 Psalmo
3207 4789 3401 4861 legitur
3449 4807 3464 4844 :
3530 4789 3630 4845 Vos
3665 4786 3752 4840 Do-

2232 4875 2365 4931 mini
2413 4878 2773 4932 intercidentis
2825 4879 3098 4947 ﬂammam
3157 4871 3291 4950 ignis
3351 4883 3529 4951 (Psal.
3583 4894 3757 4938 uvnt.

2232 4971 2310 5034 7i,
2345 4983 2405 5024 ut
2439 4972 2701 5040 quidquid
2755 4971 2807 5026 in
2855 4974 3055 5027 mundo
3095 4983 3178 5028 est
3226 4972 3380 5042 feni,
3417 4975 3683 5045 lignorum,
3711 4980 3754 5023 et

2233 5131 2454 5204 sponsio
2477 5145 2640 5204 quam
2688 5131 2916 5204 Rufinus
2968 5149 3193 5204 carpere
3232 5145 3287 5190 et
3343 5136 3412 5189 ad
3463 5129 3754 5189 calumniam

2235 5203 2452 5257 trahere
2487 5203 2784 5255 nitebatur.
2826 5201 3098 5258 Murrus.

2307 5271 2325 5301 ¹
2352 5268 2550 5340 vatim,
2582 5274 2635 5324 in
2671 5288 2764 5325 suo
2793 5289 2942 5340 opere
2965 5275 3304 5329 moriturum.

2359 5325 2686 5415 [ιίθιιιίςιιοά
2718 5344 2784 5406 si,
2806 5325 2866 5415 in
2897 5325 3037 5409 reor,
3059 5325 3408 5415 eammeam.

2219 5449 2223 5452 .
2303 5411 2325 5441 ³
2359 5409 2660 5486 ρυο-ιιιὲεη
2710 5421 2760 5465 et
2791 5412 2998 5486 frenum
3024 5409 3202 5468 errare
3236 5409 3458 5483 faciens,
3486 5413 3616 5486 quod
3641 5417 3749 5468 erat.

2231 5490 2338 5536 etc.
2365 5479 2534 5534 Paulo
2564 5494 2685 5551 post
2728 5497 2824 5550 pro
2863 5484 2996 5535 sicut
3037 5499 3142 5537 nos;
3171 5479 3290 5539 erat
3311 5479 3751 5540 antea-sintita:

2233 5573 2348 5640 ipso
2377 5573 2684 5656 refragante
2711 5575 2938 5631 Hebrazo
2976 5587 3118 5633 textu
3162 5585 3284 5637 777:
3325 5588 3380 5634 et
3421 5573 3747 5647 Hieronymia-

2233 5659 2298 5696 na
2334 5659 2603 5699 versione.

2301 5713 2525 5794 fAtque
2570 5715 2657 5770 hic
2696 5714 2887 5770 iisdem
2926 5715 2990 5770 de
3046 5717 3225 5794 causis
3275 5725 3621 5787 contentique
3651 5713 3748 5782 il’$0

2231 5789 2482 5849 exigente
2514 5799 2642 5853 ηοπ,
2676 5799 2774 5853 pro
2809 5802 2910 5842 vox
2934 5789 3298 5845 restituimus.
