3952 6180
227 408 314 470 365

697 414 1201 478 COMMENTAR.
1247 415 1326 474 iN
1369 418 1626 476 lSAlAM
1694 416 1766 474 ΙΨ

1870 416 2145 476 ιιιΕτΑλι
2204 416 2350 477 Ltn.
2394 418 2466 490 Χ,
2510 416 2670 476 CAP.
2706 406 2916 478 xxxi.

3335 415 3437 478 306

224 523 433 591 stipulae,
465 524 684 591 rapiens
715 525 929 578 ﬂatttma
964 527 978 556 ¹
1013 539 1320 582 consumat.
1354 527 1504 582 Unde
1542 540 1594 584 et
1631 527 1769 581 Deus
1798 535 1839 588 Α
1874 528 1997 581 dant
2059 529 2278 594 studiis,
2310 530 2414 605 qui
2451 531 2549 583 nisi
2583 536 2636 581 et
2679 528 2817 582 LXX
2856 515 3212 598 interpretum
3247 519 3442 583 editio-

225 614 346 684 ignis
372 615 568 668 dicitur
617 631 738 671 esse
779 633 1105 672 consumens
1138 618 1318 686 (Deut.
1359 619 1457 690 tv).
1503 620 1769 688 Quodque

222 707 435 760 infertur
465 725 479 760 :
511 705 607 761 Ira
634 709 833 778 furoris
855 712 969 779 ejus
989 713 1142 782 quasi
1167 712 1304 782 ignis
1338 713 1624 776 devorabit,
1654 713 1770 782 ple~

223 799 358 868 rique
385 810 691 855 nostrorum
726 804 860 856 iram
893 803 1092 858 furoris
1127 805 1334 859 Dotnini
1363 805 1641 860 diabolum
1688 804 1768 858 in-

220 899 592 958 terpretantur,
615 894 699 946 cui
727 895 985 947 tradimur
1011 897 1076 948 ad
1104 895 1464 966 puniendum,
1491 896 1584 966 qui
1615 897 1769 962 juxta

221 986 393 1040 librum
440 985 709 1042 Samuelis
759 992 1051 1044 commovit
1088 990 1285 1057 David,
1346 1000 1403 1044 ιιι
1456 999 1770 1046 numeraret

214 1079 454 1148 populum
482 1079 575 1132 Dei
603 1079 688 1150 (Il
709 1078 838 1150 Reg.
868 1083 1040 1151 ntv).
1074 1082 1136 1135 Et
1166 1083 1461 1152 Apostolus
1485 1084 1723 1152 loquitur
1751 1101 1766 1148 ;

220 1171 430 1226 Tradere
453 1174 811 1241 hujuscemodi
840 1172 1056 1230 Saturne
1092 1177 1144 1228 iu
1175 1177 1444 1230 interitum
1477 1177 1682 1240 carnis,
1712 1186 1766 1229 ut

214 1263 413 1326 spiritus
460 1264 632 1316 salvus
683 1261 777 1331 ﬁat
805 1265 820 1332 (
851 1264 879 1317 1
923 1265 1046 1319 Cor.
1082 1283 1132 1329 v,
1170 1267 1259 1335 5).
1295 1267 1392 1322 Hic
1425 1277 1600 1322 autem
1652 1270 1766 1336 ipse

215 1353 370 1418 furor,
402 1365 460 1408 et
486 1355 562 1407 ira
599 1355 795 1408 furoris
825 1357 1038 1409 Domini
1081 1359 1212 1410 nihil
1264 1374 1362 1412 suo
1417 1359 1579 1412 faciet
1621 1360 1765 1413 arbi-

214 1444 322 1504 trio,
353 1447 446 1498 sed
494 1445 636 1513 quod
663 1447 760 1498 sibi
787 1445 952 1500 fuerit
1000 1449 1340 1516 imperatum.
1397 1448 1552 1504 Unde
1585 1453 1763 1519 sequi-

214 1545 288 1587 tur
317 1551 331 1586 :
360 1534 636 1605 Eloquium
655 1537 918 1590 labiorum
940 1541 1076 1608 ejus,
1107 1541 1370 1604 eloquium
1401 1542 1497 1594 ἐγω
1519 1542 1761 1611 plenum.

214 1623 433 1693 Spiritus
471 1643 690 1696 (tuoque
736 1629 854 1697 ejus
897 1633 1054 1699 quasi
1093 1647 1231 1701 aqua
1267 1632 1317 1684 in
1345 1633 1508 1696 valle,
1545 1635 1764 1686 trahens

214 1718 372 1772 veniet
401 1734 574 1788 usque
603 1721 665 1773 ad
704 1721 931 1786 collum,
975 1733 1032 1774 ut
1066 1723 1331 1792 supplicia
1364 1738 1528 1792 super
1575 1738 1764 1791 pecca-

213 1817 343 1864 tores
385 1801 558 1865 l'aciat
594 1811 921 1868 redundare.
955 1813 1057 1880 Qui
1088 1816 1360 1869 dividetur
1379 1831 1482 1884 pro
1497 1815 1760 1886 qualitate

1874 635 1992 672 nem
2025 617 2369 683 diSScruero,
2426 620 2804 686 imperfectum
2839 636 2976 688 opus
3003 635 3088 674 me
3118 617 3436 674 habiturum

1871 724 1990 760 esse
2042 710 2395 762 denuntiant?
2438 709 2647 777 Sequar
2703 712 2868 782 igitur
2919 719 3135 778 Captum
3191 714 3439 765 ordinem

1872 799 2193 856 disserendi.
2233 798 2346 854 Vox
2375 800 2585 856 Domini
2619 811 2780 871 atque
2835 813 3161 873 praeceptum
3188 803 3442 872 omnibus

1873 897 1996 942 nota
2031 889 2177 954 fient,
2227 900 2280 945 et
2310 892 2572 946 fortitudo
2625 893 2833 947 brachii
2862 895 3006 949 illius
3038 894 3248 948 eunetis
3287 902 3442 962 pate-

1871 979 1967 1045 bit,
1996 981 2213 1049 quando
2243 983 2616 1038 retributionis
2639 999 2849 1054 tempus
2876 988 3178 1050 advenerit,
3206 984 3439 1040 ﬂammae

1869 1082 1922 1127 et
1952 1075 2200 1138 turbinis,
2233 1076 2620 1146 grandinisque
2682 1078 3071 1145 magnitudine,
3105 1089 3157 1130 et
3188 1077 3432 1146 pandere

1868 1164 2108 1233 lapidum
2141 1167 2446 1223 deseretur.
2481 1169 2656 1238 Super
2703 1184 2809 1237 quo
2835 1169 3083 1223 Ezechiel
3115 1171 3166 1223 in
3195 1169 3436 1239 prophe-

1871 1260 1963 1320 tia,
1988 1269 2047 1313 ut
2079 1261 2333 1327 diximus,
2361 1261 2479 1333 Gog
2509 1274 2561 1316 et
2588 1262 2798 1332 Magog,
2831 1264 2990 1331 pleno
3015 1278 3268 1316 sermone
3301 1264 3436 1317 scri-

1869 1347 1946 1402 bit
1977 1349 2424 1422 (Ezech.txxxvrtt
2480 1363 2535 1407 et
2565 1355 2776 1423 xxxix).
2813 1353 2894 1407 Ad
2948 1355 3097 1408 vocis
3124 1353 3242 1422 ejus
3265 1354 3442 1421 impe-

1868 1441 2008 1495 rium
2033 1443 2248 1510 pavebit
2278 1444 2449 1498 Assur
2472 1447 2614 1516 virga
2647 1461 2958 1516 percussus.
3001 1445 3190 1501 Omnis
3222 1446 3439 1515 impius,

1865 1539 2044 1588 omnis
2073 1535 2310 1590 inritator
2339 1537 2518 1604 gentis
2565 1536 2836 1593 inimicae:
2875 1553 2981 1593 non
3024 1539 3210 1607 quoin
3243 1539 3328 1592 die
3351 1538 3444 1607 ju-

1865 1624 1989 1678 dicii
2021 1626 2170 1679 solus
2201 1626 2271 1680 sit
2312 1625 2592 1681 feriendus
2634 1627 2907 1698 Assyrius,
2956 1629 3050 1681 sed
3075 1643 3182 1696 quo
3210 1643 3303 1695 per
3339 1627 3443 1682 As—

1865 1719 2070 1787 syrium
2100 1719 2372 1773 diabolum
2413 1720 2805 1790 intelligamus.
2861 1721 3104 1790 Denique
3131 1722 3392 1791 sequitur
3420 1737 3438 1780 :

1867 1806 1939 1862 Et
1975 1811 2073 1865 erit
2103 1812 2362 1866 transitus
2412 1813 2568 1882 virgae
2591 1812 2874 1880 fundatus,
2929 1831 3089 1884 quam
3117 1816 3440 1883 requiescere

210 1905 604 1970 meritorum,ut
635 1906 823 1974 perdat
855 1879 1016 1974 atque
1065 1909 1357 1962 conturbet
1380 1879 1598 1975 gentes,
1629 1925 1762 1978 quas
1791 1879 1839 1944 Β
1866 1903 2025 1986 faciet
2068 1903 2328 1958 Dominus
2387 1921 2544 1973 super
2578 1922 2716 1959 eum.
2750 1905 2816 1959 Et
2844 1915 2930 1962 est
2951 1920 3144 1961 sensus
3177 1924 3194 1962 :
3222 1905 3441 1974 Nequa-

211 2009 361 2048 ranus
376 2010 532 2050 error
548 1996 860 2061 seduxerat,
878 2006 932 2051 et
954 2012 1011 2051 se
1028 1998 1332 2068 intelligant
1361 2000 1759 2068 supplantatas.

211 2085 350 2141 Unde
400 2087 472 2142 ad
535 2087 906 2158 hujuscemodi
954 2089 1205 2144 homines
1254 2092 1474 2158 dicitur,
1536 2094 1626 2162 qui
1711 2094 1760 2146 in

213 2179 377 2232 mundi
406 2177 568 2248 hujus
609 2180 850 2251 potentia
912 2181 1299 2248 praevalebant,
1355 2192 1410 2236 et
1442 2197 1542 2236 suo
1579 2182 1760 2238 delec-

211 2270 454 2326 tabantur
486 2287 689 2334 errore,
719 2287 824 2325 non
853 2286 947 2326 eos
977 2287 1194 2340 semper
1226 2274 1329 2327 hoc
1351 2289 1473 2327 esse
1499 2274 1762 2332 facturos.

211 2362 580 2434 Praecipueque
633 2365 811 2418 locmn
852 2365 1013 2418 istum
1055 2376 1110 2418 et
1157 2375 1325 2420 totam
1370 2367 1760 2422 continentiam

208 2458 410 2522 capituli
469 2457 731 2510 adversus
780 2457 1069 2511 haereticos
1117 2467 1170 2510 et
1247 2458 1428 2511 omnia
1484 2461 1762 2528 dogmata,

211 2563 316 2616 quae
345 2556 476 2604 sunt
509 2549 780 2602 contraria
823 2549 1067 2612 veritati,
1111 2548 1255 2604 dicta
1294 2549 1518 2618 quidam
1548 2561 1767 2606 nostro-

210 2655 316 2692 rum
351 2648 574 2707 putant,
604 2640 747 2708 quod
787 2654 912 2692 cum
955 2638 1146 2709 judicii
1200 2647 1415 2709 tempus
1463 2639 1763 2707 advenerit,

211 2745 544 2800 nequaquam
581 2730 954 2801 ingrediantur
996 2739 1184 2785 sancta
1219 2733 1337 2802 ejus
1385 2741 1441 2786 et
1494 2745 1762 2800 montem,

212 2825 366 2888 idest
401 2824 707 2878 Ecclesiam
739 2824 952 2878 Domini
987 2842 1000 2876 :
1031 2839 1096 2878 ne
1120 2825 1219 2878 sub
1251 2825 1525 2894 religionis
1549 2828 1767 2882 nomine

212 2916 411 2971 divitias
465 2925 816 2986 congregem,
864 2917 1268 2986 abutanturque
1321 2919 1552 2984 luxuria,
1610 2921 1766 2989 quasi

212 3005 405 3062 Domini
466 3007 599 3062 festa
643 3008 1000 3063 celebrantes.
1030 3007 1198 3063 Judaei
1239 3010 1307 3065 de
1348 3011 1460 3082 Gog
1498 3021 1552 3066 et
1580 3011 1768 3082 Magog

209 3103 469 3166 gentibus,
498 3115 632 3168 quas
653 3109 849 3170 putant
881 3101 950 3154 ab
973 3103 1237 3171 Aquilone
1261 3114 1538 3168 venturas,
1569 3105 1622 3159 id
1660 3117 1766 3171 est,

209 3195 264 3245 de
293 3191 534 3261 Scythiae
573 3192 839 3261 partibus,
873 3193 987 3246 haec
1032 3193 1354 3263 intelligunt,
1388 3193 1560 3267 420
1605 3211 1768 3265 super

209 3287 384 3355 quibus
433 3285 683 3338 Ezechiel
737 3285 946 3354 plenius
1004 3287 1246 3356 loquitur
1283 3285 1500 3358 (Ezech.
1555 3289 1764 3360 xxxix).

267 3371 443 3444 (Vers.
471 3367 540 3426 50
570 3376 746 3444 seqq.)
774 3393 794 3425 ι
835 3373 897 3426 Et
919 3376 1154 3428 auditam
1180 3375 1341 3430 faciet
1370 3377 1626 3432 Dominus
1654 3380 1770 3447 glo-

207 3466 327 3520 riam
356 3470 508 3521 vocis
537 3467 674 3535 ejus,
699 3477 756 3520 et
793 3477 1052 3522 terrorem
1091 3467 1302 3521 brachii
1331 3469 1413 3522 sui
1439 3472 1692 3524 ostendet
1715 3470 1767 3523 in

205 3560 616 3614 comminatione
662 3559 862 3615 furoris
889 3571 944 3614 et
979 3558 1194 3613 ﬂamma
1225 3561 1365 3630 ignis
1399 3560 1708 3614 devorantis
1749 3577 1764 3615 ῖ

205 3652 376 3706 allidet
423 3655 483 3707 in
532 3652 746 3707 turbine
791 3662 846 3707 et
880 3652 935 3706 in
967 3653 1143 3722 lapide
1197 3653 1505 3723 grandinis.
1559 3655 1604 3706 A
1635 3667 1768 3707 voce

205 3747 335 3799 etum
373 3746 588 3810 Domini
607 3746 826 3814 pavebit
855 3745 1028 3800 Assur
1058 3745 1205 3813 virga
1231 3761 1549 3817 percussus,
1581 3756 1634 3801 et
1663 3746 1769 3801 erit

206 3843 464 3896 transitus
506 3841 670 3910 virgae
714 3839 1017 3895 fundatus:
1046 3854 1207 3910 quam
1239 3840 1586 3909 requiescere
1607 3841 1770 3896 faciet

203 3931 461 3988 Dominus
499 3949 662 4002 super
699 3949 824 3988 eum
859 3934 912 3986 in
964 3933 1233 4003 tympanis
1257 3943 1314 3986 et
1345 3932 1400 3986 in
1426 3932 1674 3998 citharis,
1709 3942 1768 3986 et

205 4027 254 4078 iu
279 4027 436 4082 bellis
471 4026 756 4096 praecipuis
795 4025 1125 4096 expugnabit
1169 4038 1284 4080 eos.
1333 4023 1642 4092 Pus-parata
1687 4037 1769 4079 est

201 4122 336 4172 enim
363 4123 434 4174 ab
471 4119 584 4173 beri
609 4109 928 4188 ‘Thopheth,
964 4133 996 4174 a
1022 4132 1148 4188 rege
1175 4125 1476 4187 praeparata
1502 4118 1767 4184 profunda

203 4224 250 4267 et
274 4215 520 4277 dilatata,
548 4213 876 4268 nutrimenta
921 4213 1038 4281 ejus
1070 4213 1232 4283 ignis,
1265 4222 1320 4264 et
1371 4212 1512 4283 ligna
1541 4212 1710 4265 multa
1750 4228 1765 4266 :

204 4303 354 4358 ﬂatus
393 4305 613 4357 Domini
667 4307 811 4358 sicut
858 4314 1074 4359 torrens
1125 4304 1402 4372 sulphuris
1431 4304 1769 4359 succendens

201 4411 330 4449 eane
377 4416 396 4449 ι
421 4394 577 4450 LXX
605 4415 618 4450 :
650 4414 669 4447 ι
705 4395 769 4449 Ει
795 4397 1032 4449 auditam
1061 4395 1222 4450 faciet
1251 4395 1512 4450 Dominus
1538 4396 1767 4466 gloriam

201 4490 338 4543 vocis
362 4505 502 4554 suae,
533 4499 587 4543 et
612 4489 849 4542 furorem
884 4486 1087 4543 brachii
1122 4486 1205 4541 sui
1251 4488 1506 4542 ostendet
1535 4502 1659 4541 cutu
1685 4486 1770 4540 fu-

1865 2011 2026 2056 quam
2073 2011 2192 2049 eum
2221 1997 2370 2065 virga
2397 1997 2682 2066 percutiet,
2727 2006 2782 2052 et
2815 2012 2934 2051 eam
2977 2011 3163 2052 rursus
3214 1997 3438 2053 levabit.

1864 2105 1928 2142 ac
1967 2101 2116 2141 more
2164 2088 2485 2142 credentium
2526 2089 2689 2144 linem
2733 2087 2895 2145 faciet
2951 2089 3310 2154 verberandi;
3344 2090 3440 2144 sul

1863 2180 2016 2249 quasi
2054 2179 2331 2234 fundatam
2367 2189 2420 2235 et
2460 2181 2568 2234 alta
2626 2181 2806 2236 radice
2859 2180 3115 2246 defixam,
3173 2182 3229 2236 in
3265 2183 3440 2251 pinnis

1862 2272 1978 2339 ejus
2011 2265 2170 2342 421
2203 2269 2368 2324 faciet
2416 2285 2760 2339 permanere.
2797 2271 2949 2338 Quod
2997 2273 3043 2326 si
3074 2274 3146 2326 ita
3185 2275 3441 2344 intelligi-

1869 2373 1974 2428 tur,
2019 2363 2108 2416 ubi
2149 2363 2254 2417 erit
2311 2363 2633 2432 pceniteutia
2679 2363 2878 2417 diaboli
2916 2381 2931 2419 :
2967 2364 3266 2432 praesertim
3313 2381 3439 2418 cum

1865 2454 2078 2508 dicatur
2101 2455 2481 2524 peccatoribus
2512 2473 2526 2510 :
2563 2451 2642 2508 Ite
2689 2457 2744 2509 in
2783 2456 2956 2525 ignem
2982 2465 3260 2519 aeternum,
3287 2473 3438 2526 quem

1863 2548 2182 2615 praeparavit
2235 2547 2371 2601 Deus
2421 2547 2634 2602 diabolo
2679 2558 2728 2604 et
2779 2549 2983 2619 angelis
3044 2550 3158 2619 ejus
3195 2550 3436 2620 (Matth.

1865 2649 1991 2698 xxv,
2011 2633 2150 2703 ΜΗ
2185 2631 2243 2688 In
2269 2637 2540 2706 tympanis
2569 2647 2624 2693 et
2675 2639 2727 2692 in
2755 2635 3003 2706 citharis,
3036 2649 3088 2695 e‘t
3117 2641 3270 2696 bellis
3299 2657 3441 2713 pra:-

1865 2724 2038 2794 cipuis
2063 2727 2392 2795 expugnabit
2442 2743 2559 2792 eos,
2593 2729 2866 2786 da'tnoncs
2897 2731 3146 2786 videlicet
3169 2744 3221 2787 et
3248 2748 3442 2790 omnes

1869 2815 2060 2884 impios
2083 2829 2204 2868 cum
2245 2817 2444 2887 gaudio
2477 2820 2722 2872 omnium
2780 2818 3047 2875 Dominus
3081 2823 3438 2892 expugnabit.

1864 2905 1946 2960 Ab
1981 2907 2093 2961 heri
2123 2908 2321 2978 quippe
2367 2920 2421 2963 et
2447 2925 2476 2963 a
2510 2913 2783 2978 prieterito
2845 2924 3088 2982 tempore
3139 2927 3443 2983 praeparata

1867 3007 1949 3051 est
1986 3015 2014 3050 a
2047 3014 2168 3069 rege
2203 3000 2434 3055 Domino
2474 2999 2740 3071 Tltop'ltetlt
2775 3006 2816 3069 ',
2843 3005 2900 3058 "id
2944 3013 3050 3070 est,
3079 3006 3191 3060 lata
3228 3015 3278 3060 et
3316 3021 3442 3077 spo-

1869 3091 2008 3144 tiosa
2071 3093 2330 3163 gehenna,
2379 3109 2497 3163 quae
2540 3111 2635 3150 eos
2690 3099 2913 3152 aeternis
2961 3110 3082 3152 urat
3128 3091 3438 3155 tutoribus.

1868 3182 2272 3239 Nntrimentum
2327 3186 2449 3256 ejus
2509 3197 2564 3242 et
2619 3185 2800 3244 'fomes
2859 3190 2999 3262 ignis
3055 3201 3159 3255 est,
3216 3203 3268 3244 et
3297 3192 3442 3262 ligna

1873 3275 2060 3342 multa,
2099 3275 2152 3331 id
2174 3287 2284 3342 'est,
2316 3277 2533 3332 ﬂamma
2558 3279 2817 3348 perpetua
2867 3287 2921 3336 e’t
2941 3283 3215 3351 supplicia
3245 3301 3443 3354 pecca-

1874 3381 2069 3424 torum.
2128 3369 2194 3426 Et
2229 3374 2490 3440 quoniam
2537 3373 2680 3427 sicut
2734 3373 2802 3428 de
2851 3378 3068 3430 camino
3116 3386 3170 3432 et
3214 3377 3446 3436 fornace

1871 3462 2008 3530 ignis
2047 3463 2311 3530 ardentis,
2348 3465 2698 3534 propheticus
2736 3481 2918 3522 sermo
2951 3469 3300 3538 praedixerat,
3326 3488 3445 3527 ser-

1872 3567 1963 3609 Vut
2016 3556 2417 3624 metaphoram,
2453 3567 2510 3610 ut
2564 3555 2694 3610 ﬂatu
2726 3568 2780 3613 et
2817 3559 3013 3627 spiritu
3072 3575 3136 3614 ac
3157 3561 3444 3618 voluntate

1874 3644 2082 3699 Domini
2116 3646 2258 3700 hanc
2312 3647 2570 3702 succendi
2617 3649 2877 3713 sciamus,
2917 3655 3110 3716 .mixto
3156 3652 3440 3721 sulphure,

1870 3739 2015 3808 quod
2064 3738 2314 3794 ﬂammas
2347 3743 2570 3808 excitat,
2597 3751 2655 3796 ut
2691 3742 2855 3797 faciat
2877 3743 3090 3799 acriora
3149 3754 3438 3802 tormenta.

1870 3835 2041 3890 Porro
2081 3837 2230 3906 quod
2251 3831 2409 3906 juxta
2449 3834 2588 3892 LXX
2619 3838 2822 3893 dicitur
2865 3857 2882 3896 :
2911 3839 2990 3894 Ad
3017 3857 3192 3894 uocem
3229 3839 3444 3895 Domini

1872 3927 2261 3996 superabantur
2299 3931 2510 4002 Assyrii
2557 3929 2740 4000 plaga,
2761 3947 2879 3985 cum
2921 3934 3235 4003 percusserit
3262 3941 3444 3999 eos,“

1869 4024 1969 4076 erit
1990 4023 2038 4075 ei
2079 4021 2134 4075 in
2161 4021 2384 4076 circuitu
2414 4022 2551 4076 unde
2583 4019 2760 4090 fuerat
2796 4026 2844 4078 et
2875 4039 2992 4092 spes
3015 4019 3226 4089 auxilii,
3253 4025 3307 4078 iu
3336 4041 3442 4094 quo

1871 4113 2166 4183 confidebat
2198 4131 2218 4172 :
2243 4114 2348 4184 ipsi
2375 4131 2494 4169 cum
2541 4117 2803 4186 tympanis
2826 4116 3100 4170 ctcitftara
3132 4116 3444 4187 pugnabunt

1871 4210 2153 4262 adversum
2195 4225 2316 4263 eum
2363 4224 2427 4263 ea:
2473 4209 2902 4276 commutatione,
2959 4209 3089 4263 illud
3147 4209 3442 4278 significat,

1870 4303 2018 4372 quod
2050 4304 2342 4358 adversum
2377 4303 2647 4358 diabolum
2680 4311 3030 4374 causurgant,
3069 4303 3161 4374 qui
3185 4305 3236 4358 ei
3268 4319 3447 4374 quon-

1872 4395 1993 4449 dam
2018 4393 2226 4449 subditi
2275 4393 2515 4459 fuerant,
2565 4405 2621 4450 et
2645 4405 2766 4448 cum
2815 4396 3015 4464 gaudio
3060 4407 3225 4466 atque
3256 4395 3446 4452 laetitia

1873 4488 2128 4543 dimicent
2162 4497 2352 4543 contra
2374 4502 2497 4542 eum
2526 4503 2591 4542 ex
2623 4489 3046 4547 commutatione
3069 4490 3246 4546 subita
3273 4507 3289 4545 :
3316 4492 3445 4550 dum

200 4596 314 4634 rore
345 4592 400 4634 et
431 4583 512 4634 ira
546 4598 561 4634 :
598 4591 654 4634 et
692 4581 910 4634 ﬂamma
951 4580 1092 4646 ignis
1126 4581 1423 4635 devorante
1455 4578 1769 4632 fulrninabit
1802 4599 1846 4655 ι)
1877 4579 2240 4651 intelligentes
2276 4593 2519 4641 errorem
2569 4595 2751 4646 suum,
2794 4585 3081 4636 destruunt
3118 4598 3241 4636 eum
3282 4600 3311 4635 a
3334 4597 3445 4652 quo

200 4676 565 4736 rettetnenter,
623 4682 678 4726 et
727 4674 870 4725 sicut
908 4686 1047 4740 aqua
1094 4679 1148 4725 et
1195 4673 1400 4739 grando
1427 4669 1766 4724 descendens

198 4781 312 4816 cum
347 4766 424 4817 vi.
457 4766 536 4816 Ad
583 4778 768 4817 vocem
822 4764 968 4817 enim
991 4763 1208 4816 Domitii
1237 4762 1644 4833 superabuntur
1666 4763 1768 4816 As-

195 4856 320 4924 syrii
351 4860 513 4926 plaga
565 4871 672 4917 qua
701 4856 971 4925 percutiet
1016 4869 1134 4919 eos,
1166 4866 1221 4908 et
1244 4855 1348 4910 erit
1370 4855 1419 4909 ei
1445 4869 1542 4924 per
1571 4854 1768 4907 circui-

200 4957 326 5010 tum,
363 4948 510 5000 unde
541 4947 773 5000 habebat
793 4960 942 5015 spem
979 4945 1190 5011 auxilii,
1225 4946 1278 4998 in
1298 4959 1417 5015 ‘quo
1434 4945 1767 5010 conﬁdebat,

196 5040 293 5105 ipsi
345 5053 478 5093 cum
532 5038 805 5107 tympanis
833 5051 886 5090 et
940 5038 1151 5090 cithara
1203 5037 1524 5105 pugnabunt
1579 5049 1770 5090 contra

194 5147 311 5184 eum
342 5147 411 5184 ex
438 5129 884 5184 commutatione.
915 5127 997 5182 Tu
1052 5128 1197 5182 enim
1229 5139 1355 5182 ante
1376 5130 1495 5183 dies
1527 5128 1770 5197 decipie-

194 5226 265 5278 ris
298 5239 315 5278 ς
348 5222 618 5293 numquid
651 5231 708 5278 et
756 5223 854 5276 tibi
908 5237 1133 5291 regumn
1189 5232 1437 5290 paratum
1492 5222 1614 5277 est?
1647 5219 1770 5276 Val-

195 5317 294 5367 lem
328 5314 680 5384 profundam,
713 5313 852 5385 ligna
878 5314 1072 5384 posita,
1121 5314 1296 5380 ignem
1327 5323 1382 5367 et
1408 5314 1552 5382 ligna
1575 5314 1772 5368 multo-

196 5420 308 5458 rum
333 5415 350 5470 ;
373 5404 538 5458 furor
562 5403 802 5470 Domini,
820 5405 958 5458 sicut
978 5403 1134 5457 vallis
1153 5404 1418 5471 'sutpbure
1435 5419 1718 5459 succensa.
1747 5424 1765 5456 ι

185 5493 450 5553 Poteram
472 5499 630 5569 juxta
660 5495 984 5552 Hebraicum
1025 5497 1154 5568 quid
1177 5500 1307 5551 mihi
1340 5499 1618 5552 videretur
1645 5513 1774 5552 cur-

200 5607 317 5648 rens
349 5593 658 5660 legentibus
683 5591 1080 5655 indicare;sed
1121 5591 1250 5659 quid
1273 5589 1470 5645 faciam
1507 5604 1772 5658 quorum-

259 5729 280 5760 ‘
318 5728 377 5782 in
403 5726 606 5790 Vatia,
639 5729 846 5797 sapiens
874 5727 1087 5795 flamma
1116 5745 1129 5792 ;
1158 5727 1613 5796 quemadmodum
1644 5727 1771 5781 alibi

198 5815 295 5852 non
328 5815 448 5854 uno
475 5803 527 5854 in
575 5802 696 5852 loco
721 5813 982 5869 scriptum
1019 5802 1086 5852 ab
1133 5799 1464 5868 litot-ouytno
1506 5803 1773 5854 Observa-

199 5887 331 5925 ntus.

1870 4674 2080 4741 decepti
2104 4671 2344 4727 fuerant.
2377 4672 2688 4742 Dieiturque
2728 4674 2795 4728 ad
2845 4673 3022 4740 illum,
3072 4674 3217 4744 quod
3247 4675 3314 4728 ab
3343 4674 3450 4726 ini-

1873 4767 1950 4818 tio
1980 4780 2038 4819 se
2069 4765 2182 4832 ipse
2206 4765 2506 4834 deceperit,
2542 4781 2768 4834 regnum
2813 4782 2968 4821 suum
2996 4767 3274 4820 arbitrans
3307 4781 3448 4819 seu;-

1873 4855 2167 4923 piternum,
2209 4856 2296 4909 cui
2358 4865 2546 4924 parata
2590 4857 2660 4912 sit
2703 4858 2950 4926 gehenna
3012 4867 3068 4912 et
3094 4869 3292 4909 aeterna
3319 4871 3446 4926 sup-

1909 4946 2054 5000 licia.

1933 4964 1943 4997 l
2041 4987 2054 5000 .

1867 4957 2100 5107 ριῗίέῗιρ.
2123 5035 2321 5094 XXXI.
2347 5067 2420 5082 —
2442 5037 2603 5096 'Vers.
2645 5039 2669 5093 1
2702 5023 2884 5109 εθιιιιξ)
2905 5058 2930 5092 ι
2961 5038 3056 5096 Va:
3085 5038 3174 5108 qui
3213 5037 3448 5095 descen-

3503 5067 3532 5123 θ’.

1871 5128 2008 5183 duut
2039 5130 2090 5181 in
2125 5125 2414 5202 Egyptum
2450 5134 2514 5187 ad
2545 5134 2828 5197 auxittum,
2861 5133 2915 5184 in
2954 5132 3110 5200 equis
3140 5138 3445 5200 sperantes,
3503 5133 3510 5144 '

1873 5235 1926 5273 et
1962 5223 2224 5278 habentes
2269 5224 2519 5278 fiduciam
2565 5240 2728 5294 super
2749 5211 3055 5296 quadrigis,
3100 5225 3226 5295 quia
3260 5225 3445 5278 mutta:

1873 5317 1980 5370 sint
2011 5314 2124 5388 [AL
2170 5317 2342 5390 sunt],
2411 5328 2464 5372 et
2494 5333 2656 5387 super
2683 5317 2980 5386 equitibus,
3009 5317 3139 5383 quia
3161 5315 3442 5387 prieva’lidi
3524 5305 3540 5318 n'

1876 5407 2055 5472 nimis,
2085 5420 2138 5462 et
2177 5423 2281 5461 non
2315 5417 2440 5463 sunt
2469 5409 2660 5463 confisi
2711 5424 2878 5479 super
2914 5407 3173 5463 Sanctum
3223 5407 3391 5462 lsraei
3424 5421 3440 5462 :

1874 5511 1928 5553 et
1951 5497 2243 5554 Dominum
2276 5514 2378 5553 non
2423 5501 2816 5569 requisie‘runt.
2861 5499 2980 5572 Ipse
3011 5510 3189 5552 autem
3227 5499 3445 5566 sapiens

1875 5593 2103 5648 adduxit
2139 5593 2362 5656 malum,
2396 5604 2452 5647 et
2483 5592 2646 5646 verba
2703 5607 2802 5646 sua
2831 5609 2937 5647 u0u
2963 5591 3208 5655 abstulit,
3235 5601 3290 5645 et
3313 5607 3449 5644 con-

1949 5731 1967 5759 '
1991 5731 2161 5785 Antea
2195 5740 2308 5785 erat
2336 5727 2629 5798 Thrapheth
2665 5746 2678 5783 :
2719 5743 2852 5782 mss.
2912 5741 3040 5782 vero
3094 5723 3324 5795 Tltopeth
3367 5724 3455 5778 Ἰα-

1879 5815 2037 5871 guttl.

2812 5995 2876 6004 ἓ.-
2966 5994 2971 5998 ,
3081 5983 3209 5995 ..προσ
