3952 6180
530 348 683 432 ’367

1769 376 1830 436 S.
1872 376 2192 439 EUSEBII
2232 379 2684 444 HIERONYMI

3747 378 3858 441 368

576 491 763 552 Stttget
800 493 991 538 contra
1032 483 1251 538 domum
1288 484 1677 550 pessimorum,
1700 496 1757 542 et
1780 498 1971 543 contra
2001 488 2157 543 anxi-
2187 502 2232 551 Α
2264 491 2412 561 rigaa.
2450 502 2505 547 et
2537 492 2719 548 lrenos
2743 506 3007 563 equorum
3043 492 3379 547 currentium
3416 491 3699 554 relaxarit,
3727 507 3857 544 cor-

574 578 705 631 tlum
757 576 1100 645 operantium
1153 575 1517 646 iniquitatem.
1576 576 1844 650 Egyptns
1899 581 2063 636 homo
2103 594 2158 636 et

574 684 683 722 non
718 666 859 724 Deus
894 684 907 725 :
942 678 995 722 et
1019 670 1141 738 equi
1168 683 1358 723 eorum
1411 684 1561 734 caro,
1592 654 1777 725 etiion
1814 674 2039 740 spiritus
2068 690 2080 731 :
2106 684 2159 726 et

574 762 837 817 Dominus
870 764 1153 818 inclinabit
1186 762 1299 836 [ΑΙ.
1351 764 1667 837 inclinavit]
1708 782 1926 820 manum
1978 786 2154 833 suain,

571 868 623 910 et
647 868 864 911 corruet
902 856 1221 922 auxiliator,
1256 868 1311 914 et
1340 859 1497 913 cadet
1544 862 1629 913 cui
1670 869 1969 930 prtestatur
1999 863 2157 914 auxi-

569 951 722 1013 limn,
763 950 1033 1018 simulque
1091 965 1283 1006 omnes
1325 963 1739 1006 consumentur.
1779 971 1797 1003 ι
1832 951 1964 1007 Post
2017 968 2155 1009 Otllls

561 1043 931 1108 jtttncntorutn
966 1042 1175 1109 Austri,
1209 1055 1264 1097 et
1301 1059 1395 1097 eos
1420 1045 1510 1112 qui
1548 1048 1837 1114 portabant
1870 1046 1919 1098 itt
1949 1045 2154 1117 Egyp-

569 1146 677 1189 ttnn
708 1135 926 1189 divitias
962 1150 1088 1190 suas
1117 1135 1180 1188 ad
1210 1136 1490 1204 p0pulum,
1535 1138 1628 1205 qui
1659 1138 1737 1191 eis
1768 1140 2025 1206 prodesse
2049 1158 2153 1197 non

472 1267 477 1273 .
515 1223 523 1229 ’
567 1236 801 1294 poterat,
833 1228 924 1296 qui
968 1228 1302 1296 separabant
1350 1229 1607 1283 auxilium
1639 1228 1805 1300 422
1840 1232 1892 1286 in
1928 1232 2148 1289 t'ortitu-

567 1321 694 1372 dine.
743 1319 1066 1385 Pharaonis,
1117 1330 1172 1374 et
1231 1321 1501 1375 habebant
1546 1322 1796 1377 lidnciam
1852 1323 1906 1377 in
1965 1326 2153 1381 umbra

568 1411 811 1482 Egypti,
876 1415 978 1467 sub
1019 1415 1201 1483 specie
1247 1413 1577 1469 reversionis
1636 1416 1692 1470 in
1746 1416 2070 1480 Jerusalem.
2102 1430 2156 1473 et

566 1501 901 1570 captivitatis
954 1502 1204 1558 laxanda:
1234 1505 1334 1558 sub
1366 1502 1539 1576 Cyro,
1576 1503 1643 1559 de
1678 1510 2156 1564 consummatione

566 1594 774 1657 saeculi,
810 1602 864 1648 et
913 1595 980 1649 de
1015 1595 1251 1662 perfecta
1279 1596 1552 1666 justornm
1610 1599 1948 1655 beatitudine
1976 1616 2155 1656 sermo

564 1686 919 1757 prapbetieus
952 1688 1229 1742 nuntiarat
1268 1704 1281 1742 :
1311 1704 1452 1744 nunc
1482 1691 1776 1747 revertitur
1813 1694 1880 1746 ad
1906 1695 2150 1760 eosdem,

566 1780 633 1832 ad
665 1792 803 1847 quos
853 1793 1015 1848 supra
1073 1777 1289 1834 locutus
1348 1779 1527 1833 fuerat
1569 1795 1634 1833 ne
1666 1780 2058 1835 descenderent
2090 1782 2140 1834 in

564 1870 882 1942 Egyptum.
910 1871 975 1941 Et
1002 1871 1104 1925 hoc
1127 1869 1269 1923 inter
1292 1884 1612 1940 praesentem
1638 1871 1812 1926 locum
1836 1882 1987 1926 estet
2016 1889 2148 1940 prae-

564 1952 807 2028 teritum,
870 1966 1012 2031 quod
1076 1963 1145 2017 ibi
1194 1964 1509 2033 prascipitur
1557 1964 1718 2017 tribui
1754 1963 1927 2029 Judte,
1964 1982 2029 2019 ne
2049 1967 2148 2021 de-

562 2056 829 2111 scendant
858 2055 912 2109 in
946 2054 1236 2125 IEgyptum
1264 2073 1277 2121 ;
1304 2054 1390 2109 hic
1422 2056 1547 2125 quia
1582 2067 1895 2127 contempto
1919 2058 2147 2129 imperio

564 2152 829 2217 Domini,_
857 2154 1177 2208 descensuti
1238 2156 1367 2218 sint,
1423 2155 1783 2225 propltetatur
1815 2171 1828 2208 :
1861 2165 1909 2209 et
1938 2155 2082 2225 quod
2116 2171 2145 2209 a

562 2244 1068 2301 Nabuchodonosor
1117 2261 1243 2316 rege
1278 2244 1594 2318 Babylonio,
1650 2257 1758 2301 tam
1791 2246 1957 2302 israel
1982 2264 2144 2315 quain

559 2337 826 2409 Aigyptii,
866 2349 977 2393 tam
1027 2338 1266 2411 perfugas
1315 2356 1480 2411 quam
1536 2340 1888 2395 auxiliatores
1941 2342 2147 2409 pariter

562 2432 920 2486 trucidentur.
960 2432 1032 2487 De
1059 2448 1168 2502 quo
1216 2430 1484 2489 Jeremias
1532 2433 1853 2503 plenissime
1904 2433 2146 2502 loquitur

560 2525 784 2595 (Jerem.
845 2526 1001 2595 xui).
1065 2524 1160 2580 ναξ
1219 2541 1351 2595 ergo
1415 2526 1499 2581 liis
1565 2526 1654 2595 qui
1720 2527 2062 2582 descendunt
2090 2529 2143 2581 in

560 2616 882 2689 Aigyptum,
906 2628 961 2673 et
993 2617 1369 2674 Chaldaeorum
1425 2631 1595 2682 metu,
1627 2618 1838 2673 Domini
1876 2632 2144 2692 praecepta

559 2720 939 2777 contemnunt,
983 2721 1267 2777 sperantes
1319 2711 1373 2764 in
1420 2712 1748 2776 idololatris,
1782 2713 1873 2782 qui
1912 2711 2003 2766 Dei
2031 2716 2145 2767 enl-

559 2815 675 2858 tum
714 2804 915 2859 habere
939 2819 998 2860 se
1032 2804 1274 2871 jactant;
1312 2814 1364 2858 et
1396 2802 1450 2856 in
1488 2818 1753 2871 equorum
1780 2807 1984 2860 auxilio
2010 2824 2144 2895 gon-

563 2897 815 2955 lidentes.
851 2895 1106 2949 nesciunt
1132 2895 1393 2964 scriptum
1437 2910 1454 2948 :
1491 2890 1685 2947 Fallax
1713 2911 1877 2965 equus
1908 2898 1961 2949 in
1994 2890 2143 2949 silu-

502 3059 511 3065 _
563 3001 665 3044 tem
684 2986 859 3057 (Psal.
880 3003 1053 3052 χχχιι,
1084 2987 1197 3057 17);
1225 2986 1532 3054 habentque
1557 2988 1807 3041 ﬁduciam
1834 3004 1997 3058 super
2015 3006 2144 3057 qua-

561 3082 815 3153 drigisa‘
869 3080 1117 3135 curribus
1177 3089 1231 3134 et
1261 3079 1573 3151 equitibus;
1630 3095 1733 3134 nec
1787 3079 2144 3135 recordamur

2267 593 2383 635 ruet
2425 583 2717 638 auxiliator
2742 582 3050 655 A‘Igyptns.
3082 592 3134 638 et
3158 582 3328 640 Israel
3360 583 3447 637 cui
3482 584 3852 652 prarstabatur

2262 675 2547 730 auxilium.
2581 679 2713 742 ρυλε
2756 680 2970 745 quidem
3011 691 3300 745 possumus
3333 676 3643 745 intelligere
3678 682 3737 728 et
3763 688 3857 728 su-

2263 784 2358 836 per
2387 770 2470 823 liis
2507 771 2602 838 qui
2650 769 3053 839 persecutionis
3089 780 3335 836 tempore
3370 780 3425 823 et
3471 765 3851 822 tribulationis

2261 871 2427 929 atque
2471 863 2735 930 angustia:
2789 877 2896 916 non
2935 862 3218 916 conlidunt
3261 864 3312 914 in
3379 860 3625 921 Domino,
3666 858 3769 912 sed
3797 860 3847 911 in

2260 952 2661 1024 Egyptiorum,
2702 954 2755 1008 id
2783 965 2887 1019 est,
2931 943 3277 1011 stecularium
3301 953 3584 1007 hominum
3609 952 3847 1015 auxilio;

2264 1046 2567 1101 nescientes
2602 1047 2875 1100 Abraham
2902 1047 3264 1117 periclitatum
3292 1046 3344 1100 in
3385 1044 3646 1117 Egypto,
3677 1055 3737 1098 et
3763 1043 3850 1097 Dei

2261 1139 2522 1207 populum
2550 1138 2665 1193 luto
2712 1146 2767 1193 et
2804 1139 3071 1194 lateribus
3108 1138 3161 1192 in
3211 1138 3301 1191 illa
3339 1137 3562 1206 regione
3588 1137 3848 1199 servisse,

2259 1245 2380 1299 quae
2412 1229 2775 1299 spiritualiter
2800 1232 3103 1299 appellatur
3127 1231 3319 1285 l‘ornax
3352 1229 3547 1283 ferrea.
3588 1227 3756 1285 Unde
3796 1242 3846 1281 et

2260 1320 2315 1375 in
2348 1321 2674 1393 Apocalypsi
2714 1321 2941 1378 Joannis
2986 1322 3181 1393 legitur
3213 1339 3228 1375 :
3258 1321 3426 1375 Locus
3457 1322 3511 1375 in
3538 1337 3644 1390 quo
3665 1321 3845 1374 cruci.

2259 1412 2398 1480 ﬁxus
2428 1422 2505 1466 est
2552 1414 2840 1477 Dominus,
2888 1412 3243 1479 spiritualiter
3283 1418 3502 1466 vocatur
3530 1410 3774 1465 Sodoma
3803 1419 3850 1460 et

2257 1505 2516 1577 Aigyptus
2553 1506 2661 1578 [ΑΙ.
2697 1504 3006 1583 Αῑθυριίαδ]
3038 1507 3224 1574 (Apoc.
3271 1521 3342 1570 ιι,
3373 1506 3451 1571 8).

2332 1597 2506 1668 (Vers.
2545 1599 2600 1661 4,
2641 1598 2720 1666 5.)
2755 1617 2774 1650 ι
2812 1597 2947 1664 Quia
3005 1599 3117 1652 lnec
3159 1599 3289 1651 dicit
3328 1597 3591 1652 Dominus
3616 1595 3684 1652 ad
3714 1610 3844 1651 me:

2256 1690 2540 1757 Quomodo
2582 1692 2626 1745 si
2671 1690 2852 1759 rugiat
2877 1691 2960 1744 leo
2982 1701 3034 1743 et
3059 1690 3274 1743 catulus
3308 1689 3480 1744 leonis
3514 1702 3683 1758 super
3703 1704 3847 1758 pra-

2256 1786 2381 1839 dam
2415 1799 2593 1849 suam,
2626 1799 2748 1839 cum
2792 1784 3102 1838 occurrerit
3135 1782 3184 1836 ei
3224 1782 3518 1835 multitudo
3542 1791 3843 1852 pastorum,

2257 1894 2284 1930 a
2308 1891 2443 1933 voce
2467 1890 2655 1931 eorum
2686 1888 2793 1931 non
2827 1874 3167 1939 formidabit,
3220 1883 3275 1929 et
3297 1890 3327 1928 α
3363 1873 3717 1929 multitudine
3749 1890 3842 1929 eo-

2258 1987 2374 2025 rum
2406 1985 2515 2025 non
2577 1968 2794 2040 pavebit
2826 1986 2841 2026 :
2870 1972 2948 2025 sic
2996 1970 3290 2022 descendet
3342 1966 3609 2023 Dominus
3628 1969 3840 2021 exerci-

2258 2070 2429 2129 tuum,
2477 2070 2535 2117 ut
2574 2062 2853 2130 praelietur
2900 2074 3067 2131 super
3111 2071 3350 2115 montem
3394 2060 3549 2125 Sion,
3581 2071 3637 2115 et
3674 2074 3840 2127 super

2254 2155 2445 2210 collem
2478 2157 2618 2224 ejus.
2658 2153 2810 2209 Sicut
2840 2169 2968 2209 aves
3018 2155 3288 2219 volantes,
3323 2153 3406 2210 sic
3444 2162 3696 2224 proteget
3732 2154 3838 2208 Do-

2256 2245 2437 2301 minus
2488 2245 2830 2301 exercituum
2882 2245 3211 2308 Jerusaleut,,
3278 2256 3570 2316 protegens
3611 2258 3660 2300 et
3700 2247 3834 2300 libe-

2255 2354 2405 2400 rans,
2441 2340 2713 2393 transiens
2761 2350 2817 2394 et
2846 2340 3086 2395 satvans.
3138 2357 3156 2391 ι
3199 2337 3257 2393 In
3305 2338 3609 2393 manifeStis
3669 2353 3829 2391 unam

2255 2432 2508 2501 p0nimus
2557 2431 2880 2497 editionem,
2930 2433 3167 2486 maxime
3212 2431 3302 2486 ubi
3356 2432 3503 2486 nulla
3540 2432 3830 2487 diversitas

2254 2538 2506 2579 sensuum
2538 2534 2642 2580 est.
2668 2523 2834 2579 Cmsis
2876 2525 2928 2579 in
2963 2523 3200 2596 Atlgypto
3248 2524 3510 2580 lsraelitis
3537 2533 3592 2579 et
3623 2524 3828 2596 (Egyp-

2256 2617 2369 2679 tiis,
2432 2616 2739 2685 iuqnorum
2798 2618 3001 2671 auxilio
3059 2618 3425 2679 conlidtluint,
3485 2627 3828 2671 revertentur

2256 2705 2367 2778 [AL
2424 2705 2798 2780 revertuntur]
2871 2709 2922 2762 in
2979 2709 3299 2775 Jerusalem,
3358 2698 3501 2779 Cyro
3550 2722 3830 2776 regnante,

2254 2798 2475 2867 captivi.
2513 2798 2577 2852 Et
2610 2815 2705 2869 per
2754 2800 2887 2854 duas
2924 2802 3335 2867 similitudines,
3386 2803 3622 2863 Domini,
3656 2804 3751 2872 qui
3776 2820 3830 2857 se

2254 2893 2368 2947 fore
2399 2893 2705 2961 adjutorem
2736 2895 3082 2963 promiserat,
3138 2896 3404 2961 fortitudo
3463 2909 3828 2953 monstratur.

2255 2982 2408 3038 Sicut
2467 2984 2553 3039 leo
2608 2993 2660 3039 et
2720 2987 2934 3040 catulus
2986 2988 3161 3041 leonis
3215 2988 3488 3055 esuriens,
3541 2991 3588 3044 si
3643 3002 3832 3045 Cernat

2254 3080 2435 3129 ovium
2483 3091 2721 3146 gregem,
2770 3073 2918 3130 nulla
2976 3086 3257 3145 pastorum
3304 3093 3435 3134 voce
3486 3090 3745 3149 terretur,
3782 3094 3831 3138 et

506 3242 509 3255 Ι
559 3177 707 3231 illius
741 3172 950 3229 Cantici
986 3190 1002 3230 :
1043 3171 1246 3242 Equum
1278 3182 1327 3225 et
1357 3187 1682 3228 ascensorem
1706 3171 1892 3241 dejecil
1921 3175 1973 3226 in
1999 3190 2142 3227 mare
2172 3208 2214 3266 ο
2257 3167 2662 3223 multitudinem
2726 3184 2914 3224 eorum
2952 3172 3211 3223 conscius
3270 3173 3465 3225 virium
3494 3190 3715 3229 suarum
3741 3178 3826 3229 de-

560 3267 759 3342 (Ea'ad.
796 3284 887 3331 xv,
925 3264 1003 3337 1).
1034 3264 1102 3320 Ει
1140 3282 1244 3318 non
1270 3274 1395 3319 sunt
1444 3264 1636 3320 contisi
1684 3280 1847 3335 super
1881 3266 2137 3322 Sanctum

559 3361 760 3422 lsrael.
790 3363 882 3430 qui
934 3360 1278 3414 manentibus
1333 3360 1385 3412 iu
1415 3367 1559 3413 terra
1616 3358 1838 3423 Juda'az.
1865 3375 2022 3416 suum
2044 3376 2141 3431 per

553 3457 847 3511 Jereniiam
881 3452 1245 3527 pollicebatur
1284 3450 1570 3506 auxilium.
1626 3444 1691 3504 Et
1726 3449 2006 3505 Dominum
2034 3470 2137 3507 non

555 3547 945 3618 requisierunt;
977 3558 1085 3597 non
1128 3556 1237 3613 quo
1284 3557 1391 3595 non
1448 3540 1837 3608 requisierint;
1876 3544 1970 3597 sed
2027 3558 2138 3613 quo

516 3620 1005 3708 'rcqnisiti'verba
1056 3632 1505 3700 contempserint.
1560 3626 1713 3684 Unde
1761 3642 1814 3685 et
1856 3631 1924 3685 de
1979 3632 2137 3687 malis

502 3724 505 3731 ’
553 3728 933 3787 sacerdotibus
975 3727 1215 3782 dicitur:
1254 3722 1358 3789 Qui
1410 3724 1660 3776 devorant
1697 3722 1898 3790 plebem
1943 3739 2135 3787 meam,

500 3812 507 3819 ’
552 3822 845 3876 Dominum
903 3834 1009 3872 non
1048 3816 1420 3871 invocaverunt
1462 3812 1639 3885 (Psal.
1674 3829 1774 3877 LII,
1806 3813 1859 3875 5.
1909 3812 1985 3883 6).
2021 3812 2139 3883 Ipse

498 3906 507 3981 ξ
553 3927 737 3971 autem
780 3912 1023 3984 sapiens,
1058 3909 1120 3963 'id
1154 3910 1259 3975 est,
1322 3907 1604 3971 Doninus,
1658 3908 1885 3960 adduxit
1936 3908 2134 3960 malum

554 4022 720 4078 super
764 4020 880 4069 eos,
935 4012 989 4058 et
1034 4001 1352 4072 pessimum,
1398 3998 1650 4053 videlicet
1696 3998 2138 4054 Nabuchodono-

554 4117 665 4161 sor,
699 4100 813 4153 sive
842 4096 1085 4151 absolute
1107 4092 1329 4157 malum,
1363 4106 1474 4145 rem
1509 4091 1846 4160 significans,
1882 4107 1985 4145 non
2013 4108 2137 4160 per-

494 4178 744 4247 ”sonam
775 4209 788 4243 :
824 4200 875 4245 et
922 4189 1083 4242 verba
1133 4202 1230 4241 sua
1286 4201 1393 4238 non
1436 4183 1681 4248 abstulit,
1744 4198 1865 4252 qum
1922 4181 2138 4236 locutus

495 4276 505 4291 ”
553 4284 731 4338 fuerat
773 4298 867 4353 per
915 4278 1228 4351 prophetas.
1258 4275 1620 4343 Quamobrem
1657 4286 1946 4344 censurget
1974 4290 2139 4343 super

496 4356 509 4363 ﬁ
555 4376 753 4431 tribum
778 4371 972 4427 Judant
1006 4373 1224 4426 domum
1254 4370 1636 4438 pessimorum,
1674 4381 1727 4422 et
1758 4379 1947 4424 contra
1979 4370 2136 4422 auxi-

496 4456 501 4465 .
553 4457 1099 4540 liuml/E'gyptiorum,
1121 4465 1213 4537 qui
1234 4452 1911 4534 operunturiniquitatem.
1932 4463 2140 4536 [Ἐρυμ-

2252 3258 2414 3329 Spicit
2453 3276 2467 3313 ε
2509 3259 2587 3315 sic
2631 3261 2890 3314 Dominus
2935 3264 3276 3317 exercituum
3321 3265 3681 3333 praeliabitnr,
3727 3283 3830 3322 non

2252 3360 2442 3405 contra
2481 3364 2719 3407 montem
2759 3354 2889 3407 Sion
2928 3366 2981 3408 et
3027 3355 3219 3409 collem
3276 3356 3623 3427 ejusysuper
3672 3373 3830 3412 mon-

2253 3455 2359 3499 tem
2384 3444 2515 3499 Sion
2545 3456 2733 3501 contra
2753 3448 3095 3502 adversarios
3118 3448 3278 3505 illius.
3306 3450 3561 3505 Dicamus
3582 3461 3637 3507 et
3666 3453 3827 3507 aliam

2250 3540 2713 3606 comparationem
2759 3557 2772 3594 :
2810 3539 3090 3606 Quomodo
3130 3558 3259 3597 aves
3313 3550 3369 3596 ut
3421 3543 3716 3599 defendant
3748 3546 3830 3600 le-

2253 3642 2337 3684 tus
2391 3645 2538 3694 suos.
2590 3632 2749 3685 nidos
2800 3633 3173 3700 supervolmt,
3210 3646 3263 3687 et
3316 3636 3432 3690 sive
3493 3648 3828 3705 serpentem,

2251 3725 2368 3779 sive
2396 3725 2667 3777 hominem
2702 3724 2952 3788 viderint,
2986 3741 3222 3797 avesque
3249 3729 3386 3783 alias
3404 3728 3471 3784 ad
3500 3732 3679 3799 pullos
3703 3746 3830 3785 suos

2250 3818 2534 3883 accedere,
2568 3817 2753 3871 oblita:
2803 3817 3222 3883 imbecillitatis,
3275 3832 3451 3875 rostro
3496 3834 3737 3893 pugnant
3774 3834 3830 3878 et

2251 3910 2545 3979 unguibus,
2579 3911 2931 3981 doloremque
2959 3914 3197 3982 pectoris
3221 3915 3436 3982 garrula
3466 3932 3600 3972 voce
3630 3933 3828 3987 Conge-

2251 4001 2501 4052 Ininant:
2536 3999 2615 4052 sic
2658 3998 2923 4054 Dominus
2954 4012 3200 4071 pt'Otegt-t
3243 4002 3573 4069 Jerusalem,
3605 4018 3657 4059 et
3696 4010 3832 4063 libe-

2249 4093 2389 4145 rabit
2414 4107 2531 4146 eam
2562 4094 2856 4157 transiens,
2884 4104 3047 4161 atque
3074 4096 3328 4154 salvabit.
3355 4094 3461 4148 Pio
3501 4108 3826 4166 transeunte,

2247 4183 2300 4236 iu
2336 4183 2600 4238 llebraieo
2640 4199 2802 4239 rnxse
2834 4190 2848 4216 '
2879 4203 2893 4244 :
2930 4186 2981 4238 in
3012 4188 3208 4251 tribus,
3248 4201 3439 4253 praeter
3465 4188 3627 4251 LXX.
3664 4196 3830 4248 inter-

2253 4279 2498 4348 pretilius
2550 4277 2901 4347 ὒπερόαιιιων
2944 4280 3184 4347 ponitur.
3224 4280 3300 4335 Ex
3340 4292 3446 4350 quo
3480 4287 3827 4340 manifestum

2245 4382 2350 4435 est,
2390 4369 2613 4437 Pascha,
2643 4371 2742 4425 hoc
2769 4383 2872 4439 est,
2905 4370 3074 4447 Phasi:
3112 4375 3323 4429 Domini
3357 4374 3522 4449 424
3556 4396 3660 4433 non
3695 4354 3833 4443 ipa:-

2248 4465 2447 4516 sionem
2511 4462 2841 4533 signiﬁcare,
2907 4466 3000 4518 sed
3063 4469 3376 4522 transitum.
3437 4470 3591 4534 Quod
3644 4480 3830 4523 autem

490 4556 521 4649 ζ’
553 4578 635 4620 ιω
669 4567 839 4626 cuitu,
884 4550 1001 4616 sive
1052 4556 1360 4630 zEgyptiur,
1417 4566 1473 4611 ut
1513 4555 1658 4611 LXX
1713 4557 2132 4622 transtulerunt,
2172 4573 2213 4628 ο
2250 4554 2508 4609 Dominus
2555 4555 2605 4607 in
2636 4555 3047 4609 similitudinem
3090 4563 3273 4610 avium
3321 4567 3604 4625 protector
3663 4559 3830 4613 fuerit
3890 4584 3897 4639 ξ

550 4661 705 4712 homo
732 4666 827 4721 est,
871 4666 918 4708 et
951 4670 1053 4709 non
1079 4652 1254 4717 Deus;
1294 4663 1342 4705 et
1394 4651 1513 4717 equi
1537 4667 1717 4705 eorum
1763 4667 1911 4714 caro,
1945 4659 1991 4704 et
2029 4667 2133 4703 non

488 4823 499 4829 _
549 4754 792 4827 spiritus.
824 4747 982 4803 Unde
1013 4757 1067 4800 et
1099 4748 1152 4801 in
1202 4743 1441 4799 Jercmia
1495 4744 1756 4812 scriptum
1793 4753 1876 4796 est
1907 4760 1920 4794 :
1959 4741 2127 4795 Male-

549 4850 723 4901 dictus
756 4846 911 4898 ltomo
942 4842 1031 4910 qui
1065 4855 1209 4909 spem
1245 4839 1394 4892 habet
1459 4838 1511 4889 in
1542 4836 1776 4894 homine.
1811 4846 1855 4888 et
1889 4834 2128 4902 [irritavit

548 4956 762 4993 carnem
802 4937 1005 4991 brachii
1063 4936 1167 4999 sui,
1202 4944 1249 4988 et
1289 4952 1321 4987 a
1372 4932 1595 4986 Domino
1632 4931 1840 4985 recessit
1874 4947 1966 4984 cor
1992 4929 2131 5000 ejus.

546 5036 617 5089 Et
649 5036 747 5088 erit
782 5034 936 5103 quasi
958 5030 1155 5100 myrice
1177 5029 1233 5081 in
1271 5028 1494 5088 deserto.
1528 5041 1644 5094 qua:
1672 5040 1774 5077 non
1795 5006 1985 5077 tidebil
2014 5038 2131 5074 cum

546 5126 781 5195 venerint
830 5124 969 5195 bona
999 5120 1220 5192 (Jerem.
1277 5134 1409 5183 xvu,
1458 5117 1511 5180 5,
1546 5120 1622 5186 6).
1660 5116 1725 5169 Et
1770 5116 1823 5170 in
1864 5116 1971 5169 alio
2014 5116 2131 5169 loco

488 5196 497 5279 ί
548 5194 815 5286 scriptum
843 5225 927 5270 est
1010 5214 1158 5270 Vana
1189 5211 1339 5265 salus
1401 5212 1630 5263 hominis
1662 5207 1834 5277 (Psal.
1874 5224 1985 5273 th,
2020 5207 2130 5275 15),

549 5313 666 5368 sive
695 5321 754 5366 ut
784 5308 977 5365 melius
1011 5306 1243 5362 habetur
1270 5307 1320 5358 in
1357 5301 1600 5367 llebraro,
1627 5301 1680 5354 in
1711 5300 1941 5354 homine.
1967 5300 2132 5352 Cum-

548 5421 655 5476 que
721 5405 991 5465 Dominus
1033 5416 1251 5456 manum
1314 5415 1467 5454 suam
1520 5394 2015 5467 exlenderitﬂ23
2062 5398 2128 5449 ad

2252 4662 2413 4714 super
2454 4644 2782 4710 Jerusalem,
2841 4645 2894 4700 in
2936 4647 3229 4716 Evangelia
3278 4651 3392 4716 ipse
3428 4658 3659 4703 testatur
3692 4666 3709 4707 :
3748 4650 3834 4703 le-

2244 4740 2496 4806 rusalem,
2524 4740 2843 4806 Jerusalem,
2868 4759 2983 4813 qua:
3006 4743 3198 4797 occidis
3234 4745 3538 4813 prophetas,
3556 4745 3830 4814 etlapidas
3890 4752 3893 4814 Γ

2243 4852 2328 4888 eos
2360 4836 2453 4903 qui
2478 4836 2547 4888 ad
2580 4849 2628 4888 te
2666 4837 2815 4888 missi
2854 4845 2973 4889 sunt
3007 4834 3222 4905 (Matth.
3272 4850 3425 4902 xxut,
3457 4838 3548 4906 ’57)
3590 4840 3834 4910 :quotics
3890 4802 3891 4845 ι

2247 4929 2349 5001 [ΑΙ.
2378 4928 2633 5003 quotidie]
2665 4930 2805 4983 volui
2834 4946 3154 4999 congregare
3186 4933 3325 4999 ﬁlios
3371 4939 3519 4996 tuos,
3542 4935 3682 4986 siCut
3707 4934 3829 5002 gal-

2245 5023 2354 5075 lina
2374 5033 2657 5092 congregat
2685 5025 2859 5093 pullos
2881 5043 3004 5080 suos
3034 5024 3127 5080 sub
3174 5025 3291 5079 alas
3315 5043 3462 5090 suas,
3489 5036 3537 5080 et
3565 5026 3829 5080 noluisti!

2248 5116 2311 5168 Et
2339 5117 2388 5169 in
2435 5116 2857 5173 Deuterononiio
2897 5118 3101 5173 dicitur
3146 5119 3211 5169 de
3238 5119 3463 5170 Domino
3501 5134 3515 5172 :
3557 5116 3831 5185 Expaudit

2243 5208 2358 5260 alas
2387 5225 2533 5269 suas.
2566 5218 2615 5261 et
2655 5211 2879 5280 suscepit
2908 5226 3016 5275 eos,
3043 5218 3091 5262 et
3133 5210 3366 5278 portat-it
3395 5226 3483 5264 eos
3514 5210 3567 5264 in
3593 5209 3829 5263 humeris

2242 5303 2350 5353 suis
2383 5301 2561 5369 (Deut.
2598 5320 2765 5371 xxxii,
2793 5305 2902 5373 il).

2316 5389 2495 5462 (Vers.
2539 5395 2570 5447 6
2602 5394 2778 5463 seqq.)
2826 5412 2844 5446 ι
2876 5394 3286 5461 Convertiinini,
3328 5397 3474 5452 sicut
3523 5397 3574 5452 in
3606 5395 3807 5468 profun

549 5498 908 5569 puniendum,
957 5497 1038 5551 vel
1091 5491 1467 5559 declinaverit,
1526 5489 1629 5545 sub
1665 5488 1981 5557 metaphora
2036 5504 2131 5541 au-
2248 5487 2375 5542 dum
2409 5490 2786 5555 recesseratis,
2842 5487 2934 5541 lilii
2975 5486 3163 5543 israel.
3227 5487 3402 5544 indie
3437 5492 3585 5561 enim
3621 5490 3710 5545 illa
3737 5476 3875 5587 ab-i

626 5660 642 5690 ¹
679 5657 744 5713 1η
787 5654 1051 5709 Hebrairo
1084 5651 1276 5707 Phase.
1323 5649 1401 5703 ita
1432 5649 1839 5719 leguntornncs
1865 5659 1993 5698 mss.
2031 5661 2125 5697 cn-
2192 5661 2196 5666 '
2248 5652 2483 5705 luerunt.
2522 5649 2796 5704 Mittit-lxx.

549 5712 698 5785 dices
720 5730 867 5783 nullo
898 5737 1127 5795 excepto
1154 5742 1167 5777 :
1203 5737 1256 5777 at
1278 5712 1535 5795 Erasini]:
1552 5728 1605 5795 et
1630 5716 1910 5769 Marianos
1937 5732 2121 5769 νυιέιιι
2272 5791 2282 5795 Δ
2320 5722 2628 5795 -έΟυιιδυΙθ
2655 5721 3098 5779 Commentarios
3120 5723 3173 5781 in
3203 5720 3505 5790 Michaeam,
3531 5731 3588 5780 et
3609 5723 3666 5780 in
3685 5718 3833 5777 Mat-
3870 5712 3871 5735 ¹

550 5799 831 5854 υθὶιταξειιιι
852 5790 1065 5864 punctis
1090 5794 1543 5864 Massoretbarum
1565 5790 1907 5864 instructam,
1933 5801 2127 5856 nempe
2248 5791 2373 5847 thzei
2413 5807 2531 5863 cap.
2562 5806 2713 5848 xxvi.

546 5876 692 5933 Π·βὲ
719 5859 978 5935 pasoahli,
1014 5868 1067 5919 iu
1104 5877 1250 5919 testu
1310 5859 1734 5927 llieromyuiano
1770 5870 1973 5926 ponere
2006 5874 2122 5914 nia-
