3952 6180
250 327 362 394 363

777 327 1273 392 COMMENTAR.
1323 330 1406 391 IN
1449 329 1714 392 ISAIAM
1758 329 2221 390 PROPHETAM
2267 328 2417 389 UB.
2452 326 2523 398 X,
2554 324 2722 387 CAP.
2758 323 3012 385 XXXII.

3412 276 3537 387 aio

242 444 413 517 jiciet
464 443 545 497 vir
584 443 725 498 idola
763 444 971 514 argenti
1007 444 1089 498 sui
1128 453 1183 498 et
1230 444 1370 498 idola
1418 446 1536 498 auri
1581 446 1689 508 sui,
1721 444 1841 513 (put:
1873 453 1912 508 Α
1948 460 2268 514 perversum
2296 444 2362 498 ad
2397 442 2580 498 crucis
2605 442 2825 511 signum
2877 454 3024 511 terga
3052 447 3393 511 converterit.
3430 437 3547 493 Do-»

245 535 511 592 fecerunt
558 534 713 590 vobis
743 551 939 590 manus
974 545 1171 590 vestra:
1199 537 1250 589 in
1300 547 1607 606 peccatum.
1646 536 1712 590 Et
1754 552 1844 591 ca-

247 624 347 682 det
388 630 565 682 Assur
609 628 661 681 in
701 628 879 699 gladio
915 642 1017 681 non
1057 628 1181 688 viri,
1229 636 1285 681 et
1336 627 1550 698 gladius
1592 643 1695 679 non
1752 629 1847 681 lto-

248 718 428 772 minis
454 719 667 775 vorabit
696 734 819 773 eum
854 735 868 771 :
904 729 955 770 et
998 717 1169 786 fugiet
1201 733 1305 771 non
1354 733 1383 772 a
1418 717 1553 770 facie
1581 717 1767 788 gladii.
1793 726 1847 772 et

243 807 484 877 juvenes
509 811 631 877 ejus
678 810 971 877 vectigales
1024 821 1205 863 erunt.
1247 809 1312 862 Et
1364 808 1628 864 fortitudo
1664 810 1783 875 ejus
1817 794 1845 861 τι

250 910 472 955 terrore
523 901 793 964 transibit,
826 911 880 954 et
918 901 1195 975 parebunt
1241 901 1513 972 fugientes
1577 901 1848 972 principes

248 991 398 1059 ejus,
435 992 573 1045 dixit
604 990 884 1055 Dominus,
919 991 1080 1059 cujus
1140 993 1279 1060 ignis
1317 994 1368 1045 in
1403 992 1553 1056 Sion,
1591 1005 1643 1046 et
1674 992 1843 1049 caan

250 1098 362 1135 nus
402 1083 525 1151 ejus
582 1084 634 1137 in
667 1082 967 1138 Jerusalem
1010 1084 1048 1137 ⁸,
1099 1102 1116 1135 ι
1154 1082 1293 1136 LXX
1330 1101 1344 1138 :
1381 1103 1397 1134 ι
1431 1084 1844 1149 Cttnvcrtilttini,

247 1176 401 1227 sicut
430 1176 485 1227 in
517 1174 840 1243 profundum
899 1177 1276 1239 recesseratis,
1325 1175 1415 1229 lilii
1450 1175 1632 1249 Israel.
1673 1177 1728 1232 In
1757 1180 1845 1235 die

248 1267 401 1317 enim
456 1265 550 1317 illa
608 1266 827 1333 abjiciet
861 1267 943 1318 vir
996 1267 1137 1319 idola
1189 1268 1400 1333 argenti
1452 1268 1557 1331 sui,
1593 1284 1648 1323 et
1703 1269 1843 1323 idola

252 1356 379 1408 auri
420 1355 507 1409 sui
542 1372 659 1425 qum
701 1356 951 1412 fecerunt
982 1358 1137 1412 vobis
1184 1373 1378 1414 manus
1416 1369 1607 1413 vestrae
1636 1360 1688 1414 in
1720 1376 1843 1429 pee-

252 1458 465 1503 catum.
495 1448 557 1502 Et
591 1449 748 1503 cadet
770 1448 942 1503 Assur
975 1451 1029 1503 in
1056 1451 1234 1520 gladio
1260 1467 1363 1503 non
1395 1451 1515 1517 viri,
1559 1464 1611 1507 et
1633 1452 1845 1523 gladius

252 1555 367 1592 non
411 1541 652 1595 hominis
714 1541 925 1595 vorabit
965 1557 1114 1606 eum,
1159 1551 1215 1597 et
1264 1542 1432 1614 fugiet
1488 1558 1591 1597 non
1641 1559 1669 1598 a
1706 1544 1847 1617 fcie,

252 1632 465 1699 gladii;
498 1632 724 1700 juvenes
749 1634 866 1702 ejus
900 1634 1341 1701 superabuntur;
1377 1648 1528 1705 petra
1562 1638 1707 1691 enim
1737 1640 1844 1692 cir-

254 1724 676 1777 cumdabantur
711 1726 863 1793 quasi
895 1726 1057 1788 vallo,
1096 1737 1148 1779 et
1178 1728 1493 1793 vincentur;
1528 1729 1620 1796 qui
1654 1740 1838 1783 autem
1882 1746 1887 1751 ·

1955 536 2086 589 mini
2121 535 2318 603 quippe
2344 534 2614 589 sententia
2645 544 2749 600 est,
2805 544 2863 587 ut
2892 535 2994 588 hoc
3030 531 3121 585 fiat
3158 549 3170 586 :
3199 529 3355 601 cujus
3386 532 3529 601 ignis

1949 627 2065 679 sive
2099 626 2278 679 lumen
2337 635 2421 681 est
2455 626 2505 680 in
2540 623 2670 679 Sion
2721 633 2775 680 et
2809 625 3057 679 clibanus
3107 624 3158 676 in
3202 622 3529 678 Jerusalem.

1947 718 2092 787 Ignis
2128 727 2183 772 et
2221 717 2401 771 lumen
2459 717 2723 773 llebraice
2772 718 2977 773 eisdem
3017 716 3330 772 scribuntur
3376 715 3529 770 litte-

1948 810 2024 863 ris
2062 824 2258 873 ALEPH,
2292 825 2414 874 vso,
2444 825 2570 874 nes;
2600 810 2742 878 quod
2772 810 2817 864 si
2862 810 3072 878 legatur
3125 825 3212 875 ca,
3242 810 3412 880 ignem
3440 823 3531 861 so-

1952 913 2044 958 nat
2075 919 2087 955 :
2116 904 2159 957 si
2200 918 2288 965 ou,
2334 903 2525 957 lucem.
2554 902 2665 956 lloc
2708 903 2827 958 ideo
2877 902 3080 959 dictum
3125 914 3231 965 est,
3267 902 3393 973 quia
3430 919 3528 972 pro

1950 996 2088 1064 igne,
2147 1010 2306 1063 quem
2363 995 2511 1049 solus
2568 980 2960 1063 interpretatus
3006 1004 3088 1048 est
3144 994 3537 1066 Symmachus,

1948 1087 2143 1155 Aquila
2168 1095 2221 1138 et
2254 1083 2559 1140 Tt.eod0tio
2592 1086 2768 1141 lumen
2799 1086 3215 1141 transtulerunt.
3238 1086 3390 1153 ,Quid
3423 1085 3526 1140 sibi

1948 1190 2132 1234 autem
2159 1179 2288 1233 velit
2324 1179 2469 1247 quod
2496 1180 2549 1233 in
2584 1181 2937 1249 Septuaginta
2966 1179 3161 1246 legitur
3200 1196 3213 1233 :
3240 1178 3401 1235 Petra
3422 1178 3527 1233 cir-

1949 1254 2343 1325 cumdabantur
2392 1272 2546 1339 quasi
2576 1270 2745 1343 vallo,
2793 1279 2840 1327 et
2866 1272 3141 1333 vincentur
3168 1286 3184 1327 :
3211 1272 3301 1341 qui
3336 1282 3528 1324 autem

1948 1360 2163 1431 fugerit,
2205 1362 2442 1430 capietur
2477 1376 2491 1417 :
2526 1361 2669 1414 scire
2718 1374 2826 1413 non
2864 1360 3041 1414 valeo.
3096 1357 3225 1429 Nisi.
3263 1344 3399 1443 forte
3423 1359 3537 1441 hoc.

1948 1470 2237 1523 possumus
2284 1452 2493 1518 dicere,
2522 1454 2667 1523 quod
2716 1453 2954 1524 juvenes
3017 1454 3156 1523 regis
3190 1453 3399 1524 Assyrii
3433 1453 3529 1525 qui

1948 1547 2201 1603 vincendi
2259 1557 2384 1601 sunt
2444 1556 2610 1617 atque
2663 1546 2948 1617 capiendi,
3003 1534 3075 1603 ita
3119 1546 3541 1607 circttmdentur

1947 1620 2122 1706 petra,
2160 1640 2261 1695 hoc
2310 1651 2391 1694 est
2429 1639 2753 1695 fortitudine
2794 1639 3030 1700 Domini,
3073 1638 3354 1705 quomodo
3387 1636 3531 1691 vallo

1945 1710 2315 1784 circumdatur
2377 1729 2593 1785 civitas.
2642 1730 2812 1786 Porro
2859 1732 2998 1798 quod
3057 1732 3350 1797 sequitur:
3391 1728 3524 1781 Bea-

252 1813 486 1883 fngerit,
523 1818 794 1883 capietur.
854 1816 977 1872 llzvc
1009 1818 1140 1874 dicit
1186 1818 1448 1891 Dominus
1486 1820 1720 1876 :Beatus
1749 1824 1840 1891 qui
1877 1800 1916 1855 Β
1948 1833 2031 1875 tus
2053 1824 2083 1887 ﬁ
2102 1824 2191 1892 qui
2218 1822 2375 1878 habet
2408 1838 2582 1877 semen
2626 1824 2681 1878 in
2734 1822 2885 1888 Sion,
2914 1834 2962 1877 et
2990 1823 3307 1876 domesticos
3346 1824 3398 1876 in
3432 1822 3523 1876 Je-

255 1910 427 1965 haliet
457 1910 512 1965 in
552 1911 681 1965 Sion
706 1927 912 1974 semen,
948 1923 1001 1968 et
1031 1915 1357 1983 domesticos
1388 1916 1795 1989 in_.lernsalem.
1820 1938 1835 1969 ι

252 2005 552 2076 Pugnaute
600 2005 831 2060 Domino
868 2022 1031 2075 super
1086 1994 1322 2062 montem
1355 2002 1485 2063 Sion
1524 2020 1714 2064 contra
1752 2010 1845 2075 ad:

251 2100 533 2152 versarios
579 2098 716 2165 ejus,
751 2111 803 2153 et
839 2110 1156 2167 protegente
1186 2154 1187 2157 η
1214 2116 1331 2155 eam
1383 2104 1557 2155 instar
1614 2101 1793 2157 avium
1825 2120 1839 2155 :

251 2190 675 2255 Corivertimini,
728 2206 762 2244 ο
816 2192 907 2245 lilii
957 2192 1158 2258 Israel;
1208 2197 1323 2249 sive
1375 2206 1431 2248 ut
1484 2194 1842 2266 Symmachus

252 2284 544 2351 transtulit
578 2300 592 2337 :
631 2283 783 2354 Agite
804 2286 1199 2352 pauitantiam,
1247 2288 1337 2350 qui
1370 2286 1638 2354 pro/nudo
1664 2270 1840 2341 consi-

251 2378 324 2428 tio
349 2384 514 2445 atque
545 2387 759 2442 peccato
796 2394 826 2429 (ι
856 2376 1080 2432 Domino
1119 2379 1429 2433 recessistis.
1460 2379 1514 2432 Si
1557 2381 1699 2433 enim
1740 2380 1842 2435 hoc

252 2464 526 2532 feceritis,
570 2468 1083 2537 abjicientcsidota
1145 2484 1310 2523 aurea
1361 2480 1527 2540 atque
1563 2483 1839 2541 argentea,

251 2574 381 2627 quae
422 2559 578 2614 vobis
616 2559 837 2615 fuerunt
880 2564 932 2616 in
965 2573 1271 2632 peccatum,
1312 2574 1533 2633 pt'OplCl‘
1565 2579 1680 2632 qum
1713 2566 1843 2619 urbs

254 2666 441 2708 vestra
471 2664 631 2722 capta
661 2665 744 2710 est
776 2672 791 2710 :
819 2657 974 2715 cadet
1006 2657 1201 2723 Assur,
1240 2657 1396 2724 cujus
1421 2669 1567 2712 metu
1594 2676 1737 2715 nunc
1758 2660 1842 2714 fu-

252 2748 410 2813 gitis,
443 2761 548 2800 non
581 2747 762 2814 gladio
801 2748 1101 2815 hominum,
1157 2765 1256 2804 nec
1290 2752 1565 2806 exercitus
1624 2754 1839 2817 robore,

250 2836 349 2890 sed
395 2834 493 2890 Dei
530 2839 785 2905 potentia.
822 2837 1105 2905 Signiﬁcat
1154 2850 1333 2895 autem
1371 2843 1647 2909 angi-lum,
1679 2858 1706 2894 a
1736 2858 1843 2913 quo

252 2936 483 2977 centum
532 2929 810 2995 octoginta
858 2922 1100 2997 quinque
1151 2932 1316 2986 millia
1358 2933 1705 3003 Assyriorum
1735 2951 1840 2989 una

254 3025 418 3072 nocte
449 3017 628 3072 deleta
669 3029 815 3074 sunt.
848 3020 969 3088 Ipse
1004 3037 1216 3092 quoque
1260 3040 1351 3076 rex
1382 3027 1640 3095 Assyrius
1674 3026 1844 3096 fugiet

1947 1914 2209 1979 ιιιεαιεηι,
2255 1915 2336 1973 sic
2382 1914 2734 1984 interpretari
2791 1931 3101 1984 possumus,
3163 1925 3220 1969 ut
3271 1915 3523 1969 dicamus

1944 2005 2225 2073 prtesentis
2256 1996 2362 2061 laci
2398 2008 2584 2062 sensui
2645 2007 2961 2072 cenveuire,
3011 2010 3155 2075 quod
3199 2007 3523 2061 exhortatur

1943 2112 2125 2152 st-rmo
2176 2097 2395 2154 divinus
2445 2098 2715 2169 fugientes
2749 2099 2803 2153 in
2859 2097 3176 2173 A‘ngptum,
3231 2099 3424 2153 reverti
3468 2099 3527 2153 in

1941 2184 2265 2254 Jerusalem,
2308 2197 2362 2243 et
2400 2189 2540 2242 tilios
2574 2203 2886 2258 procreare.
2930 2189 3025 2243 Cui
3056 2195 3204 2257 tanta
3238 2189 3517 2245 beatitudo

1943 2268 2298 2346 promittitur,
2366 2291 2423 2333 ut
2482 2280 2697 2343 Domini.
2750 2278 3069 2335 defendatur
3104 2268 3525 2357 ‘et'protegatnr‘

1942 2370 2169 2422 auxilio.
2400 2371 2467 2425 Et
2511 2370 2560 2423 in
2592 2371 2700 2426 alio
2736 2371 2854 2426 loco
2885 2370 2953 2426 de
3003 2387 3063 2425 ea
3098 2354 3361 2440 scriptum
3398 2368 3469 2423 sit

1946 2461 2063 2516 Erit
2094 2465 2261 2533 gloria
2304 2465 2490 2518 domus
2535 2464 2694 2532 hujus
2730 2465 3024 2523 novissima:
3075 2480 3230 2531 super
3289 2452 3523 2530 priorem

1943 2555 2147 2626 μίαν(εὲ
2179 2571 2237 2619 ιι,
2268 2554 2375 2622 l0).
2409 2555 2559 2622 Quod
2587 2564 2640 2609 ct
2668 2556 2735 2610 ad
2766 2555 3059 2627 Ecclesiatn
3095 2555 3285 2610 referri
3318 2566 3521 2626 potest,

1945 2646 2194 2699 visionem
2222 2648 2368 2717 pacis
2408 2656 2455 2699 et
2486 2647 2784 2717 speculam,
2826 2646 2894 2701 de
2933 2662 3037 2716 qua
3086 2646 3349 2715 Scriptum
3383 2654 3467 2700 est
3506 2663 3533 2700 ;ν

1944 2736 2189 2793 Gloriosa
2220 2739 2360 2791 dicta
2388 2732 2509 2791 sunt
2550 2740 2613 2792 de
2645 2750 2716 2806 te,
2749 2730 2930 2794 civitas
2966 2739 3059 2793 Dei
3094 2734 3266 2809 (Psal.
3306 2755 3522 2794 Luxu.

1943 2830 2014 2899 2).
2060 2829 2123 2881 Ει
2174 2830 2300 2885 al.bi
2334 2848 2347 2884 :
2376 2827 2648 2895 Fluminis
2696 2833 2918 2902 impetus
2968 2831 3207 2900 ltvliﬁcat
3258 2831 3525 2903 civitatein

1949 2921 2043 2978 Dei
2071 2922 2247 2995 (Paul.
2290 2940 2414 2989 xcv,
2456 2925 2534 2994 5).
2573 2923 2629 2977 ιιι
2661 2925 2761 2978 hac
2804 2920 2946 2976 enim
2992 2922 3128 2991 ignis
3159 2932 3240 2976 est
3273 2934 3327 2976 ct
3354 2907 3525 2976 cami-

1948 3032 2067 3082 nus,
2094 3019 2187 3087 qui
2226 3018 2450 3073 devoret
2482 3026 2823 3087 peccatores,
2858 3024 2911 3070 et
2962 3016 3131 3084 ligna,
3159 3013 3374 3077 fenum,
3429 3012 3525 3070 sti;

253 3126 363 3164 non
402 3110 689 3164 hominum
720 3112 982 3179 gladium,
1022 3116 1116 3168 Sed
1146 3117 1280 3169 iram
1324 3117 1419 3171 Dei
1453 3136 1468 3173 :
1505 3121 1575 3172 ita
1609 3120 1835 3188 utjuvc-

1951 3112 2240 3181 pulamquc
2285 3120 2607 3175 consumat;
2654 3108 2769 3162 sive
2817 3108 2996 3160 lumen
3037 3113 3093 3162 et
3125 3106 3399 3172 clibanus,
3465 3116 3519 3161 ut

256 3217 353 3257 nes
390 3202 540 3256 illius
570 3212 733 3272 atque
765 3206 997 3271 robusti,
1035 3207 1327 3278 vectigales
1384 3211 1513 3264 fiant
1548 3210 1736 3276 Medis,
1773 3212 1842 3268 de

249 3297 458 3364 qutbus
487 3311 650 3365 supra
680 3306 866 3354 contra
922 3299 1252 3371 Babylonem
1304 3305 1548 3359 dicitur:
1588 3305 1718 3361 Ecce
1748 3323 1841 3377 ego

250 3387 526 3442 suscitabo
571 3390 711 3443 vobis
755 3391 960 3445 Medos.
985 3392 1051 3445 Et
1096 3392 1358 3449 fortitudo
1385 3397 1595 3468 Assyrii
1629 3398 1838 3455 Domini

254 3486 474 3534 terrore
509 3483 760 3537 transibit
807 3482 971 3555 425
1001 3493 1162 3555 atque
1213 3489 1509 3556 praeteriet,
1538 3506 1840 3562 omnesque

252 3576 538 3644 principes
567 3574 713 3631 illius
755 3578 1194 3645 pertremiscent.
1228 3580 1373 3634 Dixit
1401 3586 1545 3635 enim
1580 3584 1841 3642 Dominus

255 3677 423 3730 atque
465 3668 741 3733 pollicitus
776 3681 880 3733 est,
924 3672 1082 3742 cujus
1131 3674 1355 3738 dixisse,
1388 3674 1586 3731 fecisse
1629 3688 1711 3731 est
1745 3696 1759 3736 :
1788 3688 1842 3733 et

254 3756 346 3821 qui
377 3759 543 3811 habet
577 3758 752 3828 ignem
780 3762 832 3813 in
868 3760 1026 3825 Sion,
1061 3771 1116 3815 et
1138 3763 1409 3817 caminum
1437 3767 1487 3818 in
1511 3764 1837 3834 Jerusalem,

255 3858 312 3902 ut
342 3853 695 3907 adversarios
754 3869 880 3906 suos
909 3853 1080 3907 instar
1132 3856 1347 3925 stipula:
1380 3866 1543 3927 atque
1572 3861 1838 3929 lignorum

255 3941 551 4009 egrediens
604 3943 671 3999 de
693 3942 995 4001 Jerusalem
1043 3947 1261 4001 ﬂamma
1321 3962 1628 4005 consumat.
1687 3953 1841 4009 Alius

257 4032 359 4087 hoc
385 4036 534 4103 quod
559 4035 762 4089 dicitur
802 4053 816 4090 :
850 4036 911 4092 In
943 4038 1027 4093 die
1063 4040 1163 4093 illa
1197 4039 1407 4110 objiciet
1437 4043 1518 4096 vir
1559 4042 1703 4097 idola
1744 4061 1838 4098 ar-

253 4129 398 4194 genti
430 4127 536 4190 sui,
567 4137 623 4181 et
644 4128 874 4196 reliqua,
917 4131 994 4185 sic
1031 4132 1442 4201 interpretatur,
1504 4144 1563 4186 ut
1596 4144 1718 4203 post
1747 4150 1839 4190 re-

254 4217 430 4271 ddunt
458 4218 524 4272 de
550 4219 870 4287 captivitate
903 4220 1195 4293 Babylonia
1233 4240 1408 4293 usque
1441 4225 1507 4279 ad
1543 4229 1835 4282 adventum

256 4306 486 4367 Christi,
520 4321 762 4375 numqua
790 4329 818 4359 ιι
854 4309 993 4364 tilios
1023 4312 1188 4366 Israel
1230 4313 1370 4367 idola
1407 4314 1641 4371 coluisse
1675 4327 1839 4371 teste-

260 4405 365 4448 tur.
390 4396 675 4466 Assyrium
717 4413 936 4468 quotpte
969 4402 1020 4453 in
1061 4404 1316 4469 praesenti
1367 4403 1487 4459 loco
1513 4407 1832 4476 significari,

258 4505 364 4543 non
394 4492 465 4544 ab
499 4492 713 4560 angelo,
748 4495 842 4546 sed
881 4515 905 4546 a
943 4494 1113 4550 Medus
1135 4512 1255 4550 esse
1284 4503 1673 4566 superandum,
1695 4503 1839 4568 quod

257 4583 698 4634 vetustissimqu
726 4592 777 4635 et
808 4587 1077 4651 quondam
1128 4598 1323 4654 potens
1356 4601 1735 4658 rrgnum,post
1760 4587 1840 4643 of-

258 4671 470 4724 fensam
512 4671 724 4748 Domini
750 4674 985 4729 deletum
1016 4678 1105 4740 sit,
1133 4676 1539 4748 victoribusque
1564 4681 1839 4735 servierit.

255 4762 504 4819 Nazarci
534 4746 714 4821 locum
743 4768 903 4822 istum
931 4770 1011 4824 sic
1060 4770 1366 4839 intelligunt
1399 4789 1412 4825 :
1445 4772 1488 4826 Ο
1519 4774 1612 4827 lilii
1643 4774 1837 4840 Israel,

254 4864 345 4924 qui
379 4859 613 4914 consilio
643 4862 876 4929 pessimo
909 4863 1002 4917 Dei
1033 4863 1229 4918 Filium
1258 4867 1589 4933 denegastis,
1614 4868 1840 4922 reverti-

256 4958 389 5007 mini
425 4955 495 5009 ad
534 4942 658 5009 eu‘m
684 4966 739 5009 et
775 4956 842 5009 ad
874 4957 1150 5025 apostolos
1189 4957 1328 5026 ejus.
1364 4957 1417 5013 Si
1466 4961 1609 5013 enim
1637 4960 1740 5015 hoc
1761 4959 1842 5015 fe-

255 5050 469 5113 ceritis,
493 5048 677 5102 omnia
705 5047 978 5118 abjicietis
1010 5050 1151 5105 idola
1190 5066 1313 5121 qua:
1354 5051 1506 5107 vobis
1540 5058 1689 5118 prius
1721 5053 1838 5108 fue-

257 5154 382 5194 rant
429 5144 482 5194 in
523 5153 834 5210 peccatum,
886 5153 942 5197 et
979 5144 1139 5198 cadet
1201 5147 1356 5200 vobis
1410 5146 1674 5212 diabolus,
1734 5163 1836 5201 non

258 5235 469 5289 vestris
492 5233 721 5300 viribus,
773 5235 869 5289 sed
922 5236 1299 5293 misericordia
1339 5237 1427 5291 Dei
1463 5255 1479 5294 :
1513 5249 1567 5292 et
1610 5239 1841 5309 juvenes

259 5325 378 5394 ejus
416 5325 512 5395 qui
546 5326 820 5394 quondam
852 5340 951 5395 pro
985 5327 1080 5380 illo
1108 5338 1505 5397 pugnaverant,
1541 5339 1702 5383 erunt
1732 5328 1836 5384 Ec—

258 5420 438 5473 clesia:
465 5420 781 5489 vectigales,
821 5420 1105 5490 omnisque
1135 5418 1399 5474 fortitudo
1429 5431 1482 5475 et
1515 5432 1664 5489 petra
1696 5421 1841 5475 illius

261 5512 621 5580 pertransibit
658 5528 673 5565 :
712 5511 1018 5582 pll'losophi
1068 5528 1286 5582 quoque
1344 5522 1399 5567 et
1439 5526 1602 5566 omne
1645 5513 1840 5584 degma

330 5645 350 5677 ί
392 5645 506 5700 Duo
541 5643 716 5700 Vatic.
751 5656 913 5714 atque
946 5660 1085 5698 unus
1129 5643 1301 5698 Palat.
1329 5659 1434 5699 ms.
1464 5665 1482 5697 ι
1518 5643 1680 5708 LXX,
1715 5659 1839 5699 cum

257 5719 511 5771 simJitcr
555 5721 738 5785 prima
767 5716 1165 5777 transtulerint,
1212 5718 1261 5768 in
1298 5716 1397 5769 line
1432 5715 1582 5770 fuere
1615 5716 1837 5780 diversi,

262 5792 598 5842 scribentes:
629 5785 846 5841 Iuvenes
877 5787 989 5854 ejus
1036 5789 1447 5855 superabantur,
1494 5803 1507 5836 ι
1545 5796 1647 5843 etc.
1687 5785 1747 5840 Et
1786 5802 1842 5841 re

1945 3204 2217 3272 justorum
2255 3201 2496 3268 claritas,
2528 3212 2583 3255 et
2644 3209 2991 3269 peccatorum
3045 3212 3202 3268 pwna
3250 3209 3521 3253 monstre-

1945 3304 2053 3350 tur.

2019 3386 2175 3456 (Cap.
2219 3384 2440 3465 XXX/ll.
2469 3416 2537 3427 —
2564 3386 2715 3440 Vers.
2752 3389 2773 3440 l
2824 3402 2975 3455 seqq.
3007 3387 3025 3456 )
3057 3406 3074 3439 ι
3121 3386 3258 3442 Ecce
3293 3384 3524 3455 cumju-

1943 3479 2091 3533 stitia
2112 3480 2361 3550 regnabit
2393 3492 2511 3541 rex,
2540 3492 2593 3532 et
2627 3479 2903 3547 principes
2928 3481 2977 3532 in
2997 3479 3202 3548 judicio
3223 3485 3517 3549 pra-erunt.

1946 3571 2013 3625 Et
2049 3570 2156 3625 erit
2199 3570 2281 3624 vir
2319 3570 2460 3626 sicut
2487 3571 2579 3640 qui
2615 3570 2970 3624 absconditur
2998 3586 3025 3622 a
3057 3580 3238 3635 vento,
3281 3581 3334 3622 et
3382 3569 3522 3622 celat

1944 3676 2002 3715 se
2025 3676 2054 3713 a
2082 3669 2442 3731 tempestate:
2468 3660 2611 3715 sicut
2636 3659 2731 3713 rivi
2754 3675 3013 3730 aquarum
3036 3660 3086 3713 in
3112 3660 3224 3722 siti,
3250 3669 3303 3713 et
3328 3658 3527 3713 umbra

1944 3762 2112 3821 petrae
2140 3752 2536 3822 proeminentis
2566 3752 2617 3807 in
2642 3762 2783 3805 terra
2811 3754 3046 3829 deserta.
3071 3750 3188 3804 Non
3209 3750 3522 3819 caligabunt

1943 3844 2085 3898 oculi
2115 3844 2432 3908 videntium,
2467 3853 2523 3898 et
2550 3858 2712 3899 aures
2740 3842 3079 3898 audientium
3113 3844 3399 3913 diligenter
3421 3860 3527 3898 au-

1943 3939 2285 3994 scultabunt.
2327 3936 2505 3992 Etcor
2530 3938 2823 3993 stultorum
2880 3939 3149 4007 intelliget
3204 3936 3516 4000 scientiam,

1944 4040 2000 4087 et
2031 4030 2216 4100 lingua
2290 4029 2579 4085 balborum
2651 4032 2918 4087 velociter
2952 4033 3205 4102 loquetur
3243 4041 3296 4084 et
3340 4032 3516 4100 plane.

1942 4120 2061 4179 Non
2089 4121 2373 4177 vocabitur
2408 4121 2548 4176 ultra
2606 4120 2653 4176 is
2675 4122 2767 4192 qui
2800 4124 3066 4193 insipiens
3093 4131 3193 4189 est,
3217 4122 3473 4194 princeps
3499 4140 3513 4178 :

1943 4231 2124 4286 neque
2154 4216 2530 4271 fraudulentus
2575 4216 2935 4285 appellabitur
3000 4234 3248 4285 magnus.
3312 4217 3518 4273 Fatuus

1941 4308 2086 4362 enim
2118 4306 2266 4362 fatua
2306 4309 2575 4375 loquetur,
2620 4316 2673 4362 et
2695 4323 2788 4363 cor
2810 4309 2929 4377 ejus
2959 4309 3123 4364 faciet
3152 4311 3516 4380 iniquitatem,

1943 4413 2003 4454 ut
2036 4402 2286 4470 perﬁciat
2309 4400 2735 4464 simulationem,
2770 4413 2821 4457 et
2854 4403 3106 4471 loquatur
3139 4406 3203 4456 ad
3233 4403 3521 4459 Dominum

1870 4474 1916 4532 D
1949 4492 2347 4556 fraudulenter,
2378 4503 2431 4546 et
2464 4492 2800 4547 vacuefaciat
2851 4495 3088 4548 animam
3117 4498 3435 4563 esurientis,
3464 4508 3521 4551 et

1948 4592 2130 4653 potum
2174 4581 2384 4636 sitienti
2417 4580 2651 4637 auferat.
2705 4582 3056 4639 Frauduteuti
3103 4602 3227 4640 vasa
3281 4588 3523 4655 pessima

1944 4686 2069 4729 sunt
2102 4690 2120 4726 ι
2157 4675 2270 4742 ipse
2302 4672 2449 4729 enim
2478 4674 2841 4744 cogitationes
2874 4679 3226 4732 concinnavit
3270 4684 3337 4733 ad
3392 4694 3515 4747 per-

1943 4766 2152 4821 dendos
2201 4766 2361 4821 mites
2393 4768 2444 4820 in
2476 4782 2726 4823 sermone
2765 4769 3034 4825 mendacii
3078 4788 3095 4826 '.
3127 4788 3245 4825 cum
3269 4772 3491 4840 loquere

1946 4866 2032 4911 tur
2065 4872 2267 4927 pauper
2297 4857 2582 4928 judicium.
2632 4858 2893 4929 Princeps
2920 4877 3047 4916 vero
3086 4879 3147 4916 ea
3200 4878 3319 4931 qua:
3353 4863 3518 4932 digna

1943 4962 2068 5007 sunt
2103 4951 2345 5021 principe
2365 4953 2645 5022 cogitabit,
2677 4953 2863 5024 etipse
2895 4972 3054 5024 super
3081 4956 3245 5009 duces
3269 4957 3456 5012 Stabit.
3487 4954 3509 5010 ὅ

1945 5038 2087 5095 LXX
2126 5057 2140 5098 :
2181 5060 2198 5093 ι
2224 5042 2364 5097 Ecce
2399 5043 2544 5097 enim
2578 5058 2669 5098 rex
2697 5044 2878 5113 justus
2909 5044 3174 5113 regnabit;
3210 5055 3263 5099 et
3313 5049 3517 5116 princi~

1944 5151 2037 5204 pes
2085 5151 2208 5191 cmn
2239 5134 2445 5206 judicio
2472 5147 2768 5204 prmerunt.
2822 5136 3007 5189 Eterit
3036 5136 3202 5191 homo
3233 5139 3515 5196 occultans

1947 5242 2231 5283 sermones
2255 5243 2405 5287 suos.
2447 5238 2500 5281 et
2534 5229 2898 5283 abscondctur
2930 5232 3082 5298 quasi
3114 5231 3183 5286 ab
3225 5249 3367 5303 aqua
3402 5250 3523 5304 quae

1948 5320 2121 5375 fertur
2153 5339 2167 5376 :
2206 5332 2259 5376 et
2287 5320 2567 5389 apparebit
2604 5321 2657 5374 in
2690 5322 2842 5389 Sion,
2878 5322 3019 5376 sicut
3048 5322 3245 5381 fluvius
3265 5341 3517 5394 currens,

1948 5414 2182 5483 inclytus
2204 5412 2255 5466 in
2304 5422 2447 5466 terra
2480 5412 2710 5478 sitienti,
2740 5423 2792 5467 et
2820 5430 3162 5483 nequaquam
3198 5428 3360 5473 erunt
3387 5433 3522 5474 con-

1947 5505 2177 5560 fidentes
2212 5506 2265 5558 in
2306 5505 2621 5559 hominibus
2657 5521 2671 5559 :
2706 5505 2801 5559 sed
2832 5522 2994 5563 aures
3029 5525 3161 5564 suas
3192 5511 3257 5563 ad
3290 5509 3522 5566 audien-

1945 5644 2160 5712 quidem
2205 5655 2331 5694 vera
2379 5655 2486 5695 non
2524 5641 2644 5695 aliis
2686 5657 2847 5711 quam
2881 5644 2935 5698 in
2984 5644 3088 5699 line
3123 5647 3299 5701 verbis
3322 5662 3416 5703 eos
3439 5649 3523 5704 vi-

1945 5720 2041 5769 des
2072 5712 2349 5765 abludere.

2016 5786 2034 5816 ¹
2057 5782 2202 5840 Unus
2226 5782 2422 5845 Vatic.,
2451 5784 2586 5851 quod
2622 5786 2878 5852 sequimur.
2906 5781 3154 5847 lnLXX.
3174 5785 3394 5860 Beatus,
3413 5800 3519 5848 etc.
