3898 6184
473 209 573 316 ait

1653 263 1711 326 S.
1755 265 2071 326 EUSEBII
2115 270 2557 338 HIERONYMI
3619 297 3709 362 372

471 369 599 472 dum
625 370 852 480 (Ιυιιιιιέι.
892 378 948 426 et
973 385 1070 427 cor
1112 372 1450 429 inﬁrmorum
1486 379 1733 432 attendet
1782 380 1988 435 auditni
2039 398 2052 438 :
2087 395 2128 450 Α
2159 399 2275 441 erat
2327 389 2514 454 timur,
2551 399 2605 446 et
2649 393 2976 453 abutebatur
3027 401 3256 460 stultitia
3312 421 3408 478 pro
3441 409 3702 480 sapientia,

470 467 527 514 et
551 459 748 528 lingua
774 460 1193 522 balbutientiqu
1227 467 1338 522 cito
1366 466 1580 524 discent
1623 471 1771 541 loqui
1805 489 1991 541 pacem
2035 493 2049 534 :

471 559 527 604 et
559 567 904 622 nequaquam
962 556 1146 611 dicent
1181 558 1349 612 stulto
1390 569 1448 614 ut
1508 562 1765 633 princeps
1796 566 1891 630 sit,
1952 583 2053 623 nec

470 643 611 696 ultra
647 644 829 698 dicent
861 646 1091 702 ministri
1125 649 1224 714 tui,
1258 649 1422 706 Tace.
1465 652 1673 709 Fatuus
1702 658 1844 710 enim
1906 656 2051 711 fatua

472 733 744 802 loquetur,
775 745 829 790 et
851 751 947 792 cor
971 739 1085 806 ejus
1106 757 1239 794 vana
1271 744 1534 812 intelliget
1559 749 1624 800 ad
1656 748 2046 816 perﬁciendam

471 823 840 892 iniquitatem.
869 835 925 881 et
985 828 1317 897 loquendum
1351 834 1415 887 ad
1453 835 1741 890 Dominum
1778 853 2047 905 errorem,

470 927 528 969 ut
554 915 835 987 dispergat
865 919 1078 976 animas
1103 923 1432 990 esurientes,
1461 936 1514 980 et
1546 927 1760 984 animas
1801 931 2052 988 sitientes

471 1021 669 1064 vacuas
721 1009 908 1066 iaciat.
964 1012 1263 1069 Consilium
1289 1015 1432 1072 enim
1466 1018 1831 1087 pessimorum
1865 1022 2046 1092 iniqua

467 1100 728 1170 cogitabit
759 1116 775 1157 :
841 1104 1153 1162 interiicere
1182 1108 1414 1164 humiles
1444 1113 1797 1170 sermonibus
1821 1115 2048 1184 iniquis,

467 1204 520 1244 et
554 1193 824 1263 dissipare
863 1198 1027 1254 verba
1080 1198 1372 1255 humilium
1403 1204 1454 1256 in
1477 1203 1706 1274 judicio.
1736 1206 1816 1262 l'ii
1868 1219 2048 1263 autem

466 1284 789 1352 sapientiam
813 1289 1149 1357 cogitarunt,
1180 1302 1234 1346 et
1255 1293 1359 1347 hoc
1383 1295 1673 1350 consilium
1695 1309 1997 1366 permanet.
2024 1317 2044 1351 s

464 1373 626 1430 Juxta
664 1377 808 1431 LXX
839 1379 1168 1448 interpretes
1189 1384 1555 1451 qui‘dixerunt
1581 1401 1596 1442 :
1624 1384 1760 1441 Ecce
1791 1389 1929 1443 enim
1959 1405 2052 1444 res:

459 1468 641 1538 justus
685 1469 947 1540 regnabit,
970 1483 1017 1527 et
1031 1471 1194 1546 427
1223 1477 1482 1546 principes
1516 1493 1633 1530 cum
1663 1477 1867 1546 judicio
1907 1494 2050 1548 prte-

465 1573 644 1627 erunt,
669 1579 790 1633 qua:
819 1578 1124 1634 sequuntur
1153 1569 1530 1637 superioribus
1551 1571 1858 1637 e0pnlanda
1885 1580 2045 1635 sunt,

2161 479 2346 534 dicens
2381 499 2395 536 :
2440 481 2541 537 Hic
2563 485 2611 538 si
2639 503 2703 540 ex
2730 486 2836 541 Deo
2866 502 3021 557 esset,
3053 509 3158 549 non
3191 495 3408 555 solveret
3439 479 3708 563 Sabbatunt

2161 571 2346 639 (Joan.
2377 590 2451 640 ix,
2503 575 2614 646 l6).
2664 577 2815 645 Quod
2869 599 3039 653 usque
3067 586 3226 643 hodie
3283 589 3412 646 facit
3473 594 3706 664 magister

2156 682 2575 738 synagogarutn,
2612 684 2672 728 ut
2705 677 2954 747 perﬁciat
3003 681 3432 752 simulationem,
3465 703 3560 757 pro
3617 705 3703 761 qua

2157 761 2209 814 in
2266 760 2533 819 Hebraico
2556 769 2814 823 scribitur
2840 786 3013 827 osnpn
3031 773 3206 859 (φη).
3228 777 3278 830 id
3299 787 3400 843 est,
3423 779 3706 850 ὑπόκρισις,

2158 850 2315 910 Unde
2335 858 2535 929 saepius
2575 861 2642 915 ad
2673 860 2978 920 Pharisaaos
3008 850 3208 922 dicitur
3234 888 3249 924 :
3289 869 3381 925 Va:
3409 872 3710 937 vobis,Scri-

2155 939 2234 995 ba:
2256 953 2304 995 et
2333 940 2602 1002 Phariswi
2633 949 2922 1020 hypocrita:
2961 951 3176 1023 (Matth.
3209 973 3365 1023 xxm,
3398 962 3507 1030 14).
3537 961 3596 1016 Et
3643 963 3708 1016 lo-

2151 1045 2370 1100 (luatur,
2400 1037 2597 1109 inquit,
2651 1044 2722 1096 ad
2781 1042 3065 1104 Dominum
3120 1048 3708 1126 [raudulentenMagi-

2153 1133 2281 1188 ster,
2304 1127 2500 1182 scimus
2520 1131 2647 1200 quia
2673 1148 2738 1186 ea:
2763 1133 2870 1187 Deo
2888 1153 2964 1202 es,
2983 1145 3032 1190 et
3063 1139 3201 1207 quod
3228 1141 3297 1194 ad
3317 1151 3365 1194 te
3393 1159 3495 1196 non
3512 1145 3705 1213 pertinet

2153 1215 2216 1268 de
2270 1217 2590 1286 hominibus,
2631 1222 2749 1276 licet
2797 1242 3006 1280 censum
3059 1229 3180 1282 dari
3222 1228 3446 1300 Ca'sari,
3502 1253 3566 1288 an
3619 1253 3704 1289 non

2154 1305 2377 1375 (Matth.
2410 1313 2656 1379 xxu,16,
2696 1315 2804 1387 l7).
2835 1316 2937 1384 Qui
2966 1321 3344 1378 vacuefaciunt
3370 1327 3578 1381 animas
3604 1344 3706 1382 esu-

2153 1396 2344 1453 rientis
2362 1402 2569 1470 populi,
2595 1409 2651 1457 et
2683 1415 2868 1474 potum
2892 1409 3151 1465 auferunt
3180 1412 3506 1471 sitientibus
3534 1419 3702 1480 turbis,

2151 1503 2252 1544 nec
2284 1490 2385 1558 ipsi
2413 1493 2704 1560 intrantes,
2735 1512 2835 1552 nec
2858 1500 2995 1555 alios
3019 1501 3226 1557 intrare
3247 1505 3537 1572 patientes.
3561 1506 3704 1561 Frau-

2153 1581 2355 1637 dulenti
2398 1586 2541 1640 enim
2584 1589 2829 1644 doctoris
2887 1604 2940 1646 et
2982 1594 3243 1664 principis
3271 1597 3452 1651 omnia
3512 1614 3626 1651 vasa
3659 1610 3702 1653 et

468 1653 555 1708 bis
586 1655 859 1719 videlicet,
887 1657 940 1711 in
975 1658 1172 1728 quibus
1195 1661 1345 1726 prius
1367 1663 1664 1732 capitulum
1687 1661 1899 1718 ﬁnitum
1925 1671 2046 1719 est:
2079 1709 2122 1764 Β
2151 1688 2302 1728 arma
2357 1675 2474 1747 [Αι.
2530 1681 2759 1755 amara]
2813 1695 2940 1738 sum
2971 1653 3209 1755 ρθεείηςδ
3241 1705 3258 1756 ἱ
3294 1689 3387 1758 φη
3439 1693 3704 1744 concinna,

465 1744 666 1801 Beatus
685 1749 778 1818 qui
804 1749 959 1804 habet
989 1767 1161 1806 semen
1191 1753 1247 1806 in
1279 1751 1429 1818 Sion,
1450 1765 1498 1809 et
1530 1757 1842 1812 domesticos
1874 1758 1928 1811 in
1957 1757 2048 1813 Je-

469 1839 728 1895 rusalcm.
758 1839 922 1897 Juxta
977 1842 1302 1900 Hebraicum
1359 1845 1510 1901 ﬁnita
1530 1850 1713 1918 priore
1740 1852 2044 1920 prophetia,

469 1930 537 1984 de.
566 1930 650 1985 his
675 1933 766 2000 qui
817 1934 872 1988 in
913 1934 1212 2005 Egyptum
1244 1937 1657 1996 descendebant
1695 1958 1710 2000 :
1742 1958 1885 1998 nunc
1912 1943 2049 1998 alte-

471 2021 589 2077 rius
623 2023 1032 2082 vaticinationis
1066 2029 1352 2085 exordium
1393 2039 1496 2094 est,
1551 2031 1619 2085 de
1645 2032 1880 2087 adventu
1936 2034 2047 2087 sci-

471 2113 602 2169 licet
628 2113 833 2170 Christi
863 2125 915 2172 et
939 2118 1312 2185 apostolorum
1355 2120 1497 2190 ejus.
1532 2122 1641 2178 Iste
1671 2124 1815 2178 enim
1843 2139 1932 2178 rex
1962 2141 2048 2179 re-

469 2204 660 2273 gnabit
699 2206 846 2276 juste
885 2223 900 2263 :
935 2224 1042 2263 non
1075 2209 1354 2280 accipiens
1401 2227 1689 2282 personam
1716 2216 1770 2270 in
1817 2215 2045 2286 judicio,

470 2305 526 2351 et
557 2297 832 2369 principes
870 2299 1012 2355 illius
1036 2316 1160 2356 cum
1197 2313 1428 2360 veritate
1461 2317 1764 2376 praeerant,
1827 2322 2041 2374 causas,

468 2405 577 2444 non
601 2391 852 2449 homines
882 2395 1314 2453 considerantes.
1350 2397 1417 2454 Et
1456 2400 1772 2469 quicunque
1793 2403 1894 2455 sub
1927 2403 2044 2470 ejus

470 2484 795 2542 umbraculo
824 2488 1014 2554 fuerit,
1052 2489 1134 2545 sic
1175 2499 1324 2545 tutus
1355 2493 1466 2547 erit
1492 2493 1543 2546 in
1595 2493 2044 2548 tribulationibus

466 2588 521 2632 et
549 2580 841 2649 angustiis,
857 2591 912 2636 et
941 2582 991 2636 in
1022 2584 1204 2638 mundi
1238 2585 1397 2640 istius
1429 2595 1777 2654 tempestate,
1811 2603 2042 2656 quomo-

464 2671 536 2726 do
566 2674 657 2742 qui
688 2683 908 2728 ventum
929 2684 983 2730 et
1013 2675 1280 2730 turbinem
1310 2676 1546 2752 fugiens,
1571 2695 1631 2734 se
1657 2688 1774 2734 tuto
1809 2681 2044 2735 abscon-

465 2764 547 2818 dit
577 2764 696 2821 loco
730 2783 746 2831 ;
777 2778 834 2821 et
865 2767 960 2837 qui
992 2768 1316 2836 purissimos
1345 2769 1523 2826 fontes
1543 2772 1754 2827 invenit
1777 2772 1828 2826 in
1858 2775 2044 2829 deser-

465 2868 523 2913 to
555 2875 579 2926 ,'
608 2869 662 2915 et
691 2860 781 2926 qui
817 2859 870 2914 in
904 2860 1218 2915 vehementi
1242 2872 1380 2918 testu
1427 2863 1560 2918 solis
1619 2865 1813 2920 ardore
1844 2875 2038 2922 cuncta

466 2964 733 3020 torrente,
770 2953 1250 3022 sub'proeminenti
1282 2969 1416 3009 saxo
1435 2957 1785 3026 requieverit.
1817 2957 1915 3013 Ubi
1942 2973 2040 3014 nos

463 3042 922 3106 diximuszSicut
969 3044 1066 3097 rivi
1115 3061 1376 3114 aquarum
1401 3047 1456 3099 in
1510 3046 1627 3108 siti,
1689 3046 2037 3115 Septuaginta

463 3137 865 3192 transtulerunt
903 3141 1014 3193 :Et
1054 3141 1324 3208 apparebit
1369 3142 1423 3194 in
1477 3138 1603 3194 Sion
1659 3142 1817 3212 quasi
1849 3143 2039 3212 ﬂat-ius

468 3244 708 3283 currens.
775 3227 1010 3284 Verbum
1062 3232 1205 3284 enim
1248 3230 1596 3296 Hebraicum,
1629 3233 1696 3288 de
1728 3250 1837 3303 quo
1869 3250 2036 3304 supra

462 3323 887 3392 disputavimus.
917 3339 1138 3380 ΜελιοΝ
1176 3325 1388 3411 (quin),
1440 3328 1583 3398 quod
1610 3329 1814 3383 dicitur
1842 3329 1896 3382 in
1924 3329 2034 3394 siti,

461 3417 576 3478 sive
607 3417 662 3468 in
686 3418 948 3484 siccitate,
978 3429 1032 3472 et
1057 3419 1110 3472 in
1131 3419 1290 3480 invio,
1325 3418 1682 3489 Septuaginta
1708 3428 1761 3474 et
1786 3419 2038 3476 Theodo-

464 3511 540 3566 lio
587 3509 642 3562 in
677 3510 806 3563 Sion
828 3509 1172 3577 interpretati
1198 3519 1325 3564 sunt
1358 3526 1371 3565 :
1400 3525 1499 3584 pro
1524 3526 1700 3573 suos,
1731 3511 1902 3574 idest,
1929 3513 2036 3580 siti,

465 3611 704 3670 lugentes
756 3618 896 3665 smn,
931 3619 1049 3672 quae
1079 3602 1283 3658 eisdem
1332 3603 1532 3658 litteris
1562 3603 1843 3657 scribitur.
1901 3603 2035 3659 Cum

460 3711 592 3766 ergo
624 3695 878 3751 Christus
908 3697 1241 3766 regnaverit,
1271 3706 1324 3750 et
1349 3695 1626 3768 principes
1657 3695 1777 3765 ejus
1810 3695 2038 3765 praafae~

460 3790 574 3842 rint
605 3788 659 3842 in
684 3787 915 3858 judicio,
951 3803 1057 3841 non
1108 3786 1424 3858 caligabunt
1449 3785 1589 3840 oculi
1623 3787 1962 3841 credentium
1995 3788 2032 3849 ¹,

459 3893 514 3936 et
546 3895 710 3936 aures
733 3877 1067 3937 audientium
1089 3877 1380 3950 diligenter
1402 3877 1706 3942 attondent,
1733 3892 1856 3946 quae
1885 3877 2036 3948 prius

458 3969 638 4023 surda
673 3977 852 4032 erant,
901 3975 956 4020 et
984 3981 1078 4021 cor
1109 3969 1379 4036 quondam
1415 3967 1703 4022 stultorum
1767 3969 2038 4038 intelliget

459 4062 766 4127 scientiam,
806 4069 859 4124 et
889 4060 1068 4132 lingua
1110 4059 1529 4115 balbutientium
1555 4069 1716 4125 atque
1739 4071 2034 4125 mutorum,

458 4169 580 4219 qute
633 4151 912 4208 Christum
972 4165 1174 4206 sonare
1209 4167 1312 4206 non
1344 4159 1584 4221 poterat,
1625 4151 1786 4219 pleno
1813 4159 2035 4220 aperto-

459 4260 566 4314 que
595 4258 844 4298 sermone
896 4241 1182 4297 Dominum
1219 4242 1588 4297 conﬁtebitur.
1659 4241 1784 4296 Non
1825 4245 2035 4298 vocabi-

3241 1729 3258 1756 θ

2152 1767 2306 1823 dolos
2335 1771 2401 1822 ad
2427 1774 2737 1840 perdendos
2794 1776 3070 1847 simplices
3120 1779 3175 1836 in
3216 1795 3470 1835 sermone
3507 1784 3700 1836 menda-

2154 1859 2242 1924 cii,
2275 1859 2464 1916 dicens
2494 1861 2561 1916 ad
2587 1864 2882 1935 deceptum
2908 1867 3165 1936 pOpuium
3191 1887 3207 1925 :
3243 1869 3503 1925 Scrutare
3520 1880 3566 1928 et
3585 1872 3696 1938 vide,

2151 1955 2403 2022 quoniam
2435 1958 2694 2026 propheta
2741 1959 2806 2014 de
2864 1957 3090 2015 Galila’a
3136 1979 3238 2016 non
3269 1974 3450 2034 surget
3483 1963 3502 2036 [
3529 1965 3606 2018 Al.
3628 1981 3696 2018 reo

2148 2057 2320 2115 surget
2354 2045 2373 2098 ἶ
2402 2045 2588 2117 (Ιοαη.
2635 2065 2728 2116 vit,
2786 2049 2902 2120 52).
2967 2051 3103 2107 Cum
3158 2053 3457 2124 loqueretur
3506 2058 3571 2110 ad
3619 2070 3696 2111 eos

2147 2151 2348 2204 pauper
2374 2140 2394 2169 ³
2431 2137 2714 2202 iudicium,
2743 2140 2835 2208 qui
2867 2155 2989 2195 cum
3023 2143 3171 2196 dives
3198 2155 3366 2206 esset,
3421 2160 3516 2213 pro
3569 2144 3698 2198 nobis

2151 2243 2353 2297 pauper
2408 2229 2584 2286 factus
2613 2241 2696 2287 est
2725 2230 2808 2300 (11
2836 2231 2960 2288 Cor.
2996 2236 3137 2304 vm).
3197 2235 3339 2291 Vere
3387 2237 3529 2290 enim
3575 2235 3695 2306 judi-

2147 2321 2290 2374 cium
2323 2320 2405 2374 eis
2435 2321 2709 2387 Christus,
2744 2325 3086 2395 etjustitiam
3117 2326 3460 2396 loquebatur,
3491 2328 3695 2382 dicens:

2148 2412 2206 2468 Si
2236 2430 2338 2466 non
2360 2415 2501 2484 facio
2524 2432 2683 2483 opera
2732 2416 2910 2471 Patris
2934 2419 3056 2481 mei,
3087 2418 3250 2474 nolite
3293 2421 3499 2474 credere
3533 2419 3650 2475 mihi
3681 2435 3697 2473 :

2146 2507 2193 2560 si
2223 2519 2398 2561 autem
2435 2509 2595 2578 facio,
2621 2519 2670 2562 et
2705 2510 2751 2563 si
2787 2512 2916 2565 mihi
2937 2529 3039 2566 non
3068 2512 3220 2566 uultis
3250 2512 3271 2544 ³
3302 2513 3527 2576 credere,
3553 2513 3697 2581 operi.

2148 2599 2239 2652 bus
2267 2601 2461 2655 credite
2489 2599 2672 2671 (Joan.
2692 2618 2743 2665 x,
2773 2603 2862 2670 57,
2883 2603 3116 2676 38).lste
3145 2619 3351 2674 pauper
3373 2605 3464 2676 qui
3488 2606 3696 2672 loquitur

2138 2692 2429 2762 judicium,
2466 2697 2721 2766 princeps
2752 2707 2806 2752 et
2877 2696 3158 2760 Dominus,
3197 2713 3259 2753 ea
3312 2713 3435 2767 qua:
3477 2699 3694 2767 principe

2145 2785 2306 2854 digna
2340 2797 2469 2840 sunt
2489 2789 2765 2858 COgitabit,
2792 2789 2980 2845 dicens
3017 2807 3030 2840 ε
3057 2788 3180 2844 Νοη
3214 2792 3328 2844 veni
3377 2792 3482 2844 nisi
3509 2791 3576 2843 ad
3596 2805 3692 2843 om

2144 2877 2381 2945 perditas
2408 2880 2594 2932 domus
2617 2878 2788 2934 Israel
2822 2880 3044 2952 (Matth.
3082 2899 3174 2948 xv,
3210 2883 3327 2952 24).
3362 2883 3430 2937 Et
3455 2883 3692 2938 sollicitus

2147 2969 2249 3022 erit
2279 2985 2377 3038 pro
2409 2968 2719 3026 inﬁdelibus
2750 2970 2966 3025 salvare
2992 2972 3216 3042 cupiens
3251 2988 3357 3026 non
3390 2971 3690 3030 credentes;

2145 3072 2202 3115 et
2243 3062 2409 3116 stabit
2458 3077 2619 3129 super
2671 3063 2839 3119 duces
2877 3080 3006 3120 suos
3037 3067 3335 3133 apostolos,
3393 3077 3608 3133 quorum
3635 3063 3689 3115 a=l

2143 3169 2312 3205 unum
2364 3153 2648 3222 loquitur:
2693 3156 2769 3210 Tu
2814 3167 2989 3210 autem
3049 3157 3203 3210 homo
3266 3157 3553 3217 unanimis,
3597 3157 3689 3207 dus

2141 3261 2284 3299 meus
2315 3255 2362 3300 et
2399 3257 2555 3300 notus
2582 3264 2726 3301 meus
2752 3247 2770 3316 (
2801 3247 2949 3302 Psal.
2975 3263 3083 3308 Liv,
3117 3248 3228 3318 14).
3271 3247 3394 3301 llaec
3422 3246 3570 3316 juxta
3604 3244 3689 3296 lle--

2142 3335 2411 3404 hraicum,
2446 3354 2476 3392 a
2510 3353 2616 3408 quo
2653 3337 2790 3392 LXX
2861 3355 2966 3393 non
3025 3339 3198 3393 solum
3256 3340 3461 3405 verbis,
3514 3335 3600 3390 sed
3645 3341 3689 3386 et

2142 3430 2402 3487 sensibus
2440 3432 2492 3485 in
2523 3432 2796 3501 plerisque
2853 3431 3190 3486 discordant.
3242 3431 3379 3486 Cum
3432 3430 3567 3484 enim
3607 3441 3686 3481 rex

2139 3523 2322 3593 justus
2357 3524 2686 3594 regnaverit,
2727 3533 2781 3577 et
2811 3523 3088 3591 principes
3128 3522 3271 3577 illius
3328 3520 3686 3591 imperaverint

2141 3630 2260 3669 cum
2285 3614 2514 3685 judicio,
2547 3615 2651 3668 erit
2677 3614 2839 3668 homo
2873 3611 3220 3667 abscondens
3251 3626 3527 3666 sermones
3553 3622 3683 3672 suos,

2143 3707 2304 3760 homo
2340 3706 2432 3775 qui
2463 3720 2560 3775 per
2594 3714 2841 3760 naturam
2869 3705 3012 3758 Deus
3034 3714 3135 3768 est,
3176 3712 3227 3756 et
3263 3702 3554 3757 abscondet
3581 3715 3686 3754 ser-

2141 3815 2330 3853 mones
2366 3815 2513 3861 suos,
2553 3799 2778 3867 loquens
2810 3798 2890 3852 eis
2928 3797 2981 3851 in
3020 3797 3292 3867 parabolis
3327 3795 3549 3868 (Qiatth.
3605 3808 3680 3852 xx.

2139 3907 2255 3956 xxi,
2288 3906 2446 3956 xxttt,
2488 3907 2616 3945 xxtv
2648 3899 2700 3947 et
2732 3887 2882 3959 xxv).
2905 3890 3216 3945 Abscondet
3239 3898 3417 3944 autent
3449 3887 3587 3957 quasi
3626 3885 3683 3938 ab

2139 4000 2278 4053 aqua
2313 3992 2597 4046 currente,
2650 3999 2679 4036 a
2714 3983 2915 4058 populo
2974 3982 3183 4038 scilicet
3220 3980 3544 4046 Judzeorum,
3604 3977 3680 4046 qui

2141 4078 2317 4132 instar
2351 4092 2506 4147 aquae
2537 4091 2634 4146 pro
2676 4078 3063 4147 magistrorum
3107 4075 3385 4130 voluntate
3415 4076 3518 4128 huc
3545 4073 3681 4128 illnc-

2141 4182 2246 4237 que
2279 4167 2449 4222 fertur
2480 4179 2532 4222 et
2566 4168 2822 4222 trahitur.
2877 4167 2979 4234 Qui
3008 4168 3168 4230 homo
3196 4155 3532 4222 abscondens
3557 4161 3678 4233 apud

2142 4257 2455 4312 incredulos
2487 4270 2772 4312 sermones
2819 4273 2972 4322 suos,
3006 4257 3289 4327 apparebit
3318 4258 3370 4310 in
3427 4257 3568 4318 Sion,
3599 4256 3681 4306 hoc

459 4348 546 4390 tur
603 4335 744 4388 ultra
769 4336 810 4388 is
841 4336 931 4404 qui
961 4338 1156 4390 stultus
1208 4346 1307 4400 est,
1338 4339 1600 4404 princeps.
1630 4334 1860 4389 Stultum
1891 4337 2036 4390 enim

2147 4360 2250 4415 est,
2280 4351 2332 4403 in
2371 4349 2612 4404 Ecclesia
2645 4352 2799 4421 quasi
2835 4350 3032 4404 ﬂuvius
3055 4351 3308 4421 inclytus,
3335 4359 3388 4404 et
3420 4352 3680 4403 decurrens

459 4428 588 4485 fecit
630 4427 768 4480 Dens
803 4427 1124 4495 sapientiam
1163 4426 1324 4497 hujus
1381 4427 1565 4481 sceculi
1591 4424 1645 4496 (1
1673 4426 1799 4482 Cor.
1835 4430 1894 4498 ι).
1933 4428 2040 4483 Ne-

456 4537 554 4590 que
586 4518 958 4590 {raudulentus
1011 4519 1202 4572 doctor
1250 4527 1412 4587 atque
1447 4533 1737 4587 perversos
1795 4520 2029 4588 appella-

456 4617 599 4669 bitur
627 4631 846 4685 magnus
891 4614 942 4666 in
994 4613 1207 4682 populis
1242 4629 1255 4666 :
1295 4613 1499 4669 Scribte
1533 4613 2030 4668 videlicetelPha-

454 4709 622 4772 ristei,
654 4709 854 4778 quibus
889 4704 1152 4761 Dominus
1192 4707 1514 4774 loquebatur
1554 4725 1567 4762 :
1598 4705 1762 4760 Stulti
1791 4716 1839 4760 et
1884 4710 2030 4772 cazci,

394 4851 402 4862 .
453 4805 578 4870 quid
615 4801 787 4870 majus
823 4810 898 4854 est
927 4815 1118 4853 aurum
1151 4815 1227 4851 an
1263 4799 1514 4867 templum
1556 4801 1694 4868 quod
1734 4801 2029 4868 sanctiﬁcat

455 4914 643 4965 aurum
665 4895 883 4965 (Matth.
919 4909 1075 4956 mit,
1104 4893 1213 4960 l7).
1240 4892 1444 4949 Fatuus
1479 4894 1625 4947 enim
1667 4891 1811 4945 fatua
1844 4894 2029 4963 lnque-

455 4961 562 5052 tur,
597 5005 691 5056 pro
720 5004 827 5058 quo
859 4986 911 5040 in
946 4986 1211 5040 Hebraico
1263 4986 1526 5054 scriptum
1559 4995 1638 5041 est
1672 5004 1684 5039 :
1738 5002 1904 5042 mnu.
1936 5003 2028 5042 NA-

453 5095 589 5134 nxLA
611 5061 828 5135 IDABDEB
855 5078 1009 5150 (Ἔτ’
1035 5059 1165 5138 n53:
1183 5061 1324 5145 ‘71:).
1360 5076 1472 5132 Hoc
1499 5078 1754 5142 dicimus,
1781 5087 1837 5131 ut
1863 5081 2027 5131 verba

454 5171 665 5238 Abigail
697 5187 1052 5238 exponamus,
1106 5169 1340 5224 dicentis
1393 5169 1460 5223 de
1496 5168 1660 5223 Nabal
1711 5169 2024 5225 Carmelio:

453 5262 749 5315 Secundum
814 5279 999 5316 nomen
1060 5279 1214 5316 suum
1267 5262 1520 5330 insipiens
1554 5270 1630 5314 est
1659 5259 1713 5330 (I
1736 5261 1860 5331 Reg.
1899 5278 2024 5326 xxv,

450 5353 566 5421 9.5).
604 5352 740 5407 Vere
768 5355 911 5405 enim
970 5353 1148 5407 fatuus
1189 5354 1334 5405 fatua
1363 5353 1649 5421 loquetur,
1688 5363 1741 5405 et
1771 5369 1866 5406 cor
1913 5352 2027 5419 ejus

453 5444 696 5517 perficiet
725 5444 1084 5511 iniquitatem,
1119 5446 1208 5514 qui
1243 5445 1313 5497 ibi
1365 5447 1543 5498 timuit
1580 5446 1667 5498 tibi
1698 5443 1864 5526 428
1918 5460 2023 5498 non

525 5651 540 5680 ¹
575 5648 776 5712 Vatic.,
837 5647 998 5700 oculi.
1019 5649 1304 5702 videntium
1329 5660 1377 5702 et
1413 5660 1719 5718 aures,etc.

525 5721 544 5749 '
580 5719 638 5772 ln
678 5723 866 5774 eodem
900 5734 1100 5788 pauper
1131 5721 1489 5774 desideratur.

2145 4445 2200 4498 in
2241 4452 2383 4498 terra
2426 4445 2657 4498 sitienti.
2693 4443 2995 4513 Apparebit
3044 4445 3188 4497 enim
3230 4444 3510 4514 gentilium
3539 4453 3681 4510 popu-

2146 4535 2218 4596 lo,
2271 4535 2363 4604 qui
2399 4535 2551 4603 prius
2585 4534 2829 4589 veritatis
2861 4536 3170 4604 patiebatur
3205 4537 3393 4599 sitim;
3425 4545 3478 4586 et
3514 4530 3680 4599 rigabit

2153 4643 2281 4682 arva
2342 4628 2581 4683 sitientia
2619 4627 2812 4682 ﬂuvius
2843 4626 3007 4698 429
3035 4628 3147 4693 Dei,
3192 4628 3259 4682 de
3283 4643 3391 4696 quo
3451 4628 3677 4694 scriptum

2142 4731 2231 4775 est
2264 4737 2278 4775 :
2314 4719 2572 4773 Fluminis
2601 4722 2819 4788 impetus
2847 4722 3081 4786 ia’tiﬁcnt
3117 4722 3379 4775 civitatem
3413 4720 3504 4775 Dei
3537 4715 3675 4788 (Pani.

2145 4828 2273 4878 XLV,
2309 4814 2384 4881 5).
2423 4813 2485 4866 Et
2523 4813 2574 4865 in
2611 4814 2718 4866 alio
2750 4814 2865 4866 loco
2905 4811 3184 4868 z-Flumen
3220 4813 3313 4867 Dei
3355 4814 3592 4882 repletum
3619 4815 3675 4859 cst

2146 4908 2296 4974 aquis
2341 4905 2510 4973 (Psnl.
2535 4919 2678 4969 LXIV,
2715 4905 2820 4975 10).
2849 4905 2969 4977 Ipse
2996 4907 3140 4958 enim
3173 4906 3409 4972 loquitur
3450 4908 3499 4958 in
3532 4906 3675 4957 Evan-

2143 5001 2345 5066 gelio:
2383 4998 2486 5061 Qui
2506 4999 2643 5061 sitit,
2685 4999 2855 5051 veniat
2884 4998 2952 5048 ad
3002 5013 3101 5057 me,
3132 5007 3178 5050 ct
3201 4999 3364 5050 bibat.
3400 4997 3499 5061 Qui
3541 4992 3674 5046 rrcdit

2142 5092 2196 5144 in
2229 5107 2330 5154 me,
2368 5090 2502 5142 sicut
2539 5090 2671 5141 dicit
2725 5088 3022 5156 Scriptura,
3048 5089 3268 5158 ﬂumina
3297 5089 3362 5142 de
3390 5103 3553 5142 ventre
3583 5088 3674 5153 cjus

2145 5184 2313 5251 ﬂuent
2348 5199 2497 5252 aqua?
2531 5185 2653 5236 virtu
2682 5181 2865 5249 (Joan.
2897 5199 2990 5248 vn,
3025 5185 3137 5254 58).
3189 5181 3339 5236 Tunc
3373 5192 3674 5252 nequaquam

2140 5274 2418 5329 habebunt
2486 5274 2740 5328 ﬁduciam
2793 5274 2844 5326 in
2883 5277 3198 5341 magistris;
3242 5276 3334 5329 sed
3397 5272 3676 5343 praebebunt

2151 5377 2312 5415 aures
2353 5377 2479 5416 suas
2523 5363 2588 5415 ad
2613 5363 2945 5416 audiendum
3001 5363 3286 5418 Dominum
3321 5384 3334 5431 ;
3364 5379 3415 5418 et
3443 5377 3539 5419 tam
3575 5374 3676 5413 cor-

2138 5456 2204 5508 de
2239 5471 2400 5525 quam
2436 5455 2618 5526 lingua
2656 5473 2842 5527 pacem
2885 5455 3095 5511 Domini
3171 5458 3497 5523 fatebuntur,
3543 5457 3670 5510 dese-

2209 5657 2229 5688 ⁹
2265 5659 2378 5714 Duo
2409 5657 2611 5724 Vatic.,
2664 5671 2712 5714 et
2735 5662 2866 5715 mihi
2895 5677 2995 5716 non
3038 5663 3215 5730 vultis,
3247 5673 3354 5718 etc.
