  <div class='ocr_page' id='page_1' title='image "/cluster/home/n/w/nwhite01/storage/ocr_20150623/24/hvd.32044096580485/192.png"; bbox 0 0 3952 6180; ppageno 0'>
   <div class='ocr_carea' id='block_1_1' title="bbox 235 332 342 396">
    <p class='ocr_par' dir='ltr' id='par_1_1' title="bbox 235 332 342 396">
     <span class='ocr_line' id='line_1_1' title="bbox 235 332 342 396; baseline -0.084 1"><span class='ocrx_word' id='word_1_1' title='bbox 235 332 342 396; x_wconf 84' lang='lat' dir='ltr'><strong>37l</strong></span> 
     </span>
    </p>
   </div>
   <div class='ocr_carea' id='block_1_2' title="bbox 750 337 2983 425">
    <p class='ocr_par' dir='ltr' id='par_1_2' title="bbox 750 337 2983 425">
     <span class='ocr_line' id='line_1_2' title="bbox 750 337 2983 425; baseline 0.01 -28"><span class='ocrx_word' id='word_1_2' title='bbox 750 337 1245 406; x_wconf 68' lang='lat' dir='ltr'><strong>COMMENTAR.</strong></span> <span class='ocrx_word' id='word_1_3' title='bbox 1286 343 1367 403; x_wconf 84' lang='lat' dir='ltr'><strong>IN</strong></span> <span class='ocrx_word' id='word_1_4' title='bbox 1422 343 1685 404; x_wconf 66' lang='lat' dir='ltr'><strong>ISAIAM</strong></span> <span class='ocrx_word' id='word_1_5' title='bbox 1725 345 2181 412; x_wconf 73' lang='lat' dir='ltr'><strong>PROPHETAM</strong></span> <span class='ocrx_word' id='word_1_6' title='bbox 2251 355 2394 414; x_wconf 82' lang='lat' dir='ltr'><strong>LIB.</strong></span> <span class='ocrx_word' id='word_1_7' title='bbox 2439 357 2694 425; x_wconf 83' lang='lat' dir='ltr'><strong>X,CAP.</strong></span> <span class='ocrx_word' id='word_1_8' title='bbox 2736 358 2983 420; x_wconf 79' lang='lat' dir='ltr'><strong>XXXII.</strong></span> 
     </span>
    </p>
   </div>
   <div class='ocr_carea' id='block_1_3' title="bbox 3397 362 3518 427">
    <p class='ocr_par' dir='ltr' id='par_1_3' title="bbox 3397 362 3518 427">
     <span class='ocr_line' id='line_1_3' title="bbox 3397 362 3518 427; baseline 0.033 -4"><span class='ocrx_word' id='word_1_9' title='bbox 3397 362 3518 427; x_wconf 68' lang='grc'><strong>374⁵</strong></span> 
     </span>
    </p>
   </div>
   <div class='ocr_carea' id='block_1_4' title="bbox 237 452 3502 544">
    <p class='ocr_par' dir='ltr' id='par_1_4' title="bbox 237 452 3502 544">
     <span class='ocr_line' id='line_1_4' title="bbox 237 452 3502 544; baseline 0.009 -40"><span class='ocrx_word' id='word_1_10' title='bbox 237 459 430 544; x_wconf 84' lang='lat' dir='ltr'><strong>rentes</strong></span> <span class='ocrx_word' id='word_1_11' title='bbox 489 452 688 508; x_wconf 85' lang='lat' dir='ltr'><strong>stultos</strong></span> <span class='ocrx_word' id='word_1_12' title='bbox 728 454 1002 522; x_wconf 79' lang='lat' dir='ltr'><strong>principes</strong></span> <span class='ocrx_word' id='word_1_13' title='bbox 1030 468 1086 510; x_wconf 85' lang='lat' dir='ltr'><strong>et</strong></span> <span class='ocrx_word' id='word_1_14' title='bbox 1138 457 1424 512; x_wconf 88' lang='lat' dir='ltr'><strong>ministros</strong></span> <span class='ocrx_word' id='word_1_15' title='bbox 1459 473 1668 526; x_wconf 91' lang='lat' dir='ltr'><strong>eorum,</strong></span> <span class='ocrx_word' id='word_1_16' title='bbox 1730 462 1900 530; x_wconf 74' lang='lat' dir='ltr'><strong>quiA</strong></span> <span class='ocrx_word' id='word_1_17' title='bbox 1930 467 2054 518; x_wconf 86' lang='lat' dir='ltr'><strong>dam</strong></span> <span class='ocrx_word' id='word_1_18' title='bbox 2104 470 2282 538; x_wconf 86' lang='lat' dir='ltr'><strong>populi</strong></span> <span class='ocrx_word' id='word_1_19' title='bbox 2323 470 2630 526; x_wconf 67' lang='lat' dir='ltr'><strong>Jndaeornrn</strong></span> <span class='ocrx_word' id='word_1_20' title='bbox 2684 474 2941 529; x_wconf 83' lang='lat' dir='ltr'><strong>debemus</strong></span> <span class='ocrx_word' id='word_1_21' title='bbox 2981 474 3248 544; x_wconf 78' lang='lat' dir='ltr'><strong>accipere,</strong></span> <span class='ocrx_word' id='word_1_22' title='bbox 3302 475 3502 544; x_wconf 84' lang='lat' dir='ltr'><strong>quibus</strong></span> 
     </span>
    </p>
   </div>
   <div class='ocr_carea' id='block_1_5' title="bbox 232 543 3502 638">
    <p class='ocr_par' dir='ltr' id='par_1_5' title="bbox 232 543 3502 638">
     <span class='ocr_line' id='line_1_5' title="bbox 232 543 3502 638; baseline 0.006 -39"><span class='ocrx_word' id='word_1_23' title='bbox 232 543 594 599; x_wconf 70' lang='lat' dir='ltr'><strong>credentibus</strong></span> <span class='ocrx_word' id='word_1_24' title='bbox 633 546 688 600; x_wconf 90' lang='lat' dir='ltr'><strong>in</strong></span> <span class='ocrx_word' id='word_1_25' title='bbox 727 545 935 610; x_wconf 79' lang='lat' dir='ltr'><strong>Jesum,</strong></span> <span class='ocrx_word' id='word_1_26' title='bbox 992 548 1332 618; x_wconf 81' lang='lat' dir='ltr'><strong>imperabant</strong></span> <span class='ocrx_word' id='word_1_27' title='bbox 1361 551 1821 618; x_wconf 71' lang='lat' dir='ltr'><strong>silentium.Quaa</strong></span> <span class='ocrx_word' id='word_1_28' title='bbox 1921 561 2076 627; x_wconf 85' lang='lat' dir='ltr'><strong>quasi</strong></span> <span class='ocrx_word' id='word_1_29' title='bbox 2128 562 2436 630; x_wconf 88' lang='lat' dir='ltr'><strong>jacentibus</strong></span> <span class='ocrx_word' id='word_1_30' title='bbox 2494 565 2693 620; x_wconf 91' lang='lat' dir='ltr'><strong>dicitur</strong></span> <span class='ocrx_word' id='word_1_31' title='bbox 2742 575 2864 634; x_wconf 88' lang='lat' dir='ltr'><strong>post</strong></span> <span class='ocrx_word' id='word_1_32' title='bbox 2918 543 3189 620; x_wconf 64' lang='lat' dir='ltr'><strong>ruinam;</strong></span> <span class='ocrx_word' id='word_1_33' title='bbox 3239 543 3502 638; x_wconf 81' lang='lat' dir='ltr'><strong>Surgite;</strong></span> 
     </span>
    </p>
   </div>
   <div class='ocr_carea' id='block_1_6' title="bbox 235 640 1822 713">
    <p class='ocr_par' dir='ltr' id='par_1_6' title="bbox 235 640 1822 713">
     <span class='ocr_line' id='line_1_6' title="bbox 235 640 1822 713; baseline 0.003 -19"><span class='ocrx_word' id='word_1_34' title='bbox 235 647 575 705; x_wconf 71' lang='lat' dir='ltr'><strong>sequuntur,</strong></span> <span class='ocrx_word' id='word_1_35' title='bbox 609 640 860 696; x_wconf 86' lang='lat' dir='ltr'><strong>eumdem</strong></span> <span class='ocrx_word' id='word_1_36' title='bbox 920 656 1092 711; x_wconf 85' lang='lat' dir='ltr'><strong>prope</strong></span> <span class='ocrx_word' id='word_1_37' title='bbox 1149 657 1394 703; x_wconf 88' lang='lat' dir='ltr'><strong>sensum.</strong></span> <span class='ocrx_word' id='word_1_38' title='bbox 1428 658 1589 713; x_wconf 83' lang='lat' dir='ltr'><strong>quem</strong></span> <span class='ocrx_word' id='word_1_39' title='bbox 1625 655 1678 698; x_wconf 89' lang='lat' dir='ltr'><strong>et</strong></span> <span class='ocrx_word' id='word_1_40' title='bbox 1717 643 1822 698; x_wconf 85' lang='lat' dir='ltr'><strong>He-</strong></span> 
     </span>
    </p>
   </div>
   <div class='ocr_carea' id='block_1_7' title="bbox 235 727 1818 803">
    <p class='ocr_par' dir='ltr' id='par_1_7' title="bbox 235 727 1818 803">
     <span class='ocr_line' id='line_1_7' title="bbox 235 727 1818 803; baseline 0.003 -17"><span class='ocrx_word' id='word_1_41' title='bbox 235 727 516 793; x_wconf 77' lang='lat' dir='ltr'><strong>braienm,</strong></span> <span class='ocrx_word' id='word_1_42' title='bbox 541 732 824 788; x_wconf 71' lang='lat' dir='ltr'><strong>continent</strong></span> <span class='ocrx_word' id='word_1_43' title='bbox 851 749 865 798; x_wconf 91' lang='lat'><strong>;</strong></span> <span class='ocrx_word' id='word_1_44' title='bbox 891 742 946 788; x_wconf 93' lang='lat' dir='ltr'><strong>et</strong></span> <span class='ocrx_word' id='word_1_45' title='bbox 981 742 1209 802; x_wconf 85' lang='lat' dir='ltr'><strong>possunt</strong></span> <span class='ocrx_word' id='word_1_46' title='bbox 1238 735 1512 790; x_wconf 68' lang='lat' dir='ltr'><strong>haereticis</strong></span> <span class='ocrx_word' id='word_1_47' title='bbox 1551 737 1818 803; x_wconf 76' lang='lat' dir='ltr'><strong>cooptari.</strong></span> 
     </span>
    </p>
   </div>
   <div class='ocr_carea' id='block_1_8' title="bbox 235 820 1818 891">
    <p class='ocr_par' dir='ltr' id='par_1_8' title="bbox 235 820 1818 891">
     <span class='ocr_line' id='line_1_8' title="bbox 235 820 1818 891; baseline 0.005 -16"><span class='ocrx_word' id='word_1_48' title='bbox 235 820 301 876; x_wconf 80' lang='lat' dir='ltr'><strong>ili</strong></span> <span class='ocrx_word' id='word_1_49' title='bbox 336 824 486 878; x_wconf 78' lang='lat' dir='ltr'><strong>enim</strong></span> <span class='ocrx_word' id='word_1_50' title='bbox 531 824 834 890; x_wconf 87' lang='lat' dir='ltr'><strong>loquuntur</strong></span> <span class='ocrx_word' id='word_1_51' title='bbox 861 837 1052 881; x_wconf 89' lang='lat' dir='ltr'><strong>contra</strong></span> <span class='ocrx_word' id='word_1_52' title='bbox 1103 828 1397 882; x_wconf 84' lang='lat' dir='ltr'><strong>Dominum</strong></span> <span class='ocrx_word' id='word_1_53' title='bbox 1451 829 1818 891; x_wconf 87' lang='lat' dir='ltr'><strong>mendacium,</strong></span> 
     </span>
    </p>
   </div>
   <div class='ocr_carea' id='block_1_9' title="bbox 232 907 1824 991">
    <p class='ocr_par' dir='ltr' id='par_1_9' title="bbox 232 907 1824 991">
     <span class='ocr_line' id='line_1_9' title="bbox 232 907 1824 991; baseline 0.005 -23"><span class='ocrx_word' id='word_1_54' title='bbox 232 926 289 970; x_wconf 88' lang='lat' dir='ltr'><strong>et</strong></span> <span class='ocrx_word' id='word_1_55' title='bbox 326 926 655 986; x_wconf 59' lang='lat' dir='ltr'><strong>pervertunt</strong></span> <span class='ocrx_word' id='word_1_56' title='bbox 679 919 890 973; x_wconf 84' lang='lat' dir='ltr'><strong>animas</strong></span> <span class='ocrx_word' id='word_1_57' title='bbox 923 920 1229 974; x_wconf 87' lang='lat' dir='ltr'><strong>esurientes</strong></span> <span class='ocrx_word' id='word_1_58' title='bbox 1263 931 1426 991; x_wconf 85' lang='lat' dir='ltr'><strong>atque</strong></span> <span class='ocrx_word' id='word_1_59' title='bbox 1458 921 1734 985; x_wconf 73' lang='lat' dir='ltr'><strong>sitientes,</strong></span> <span class='ocrx_word' id='word_1_60' title='bbox 1759 907 1824 976; x_wconf 71' lang='grc' dir='ltr'><strong>ἐι</strong></span> 
     </span>
    </p>
   </div>
   <div class='ocr_carea' id='block_1_10' title="bbox 233 1007 1825 1080">
    <p class='ocr_par' dir='ltr' id='par_1_10' title="bbox 233 1007 1825 1080">
     <span class='ocr_line' id='line_1_10' title="bbox 233 1007 1825 1080; baseline 0.004 -20"><span class='ocrx_word' id='word_1_61' title='bbox 233 1021 442 1060; x_wconf 76' lang='lat' dir='ltr'><strong>vacttas</strong></span> <span class='ocrx_word' id='word_1_62' title='bbox 477 1009 630 1062; x_wconf 90' lang='lat' dir='ltr'><strong>abire</strong></span> <span class='ocrx_word' id='word_1_63' title='bbox 669 1007 878 1064; x_wconf 78' lang='lat' dir='ltr'><strong>faciunt</strong></span> <span class='ocrx_word' id='word_1_64' title='bbox 910 1024 927 1075; x_wconf 88' lang='lat'><strong>;</strong></span> <span class='ocrx_word' id='word_1_65' title='bbox 955 1019 1011 1063; x_wconf 90' lang='lat' dir='ltr'><strong>ut</strong></span> <span class='ocrx_word' id='word_1_66' title='bbox 1043 1011 1211 1065; x_wconf 88' lang='lat' dir='ltr'><strong>etiam</strong></span> <span class='ocrx_word' id='word_1_67' title='bbox 1242 1012 1286 1066; x_wconf 92' lang='lat' dir='ltr'><strong>si</strong></span> <span class='ocrx_word' id='word_1_68' title='bbox 1333 1010 1464 1080; x_wconf 85' lang='lat' dir='ltr'><strong>quid</strong></span> <span class='ocrx_word' id='word_1_69' title='bbox 1498 1012 1825 1067; x_wconf 89' lang='lat' dir='ltr'><strong>naturaliter</strong></span> 
     </span>
    </p>
   </div>
   <div class='ocr_carea' id='block_1_11' title="bbox 240 1099 1822 1174">
    <p class='ocr_par' dir='ltr' id='par_1_11' title="bbox 240 1099 1822 1174">
     <span class='ocr_line' id='line_1_11' title="bbox 240 1099 1822 1174; baseline 0.004 -21"><span class='ocrx_word' id='word_1_70' title='bbox 240 1101 366 1154; x_wconf 88' lang='lat' dir='ltr'><strong>boni</strong></span> <span class='ocrx_word' id='word_1_71' title='bbox 398 1099 656 1165; x_wconf 85' lang='lat' dir='ltr'><strong>habeant,</strong></span> <span class='ocrx_word' id='word_1_72' title='bbox 691 1102 1079 1172; x_wconf 85' lang='lat' dir='ltr'><strong>magistrorum</strong></span> <span class='ocrx_word' id='word_1_73' title='bbox 1112 1103 1369 1158; x_wconf 88' lang='lat' dir='ltr'><strong>amittant</strong></span> <span class='ocrx_word' id='word_1_74' title='bbox 1398 1104 1559 1169; x_wconf 87' lang='lat' dir='ltr'><strong>vitio,</strong></span> <span class='ocrx_word' id='word_1_75' title='bbox 1590 1120 1822 1174; x_wconf 90' lang='lat' dir='ltr'><strong>quorum</strong></span> 
     </span>
    </p>
   </div>
   <div class='ocr_carea' id='block_1_12' title="bbox 240 1195 1825 1266">
    <p class='ocr_par' dir='ltr' id='par_1_12' title="bbox 240 1195 1825 1266">
     <span class='ocr_line' id='line_1_12' title="bbox 240 1195 1825 1266; baseline 0.004 -20"><span class='ocrx_word' id='word_1_76' title='bbox 240 1208 407 1248; x_wconf 88' lang='lat' dir='ltr'><strong>omne</strong></span> <span class='ocrx_word' id='word_1_77' title='bbox 459 1195 753 1249; x_wconf 84' lang='lat' dir='ltr'><strong>consilium</strong></span> <span class='ocrx_word' id='word_1_78' title='bbox 815 1205 922 1260; x_wconf 87' lang='lat' dir='ltr'><strong>est,</strong></span> <span class='ocrx_word' id='word_1_79' title='bbox 951 1203 1012 1249; x_wconf 90' lang='lat' dir='ltr'><strong>ut</strong></span> <span class='ocrx_word' id='word_1_80' title='bbox 1036 1198 1263 1266; x_wconf 76' lang='lat' dir='ltr'><strong>perdant</strong></span> <span class='ocrx_word' id='word_1_81' title='bbox 1313 1196 1551 1251; x_wconf 76' lang='lat' dir='ltr'><strong>humiles</strong></span> <span class='ocrx_word' id='word_1_82' title='bbox 1619 1198 1825 1266; x_wconf 89' lang='lat' dir='ltr'><strong>iniquis</strong></span> 
     </span>
    </p>
   </div>
   <div class='ocr_carea' id='block_1_13' title="bbox 236 1287 1823 1360">
    <p class='ocr_par' dir='ltr' id='par_1_13' title="bbox 236 1287 1823 1360">
     <span class='ocr_line' id='line_1_13' title="bbox 236 1287 1823 1360; baseline 0.006 -21"><span class='ocrx_word' id='word_1_83' title='bbox 236 1287 618 1345; x_wconf 87' lang='lat' dir='ltr'><strong>sermonibus.</strong></span> <span class='ocrx_word' id='word_1_84' title='bbox 637 1297 694 1341; x_wconf 90' lang='lat' dir='ltr'><strong>et</strong></span> <span class='ocrx_word' id='word_1_85' title='bbox 716 1287 980 1357; x_wconf 78' lang='lat' dir='ltr'><strong>dissipent</strong></span> <span class='ocrx_word' id='word_1_86' title='bbox 1013 1289 1175 1342; x_wconf 84' lang='lat' dir='ltr'><strong>verba</strong></span> <span class='ocrx_word' id='word_1_87' title='bbox 1203 1289 1492 1344; x_wconf 88' lang='lat' dir='ltr'><strong>humilium</strong></span> <span class='ocrx_word' id='word_1_88' title='bbox 1517 1291 1571 1346; x_wconf 91' lang='lat' dir='ltr'><strong>in</strong></span> <span class='ocrx_word' id='word_1_89' title='bbox 1591 1290 1823 1360; x_wconf 88' lang='lat' dir='ltr'><strong>judicio.</strong></span> 
     </span>
    </p>
   </div>
   <div class='ocr_carea' id='block_1_14' title="bbox 237 1374 1826 1453">
    <p class='ocr_par' dir='ltr' id='par_1_14' title="bbox 237 1374 1826 1453">
     <span class='ocr_line' id='line_1_14' title="bbox 237 1374 1826 1453; baseline 0.004 -24"><span class='ocrx_word' id='word_1_90' title='bbox 237 1374 296 1429; x_wconf 87' lang='lat' dir='ltr'><strong>In</strong></span> <span class='ocrx_word' id='word_1_91' title='bbox 325 1392 439 1447; x_wconf 87' lang='lat' dir='ltr'><strong>quo</strong></span> <span class='ocrx_word' id='word_1_92' title='bbox 486 1380 689 1445; x_wconf 87' lang='lat' dir='ltr'><strong>pariter</strong></span> <span class='ocrx_word' id='word_1_93' title='bbox 729 1381 1124 1445; x_wconf 81' lang='lat' dir='ltr'><strong>annotandum,</strong></span> <span class='ocrx_word' id='word_1_94' title='bbox 1149 1382 1293 1450; x_wconf 88' lang='lat' dir='ltr'><strong>quod</strong></span> <span class='ocrx_word' id='word_1_95' title='bbox 1319 1383 1406 1450; x_wconf 87' lang='lat' dir='ltr'><strong>qui</strong></span> <span class='ocrx_word' id='word_1_96' title='bbox 1440 1384 1508 1438; x_wconf 87' lang='lat' dir='ltr'><strong>ab</strong></span> <span class='ocrx_word' id='word_1_97' title='bbox 1539 1384 1620 1439; x_wconf 88' lang='lat' dir='ltr'><strong>eis</strong></span> <span class='ocrx_word' id='word_1_98' title='bbox 1651 1383 1826 1453; x_wconf 83' lang='lat' dir='ltr'><strong>decipi</strong></span> 
     </span>
    </p>
   </div>
   <div class='ocr_carea' id='block_1_15' title="bbox 236 1472 1458 1540">
    <p class='ocr_par' dir='ltr' id='par_1_15' title="bbox 236 1472 1458 1540">
     <span class='ocr_line' id='line_1_15' title="bbox 236 1472 1458 1540; baseline 0.007 -17"><span class='ocrx_word' id='word_1_99' title='bbox 236 1480 444 1540; x_wconf 79' lang='lat' dir='ltr'><strong>potest,</strong></span> <span class='ocrx_word' id='word_1_100' title='bbox 505 1472 726 1525; x_wconf 78' lang='lat' dir='ltr'><strong>humilis</strong></span> <span class='ocrx_word' id='word_1_101' title='bbox 759 1474 926 1535; x_wconf 89' lang='lat' dir='ltr'><strong>sit.et</strong></span> <span class='ocrx_word' id='word_1_102' title='bbox 953 1482 1109 1528; x_wconf 68' lang='lat' dir='ltr'><strong>terra:</strong></span> <span class='ocrx_word' id='word_1_103' title='bbox 1154 1475 1458 1531; x_wconf 65' lang='lat' dir='ltr'><strong>cohaerens.</strong></span> 
     </span>
    </p>
   </div>
   <div class='ocr_carea' id='block_1_16' title="bbox 310 1563 1819 1639">
    <p class='ocr_par' dir='ltr' id='par_1_16' title="bbox 310 1563 1819 1639">
     <span class='ocr_line' id='line_1_16' title="bbox 310 1563 1819 1639; baseline 0.004 -23"><span class='ocrx_word' id='word_1_104' title='bbox 310 1563 500 1632; x_wconf 85' lang='lat' dir='ltr'><strong>(Vers.</strong></span> <span class='ocrx_word' id='word_1_105' title='bbox 533 1564 565 1618; x_wconf 90' lang='lat'><strong>9</strong></span> <span class='ocrx_word' id='word_1_106' title='bbox 597 1580 750 1636; x_wconf 83' lang='lat' dir='ltr'><strong>seqq.</strong></span> <span class='ocrx_word' id='word_1_107' title='bbox 779 1566 798 1636; x_wconf 96' lang='lat'><strong>)</strong></span> <span class='ocrx_word' id='word_1_108' title='bbox 839 1585 857 1618; x_wconf 74' lang='grc' dir='ltr'>ι</span> <span class='ocrx_word' id='word_1_109' title='bbox 887 1565 1143 1623; x_wconf 82' lang='lat' dir='ltr'><strong>Mulieres</strong></span> <span class='ocrx_word' id='word_1_110' title='bbox 1170 1569 1463 1636; x_wconf 66' lang='lat' dir='ltr'><strong>opulentae,</strong></span> <span class='ocrx_word' id='word_1_111' title='bbox 1522 1568 1734 1639; x_wconf 76' lang='lat' dir='ltr'><strong>surgite</strong></span> <span class='ocrx_word' id='word_1_112' title='bbox 1763 1575 1819 1624; x_wconf 90' lang='lat' dir='ltr'><strong>et</strong></span> 
     </span>
    </p>
   </div>
   <div class='ocr_carea' id='block_1_17' title="bbox 238 1655 1830 1729">
    <p class='ocr_par' dir='ltr' id='par_1_17' title="bbox 238 1655 1830 1729">
     <span class='ocr_line' id='line_1_17' title="bbox 238 1655 1830 1729; baseline 0.004 -23"><span class='ocrx_word' id='word_1_113' title='bbox 238 1656 434 1708; x_wconf 85' lang='lat' dir='ltr'><strong>audite</strong></span> <span class='ocrx_word' id='word_1_114' title='bbox 487 1671 673 1710; x_wconf 84' lang='lat' dir='ltr'><strong>vocem</strong></span> <span class='ocrx_word' id='word_1_115' title='bbox 735 1671 908 1711; x_wconf 89' lang='lat' dir='ltr'><strong>meam</strong></span> <span class='ocrx_word' id='word_1_116' title='bbox 945 1655 1106 1714; x_wconf 83' lang='lat' dir='ltr'><strong>:llliae</strong></span> <span class='ocrx_word' id='word_1_117' title='bbox 1152 1658 1509 1725; x_wconf 77' lang='lat' dir='ltr'><strong>conﬁdentes,</strong></span> <span class='ocrx_word' id='word_1_118' title='bbox 1564 1658 1830 1729; x_wconf 83' lang='lat' dir='ltr'><strong>percipite</strong></span> 
     </span>
    </p>
   </div>
   <div class='ocr_carea' id='block_1_18' title="bbox 237 1747 1830 1818">
    <p class='ocr_par' dir='ltr' id='par_1_18' title="bbox 237 1747 1830 1818">
     <span class='ocr_line' id='line_1_18' title="bbox 237 1747 1830 1818; baseline 0.003 -18"><span class='ocrx_word' id='word_1_119' title='bbox 237 1747 478 1802; x_wconf 67' lang='lat' dir='ltr'><strong>alaribus</strong></span> <span class='ocrx_word' id='word_1_120' title='bbox 519 1747 796 1818; x_wconf 87' lang='lat' dir='ltr'><strong>eloquium</strong></span> <span class='ocrx_word' id='word_1_121' title='bbox 835 1764 1038 1805; x_wconf 88' lang='lat' dir='ltr'><strong>meum.</strong></span> <span class='ocrx_word' id='word_1_122' title='bbox 1072 1749 1203 1806; x_wconf 86' lang='lat' dir='ltr'><strong>Post</strong></span> <span class='ocrx_word' id='word_1_123' title='bbox 1234 1750 1353 1806; x_wconf 86' lang='lat' dir='ltr'><strong>dies</strong></span> <span class='ocrx_word' id='word_1_124' title='bbox 1388 1760 1443 1806; x_wconf 90' lang='lat' dir='ltr'><strong>et</strong></span> <span class='ocrx_word' id='word_1_125' title='bbox 1495 1765 1722 1818; x_wconf 86' lang='lat' dir='ltr'><strong>annum,</strong></span> <span class='ocrx_word' id='word_1_126' title='bbox 1776 1758 1830 1807; x_wconf 92' lang='lat' dir='ltr'><strong>et</strong></span> 
     </span>
    </p>
   </div>
   <div class='ocr_carea' id='block_1_19' title="bbox 237 1840 1829 1898">
    <p class='ocr_par' dir='ltr' id='par_1_19' title="bbox 237 1840 1829 1898">
     <span class='ocr_line' id='line_1_19' title="bbox 237 1840 1829 1898; baseline 0.006 -10"><span class='ocrx_word' id='word_1_127' title='bbox 237 1853 342 1892; x_wconf 82' lang='lat' dir='ltr'><strong>vos</strong></span> <span class='ocrx_word' id='word_1_128' title='bbox 395 1840 862 1896; x_wconf 86' lang='lat' dir='ltr'><strong>conturbabimini</strong></span> <span class='ocrx_word' id='word_1_129' title='bbox 895 1843 1272 1898; x_wconf 79' lang='lat' dir='ltr'><strong>conﬁdentes:</strong></span> <span class='ocrx_word' id='word_1_130' title='bbox 1301 1853 1680 1898; x_wconf 89' lang='lat' dir='ltr'><strong>consummata</strong></span> <span class='ocrx_word' id='word_1_131' title='bbox 1745 1853 1829 1898; x_wconf 82' lang='lat' dir='ltr'><strong>est</strong></span> 
     </span>
    </p>
   </div>
   <div class='ocr_carea' id='block_1_20' title="bbox 237 1932 1830 1990">
    <p class='ocr_par' dir='ltr' id='par_1_20' title="bbox 237 1932 1830 1990">
     <span class='ocr_line' id='line_1_20' title="bbox 237 1932 1830 1990; baseline 0.004 -7"><span class='ocrx_word' id='word_1_132' title='bbox 237 1932 394 1984; x_wconf 84' lang='lat' dir='ltr'><strong>enim</strong></span> <span class='ocrx_word' id='word_1_133' title='bbox 433 1932 704 1986; x_wconf 85' lang='lat' dir='ltr'><strong>vindemia</strong></span> <span class='ocrx_word' id='word_1_134' title='bbox 736 1947 753 1990; x_wconf 87' lang='lat'><strong>:</strong></span> <span class='ocrx_word' id='word_1_135' title='bbox 792 1933 1044 1989; x_wconf 85' lang='lat' dir='ltr'><strong>collectio</strong></span> <span class='ocrx_word' id='word_1_136' title='bbox 1090 1934 1228 1988; x_wconf 89' lang='lat' dir='ltr'><strong>ultra</strong></span> <span class='ocrx_word' id='word_1_137' title='bbox 1261 1949 1367 1989; x_wconf 92' lang='lat' dir='ltr'><strong>non</strong></span> <span class='ocrx_word' id='word_1_138' title='bbox 1397 1936 1596 1990; x_wconf 87' lang='lat' dir='ltr'><strong>veniet.</strong></span> <span class='ocrx_word' id='word_1_139' title='bbox 1630 1933 1830 1990; x_wconf 88' lang='lat' dir='ltr'><strong>Obstu-</strong></span> 
     </span>
    </p>
   </div>
   <div class='ocr_carea' id='block_1_21' title="bbox 237 2024 1829 2094">
    <p class='ocr_par' dir='ltr' id='par_1_21' title="bbox 237 2024 1829 2094">
     <span class='ocr_line' id='line_1_21' title="bbox 237 2024 1829 2094; baseline 0.001 -16"><span class='ocrx_word' id='word_1_140' title='bbox 237 2025 460 2093; x_wconf 70' lang='lat' dir='ltr'><strong>pescite</strong></span> <span class='ocrx_word' id='word_1_141' title='bbox 491 2024 778 2094; x_wconf 76' lang='lat' dir='ltr'><strong>apulentte,</strong></span> <span class='ocrx_word' id='word_1_142' title='bbox 804 2027 1206 2081; x_wconf 88' lang='lat' dir='ltr'><strong>conturbamini</strong></span> <span class='ocrx_word' id='word_1_143' title='bbox 1238 2026 1574 2081; x_wconf 80' lang='lat' dir='ltr'><strong>conﬁdentes</strong></span> <span class='ocrx_word' id='word_1_144' title='bbox 1601 2043 1616 2082; x_wconf 90' lang='lat'>:</span> <span class='ocrx_word' id='word_1_145' title='bbox 1646 2027 1829 2081; x_wconf 81' lang='lat' dir='ltr'><strong>exuite</strong></span> 
     </span>
    </p>
   </div>
   <div class='ocr_carea' id='block_1_22' title="bbox 240 2116 1827 2188">
    <p class='ocr_par' dir='ltr' id='par_1_22' title="bbox 240 2116 1827 2188">
     <span class='ocr_line' id='line_1_22' title="bbox 240 2116 1827 2188; baseline 0.004 -22"><span class='ocrx_word' id='word_1_146' title='bbox 240 2132 364 2176; x_wconf 60' lang='lat' dir='ltr'><strong>vos,</strong></span> <span class='ocrx_word' id='word_1_147' title='bbox 403 2126 457 2170; x_wconf 92' lang='lat' dir='ltr'><strong>et</strong></span> <span class='ocrx_word' id='word_1_148' title='bbox 481 2116 902 2172; x_wconf 80' lang='lat' dir='ltr'><strong>confundimini.</strong></span> <span class='ocrx_word' id='word_1_149' title='bbox 935 2137 952 2170; x_wconf 75' lang='grc' dir='ltr'><strong><em>ι</em></strong></span> <span class='ocrx_word' id='word_1_150' title='bbox 989 2118 1094 2172; x_wconf 83' lang='lat' dir='ltr'><strong>Pro</strong></span> <span class='ocrx_word' id='word_1_151' title='bbox 1119 2133 1227 2187; x_wconf 91' lang='lat' dir='ltr'><strong>quo</strong></span> <span class='ocrx_word' id='word_1_152' title='bbox 1258 2119 1621 2188; x_wconf 82' lang='lat' dir='ltr'><strong>Symmachus</strong></span> <span class='ocrx_word' id='word_1_153' title='bbox 1653 2119 1827 2173; x_wconf 84' lang='lat' dir='ltr'><strong>inter-</strong></span> 
     </span>
    </p>
   </div>
   <div class='ocr_carea' id='block_1_23' title="bbox 239 2206 1830 2280">
    <p class='ocr_par' dir='ltr' id='par_1_23' title="bbox 239 2206 1830 2280">
     <span class='ocr_line' id='line_1_23' title="bbox 239 2206 1830 2280; baseline 0 -20"><span class='ocrx_word' id='word_1_154' title='bbox 239 2216 502 2274; x_wconf 75' lang='lat' dir='ltr'><strong>pretatus</strong></span> <span class='ocrx_word' id='word_1_155' title='bbox 519 2217 622 2270; x_wconf 86' lang='lat' dir='ltr'><strong>est,</strong></span> <span class='ocrx_word' id='word_1_156' title='bbox 653 2208 952 2262; x_wconf 75' lang='lat' dir='ltr'><strong>nudamim&#39;.</strong></span> <span class='ocrx_word' id='word_1_157' title='bbox 978 2206 1235 2263; x_wconf 79' lang='lat' dir='ltr'><strong>Sequitur</strong></span> <span class='ocrx_word' id='word_1_158' title='bbox 1263 2225 1277 2264; x_wconf 90' lang='lat'>:</span> <span class='ocrx_word' id='word_1_159' title='bbox 1320 2228 1337 2261; x_wconf 84' lang='lat' dir='ltr'><strong>t</strong></span> <span class='ocrx_word' id='word_1_160' title='bbox 1379 2210 1658 2280; x_wconf 82' lang='lat' dir='ltr'><strong>Acciugite</strong></span> <span class='ocrx_word' id='word_1_161' title='bbox 1691 2210 1830 2263; x_wconf 86' lang='lat' dir='ltr'><strong>lum-</strong></span> 
     </span>
    </p>
   </div>
   <div class='ocr_carea' id='block_1_24' title="bbox 242 2287 1829 2372">
    <p class='ocr_par' dir='ltr' id='par_1_24' title="bbox 242 2287 1829 2372">
     <span class='ocr_line' id='line_1_24' title="bbox 242 2287 1829 2372; baseline 0.002 -19"><span class='ocrx_word' id='word_1_162' title='bbox 242 2287 344 2353; x_wconf 87' lang='lat' dir='ltr'><strong>bos</strong></span> <span class='ocrx_word' id='word_1_163' title='bbox 403 2309 643 2364; x_wconf 83' lang='lat' dir='ltr'><strong>vestros,</strong></span> <span class='ocrx_word' id='word_1_164' title='bbox 676 2315 840 2368; x_wconf 92' lang='lat' dir='ltr'><strong>super</strong></span> <span class='ocrx_word' id='word_1_165' title='bbox 866 2301 1033 2355; x_wconf 87' lang='lat' dir='ltr'><strong>ubera</strong></span> <span class='ocrx_word' id='word_1_166' title='bbox 1086 2302 1346 2371; x_wconf 79' lang='lat' dir='ltr'><strong>plangite,</strong></span> <span class='ocrx_word' id='word_1_167' title='bbox 1379 2318 1546 2371; x_wconf 88' lang='lat' dir='ltr'><strong>super</strong></span> <span class='ocrx_word' id='word_1_168' title='bbox 1609 2303 1829 2372; x_wconf 80' lang='lat' dir='ltr'><strong>regione</strong></span> 
     </span>
    </p>
   </div>
   <div class='ocr_carea' id='block_1_25' title="bbox 243 2393 1829 2464">
    <p class='ocr_par' dir='ltr' id='par_1_25' title="bbox 243 2393 1829 2464">
     <span class='ocr_line' id='line_1_25' title="bbox 243 2393 1829 2464; baseline 0.001 -17"><span class='ocrx_word' id='word_1_169' title='bbox 243 2393 627 2459; x_wconf 76' lang='lat' dir='ltr'><strong>desiderabili,</strong></span> <span class='ocrx_word' id='word_1_170' title='bbox 686 2409 848 2462; x_wconf 87' lang='lat' dir='ltr'><strong>super</strong></span> <span class='ocrx_word' id='word_1_171' title='bbox 896 2395 1054 2448; x_wconf 88' lang='lat' dir='ltr'><strong>vinea</strong></span> <span class='ocrx_word' id='word_1_172' title='bbox 1117 2393 1333 2452; x_wconf 78' lang='lat' dir='ltr'><strong>fertili:</strong></span> <span class='ocrx_word' id='word_1_173' title='bbox 1382 2402 1570 2464; x_wconf 68' lang='lat' dir='ltr'><strong>super:</strong></span> <span class='ocrx_word' id='word_1_174' title='bbox 1607 2396 1829 2450; x_wconf 88' lang='lat' dir='ltr'><strong>bummn</strong></span> 
     </span>
    </p>
   </div>
   <div class='ocr_carea' id='block_1_26' title="bbox 241 2488 1835 2557">
    <p class='ocr_par' dir='ltr' id='par_1_26' title="bbox 241 2488 1835 2557">
     <span class='ocr_line' id='line_1_26' title="bbox 241 2488 1835 2557; baseline 0 -18"><span class='ocrx_word' id='word_1_175' title='bbox 241 2489 437 2556; x_wconf 78' lang='lat' dir='ltr'><strong>populi</strong></span> <span class='ocrx_word' id='word_1_176' title='bbox 469 2489 573 2541; x_wconf 91' lang='lat' dir='ltr'><strong>mei</strong></span> <span class='ocrx_word' id='word_1_177' title='bbox 608 2488 761 2556; x_wconf 83' lang='lat' dir='ltr'><strong>spina</strong></span> <span class='ocrx_word' id='word_1_178' title='bbox 797 2497 852 2543; x_wconf 90' lang='lat' dir='ltr'><strong>et</strong></span> <span class='ocrx_word' id='word_1_179' title='bbox 881 2502 1073 2557; x_wconf 85' lang='lat' dir='ltr'><strong>vepres</strong></span> <span class='ocrx_word' id='word_1_180' title='bbox 1113 2489 1409 2543; x_wconf 88' lang='lat' dir='ltr'><strong>ascendent</strong></span> <span class='ocrx_word' id='word_1_181' title='bbox 1441 2498 1690 2557; x_wconf 86' lang='lat' dir='ltr'><strong>:quanto</strong></span> <span class='ocrx_word' id='word_1_182' title='bbox 1718 2502 1835 2541; x_wconf 85' lang='lat' dir='ltr'><strong>ma-</strong></span> 
     </span>
    </p>
   </div>
   <div class='ocr_carea' id='block_1_27' title="bbox 241 2579 1832 2649">
    <p class='ocr_par' dir='ltr' id='par_1_27' title="bbox 241 2579 1832 2649">
     <span class='ocr_line' id='line_1_27' title="bbox 241 2579 1832 2649; baseline 0 -17"><span class='ocrx_word' id='word_1_183' title='bbox 241 2580 329 2649; x_wconf 77' lang='lat' dir='ltr'><strong>gis</strong></span> <span class='ocrx_word' id='word_1_184' title='bbox 368 2595 538 2647; x_wconf 88' lang='lat' dir='ltr'><strong>super</strong></span> <span class='ocrx_word' id='word_1_185' title='bbox 587 2595 778 2634; x_wconf 90' lang='lat' dir='ltr'><strong>omnes</strong></span> <span class='ocrx_word' id='word_1_186' title='bbox 834 2581 1023 2634; x_wconf 89' lang='lat' dir='ltr'><strong>domos</strong></span> <span class='ocrx_word' id='word_1_187' title='bbox 1055 2580 1235 2649; x_wconf 78' lang='lat' dir='ltr'><strong>gaudii</strong></span> <span class='ocrx_word' id='word_1_188' title='bbox 1275 2579 1518 2635; x_wconf 75' lang='lat' dir='ltr'><strong>civitatis</strong></span> <span class='ocrx_word' id='word_1_189' title='bbox 1551 2581 1832 2634; x_wconf 82' lang='lat' dir='ltr'><strong>exsultan-</strong></span> 
     </span>
    </p>
   </div>
   <div class='ocr_carea' id='block_1_28' title="bbox 245 2672 1832 2729">
    <p class='ocr_par' dir='ltr' id='par_1_28' title="bbox 245 2672 1832 2729">
     <span class='ocr_line' id='line_1_28' title="bbox 245 2672 1832 2729; baseline 0.002 -4"><span class='ocrx_word' id='word_1_190' title='bbox 245 2674 316 2725; x_wconf 83' lang='lat' dir='ltr'><strong>tis</strong></span> <span class='ocrx_word' id='word_1_191' title='bbox 341 2677 368 2726; x_wconf 72' lang='grc'><strong><em>2</em></strong></span> <span class='ocrx_word' id='word_1_192' title='bbox 407 2673 608 2724; x_wconf 88' lang='lat' dir='ltr'><strong>Domus</strong></span> <span class='ocrx_word' id='word_1_193' title='bbox 635 2672 778 2726; x_wconf 91' lang='lat' dir='ltr'><strong>enim</strong></span> <span class='ocrx_word' id='word_1_194' title='bbox 813 2673 1041 2728; x_wconf 89' lang='lat' dir='ltr'><strong>dimissa</strong></span> <span class='ocrx_word' id='word_1_195' title='bbox 1078 2683 1158 2726; x_wconf 87' lang='lat' dir='ltr'><strong>est</strong></span> <span class='ocrx_word' id='word_1_196' title='bbox 1191 2673 1520 2729; x_wconf 87' lang='lat' dir='ltr'><strong>:multitudo</strong></span> <span class='ocrx_word' id='word_1_197' title='bbox 1555 2674 1708 2728; x_wconf 87' lang='lat' dir='ltr'><strong>urbis</strong></span> <span class='ocrx_word' id='word_1_198' title='bbox 1747 2690 1832 2728; x_wconf 88' lang='lat' dir='ltr'><strong>re-</strong></span> 
     </span>
    </p>
   </div>
   <div class='ocr_carea' id='block_1_29' title="bbox 247 2761 1834 2833">
    <p class='ocr_par' dir='ltr' id='par_1_29' title="bbox 247 2761 1834 2833">
     <span class='ocr_line' id='line_1_29' title="bbox 247 2761 1834 2833; baseline 0.004 -22"><span class='ocrx_word' id='word_1_199' title='bbox 247 2762 380 2815; x_wconf 80' lang='lat' dir='ltr'><strong>licta</strong></span> <span class='ocrx_word' id='word_1_200' title='bbox 411 2772 495 2816; x_wconf 91' lang='lat' dir='ltr'><strong>cst</strong></span> <span class='ocrx_word' id='word_1_201' title='bbox 527 2777 542 2817; x_wconf 91' lang='lat'><strong>:</strong></span> <span class='ocrx_word' id='word_1_202' title='bbox 572 2761 810 2816; x_wconf 85' lang='lat' dir='ltr'><strong>tenebrae</strong></span> <span class='ocrx_word' id='word_1_203' title='bbox 831 2771 884 2815; x_wconf 91' lang='lat' dir='ltr'><strong>et</strong></span> <span class='ocrx_word' id='word_1_204' title='bbox 911 2763 1149 2833; x_wconf 89' lang='lat' dir='ltr'><strong>palpatio</strong></span> <span class='ocrx_word' id='word_1_205' title='bbox 1179 2761 1338 2816; x_wconf 66' lang='lat' dir='ltr'><strong>facta:</strong></span> <span class='ocrx_word' id='word_1_206' title='bbox 1363 2771 1490 2817; x_wconf 89' lang='lat' dir='ltr'><strong>sunt</strong></span> <span class='ocrx_word' id='word_1_207' title='bbox 1520 2778 1683 2832; x_wconf 87' lang='lat' dir='ltr'><strong>super</strong></span> <span class='ocrx_word' id='word_1_208' title='bbox 1713 2777 1834 2830; x_wconf 75' lang='lat' dir='ltr'><strong>spe-</strong></span> 
     </span>
    </p>
   </div>
   <div class='ocr_carea' id='block_1_30' title="bbox 246 2856 1831 2926">
    <p class='ocr_par' dir='ltr' id='par_1_30' title="bbox 246 2856 1831 2926">
     <span class='ocr_line' id='line_1_30' title="bbox 246 2856 1831 2926; baseline -0.001 -16"><span class='ocrx_word' id='word_1_209' title='bbox 246 2857 443 2911; x_wconf 84' lang='lat' dir='ltr'><strong>luncas</strong></span> <span class='ocrx_word' id='word_1_210' title='bbox 493 2872 664 2926; x_wconf 83' lang='lat' dir='ltr'><strong>usque</strong></span> <span class='ocrx_word' id='word_1_211' title='bbox 712 2857 764 2910; x_wconf 91' lang='lat' dir='ltr'><strong>in</strong></span> <span class='ocrx_word' id='word_1_212' title='bbox 843 2866 1106 2911; x_wconf 67' lang='lat' dir='ltr'><strong>aeternum</strong></span> <span class='ocrx_word' id='word_1_213' title='bbox 1135 2873 1150 2913; x_wconf 70' lang='grc' dir='ltr'>ε</span> <span class='ocrx_word' id='word_1_214' title='bbox 1183 2856 1437 2926; x_wconf 82' lang='lat' dir='ltr'><strong>gaudium</strong></span> <span class='ocrx_word' id='word_1_215' title='bbox 1474 2870 1831 2926; x_wconf 82' lang='lat' dir='ltr'><strong>onagrorum,</strong></span> 
     </span>
    </p>
   </div>
   <div class='ocr_carea' id='block_1_31' title="bbox 248 2929 1831 3027">
    <p class='ocr_par' dir='ltr' id='par_1_31' title="bbox 248 2929 1831 3027">
     <span class='ocr_line' id='line_1_31' title="bbox 248 2929 1831 3027; baseline 0 -25"><span class='ocrx_word' id='word_1_216' title='bbox 248 2964 456 3020; x_wconf 84' lang='lat' dir='ltr'><strong>pascua</strong></span> <span class='ocrx_word' id='word_1_217' title='bbox 489 2929 732 3027; x_wconf 76' lang='lat' dir='ltr'><strong>gregum.</strong></span> <span class='ocrx_word' id='word_1_218' title='bbox 767 2947 948 3003; x_wconf 91' lang='lat' dir='ltr'><strong>Donec</strong></span> <span class='ocrx_word' id='word_1_219' title='bbox 996 2945 1305 3001; x_wconf 77' lang='lat' dir='ltr'><strong>eﬂundatur</strong></span> <span class='ocrx_word' id='word_1_220' title='bbox 1334 2963 1497 3016; x_wconf 85' lang='lat' dir='ltr'><strong>super</strong></span> <span class='ocrx_word' id='word_1_221' title='bbox 1531 2963 1632 3003; x_wconf 90' lang='lat' dir='ltr'><strong>nos</strong></span> <span class='ocrx_word' id='word_1_222' title='bbox 1665 2947 1831 3016; x_wconf 83' lang='lat' dir='ltr'><strong>spiri-</strong></span> 
     </span>
    </p>
   </div>
   <div class='ocr_carea' id='block_1_32' title="bbox 248 3040 1835 3105">
    <p class='ocr_par' dir='ltr' id='par_1_32' title="bbox 248 3040 1835 3105">
     <span class='ocr_line' id='line_1_32' title="bbox 248 3040 1835 3105; baseline -0.002 -10"><span class='ocrx_word' id='word_1_223' title='bbox 248 3053 334 3095; x_wconf 87' lang='lat' dir='ltr'><strong>tus</strong></span> <span class='ocrx_word' id='word_1_224' title='bbox 375 3042 441 3094; x_wconf 86' lang='lat' dir='ltr'><strong>de</strong></span> <span class='ocrx_word' id='word_1_225' title='bbox 475 3040 695 3093; x_wconf 80' lang='lat' dir='ltr'><strong>excelso</strong></span> <span class='ocrx_word' id='word_1_226' title='bbox 740 3049 835 3095; x_wconf 90' lang='lat' dir='ltr'><strong>:et</strong></span> <span class='ocrx_word' id='word_1_227' title='bbox 861 3041 966 3094; x_wconf 92' lang='lat' dir='ltr'><strong>erit</strong></span> <span class='ocrx_word' id='word_1_228' title='bbox 1003 3042 1280 3096; x_wconf 89' lang='lat' dir='ltr'><strong>desertum</strong></span> <span class='ocrx_word' id='word_1_229' title='bbox 1330 3043 1384 3096; x_wconf 91' lang='lat' dir='ltr'><strong>in</strong></span> <span class='ocrx_word' id='word_1_230' title='bbox 1443 3040 1727 3105; x_wconf 88' lang='lat' dir='ltr'><strong>Charmel,</strong></span> <span class='ocrx_word' id='word_1_231' title='bbox 1781 3051 1835 3095; x_wconf 88' lang='lat' dir='ltr'><strong>et</strong></span> 
     </span>
    </p>
   </div>
   <div class='ocr_carea' id='block_1_33' title="bbox 1861 1811 1904 1867">
    <p class='ocr_par' dir='ltr' id='par_1_33' title="bbox 1861 1811 1904 1867">
     <span class='ocr_line' id='line_1_33' title="bbox 1861 1811 1904 1867; baseline 0 0"><span class='ocrx_word' id='word_1_232' title='bbox 1861 1811 1904 1867; x_wconf 86' lang='grc' dir='ltr'><strong><em>Β</em></strong></span> 
     </span>
    </p>
   </div>
   <div class='ocr_carea' id='block_1_34' title="bbox 1921 653 3506 732">
    <p class='ocr_par' dir='ltr' id='par_1_34' title="bbox 1921 653 3506 732">
     <span class='ocr_line' id='line_1_34' title="bbox 1921 653 3506 732; baseline 0.005 -26"><span class='ocrx_word' id='word_1_233' title='bbox 1921 661 1974 706; x_wconf 85' lang='lat' dir='ltr'><strong>et</strong></span> <span class='ocrx_word' id='word_1_234' title='bbox 2028 653 2380 709; x_wconf 86' lang='lat' dir='ltr'><strong>nihilominus</strong></span> <span class='ocrx_word' id='word_1_235' title='bbox 2428 656 2767 726; x_wconf 85' lang='lat' dir='ltr'><strong>appellantur</strong></span> <span class='ocrx_word' id='word_1_236' title='bbox 2801 657 2929 726; x_wconf 77' lang='lat' dir='ltr'><strong>ﬁlice</strong></span> <span class='ocrx_word' id='word_1_237' title='bbox 2975 658 3330 732; x_wconf 81' lang='lat' dir='ltr'><strong>conﬁdentes,</strong></span> <span class='ocrx_word' id='word_1_238' title='bbox 3391 659 3506 714; x_wconf 87' lang='lat' dir='ltr'><strong>sive</strong></span> 
     </span>
    </p>
   </div>
   <div class='ocr_carea' id='block_1_35' title="bbox 1932 749 3576 818">
    <p class='ocr_par' dir='ltr' id='par_1_35' title="bbox 1932 749 3576 818">
     <span class='ocr_line' id='line_1_35' title="bbox 1932 749 3576 818; baseline 0.004 -20"><span class='ocrx_word' id='word_1_239' title='bbox 1932 756 2203 813; x_wconf 72' lang='lat' dir='ltr'><strong>sperantes</strong></span> <span class='ocrx_word' id='word_1_240' title='bbox 2237 763 2256 801; x_wconf 86' lang='lat'><strong><em>:</em></strong></span> <span class='ocrx_word' id='word_1_241' title='bbox 2288 749 2706 818; x_wconf 83' lang='lat' dir='ltr'><strong>praecipiturque</strong></span> <span class='ocrx_word' id='word_1_242' title='bbox 2731 751 2812 804; x_wconf 89' lang='lat' dir='ltr'><strong>eis</strong></span> <span class='ocrx_word' id='word_1_243' title='bbox 2846 759 2908 804; x_wconf 93' lang='lat' dir='ltr'><strong>ut</strong></span> <span class='ocrx_word' id='word_1_244' title='bbox 2956 750 3189 806; x_wconf 85' lang='lat' dir='ltr'><strong>audiant</strong></span> <span class='ocrx_word' id='word_1_245' title='bbox 3216 765 3501 806; x_wconf 85' lang='lat' dir='ltr'><strong>sermones</strong></span> <span class='ocrx_word' id='word_1_246' title='bbox 3574 782 3576 784; x_wconf 61' lang='grc' dir='ltr'><strong><em>τ</em></strong></span> 
     </span>
    </p>
   </div>
   <div class='ocr_carea' id='block_1_36' title="bbox 1928 837 3501 913">
    <p class='ocr_par' dir='ltr' id='par_1_36' title="bbox 1928 837 3501 913">
     <span class='ocr_line' id='line_1_36' title="bbox 1928 837 3501 913; baseline 0.005 -25"><span class='ocrx_word' id='word_1_247' title='bbox 1928 837 2166 905; x_wconf 87' lang='lat' dir='ltr'><strong>Domini,</strong></span> <span class='ocrx_word' id='word_1_248' title='bbox 2199 848 2252 894; x_wconf 87' lang='lat' dir='ltr'><strong>et</strong></span> <span class='ocrx_word' id='word_1_249' title='bbox 2313 843 2668 896; x_wconf 87' lang='lat' dir='ltr'><strong>recordentur</strong></span> <span class='ocrx_word' id='word_1_250' title='bbox 2694 842 2905 898; x_wconf 80' lang='lat' dir='ltr'><strong>dierum</strong></span> <span class='ocrx_word' id='word_1_251' title='bbox 2939 853 2993 900; x_wconf 91' lang='lat' dir='ltr'><strong>et</strong></span> <span class='ocrx_word' id='word_1_252' title='bbox 3013 844 3161 908; x_wconf 87' lang='lat' dir='ltr'><strong>anni,</strong></span> <span class='ocrx_word' id='word_1_253' title='bbox 3196 847 3262 899; x_wconf 89' lang='lat' dir='ltr'><strong>de</strong></span> <span class='ocrx_word' id='word_1_254' title='bbox 3293 858 3404 913; x_wconf 93' lang='lat' dir='ltr'><strong>quo</strong></span> <span class='ocrx_word' id='word_1_255' title='bbox 3448 843 3501 896; x_wconf 88' lang='lat' dir='ltr'><strong>in</strong></span> 
     </span>
    </p>
   </div>
   <div class='ocr_carea' id='block_1_37' title="bbox 1925 929 3504 1005">
    <p class='ocr_par' dir='ltr' id='par_1_37' title="bbox 1925 929 3504 1005">
     <span class='ocr_line' id='line_1_37' title="bbox 1925 929 3504 1005; baseline 0.003 -26"><span class='ocrx_word' id='word_1_256' title='bbox 1925 929 2383 996; x_wconf 85' lang='lat' dir='ltr'><strong>consequentibus</strong></span> <span class='ocrx_word' id='word_1_257' title='bbox 2433 931 2630 985; x_wconf 90' lang='lat' dir='ltr'><strong>dicturi</strong></span> <span class='ocrx_word' id='word_1_258' title='bbox 2720 948 2910 989; x_wconf 92' lang='lat' dir='ltr'><strong>sumus</strong></span> <span class='ocrx_word' id='word_1_259' title='bbox 2941 936 2997 1000; x_wconf 84' lang='grc'><strong>¹,</strong></span> <span class='ocrx_word' id='word_1_260' title='bbox 3038 935 3157 1005; x_wconf 87' lang='lat' dir='ltr'><strong>ipso</strong></span> <span class='ocrx_word' id='word_1_261' title='bbox 3221 934 3504 989; x_wconf 82' lang='lat' dir='ltr'><strong>Salvatore</strong></span> 
     </span>
    </p>
   </div>
   <div class='ocr_carea' id='block_1_38' title="bbox 1928 1020 3500 1095">
    <p class='ocr_par' dir='ltr' id='par_1_38' title="bbox 1928 1020 3500 1095">
     <span class='ocr_line' id='line_1_38' title="bbox 1928 1020 3500 1095; baseline 0.001 -21"><span class='ocrx_word' id='word_1_262' title='bbox 1928 1020 2144 1076; x_wconf 88' lang='lat' dir='ltr'><strong>dicente</strong></span> <span class='ocrx_word' id='word_1_263' title='bbox 2179 1039 2195 1076; x_wconf 90' lang='lat'><strong>:</strong></span> <span class='ocrx_word' id='word_1_264' title='bbox 2230 1021 2464 1090; x_wconf 87' lang='lat' dir='ltr'><strong>Spiritus</strong></span> <span class='ocrx_word' id='word_1_265' title='bbox 2505 1023 2717 1078; x_wconf 83' lang='lat' dir='ltr'><strong>Domini</strong></span> <span class='ocrx_word' id='word_1_266' title='bbox 2749 1041 2907 1095; x_wconf 87' lang='lat' dir='ltr'><strong>super</strong></span> <span class='ocrx_word' id='word_1_267' title='bbox 2953 1043 3053 1092; x_wconf 88' lang='lat' dir='ltr'><strong>me,</strong></span> <span class='ocrx_word' id='word_1_268' title='bbox 3089 1037 3300 1094; x_wconf 76' lang='lat' dir='ltr'><strong>propter</strong></span> <span class='ocrx_word' id='word_1_269' title='bbox 3362 1027 3500 1094; x_wconf 79' lang='lat' dir='ltr'><strong>quod</strong></span> 
     </span>
    </p>
   </div>
   <div class='ocr_carea' id='block_1_39' title="bbox 1927 1114 3535 1186">
    <p class='ocr_par' dir='ltr' id='par_1_39' title="bbox 1927 1114 3535 1186">
     <span class='ocr_line' id='line_1_39' title="bbox 1927 1114 3535 1186; baseline 0.007 -21"><span class='ocrx_word' id='word_1_270' title='bbox 1927 1114 2080 1166; x_wconf 72' lang='lat' dir='ltr'><strong>unxit</strong></span> <span class='ocrx_word' id='word_1_271' title='bbox 2109 1127 2192 1167; x_wconf 86' lang='lat' dir='ltr'><strong>me</strong></span> <span class='ocrx_word' id='word_1_272' title='bbox 2217 1126 2238 1166; x_wconf 89' lang='lat'><strong><em>:</em></strong></span> <span class='ocrx_word' id='word_1_273' title='bbox 2272 1115 2631 1183; x_wconf 78' lang='lat' dir='ltr'><strong>euangelizare</strong></span> <span class='ocrx_word' id='word_1_274' title='bbox 2655 1119 2968 1186; x_wconf 77' lang='lat' dir='ltr'><strong>pauperibus</strong></span> <span class='ocrx_word' id='word_1_275' title='bbox 3002 1120 3139 1172; x_wconf 82' lang='lat' dir='ltr'><strong>misit</strong></span> <span class='ocrx_word' id='word_1_276' title='bbox 3164 1135 3243 1172; x_wconf 88' lang='lat' dir='ltr'><strong>me</strong></span> <span class='ocrx_word' id='word_1_277' title='bbox 3270 1132 3287 1170; x_wconf 90' lang='lat'><em>:</em></span> <span class='ocrx_word' id='word_1_278' title='bbox 3312 1119 3535 1186; x_wconf 52' lang='lat' dir='ltr'><strong>pardi;</strong></span> 
     </span>
    </p>
   </div>
   <div class='ocr_carea' id='block_1_40' title="bbox 1928 1204 3505 1271">
    <p class='ocr_par' dir='ltr' id='par_1_40' title="bbox 1928 1204 3505 1271">
     <span class='ocr_line' id='line_1_40' title="bbox 1928 1204 3505 1271; baseline 0.002 -14"><span class='ocrx_word' id='word_1_279' title='bbox 1928 1219 2050 1257; x_wconf 82' lang='lat' dir='ltr'><strong>care</strong></span> <span class='ocrx_word' id='word_1_280' title='bbox 2074 1204 2297 1271; x_wconf 83' lang='lat' dir='ltr'><strong>captiuis</strong></span> <span class='ocrx_word' id='word_1_281' title='bbox 2317 1207 2698 1271; x_wconf 77' lang='lat' dir='ltr'><strong>remissionem,</strong></span> <span class='ocrx_word' id='word_1_282' title='bbox 2726 1218 2776 1261; x_wconf 89' lang='lat' dir='ltr'><strong>et</strong></span> <span class='ocrx_word' id='word_1_283' title='bbox 2793 1209 2941 1263; x_wconf 68' lang='lat' dir='ltr'><strong>caecis</strong></span> <span class='ocrx_word' id='word_1_284' title='bbox 2969 1211 3172 1264; x_wconf 86' lang='lat' dir='ltr'><strong>visum:</strong></span> <span class='ocrx_word' id='word_1_285' title='bbox 3193 1225 3374 1262; x_wconf 83' lang='lat' dir='ltr'><strong>vocare</strong></span> <span class='ocrx_word' id='word_1_286' title='bbox 3404 1226 3505 1261; x_wconf 83' lang='lat' dir='ltr'><strong>an-</strong></span> 
     </span>
    </p>
   </div>
   <div class='ocr_carea' id='block_1_41' title="bbox 1933 1283 3502 1371">
    <p class='ocr_par' dir='ltr' id='par_1_41' title="bbox 1933 1283 3502 1371">
     <span class='ocr_line' id='line_1_41' title="bbox 1933 1283 3502 1371; baseline -0.001 -21"><span class='ocrx_word' id='word_1_287' title='bbox 1933 1313 2060 1350; x_wconf 86' lang='lat' dir='ltr'><strong>num</strong></span> <span class='ocrx_word' id='word_1_288' title='bbox 2093 1295 2307 1352; x_wconf 83' lang='lat' dir='ltr'><strong>Domini</strong></span> <span class='ocrx_word' id='word_1_289' title='bbox 2333 1283 2706 1367; x_wconf 83' lang='lat' dir='ltr'><strong>acceptabilem</strong></span> <span class='ocrx_word' id='word_1_290' title='bbox 2737 1298 2892 1371; x_wconf 88' lang='lat' dir='ltr'><strong>(Luc.</strong></span> <span class='ocrx_word' id='word_1_291' title='bbox 2917 1317 2992 1365; x_wconf 90' lang='lat' dir='ltr'><strong>tv,</strong></span> <span class='ocrx_word' id='word_1_292' title='bbox 3033 1301 3114 1364; x_wconf 77' lang='lat' dir='ltr'><strong>l8,</strong></span> <span class='ocrx_word' id='word_1_293' title='bbox 3154 1301 3264 1367; x_wconf 83' lang='lat' dir='ltr'><strong>i9),</strong></span> <span class='ocrx_word' id='word_1_294' title='bbox 3316 1301 3502 1367; x_wconf 67' lang='lat' dir='ltr'><strong>etipsn</strong></span> 
     </span>
    </p>
   </div>
   <div class='ocr_carea' id='block_1_42' title="bbox 1933 1389 3504 1467">
    <p class='ocr_par' dir='ltr' id='par_1_42' title="bbox 1933 1389 3504 1467">
     <span class='ocr_line' id='line_1_42' title="bbox 1933 1389 3504 1467; baseline 0 -27"><span class='ocrx_word' id='word_1_295' title='bbox 1933 1389 2240 1443; x_wconf 87' lang='lat' dir='ltr'><strong>recordatio</strong></span> <span class='ocrx_word' id='word_1_296' title='bbox 2293 1389 2384 1443; x_wconf 86' lang='lat' dir='ltr'><strong>liat</strong></span> <span class='ocrx_word' id='word_1_297' title='bbox 2441 1391 2522 1446; x_wconf 90' lang='lat' dir='ltr'><strong>eis</strong></span> <span class='ocrx_word' id='word_1_298' title='bbox 2567 1392 2722 1467; x_wconf 64' lang='lat' dir='ltr'><strong>juxtq</strong></span> <span class='ocrx_word' id='word_1_299' title='bbox 2778 1390 3128 1462; x_wconf 81' lang='lat' dir='ltr'><strong>Septuaginta</strong></span> <span class='ocrx_word' id='word_1_300' title='bbox 3159 1394 3214 1445; x_wconf 84' lang='lat' dir='ltr'><strong>in</strong></span> <span class='ocrx_word' id='word_1_301' title='bbox 3265 1391 3504 1445; x_wconf 88' lang='lat' dir='ltr'><strong>dolorem</strong></span> 
     </span>
    </p>
   </div>
   <div class='ocr_carea' id='block_1_43' title="bbox 1929 1483 3506 1554">
    <p class='ocr_par' dir='ltr' id='par_1_43' title="bbox 1929 1483 3506 1554">
     <span class='ocr_line' id='line_1_43' title="bbox 1929 1483 3506 1554; baseline 0.001 -21"><span class='ocrx_word' id='word_1_302' title='bbox 1929 1496 2052 1535; x_wconf 90' lang='lat' dir='ltr'><strong>cum</strong></span> <span class='ocrx_word' id='word_1_303' title='bbox 2093 1497 2205 1550; x_wconf 92' lang='lat' dir='ltr'><strong>spe,</strong></span> <span class='ocrx_word' id='word_1_304' title='bbox 2265 1491 2323 1536; x_wconf 90' lang='lat' dir='ltr'><strong>ut</strong></span> <span class='ocrx_word' id='word_1_305' title='bbox 2358 1483 2615 1554; x_wconf 88' lang='lat' dir='ltr'><strong>plangant</strong></span> <span class='ocrx_word' id='word_1_306' title='bbox 2658 1499 2717 1539; x_wconf 82' lang='lat' dir='ltr'><strong>se</strong></span> <span class='ocrx_word' id='word_1_307' title='bbox 2751 1483 3046 1539; x_wconf 91' lang='lat' dir='ltr'><strong>Dominum</strong></span> <span class='ocrx_word' id='word_1_308' title='bbox 3083 1484 3406 1553; x_wconf 83' lang='lat' dir='ltr'><strong>denegasse,</strong></span> <span class='ocrx_word' id='word_1_309' title='bbox 3451 1491 3506 1536; x_wconf 91' lang='lat' dir='ltr'><strong>et</strong></span> 
     </span>
    </p>
   </div>
   <div class='ocr_carea' id='block_1_44' title="bbox 1932 1573 3506 1656">
    <p class='ocr_par' dir='ltr' id='par_1_44' title="bbox 1932 1573 3506 1656">
     <span class='ocr_line' id='line_1_44' title="bbox 1932 1573 3506 1656; baseline -0.003 -27"><span class='ocrx_word' id='word_1_310' title='bbox 1932 1589 2084 1642; x_wconf 88' lang='lat' dir='ltr'><strong>spem</strong></span> <span class='ocrx_word' id='word_1_311' title='bbox 2117 1573 2354 1653; x_wconf 85' lang='lat' dir='ltr'><strong>habeant</strong></span> <span class='ocrx_word' id='word_1_312' title='bbox 2384 1574 2596 1641; x_wconf 87' lang='lat' dir='ltr'><strong>salutis,</strong></span> <span class='ocrx_word' id='word_1_313' title='bbox 2627 1576 2671 1630; x_wconf 93' lang='lat' dir='ltr'><strong>si</strong></span> <span class='ocrx_word' id='word_1_314' title='bbox 2697 1575 2906 1656; x_wconf 78' lang='lat' dir='ltr'><strong>egerint</strong></span> <span class='ocrx_word' id='word_1_315' title='bbox 2931 1575 3334 1646; x_wconf 67' lang='lat' dir='ltr'><strong>paenitentiam.</strong></span> <span class='ocrx_word' id='word_1_316' title='bbox 3369 1573 3506 1627; x_wconf 87' lang='lat' dir='ltr'><strong>Dicit</strong></span> 
     </span>
    </p>
   </div>
   <div class='ocr_carea' id='block_1_45' title="bbox 1932 1665 3507 1732">
    <p class='ocr_par' dir='ltr' id='par_1_45' title="bbox 1932 1665 3507 1732">
     <span class='ocr_line' id='line_1_45' title="bbox 1932 1665 3507 1732; baseline -0.001 -16"><span class='ocrx_word' id='word_1_317' title='bbox 1932 1665 2076 1717; x_wconf 89' lang='lat' dir='ltr'><strong>enim</strong></span> <span class='ocrx_word' id='word_1_318' title='bbox 2113 1665 2441 1719; x_wconf 82' lang='lat' dir='ltr'><strong>vindemiam</strong></span> <span class='ocrx_word' id='word_1_319' title='bbox 2503 1676 2962 1730; x_wconf 86' lang='lat' dir='ltr'><strong>consummatam,</strong></span> <span class='ocrx_word' id='word_1_320' title='bbox 3007 1676 3062 1719; x_wconf 88' lang='lat' dir='ltr'><strong>et</strong></span> <span class='ocrx_word' id='word_1_321' title='bbox 3096 1673 3213 1732; x_wconf 91' lang='lat' dir='ltr'><strong>post</strong></span> <span class='ocrx_word' id='word_1_322' title='bbox 3263 1665 3507 1718; x_wconf 87' lang='lat' dir='ltr'><strong>ultimam</strong></span> 
     </span>
    </p>
   </div>
   <div class='ocr_carea' id='block_1_46' title="bbox 1933 1757 3508 1826">
    <p class='ocr_par' dir='ltr' id='par_1_46' title="bbox 1933 1757 3508 1826">
     <span class='ocr_line' id='line_1_46' title="bbox 1933 1757 3508 1826; baseline -0.001 -18"><span class='ocrx_word' id='word_1_323' title='bbox 1933 1757 2266 1824; x_wconf 87' lang='lat' dir='ltr'><strong>vastitatem,</strong></span> <span class='ocrx_word' id='word_1_324' title='bbox 2304 1773 2423 1826; x_wconf 78' lang='lat' dir='ltr'><strong>quae</strong></span> <span class='ocrx_word' id='word_1_325' title='bbox 2459 1757 2562 1812; x_wconf 89' lang='lat' dir='ltr'><strong>sub</strong></span> <span class='ocrx_word' id='word_1_326' title='bbox 2600 1757 2931 1826; x_wconf 83' lang='lat' dir='ltr'><strong>Vespasiano</strong></span> <span class='ocrx_word' id='word_1_327' title='bbox 2961 1767 3015 1812; x_wconf 90' lang='lat' dir='ltr'><strong>et</strong></span> <span class='ocrx_word' id='word_1_328' title='bbox 3050 1757 3176 1810; x_wconf 90' lang='lat' dir='ltr'><strong>Tito</strong></span> <span class='ocrx_word' id='word_1_329' title='bbox 3233 1757 3508 1808; x_wconf 83' lang='lat' dir='ltr'><strong>Adriano-</strong></span> 
     </span>
    </p>
   </div>
   <div class='ocr_carea' id='block_1_47' title="bbox 1931 1833 3506 1918">
    <p class='ocr_par' dir='ltr' id='par_1_47' title="bbox 1931 1833 3506 1918">
     <span class='ocr_line' id='line_1_47' title="bbox 1931 1833 3506 1918; baseline -0.004 -15"><span class='ocrx_word' id='word_1_330' title='bbox 1931 1865 2040 1918; x_wconf 91' lang='lat' dir='ltr'><strong>que</strong></span> <span class='ocrx_word' id='word_1_331' title='bbox 2078 1850 2304 1916; x_wconf 88' lang='lat' dir='ltr'><strong>accidit,</strong></span> <span class='ocrx_word' id='word_1_332' title='bbox 2334 1833 2709 1918; x_wconf 80' lang='lat' dir='ltr'><strong>nequaquam</strong></span> <span class='ocrx_word' id='word_1_333' title='bbox 2751 1849 2916 1903; x_wconf 87' lang='lat' dir='ltr'><strong>aliam</strong></span> <span class='ocrx_word' id='word_1_334' title='bbox 2953 1848 3327 1916; x_wconf 85' lang='lat' dir='ltr'><strong>captivitatem</strong></span> <span class='ocrx_word' id='word_1_335' title='bbox 3386 1860 3506 1898; x_wconf 85' lang='lat' dir='ltr'><strong>esse</strong></span> 
     </span>
    </p>
   </div>
   <div class='ocr_carea' id='block_1_48' title="bbox 1931 1936 3506 2008">
    <p class='ocr_par' dir='ltr' id='par_1_48' title="bbox 1931 1936 3506 2008">
     <span class='ocr_line' id='line_1_48' title="bbox 1931 1936 3506 2008; baseline -0.003 -16"><span class='ocrx_word' id='word_1_336' title='bbox 1931 1949 2239 2006; x_wconf 90' lang='lat' dir='ltr'><strong>venturam,</strong></span> <span class='ocrx_word' id='word_1_337' title='bbox 2274 1955 2372 1994; x_wconf 90' lang='lat' dir='ltr'><strong>nec</strong></span> <span class='ocrx_word' id='word_1_338' title='bbox 2412 1954 2762 1995; x_wconf 80' lang='lat' dir='ltr'><strong>remauSuros</strong></span> <span class='ocrx_word' id='word_1_339' title='bbox 2811 1939 3000 1993; x_wconf 84' lang='lat' dir='ltr'><strong>betros</strong></span> <span class='ocrx_word' id='word_1_340' title='bbox 3031 1939 3084 1992; x_wconf 93' lang='lat' dir='ltr'><strong>in</strong></span> <span class='ocrx_word' id='word_1_341' title='bbox 3124 1939 3352 2008; x_wconf 88' lang='lat' dir='ltr'><strong>populis,</strong></span> <span class='ocrx_word' id='word_1_342' title='bbox 3413 1936 3506 2005; x_wconf 89' lang='lat' dir='ltr'><strong>qui</strong></span> 
     </span>
    </p>
   </div>
   <div class='ocr_carea' id='block_1_49' title="bbox 1933 2029 3507 2103">
    <p class='ocr_par' dir='ltr' id='par_1_49' title="bbox 1933 2029 3507 2103">
     <span class='ocr_line' id='line_1_49' title="bbox 1933 2029 3507 2103; baseline -0.007 -15"><span class='ocrx_word' id='word_1_343' title='bbox 1933 2034 2193 2103; x_wconf 84' lang='lat' dir='ltr'><strong>deinceps</strong></span> <span class='ocrx_word' id='word_1_344' title='bbox 2241 2032 2530 2102; x_wconf 72' lang='lat' dir='ltr'><strong>colligendi</strong></span> <span class='ocrx_word' id='word_1_345' title='bbox 2585 2040 2731 2084; x_wconf 89' lang='lat' dir='ltr'><strong>sunt.</strong></span> <span class='ocrx_word' id='word_1_346' title='bbox 2799 2029 2958 2085; x_wconf 89' lang='lat' dir='ltr'><strong>Unde</strong></span> <span class='ocrx_word' id='word_1_347' title='bbox 3027 2039 3389 2098; x_wconf 87' lang='lat' dir='ltr'><strong>provocantur</strong></span> <span class='ocrx_word' id='word_1_348' title='bbox 3441 2030 3507 2079; x_wconf 59' lang='lat' dir='ltr'><strong>ait</strong></span> 
     </span>
    </p>
   </div>
   <div class='ocr_carea' id='block_1_50' title="bbox 1931 2121 3509 2195">
    <p class='ocr_par' dir='ltr' id='par_1_50' title="bbox 1931 2121 3509 2195">
     <span class='ocr_line' id='line_1_50' title="bbox 1931 2121 3509 2195; baseline -0.005 -17"><span class='ocrx_word' id='word_1_349' title='bbox 1931 2125 2232 2194; x_wconf 90' lang='lat' dir='ltr'><strong>planctum,</strong></span> <span class='ocrx_word' id='word_1_350' title='bbox 2262 2134 2314 2180; x_wconf 90' lang='lat' dir='ltr'><strong>et</strong></span> <span class='ocrx_word' id='word_1_351' title='bbox 2340 2125 2602 2195; x_wconf 88' lang='lat' dir='ltr'><strong>jubentur</strong></span> <span class='ocrx_word' id='word_1_352' title='bbox 2629 2123 2832 2177; x_wconf 84' lang='lat' dir='ltr'><strong>nudare</strong></span> <span class='ocrx_word' id='word_1_353' title='bbox 2869 2131 3113 2192; x_wconf 86' lang='lat' dir='ltr'><strong>pectora,</strong></span> <span class='ocrx_word' id='word_1_354' title='bbox 3149 2132 3200 2174; x_wconf 91' lang='lat' dir='ltr'><strong>et</strong></span> <span class='ocrx_word' id='word_1_355' title='bbox 3230 2121 3509 2187; x_wconf 73' lang='lat' dir='ltr'><strong>accingere</strong></span> 
     </span>
    </p>
   </div>
   <div class='ocr_carea' id='block_1_51' title="bbox 1931 2214 3506 2286">
    <p class='ocr_par' dir='ltr' id='par_1_51' title="bbox 1931 2214 3506 2286">
     <span class='ocr_line' id='line_1_51' title="bbox 1931 2214 3506 2286; baseline -0.005 -14"><span class='ocrx_word' id='word_1_356' title='bbox 1931 2218 2144 2273; x_wconf 90' lang='lat' dir='ltr'><strong>lumbos</strong></span> <span class='ocrx_word' id='word_1_357' title='bbox 2177 2232 2330 2282; x_wconf 86' lang='lat' dir='ltr'><strong>suos,</strong></span> <span class='ocrx_word' id='word_1_358' title='bbox 2361 2231 2428 2272; x_wconf 91' lang='lat' dir='ltr'><strong>eo</strong></span> <span class='ocrx_word' id='word_1_359' title='bbox 2453 2217 2597 2286; x_wconf 90' lang='lat' dir='ltr'><strong>quod</strong></span> <span class='ocrx_word' id='word_1_360' title='bbox 2626 2215 2776 2286; x_wconf 87' lang='lat' dir='ltr'><strong>regio</strong></span> <span class='ocrx_word' id='word_1_361' title='bbox 2807 2218 3080 2284; x_wconf 84' lang='lat' dir='ltr'><strong>quondam</strong></span> <span class='ocrx_word' id='word_1_362' title='bbox 3108 2214 3506 2274; x_wconf 82' lang='lat' dir='ltr'><strong>desiderabilis,</strong></span> 
     </span>
    </p>
   </div>
   <div class='ocr_carea' id='block_1_52' title="bbox 1931 2304 3592 2376">
    <p class='ocr_par' dir='ltr' id='par_1_52' title="bbox 1931 2304 3592 2376">
     <span class='ocr_line' id='line_1_52' title="bbox 1931 2304 3592 2376; baseline -0.003 -16"><span class='ocrx_word' id='word_1_363' title='bbox 1931 2319 1984 2360; x_wconf 83' lang='lat' dir='ltr'><strong>et</strong></span> <span class='ocrx_word' id='word_1_364' title='bbox 2019 2309 2173 2363; x_wconf 91' lang='lat' dir='ltr'><strong>vinea</strong></span> <span class='ocrx_word' id='word_1_365' title='bbox 2206 2306 2423 2373; x_wconf 82' lang='lat' dir='ltr'><strong>fertilis,</strong></span> <span class='ocrx_word' id='word_1_366' title='bbox 2498 2312 2562 2362; x_wconf 92' lang='lat' dir='ltr'><strong>de</strong></span> <span class='ocrx_word' id='word_1_367' title='bbox 2597 2324 2699 2376; x_wconf 89' lang='lat' dir='ltr'><strong>qua</strong></span> <span class='ocrx_word' id='word_1_368' title='bbox 2733 2307 2993 2375; x_wconf 84' lang='lat' dir='ltr'><strong>scriptum</strong></span> <span class='ocrx_word' id='word_1_369' title='bbox 3033 2318 3115 2360; x_wconf 88' lang='lat' dir='ltr'><strong>est</strong></span> <span class='ocrx_word' id='word_1_370' title='bbox 3144 2321 3160 2360; x_wconf 73' lang='grc' dir='ltr'>ε</span> <span class='ocrx_word' id='word_1_371' title='bbox 3197 2305 3308 2375; x_wconf 83' lang='lat' dir='ltr'><strong>Ego</strong></span> <span class='ocrx_word' id='word_1_372' title='bbox 3357 2304 3512 2371; x_wconf 82' lang='lat' dir='ltr'><strong>plau-</strong></span> <span class='ocrx_word' id='word_1_373' title='bbox 3589 2325 3592 2329; x_wconf 53' lang='grc' dir='ltr'><em>ι</em></span> 
     </span>
    </p>
   </div>
   <div class='ocr_carea' id='block_1_53' title="bbox 1932 2399 3509 2470">
    <p class='ocr_par' dir='ltr' id='par_1_53' title="bbox 1932 2399 3509 2470">
     <span class='ocr_line' id='line_1_53' title="bbox 1932 2399 3509 2470; baseline -0.004 -17"><span class='ocrx_word' id='word_1_374' title='bbox 1932 2403 2038 2454; x_wconf 86' lang='lat' dir='ltr'><strong>tavi</strong></span> <span class='ocrx_word' id='word_1_375' title='bbox 2069 2412 2117 2454; x_wconf 88' lang='lat' dir='ltr'><strong>te</strong></span> <span class='ocrx_word' id='word_1_376' title='bbox 2147 2402 2351 2454; x_wconf 75' lang='lat' dir='ltr'><strong>vineam</strong></span> <span class='ocrx_word' id='word_1_377' title='bbox 2413 2399 2769 2470; x_wconf 80' lang='lat' dir='ltr'><strong>fructiferam,</strong></span> <span class='ocrx_word' id='word_1_378' title='bbox 2803 2411 2967 2453; x_wconf 82' lang='lat' dir='ltr'><strong>totout</strong></span> <span class='ocrx_word' id='word_1_379' title='bbox 3004 2415 3177 2452; x_wconf 80' lang='lat' dir='ltr'><strong>veram</strong></span> <span class='ocrx_word' id='word_1_380' title='bbox 3205 2414 3222 2449; x_wconf 92' lang='lat'><em>:</em></span> <span class='ocrx_word' id='word_1_381' title='bbox 3251 2399 3509 2465; x_wconf 65' lang='lat' dir='ltr'><strong>quomodo</strong></span> 
     </span>
    </p>
   </div>
   <div class='ocr_carea' id='block_1_54' title="bbox 1932 2485 3505 2566">
    <p class='ocr_par' dir='ltr' id='par_1_54' title="bbox 1932 2485 3505 2566">
     <span class='ocr_line' id='line_1_54' title="bbox 1932 2485 3505 2566; baseline -0.003 -22"><span class='ocrx_word' id='word_1_382' title='bbox 1932 2509 2182 2547; x_wconf 75' lang='lat' dir='ltr'><strong>convena</strong></span> <span class='ocrx_word' id='word_1_383' title='bbox 2203 2509 2255 2546; x_wconf 81' lang='lat' dir='ltr'><strong>es</strong></span> <span class='ocrx_word' id='word_1_384' title='bbox 2276 2493 2329 2545; x_wconf 87' lang='lat' dir='ltr'><strong>in</strong></span> <span class='ocrx_word' id='word_1_385' title='bbox 2356 2493 2764 2546; x_wconf 76' lang='lat' dir='ltr'><strong>amaritudinem</strong></span> <span class='ocrx_word' id='word_1_386' title='bbox 2799 2493 2916 2544; x_wconf 86' lang='lat' dir='ltr'><strong>vitis</strong></span> <span class='ocrx_word' id='word_1_387' title='bbox 2953 2490 3140 2543; x_wconf 73' lang='lat' dir='ltr'><strong>aliena:</strong></span> <span class='ocrx_word' id='word_1_388' title='bbox 3177 2485 3396 2566; x_wconf 73' lang='lat' dir='ltr'><strong>(lerant.</strong></span> <span class='ocrx_word' id='word_1_389' title='bbox 3440 2503 3505 2550; x_wconf 85' lang='lat' dir='ltr'><strong>ll,</strong></span> 
     </span>
    </p>
   </div>
   <div class='ocr_carea' id='block_1_55' title="bbox 1933 2580 3508 2652">
    <p class='ocr_par' dir='ltr' id='par_1_55' title="bbox 1933 2580 3508 2652">
     <span class='ocr_line' id='line_1_55' title="bbox 1933 2580 3508 2652; baseline -0.006 -12"><span class='ocrx_word' id='word_1_390' title='bbox 1933 2587 2024 2652; x_wconf 74' lang='grc'><strong>21)</strong></span> <span class='ocrx_word' id='word_1_391' title='bbox 2057 2585 2080 2638; x_wconf 71' lang='lat'><strong><em>3</em></strong></span> <span class='ocrx_word' id='word_1_392' title='bbox 2111 2584 2361 2640; x_wconf 83' lang='lat' dir='ltr'><strong>Romano</strong></span> <span class='ocrx_word' id='word_1_393' title='bbox 2411 2593 2677 2648; x_wconf 88' lang='lat' dir='ltr'><strong>vastante,</strong></span> <span class='ocrx_word' id='word_1_394' title='bbox 2734 2584 2906 2637; x_wconf 90' lang='lat' dir='ltr'><strong>deleta</strong></span> <span class='ocrx_word' id='word_1_395' title='bbox 2941 2583 3033 2637; x_wconf 88' lang='lat' dir='ltr'><strong>sit.</strong></span> <span class='ocrx_word' id='word_1_396' title='bbox 3069 2580 3238 2651; x_wconf 86' lang='lat' dir='ltr'><strong>Super</strong></span> <span class='ocrx_word' id='word_1_397' title='bbox 3266 2581 3508 2644; x_wconf 83' lang='lat' dir='ltr'><strong>humum,</strong></span> 
     </span>
    </p>
   </div>
   <div class='ocr_carea' id='block_1_56' title="bbox 1936 2663 3514 2750">
    <p class='ocr_par' dir='ltr' id='par_1_56' title="bbox 1936 2663 3514 2750">
     <span class='ocr_line' id='line_1_56' title="bbox 1936 2663 3514 2750; baseline 0.006 -17"><span class='ocrx_word' id='word_1_398' title='bbox 1936 2679 2130 2748; x_wconf 89' lang='lat' dir='ltr'><strong>inquit,</strong></span> <span class='ocrx_word' id='word_1_399' title='bbox 2203 2679 2384 2749; x_wconf 87' lang='lat' dir='ltr'><strong>populi</strong></span> <span class='ocrx_word' id='word_1_400' title='bbox 2410 2679 2531 2744; x_wconf 86' lang='lat' dir='ltr'><strong>mei,</strong></span> <span class='ocrx_word' id='word_1_401' title='bbox 2563 2677 2720 2750; x_wconf 66' lang='grc'><strong>43],</strong></span> <span class='ocrx_word' id='word_1_402' title='bbox 2776 2677 2943 2745; x_wconf 70' lang='lat' dir='ltr'><strong>spina:</strong></span> <span class='ocrx_word' id='word_1_403' title='bbox 2970 2686 3016 2730; x_wconf 91' lang='lat' dir='ltr'><strong>et</strong></span> <span class='ocrx_word' id='word_1_404' title='bbox 3055 2663 3249 2745; x_wconf 78' lang='lat' dir='ltr'><strong>vepres.</strong></span> <span class='ocrx_word' id='word_1_405' title='bbox 3289 2676 3404 2728; x_wconf 62' lang='lat' dir='ltr'><strong>sive</strong></span> <span class='ocrx_word' id='word_1_406' title='bbox 3435 2673 3514 2742; x_wconf 64' lang='grc' dir='ltr'><strong>[θ’-</strong></span> 
     </span>
    </p>
   </div>
   <div class='ocr_carea' id='block_1_57' title="bbox 1938 2765 3508 2845">
    <p class='ocr_par' dir='ltr' id='par_1_57' title="bbox 1938 2765 3508 2845">
     <span class='ocr_line' id='line_1_57' title="bbox 1938 2765 3508 2845; baseline -0.006 -18"><span class='ocrx_word' id='word_1_407' title='bbox 1938 2791 2064 2827; x_wconf 85' lang='lat' dir='ltr'><strong>num</strong></span> <span class='ocrx_word' id='word_1_408' title='bbox 2097 2774 2369 2828; x_wconf 82' lang='lat' dir='ltr'><strong>ascendet.</strong></span> <span class='ocrx_word' id='word_1_409' title='bbox 2401 2771 2467 2826; x_wconf 88' lang='lat' dir='ltr'><strong>Et</strong></span> <span class='ocrx_word' id='word_1_410' title='bbox 2501 2781 2584 2826; x_wconf 88' lang='lat' dir='ltr'><strong>est</strong></span> <span class='ocrx_word' id='word_1_411' title='bbox 2618 2787 2811 2826; x_wconf 87' lang='lat' dir='ltr'><strong>sensus</strong></span> <span class='ocrx_word' id='word_1_412' title='bbox 2836 2785 2852 2824; x_wconf 89' lang='lat'><strong>:</strong></span> <span class='ocrx_word' id='word_1_413' title='bbox 2876 2768 2932 2824; x_wconf 91' lang='lat' dir='ltr'><strong>Si</strong></span> <span class='ocrx_word' id='word_1_414' title='bbox 2985 2779 3182 2845; x_wconf 85' lang='lat' dir='ltr'><strong>terram</strong></span> <span class='ocrx_word' id='word_1_415' title='bbox 3240 2765 3508 2826; x_wconf 65' lang='lat' dir='ltr'><strong>Judaeum.</strong></span> 
     </span>
    </p>
   </div>
   <div class='ocr_carea' id='block_1_58' title="bbox 1934 2859 3514 2934">
    <p class='ocr_par' dir='ltr' id='par_1_58' title="bbox 1934 2859 3514 2934">
     <span class='ocr_line' id='line_1_58' title="bbox 1934 2859 3514 2934; baseline -0.003 -18"><span class='ocrx_word' id='word_1_416' title='bbox 1934 2882 2054 2934; x_wconf 67' lang='lat' dir='ltr'><strong>qua!</strong></span> <span class='ocrx_word' id='word_1_417' title='bbox 2107 2864 2546 2934; x_wconf 84' lang='lat' dir='ltr'><strong>repromissionis</strong></span> <span class='ocrx_word' id='word_1_418' title='bbox 2587 2875 2730 2918; x_wconf 90' lang='lat' dir='ltr'><strong>terra</strong></span> <span class='ocrx_word' id='word_1_419' title='bbox 2772 2871 2874 2928; x_wconf 90' lang='lat' dir='ltr'><strong>est,</strong></span> <span class='ocrx_word' id='word_1_420' title='bbox 2939 2862 3110 2932; x_wconf 74' lang='lat' dir='ltr'><strong>spina:</strong></span> <span class='ocrx_word' id='word_1_421' title='bbox 3163 2859 3514 2929; x_wconf 85' lang='lat' dir='ltr'><strong>repleverunt</strong></span> 
     </span>
    </p>
   </div>
   <div class='ocr_carea' id='block_1_59' title="bbox 1935 2951 3514 3027">
    <p class='ocr_par' dir='ltr' id='par_1_59' title="bbox 1935 2951 3514 3027">
     <span class='ocr_line' id='line_1_59' title="bbox 1935 2951 3514 3027; baseline -0.005 -17"><span class='ocrx_word' id='word_1_422' title='bbox 1935 2969 1989 3011; x_wconf 91' lang='lat' dir='ltr'><strong>et</strong></span> <span class='ocrx_word' id='word_1_423' title='bbox 2022 2972 2238 3027; x_wconf 88' lang='lat' dir='ltr'><strong>vepres,</strong></span> <span class='ocrx_word' id='word_1_424' title='bbox 2277 2966 2484 3026; x_wconf 90' lang='lat' dir='ltr'><strong>quanto</strong></span> <span class='ocrx_word' id='word_1_425' title='bbox 2520 2955 2691 3025; x_wconf 86' lang='lat' dir='ltr'><strong>magis</strong></span> <span class='ocrx_word' id='word_1_426' title='bbox 2729 2954 2868 3009; x_wconf 86' lang='lat' dir='ltr'><strong>alias</strong></span> <span class='ocrx_word' id='word_1_427' title='bbox 2903 2953 3151 3007; x_wconf 86' lang='lat' dir='ltr'><strong>civitates</strong></span> <span class='ocrx_word' id='word_1_428' title='bbox 3186 2965 3306 3018; x_wconf 67' lang='lat' dir='ltr'><strong>quae</strong></span> <span class='ocrx_word' id='word_1_429' title='bbox 3344 2951 3514 3019; x_wconf 65' lang='lat' dir='ltr'><strong>plena:</strong></span> 
     </span>
    </p>
   </div>
   <div class='ocr_carea' id='block_1_60' title="bbox 1938 3045 3516 3119">
    <p class='ocr_par' dir='ltr' id='par_1_60' title="bbox 1938 3045 3516 3119">
     <span class='ocr_line' id='line_1_60' title="bbox 1938 3045 3516 3119; baseline -0.006 -17"><span class='ocrx_word' id='word_1_430' title='bbox 1938 3059 2065 3102; x_wconf 89' lang='lat' dir='ltr'><strong>sunt</strong></span> <span class='ocrx_word' id='word_1_431' title='bbox 2096 3048 2319 3119; x_wconf 78' lang='lat' dir='ltr'><strong>gaudio,</strong></span> <span class='ocrx_word' id='word_1_432' title='bbox 2355 3057 2409 3103; x_wconf 87' lang='lat' dir='ltr'><strong>et</strong></span> <span class='ocrx_word' id='word_1_433' title='bbox 2440 3063 2559 3116; x_wconf 68' lang='lat' dir='ltr'><strong>quae</strong></span> <span class='ocrx_word' id='word_1_434' title='bbox 2590 3046 2718 3100; x_wconf 91' lang='lat' dir='ltr'><strong>illud</strong></span> <span class='ocrx_word' id='word_1_435' title='bbox 2770 3045 3142 3115; x_wconf 79' lang='lat' dir='ltr'><strong>evangelicum</strong></span> <span class='ocrx_word' id='word_1_436' title='bbox 3180 3056 3516 3109; x_wconf 82' lang='lat' dir='ltr'><strong>consequen-</strong></span> 
     </span>
    </p>
   </div>
   <div class='ocr_carea' id='block_1_61' title="bbox 245 3131 3517 3208">
    <p class='ocr_par' dir='ltr' id='par_1_61' title="bbox 245 3131 3517 3208">
     <span class='ocr_line' id='line_1_61' title="bbox 245 3131 3517 3208; baseline -0.001 -22"><span class='ocrx_word' id='word_1_437' title='bbox 245 3134 513 3188; x_wconf 77' lang='lat' dir='ltr'><strong>Charmel</strong></span> <span class='ocrx_word' id='word_1_438' title='bbox 541 3135 592 3186; x_wconf 92' lang='lat' dir='ltr'><strong>in</strong></span> <span class='ocrx_word' id='word_1_439' title='bbox 624 3133 822 3187; x_wconf 83' lang='lat' dir='ltr'><strong>saltum</strong></span> <span class='ocrx_word' id='word_1_440' title='bbox 855 3136 1218 3202; x_wconf 87' lang='lat' dir='ltr'><strong>reputabitur.</strong></span> <span class='ocrx_word' id='word_1_441' title='bbox 1259 3135 1320 3189; x_wconf 84' lang='lat' dir='ltr'><strong>Et</strong></span> <span class='ocrx_word' id='word_1_442' title='bbox 1357 3135 1624 3190; x_wconf 86' lang='lat' dir='ltr'><strong>habitabit</strong></span> <span class='ocrx_word' id='word_1_443' title='bbox 1651 3137 1702 3189; x_wconf 91' lang='lat' dir='ltr'><strong>in</strong></span> <span class='ocrx_word' id='word_1_444' title='bbox 1745 3151 1832 3191; x_wconf 91' lang='lat' dir='ltr'><strong>so—</strong></span> <span class='ocrx_word' id='word_1_445' title='bbox 1860 3145 1902 3204; x_wconf 77' lang='grc' dir='ltr'>ο</span> <span class='ocrx_word' id='word_1_446' title='bbox 1943 3149 2028 3194; x_wconf 91' lang='lat' dir='ltr'><strong>tur</strong></span> <span class='ocrx_word' id='word_1_447' title='bbox 2063 3156 2077 3195; x_wconf 91' lang='lat'><strong>:</strong></span> <span class='ocrx_word' id='word_1_448' title='bbox 2136 3137 2226 3194; x_wconf 76' lang='grc' dir='ltr'><strong>γω</strong></span> <span class='ocrx_word' id='word_1_449' title='bbox 2285 3139 2374 3208; x_wconf 87' lang='lat' dir='ltr'><strong>qui</strong></span> <span class='ocrx_word' id='word_1_450' title='bbox 2435 3137 2674 3207; x_wconf 77' lang='lat' dir='ltr'><strong>gaudetis</strong></span> <span class='ocrx_word' id='word_1_451' title='bbox 2727 3152 2889 3199; x_wconf 86' lang='lat' dir='ltr'><strong>nunc,</strong></span> <span class='ocrx_word' id='word_1_452' title='bbox 2934 3135 3185 3204; x_wconf 86' lang='lat' dir='ltr'><strong>quoniam</strong></span> <span class='ocrx_word' id='word_1_453' title='bbox 3238 3131 3517 3202; x_wconf 88' lang='lat' dir='ltr'><strong>plorabitis</strong></span> 
     </span>
    </p>
   </div>
   <div class='ocr_carea' id='block_1_62' title="bbox 249 3225 1834 3297">
    <p class='ocr_par' dir='ltr' id='par_1_62' title="bbox 249 3225 1834 3297">
     <span class='ocr_line' id='line_1_62' title="bbox 249 3225 1834 3297; baseline 0.002 -18"><span class='ocrx_word' id='word_1_454' title='bbox 249 3226 498 3280; x_wconf 82' lang='lat' dir='ltr'><strong>litudine</strong></span> <span class='ocrx_word' id='word_1_455' title='bbox 528 3225 818 3293; x_wconf 87' lang='lat' dir='ltr'><strong>judicium,</strong></span> <span class='ocrx_word' id='word_1_456' title='bbox 847 3237 901 3281; x_wconf 90' lang='lat' dir='ltr'><strong>et</strong></span> <span class='ocrx_word' id='word_1_457' title='bbox 927 3226 1138 3297; x_wconf 86' lang='lat' dir='ltr'><strong>justitia</strong></span> <span class='ocrx_word' id='word_1_458' title='bbox 1193 3227 1247 3280; x_wconf 91' lang='lat' dir='ltr'><strong>in</strong></span> <span class='ocrx_word' id='word_1_459' title='bbox 1295 3228 1550 3282; x_wconf 89' lang='lat' dir='ltr'><strong>Charmel</strong></span> <span class='ocrx_word' id='word_1_460' title='bbox 1602 3228 1834 3282; x_wconf 89' lang='lat' dir='ltr'><strong>sedebit.</strong></span> 
     </span>
    </p>
   </div>
   <div class='ocr_carea' id='block_1_63' title="bbox 252 3315 1843 3386">
    <p class='ocr_par' dir='ltr' id='par_1_63' title="bbox 252 3315 1843 3386">
     <span class='ocr_line' id='line_1_63' title="bbox 252 3315 1843 3386; baseline 0 -16"><span class='ocrx_word' id='word_1_461' title='bbox 252 3315 321 3370; x_wconf 85' lang='lat' dir='ltr'><strong>Et</strong></span> <span class='ocrx_word' id='word_1_462' title='bbox 349 3316 465 3370; x_wconf 87' lang='lat' dir='ltr'><strong>erit</strong></span> <span class='ocrx_word' id='word_1_463' title='bbox 493 3329 632 3384; x_wconf 86' lang='lat' dir='ltr'><strong>opus</strong></span> <span class='ocrx_word' id='word_1_464' title='bbox 655 3315 881 3385; x_wconf 71' lang='lat' dir='ltr'><strong>justitite</strong></span> <span class='ocrx_word' id='word_1_465' title='bbox 913 3331 1017 3386; x_wconf 90' lang='lat' dir='ltr'><strong>pax</strong></span> <span class='ocrx_word' id='word_1_466' title='bbox 1062 3332 1076 3374; x_wconf 87' lang='lat'><strong>:</strong></span> <span class='ocrx_word' id='word_1_467' title='bbox 1106 3326 1160 3371; x_wconf 84' lang='lat' dir='ltr'><strong>et</strong></span> <span class='ocrx_word' id='word_1_468' title='bbox 1187 3317 1364 3371; x_wconf 88' lang='lat' dir='ltr'><strong>cultus</strong></span> <span class='ocrx_word' id='word_1_469' title='bbox 1419 3317 1645 3386; x_wconf 69' lang='lat' dir='ltr'><strong>justitize</strong></span> <span class='ocrx_word' id='word_1_470' title='bbox 1676 3317 1843 3371; x_wconf 83' lang='lat' dir='ltr'><strong>silen-</strong></span> 
     </span>
    </p>
   </div>
   <div class='ocr_carea' id='block_1_64' title="bbox 252 3407 1842 3478">
    <p class='ocr_par' dir='ltr' id='par_1_64' title="bbox 252 3407 1842 3478">
     <span class='ocr_line' id='line_1_64' title="bbox 252 3407 1842 3478; baseline 0 -14"><span class='ocrx_word' id='word_1_471' title='bbox 252 3410 390 3464; x_wconf 90' lang='lat' dir='ltr'><strong>tium</strong></span> <span class='ocrx_word' id='word_1_472' title='bbox 423 3415 481 3461; x_wconf 92' lang='lat' dir='ltr'><strong>et</strong></span> <span class='ocrx_word' id='word_1_473' title='bbox 509 3407 774 3462; x_wconf 88' lang='lat' dir='ltr'><strong>securitas</strong></span> <span class='ocrx_word' id='word_1_474' title='bbox 792 3421 967 3476; x_wconf 90' lang='lat' dir='ltr'><strong>usque</strong></span> <span class='ocrx_word' id='word_1_475' title='bbox 996 3409 1047 3462; x_wconf 91' lang='lat' dir='ltr'><strong>in</strong></span> <span class='ocrx_word' id='word_1_476' title='bbox 1095 3409 1506 3478; x_wconf 87' lang='lat' dir='ltr'><strong>sempiternum.</strong></span> <span class='ocrx_word' id='word_1_477' title='bbox 1534 3409 1601 3463; x_wconf 85' lang='lat' dir='ltr'><strong>Et</strong></span> <span class='ocrx_word' id='word_1_478' title='bbox 1632 3411 1842 3464; x_wconf 89' lang='lat' dir='ltr'><strong>sedebit</strong></span> 
     </span>
    </p>
   </div>
   <div class='ocr_carea' id='block_1_65' title="bbox 250 3500 1842 3576">
    <p class='ocr_par' dir='ltr' id='par_1_65' title="bbox 250 3500 1842 3576">
     <span class='ocr_line' id='line_1_65' title="bbox 250 3500 1842 3576; baseline -0.001 -22"><span class='ocrx_word' id='word_1_479' title='bbox 250 3503 498 3571; x_wconf 85' lang='lat' dir='ltr'><strong>populus</strong></span> <span class='ocrx_word' id='word_1_480' title='bbox 538 3516 689 3554; x_wconf 88' lang='lat' dir='ltr'><strong>meus</strong></span> <span class='ocrx_word' id='word_1_481' title='bbox 715 3501 766 3552; x_wconf 92' lang='lat' dir='ltr'><strong>in</strong></span> <span class='ocrx_word' id='word_1_482' title='bbox 788 3500 1196 3565; x_wconf 88' lang='lat' dir='ltr'><strong>pulchritudine</strong></span> <span class='ocrx_word' id='word_1_483' title='bbox 1221 3503 1388 3567; x_wconf 84' lang='lat' dir='ltr'><strong>pacis,</strong></span> <span class='ocrx_word' id='word_1_484' title='bbox 1419 3513 1472 3555; x_wconf 90' lang='lat' dir='ltr'><strong>et</strong></span> <span class='ocrx_word' id='word_1_485' title='bbox 1509 3505 1561 3556; x_wconf 90' lang='lat' dir='ltr'><strong>in</strong></span> <span class='ocrx_word' id='word_1_486' title='bbox 1597 3506 1842 3576; x_wconf 77' lang='lat' dir='ltr'><strong>taberna-</strong></span> 
     </span>
    </p>
   </div>
   <div class='ocr_carea' id='block_1_66' title="bbox 250 3593 1836 3662">
    <p class='ocr_par' dir='ltr' id='par_1_66' title="bbox 250 3593 1836 3662">
     <span class='ocr_line' id='line_1_66' title="bbox 250 3593 1836 3662; baseline -0.001 -14"><span class='ocrx_word' id='word_1_487' title='bbox 250 3595 395 3648; x_wconf 86' lang='lat' dir='ltr'><strong>culis</strong></span> <span class='ocrx_word' id='word_1_488' title='bbox 421 3593 651 3656; x_wconf 73' lang='lat' dir='ltr'><strong>lidueite,</strong></span> <span class='ocrx_word' id='word_1_489' title='bbox 681 3604 735 3646; x_wconf 91' lang='lat' dir='ltr'><strong>et</strong></span> <span class='ocrx_word' id='word_1_490' title='bbox 769 3593 823 3645; x_wconf 90' lang='lat' dir='ltr'><strong>in</strong></span> <span class='ocrx_word' id='word_1_491' title='bbox 849 3594 1033 3660; x_wconf 91' lang='lat' dir='ltr'><strong>requie</strong></span> <span class='ocrx_word' id='word_1_492' title='bbox 1062 3593 1341 3662; x_wconf 71' lang='lat' dir='ltr'><strong>opulenta.</strong></span> <span class='ocrx_word' id='word_1_493' title='bbox 1403 3594 1624 3648; x_wconf 76' lang='lat' dir='ltr'><strong>Grande</strong></span> <span class='ocrx_word' id='word_1_494' title='bbox 1660 3605 1836 3647; x_wconf 85' lang='lat' dir='ltr'><strong>autem</strong></span> 
     </span>
    </p>
   </div>
   <div class='ocr_carea' id='block_1_67' title="bbox 252 3685 1842 3750">
    <p class='ocr_par' dir='ltr' id='par_1_67' title="bbox 252 3685 1842 3750">
     <span class='ocr_line' id='line_1_67' title="bbox 252 3685 1842 3750; baseline 0.001 -11"><span class='ocrx_word' id='word_1_495' title='bbox 252 3687 308 3740; x_wconf 91' lang='lat' dir='ltr'><strong>in</strong></span> <span class='ocrx_word' id='word_1_496' title='bbox 336 3685 704 3739; x_wconf 81' lang='lat' dir='ltr'><strong>descensione</strong></span> <span class='ocrx_word' id='word_1_497' title='bbox 725 3685 920 3750; x_wconf 72' lang='lat' dir='ltr'><strong>saltus,</strong></span> <span class='ocrx_word' id='word_1_498' title='bbox 944 3693 999 3738; x_wconf 90' lang='lat' dir='ltr'><strong>et</strong></span> <span class='ocrx_word' id='word_1_499' title='bbox 1026 3685 1336 3739; x_wconf 83' lang='lat' dir='ltr'><strong>humilitate</strong></span> <span class='ocrx_word' id='word_1_500' title='bbox 1370 3687 1744 3740; x_wconf 87' lang='lat' dir='ltr'><strong>lmmiliabitur</strong></span> <span class='ocrx_word' id='word_1_501' title='bbox 1767 3688 1842 3740; x_wconf 88' lang='lat' dir='ltr'><strong>ci-</strong></span> 
     </span>
    </p>
   </div>
   <div class='ocr_carea' id='block_1_68' title="bbox 251 3777 1836 3850">
    <p class='ocr_par' dir='ltr' id='par_1_68' title="bbox 251 3777 1836 3850">
     <span class='ocr_line' id='line_1_68' title="bbox 251 3777 1836 3850; baseline 0.001 -20"><span class='ocrx_word' id='word_1_502' title='bbox 251 3781 426 3833; x_wconf 73' lang='lat' dir='ltr'><strong>vitas.</strong></span> <span class='ocrx_word' id='word_1_503' title='bbox 446 3777 613 3850; x_wconf 58' lang='lat'><strong>5.30</strong></span> <span class='ocrx_word' id='word_1_504' title='bbox 638 3777 788 3832; x_wconf 83' lang='lat' dir='ltr'><strong>Beati</strong></span> <span class='ocrx_word' id='word_1_505' title='bbox 817 3779 908 3845; x_wconf 87' lang='lat' dir='ltr'><strong>qui</strong></span> <span class='ocrx_word' id='word_1_506' title='bbox 943 3777 1224 3832; x_wconf 88' lang='lat' dir='ltr'><strong>seminatis</strong></span> <span class='ocrx_word' id='word_1_507' title='bbox 1245 3794 1408 3846; x_wconf 87' lang='lat' dir='ltr'><strong>super</strong></span> <span class='ocrx_word' id='word_1_508' title='bbox 1429 3793 1618 3833; x_wconf 87' lang='lat' dir='ltr'><strong>omnes</strong></span> <span class='ocrx_word' id='word_1_509' title='bbox 1646 3794 1836 3848; x_wconf 83' lang='lat' dir='ltr'><strong>aquas,</strong></span> 
     </span>
    </p>
   </div>
   <div class='ocr_carea' id='block_1_69' title="bbox 252 3867 1841 3939">
    <p class='ocr_par' dir='ltr' id='par_1_69' title="bbox 252 3867 1841 3939">
     <span class='ocr_line' id='line_1_69' title="bbox 252 3867 1841 3939; baseline 0.003 -18"><span class='ocrx_word' id='word_1_510' title='bbox 252 3871 624 3923; x_wconf 85' lang='lat' dir='ltr'><strong>immittentes</strong></span> <span class='ocrx_word' id='word_1_511' title='bbox 647 3867 834 3939; x_wconf 87' lang='lat' dir='ltr'><strong>pedem</strong></span> <span class='ocrx_word' id='word_1_512' title='bbox 857 3867 1008 3924; x_wconf 83' lang='lat' dir='ltr'><strong>bovis</strong></span> <span class='ocrx_word' id='word_1_513' title='bbox 1029 3876 1080 3921; x_wconf 85' lang='lat' dir='ltr'><strong>et</strong></span> <span class='ocrx_word' id='word_1_514' title='bbox 1100 3868 1258 3923; x_wconf 86' lang='lat' dir='ltr'><strong>asini.</strong></span> <span class='ocrx_word' id='word_1_515' title='bbox 1276 3887 1293 3919; x_wconf 67' lang='grc' dir='ltr'><strong><em>ν</em></strong></span> <span class='ocrx_word' id='word_1_516' title='bbox 1319 3867 1480 3932; x_wconf 78' lang='lat' dir='ltr'><strong>LXX,</strong></span> <span class='ocrx_word' id='word_1_517' title='bbox 1503 3883 1600 3939; x_wconf 92' lang='lat' dir='ltr'><strong>pro</strong></span> <span class='ocrx_word' id='word_1_518' title='bbox 1619 3870 1841 3925; x_wconf 79' lang='lat' dir='ltr'><strong>tenebris</strong></span> 
     </span>
    </p>
   </div>
   <div class='ocr_carea' id='block_1_70' title="bbox 249 3962 1841 4034">
    <p class='ocr_par' dir='ltr' id='par_1_70' title="bbox 249 3962 1841 4034">
     <span class='ocr_line' id='line_1_70' title="bbox 249 3962 1841 4034; baseline -0.001 -14"><span class='ocrx_word' id='word_1_519' title='bbox 249 3977 301 4020; x_wconf 85' lang='lat' dir='ltr'><strong>et</strong></span> <span class='ocrx_word' id='word_1_520' title='bbox 332 3964 666 4031; x_wconf 86' lang='lat' dir='ltr'><strong>polpatione,</strong></span> <span class='ocrx_word' id='word_1_521' title='bbox 700 3979 816 4033; x_wconf 65' lang='lat' dir='ltr'><strong>qua</strong></span> <span class='ocrx_word' id='word_1_522' title='bbox 835 3962 990 4032; x_wconf 68' lang='lat' dir='ltr'><strong>{actm</strong></span> <span class='ocrx_word' id='word_1_523' title='bbox 1023 3971 1147 4016; x_wconf 84' lang='lat' dir='ltr'><strong>sunt</strong></span> <span class='ocrx_word' id='word_1_524' title='bbox 1177 3978 1334 4028; x_wconf 85' lang='lat' dir='ltr'><strong>super</strong></span> <span class='ocrx_word' id='word_1_525' title='bbox 1362 3962 1642 4029; x_wconf 85' lang='lat' dir='ltr'><strong>speluncas</strong></span> <span class='ocrx_word' id='word_1_526' title='bbox 1677 3980 1841 4034; x_wconf 86' lang='lat' dir='ltr'><strong>usque</strong></span> 
     </span>
    </p>
   </div>
   <div class='ocr_carea' id='block_1_71' title="bbox 251 4054 1840 4128">
    <p class='ocr_par' dir='ltr' id='par_1_71' title="bbox 251 4054 1840 4128">
     <span class='ocr_line' id='line_1_71' title="bbox 251 4054 1840 4128; baseline 0.001 -18"><span class='ocrx_word' id='word_1_527' title='bbox 251 4070 298 4111; x_wconf 88' lang='lat' dir='ltr'><strong>et</strong></span> <span class='ocrx_word' id='word_1_528' title='bbox 338 4059 394 4110; x_wconf 87' lang='lat' dir='ltr'><strong>in</strong></span> <span class='ocrx_word' id='word_1_529' title='bbox 427 4058 824 4126; x_wconf 80' lang='lat' dir='ltr'><strong>sempiternum,</strong></span> <span class='ocrx_word' id='word_1_530' title='bbox 850 4054 1262 4118; x_wconf 79' lang='lat' dir='ltr'><strong>transtulerunt,</strong></span> <span class='ocrx_word' id='word_1_531' title='bbox 1301 4065 1348 4107; x_wconf 86' lang='lat' dir='ltr'><strong>et</strong></span> <span class='ocrx_word' id='word_1_532' title='bbox 1397 4066 1548 4109; x_wconf 78' lang='lat' dir='ltr'><strong>erunt</strong></span> <span class='ocrx_word' id='word_1_533' title='bbox 1580 4055 1840 4128; x_wconf 68' lang='lat' dir='ltr'><strong>villa’tuaa</strong></span> 
     </span>
    </p>
   </div>
   <div class='ocr_carea' id='block_1_72' title="bbox 250 4148 1841 4217">
    <p class='ocr_par' dir='ltr' id='par_1_72' title="bbox 250 4148 1841 4217">
     <span class='ocr_line' id='line_1_72' title="bbox 250 4148 1841 4217; baseline 0.002 -14"><span class='ocrx_word' id='word_1_534' title='bbox 250 4151 522 4216; x_wconf 66' lang='lat' dir='ltr'><strong>speluncae</strong></span> <span class='ocrx_word' id='word_1_535' title='bbox 567 4164 729 4217; x_wconf 86' lang='lat' dir='ltr'><strong>usque</strong></span> <span class='ocrx_word' id='word_1_536' title='bbox 787 4151 840 4200; x_wconf 85' lang='lat' dir='ltr'><strong>in</strong></span> <span class='ocrx_word' id='word_1_537' title='bbox 894 4158 1151 4200; x_wconf 64' lang='lat' dir='ltr'><strong>aeternum</strong></span> <span class='ocrx_word' id='word_1_538' title='bbox 1192 4164 1210 4200; x_wconf 92' lang='lat'><strong><em>:</em></strong></span> <span class='ocrx_word' id='word_1_539' title='bbox 1248 4149 1389 4216; x_wconf 90' lang='lat' dir='ltr'><strong>quod</strong></span> <span class='ocrx_word' id='word_1_540' title='bbox 1460 4148 1512 4200; x_wconf 91' lang='lat' dir='ltr'><strong>in</strong></span> <span class='ocrx_word' id='word_1_541' title='bbox 1573 4148 1841 4206; x_wconf 87' lang='lat' dir='ltr'><strong>Hebraico</strong></span> 
     </span>
    </p>
   </div>
   <div class='ocr_carea' id='block_1_73' title="bbox 250 4240 1840 4327">
    <p class='ocr_par' dir='ltr' id='par_1_73' title="bbox 250 4240 1840 4327">
     <span class='ocr_line' id='line_1_73' title="bbox 250 4240 1840 4327; baseline 0.001 -30"><span class='ocrx_word' id='word_1_542' title='bbox 250 4244 462 4297; x_wconf 82' lang='lat' dir='ltr'><strong>dicitur</strong></span> <span class='ocrx_word' id='word_1_543' title='bbox 481 4240 826 4310; x_wconf 61' lang='lat' dir='ltr'><strong>consumam</strong></span> <span class='ocrx_word' id='word_1_544' title='bbox 860 4250 913 4293; x_wconf 80' lang='lat' dir='ltr'><strong>et</strong></span> <span class='ocrx_word' id='word_1_545' title='bbox 936 4240 1264 4327; x_wconf 54' lang='lat' dir='ltr'><strong>saeuum),</strong></span> <span class='ocrx_word' id='word_1_546' title='bbox 1293 4255 1431 4308; x_wconf 85' lang='lat' dir='ltr'><strong>quas</strong></span> <span class='ocrx_word' id='word_1_547' title='bbox 1461 4241 1670 4296; x_wconf 68' lang='lat' dir='ltr'><strong>Hebrazi</strong></span> <span class='ocrx_word' id='word_1_548' title='bbox 1704 4243 1840 4298; x_wconf 89' lang='lat' dir='ltr'><strong>duas</strong></span> 
     </span>
    </p>
   </div>
   <div class='ocr_carea' id='block_1_74' title="bbox 255 4333 1840 4403">
    <p class='ocr_par' dir='ltr' id='par_1_74' title="bbox 255 4333 1840 4403">
     <span class='ocr_line' id='line_1_74' title="bbox 255 4333 1840 4403; baseline 0.001 -12"><span class='ocrx_word' id='word_1_549' title='bbox 255 4348 444 4391; x_wconf 89' lang='lat' dir='ltr'><strong>turres</strong></span> <span class='ocrx_word' id='word_1_550' title='bbox 493 4336 548 4388; x_wconf 90' lang='lat' dir='ltr'><strong>in</strong></span> <span class='ocrx_word' id='word_1_551' title='bbox 604 4333 905 4388; x_wconf 82' lang='lat' dir='ltr'><strong>Jerusalem</strong></span> <span class='ocrx_word' id='word_1_552' title='bbox 947 4333 1114 4387; x_wconf 80' lang='lat' dir='ltr'><strong>fuisse</strong></span> <span class='ocrx_word' id='word_1_553' title='bbox 1175 4335 1533 4403; x_wconf 85' lang='lat' dir='ltr'><strong>arbitrantur,</strong></span> <span class='ocrx_word' id='word_1_554' title='bbox 1596 4335 1840 4392; x_wconf 86' lang='lat' dir='ltr'><strong>excelsas</strong></span> 
     </span>
    </p>
   </div>
   <div class='ocr_carea' id='block_1_75' title="bbox 258 4413 1837 4500">
    <p class='ocr_par' dir='ltr' id='par_1_75' title="bbox 258 4413 1837 4500">
     <span class='ocr_line' id='line_1_75' title="bbox 258 4413 1837 4500; baseline 0.001 -19"><span class='ocrx_word' id='word_1_555' title='bbox 258 4439 428 4497; x_wconf 85' lang='lat' dir='ltr'><strong>atque</strong></span> <span class='ocrx_word' id='word_1_556' title='bbox 483 4426 849 4486; x_wconf 69' lang='lat' dir='ltr'><strong>(inuitissimus.</strong></span> <span class='ocrx_word' id='word_1_557' title='bbox 875 4413 992 4494; x_wconf 61' lang='lat' dir='ltr'><strong>quin</strong></span> <span class='ocrx_word' id='word_1_558' title='bbox 1020 4426 1104 4479; x_wconf 90' lang='lat' dir='ltr'><strong>his</strong></span> <span class='ocrx_word' id='word_1_559' title='bbox 1137 4425 1474 4500; x_wconf 71' lang='lat' dir='ltr'><strong>appellantur</strong></span> <span class='ocrx_word' id='word_1_560' title='bbox 1507 4427 1837 4482; x_wconf 88' lang='lat' dir='ltr'><strong>nominibus.</strong></span> 
     </span>
    </p>
   </div>
   <div class='ocr_carea' id='block_1_76' title="bbox 1947 3225 3516 3304">
    <p class='ocr_par' dir='ltr' id='par_1_76' title="bbox 1947 3225 3516 3304">
     <span class='ocr_line' id='line_1_76' title="bbox 1947 3225 3516 3304; baseline -0.004 -21"><span class='ocrx_word' id='word_1_561' title='bbox 1947 3230 2099 3304; x_wconf 87' lang='lat' dir='ltr'><strong>(Luc.</strong></span> <span class='ocrx_word' id='word_1_562' title='bbox 2148 3246 2224 3296; x_wconf 81' lang='lat' dir='ltr'><strong>v1,</strong></span> <span class='ocrx_word' id='word_1_563' title='bbox 2292 3230 2426 3301; x_wconf 69' lang='lat'><strong>25)!</strong></span> <span class='ocrx_word' id='word_1_564' title='bbox 2464 3229 2724 3293; x_wconf 81' lang='lat' dir='ltr'><strong>Dominus</strong></span> <span class='ocrx_word' id='word_1_565' title='bbox 2759 3227 2889 3299; x_wconf 79' lang='lat' dir='ltr'><strong>[AL</strong></span> <span class='ocrx_word' id='word_1_566' title='bbox 2949 3225 3206 3299; x_wconf 85' lang='lat' dir='ltr'><strong>domus]</strong></span> <span class='ocrx_word' id='word_1_567' title='bbox 3240 3226 3405 3290; x_wconf 77' lang='lat' dir='ltr'><strong>enim,</strong></span> <span class='ocrx_word' id='word_1_568' title='bbox 3466 3228 3516 3278; x_wconf 89' lang='lat' dir='ltr'><strong>id</strong></span> 
     </span>
    </p>
   </div>
   <div class='ocr_carea' id='block_1_77' title="bbox 1943 3318 3516 3393">
    <p class='ocr_par' dir='ltr' id='par_1_77' title="bbox 1943 3318 3516 3393">
     <span class='ocr_line' id='line_1_77' title="bbox 1943 3318 3516 3393; baseline -0.006 -15"><span class='ocrx_word' id='word_1_569' title='bbox 1943 3335 2048 3387; x_wconf 83' lang='lat' dir='ltr'><strong>cst,</strong></span> <span class='ocrx_word' id='word_1_570' title='bbox 2079 3325 2339 3393; x_wconf 91' lang='lat' dir='ltr'><strong>templum</strong></span> <span class='ocrx_word' id='word_1_571' title='bbox 2373 3337 2554 3376; x_wconf 88' lang='lat' dir='ltr'><strong>meum</strong></span> <span class='ocrx_word' id='word_1_572' title='bbox 2589 3323 2871 3376; x_wconf 91' lang='lat' dir='ltr'><strong>dimissum</strong></span> <span class='ocrx_word' id='word_1_573' title='bbox 2899 3330 3007 3386; x_wconf 89' lang='lat' dir='ltr'><strong>est,</strong></span> <span class='ocrx_word' id='word_1_574' title='bbox 3065 3321 3277 3375; x_wconf 90' lang='lat' dir='ltr'><strong>dicente</strong></span> <span class='ocrx_word' id='word_1_575' title='bbox 3310 3333 3394 3372; x_wconf 90' lang='lat' dir='ltr'><strong>me</strong></span> <span class='ocrx_word' id='word_1_576' title='bbox 3451 3318 3516 3370; x_wconf 88' lang='lat' dir='ltr'><strong>ad</strong></span> 
     </span>
    </p>
   </div>
   <div class='ocr_carea' id='block_1_78' title="bbox 1943 3413 3512 3488">
    <p class='ocr_par' dir='ltr' id='par_1_78' title="bbox 1943 3413 3512 3488">
     <span class='ocr_line' id='line_1_78' title="bbox 1943 3413 3512 3488; baseline -0.002 -19"><span class='ocrx_word' id='word_1_577' title='bbox 1943 3416 2216 3488; x_wconf 84' lang='lat' dir='ltr'><strong>apostolos</strong></span> <span class='ocrx_word' id='word_1_578' title='bbox 2260 3433 2272 3468; x_wconf 87' lang='lat'><strong>:</strong></span> <span class='ocrx_word' id='word_1_579' title='bbox 2309 3415 2542 3486; x_wconf 85' lang='lat' dir='ltr'><strong>Surgite,</strong></span> <span class='ocrx_word' id='word_1_580' title='bbox 2580 3418 2830 3469; x_wconf 88' lang='lat' dir='ltr'><strong>abeamus</strong></span> <span class='ocrx_word' id='word_1_581' title='bbox 2857 3417 2978 3470; x_wconf 83' lang='lat' dir='ltr'><strong>hinc</strong></span> <span class='ocrx_word' id='word_1_582' title='bbox 3003 3414 3188 3479; x_wconf 86' lang='lat' dir='ltr'><strong>(Joau.</strong></span> <span class='ocrx_word' id='word_1_583' title='bbox 3225 3429 3333 3476; x_wconf 83' lang='lat' dir='ltr'><strong>xlv,</strong></span> <span class='ocrx_word' id='word_1_584' title='bbox 3362 3413 3454 3480; x_wconf 77' lang='grc'><strong>’51)</strong></span> <span class='ocrx_word' id='word_1_585' title='bbox 3496 3429 3512 3475; x_wconf 86' lang='grc'>;</span> 
     </span>
    </p>
   </div>
   <div class='ocr_carea' id='block_1_79' title="bbox 1943 3506 3518 3578">
    <p class='ocr_par' dir='ltr' id='par_1_79' title="bbox 1943 3506 3518 3578">
     <span class='ocr_line' id='line_1_79' title="bbox 1943 3506 3518 3578; baseline -0.004 -16"><span class='ocrx_word' id='word_1_586' title='bbox 1943 3517 1996 3562; x_wconf 90' lang='lat' dir='ltr'><strong>et</strong></span> <span class='ocrx_word' id='word_1_587' title='bbox 2028 3511 2093 3562; x_wconf 87' lang='lat' dir='ltr'><strong>ad</strong></span> <span class='ocrx_word' id='word_1_588' title='bbox 2133 3506 2444 3562; x_wconf 88' lang='lat' dir='ltr'><strong>incredulos</strong></span> <span class='ocrx_word' id='word_1_589' title='bbox 2478 3524 2492 3560; x_wconf 89' lang='lat'><strong>:</strong></span> <span class='ocrx_word' id='word_1_590' title='bbox 2527 3506 2872 3578; x_wconf 84' lang='lat' dir='ltr'><strong>Relinquetur</strong></span> <span class='ocrx_word' id='word_1_591' title='bbox 2929 3509 3072 3560; x_wconf 71' lang='lat' dir='ltr'><strong>vobis</strong></span> <span class='ocrx_word' id='word_1_592' title='bbox 3104 3509 3291 3560; x_wconf 85' lang='lat' dir='ltr'><strong>domus</strong></span> <span class='ocrx_word' id='word_1_593' title='bbox 3343 3513 3518 3560; x_wconf 80' lang='lat' dir='ltr'><strong>vestra</strong></span> 
     </span>
    </p>
   </div>
   <div class='ocr_carea' id='block_1_80' title="bbox 1941 3592 3518 3670">
    <p class='ocr_par' dir='ltr' id='par_1_80' title="bbox 1941 3592 3518 3670">
     <span class='ocr_line' id='line_1_80' title="bbox 1941 3592 3518 3670; baseline -0.004 -17"><span class='ocrx_word' id='word_1_594' title='bbox 1941 3601 2151 3654; x_wconf 82' lang='lat' dir='ltr'><strong>deserta</strong></span> <span class='ocrx_word' id='word_1_595' title='bbox 2200 3598 2351 3669; x_wconf 86' lang='lat' dir='ltr'><strong>(Luc.</strong></span> <span class='ocrx_word' id='word_1_596' title='bbox 2394 3616 2515 3666; x_wconf 82' lang='lat' dir='ltr'><strong>xm,</strong></span> <span class='ocrx_word' id='word_1_597' title='bbox 2561 3597 2672 3670; x_wconf 79' lang='grc'><strong>55).</strong></span> <span class='ocrx_word' id='word_1_598' title='bbox 2713 3600 2883 3669; x_wconf 82' lang='lat' dir='ltr'><strong>Adyta</strong></span> <span class='ocrx_word' id='word_1_599' title='bbox 2951 3598 3156 3666; x_wconf 86' lang='lat' dir='ltr'><strong>templi,</strong></span> <span class='ocrx_word' id='word_1_600' title='bbox 3203 3592 3257 3652; x_wconf 86' lang='lat' dir='ltr'><strong>et</strong></span> <span class='ocrx_word' id='word_1_601' title='bbox 3311 3605 3518 3649; x_wconf 84' lang='lat' dir='ltr'><strong>secreta</strong></span> 
     </span>
    </p>
   </div>
   <div class='ocr_carea' id='block_1_81' title="bbox 1945 3689 3514 3762">
    <p class='ocr_par' dir='ltr' id='par_1_81' title="bbox 1945 3689 3514 3762">
     <span class='ocr_line' id='line_1_81' title="bbox 1945 3689 3514 3762; baseline -0.003 -18"><span class='ocrx_word' id='word_1_602' title='bbox 1945 3691 2228 3762; x_wconf 87' lang='lat' dir='ltr'><strong>mysteria,</strong></span> <span class='ocrx_word' id='word_1_603' title='bbox 2263 3691 2561 3761; x_wconf 89' lang='lat' dir='ltr'><strong>palpabiles</strong></span> <span class='ocrx_word' id='word_1_604' title='bbox 2595 3693 2832 3746; x_wconf 75' lang='lat' dir='ltr'><strong>teuebrze</strong></span> <span class='ocrx_word' id='word_1_605' title='bbox 2867 3691 3249 3761; x_wconf 87' lang='lat' dir='ltr'><strong>possederunt,</strong></span> <span class='ocrx_word' id='word_1_606' title='bbox 3283 3699 3336 3743; x_wconf 88' lang='lat' dir='ltr'><strong>et</strong></span> <span class='ocrx_word' id='word_1_607' title='bbox 3371 3689 3514 3742; x_wconf 80' lang='lat' dir='ltr'><strong>facta</strong></span> 
     </span>
    </p>
   </div>
   <div class='ocr_carea' id='block_1_82' title="bbox 1942 3777 3517 3858">
    <p class='ocr_par' dir='ltr' id='par_1_82' title="bbox 1942 3777 3517 3858">
     <span class='ocr_line' id='line_1_82' title="bbox 1942 3777 3517 3858; baseline -0.007 -21"><span class='ocrx_word' id='word_1_608' title='bbox 1942 3792 2072 3837; x_wconf 90' lang='lat' dir='ltr'><strong>sunt</strong></span> <span class='ocrx_word' id='word_1_609' title='bbox 2120 3795 2460 3851; x_wconf 88' lang='lat' dir='ltr'><strong>nequaquam</strong></span> <span class='ocrx_word' id='word_1_610' title='bbox 2532 3781 2755 3858; x_wconf 90' lang='lat' dir='ltr'><strong>cellaria</strong></span> <span class='ocrx_word' id='word_1_611' title='bbox 2819 3795 3074 3835; x_wconf 86' lang='lat' dir='ltr'><strong>vasorum</strong></span> <span class='ocrx_word' id='word_1_612' title='bbox 3133 3777 3366 3839; x_wconf 81' lang='lat' dir='ltr'><strong>Domini,</strong></span> <span class='ocrx_word' id='word_1_613' title='bbox 3423 3778 3517 3831; x_wconf 77' lang='lat' dir='ltr'><strong>sel</strong></span> 
     </span>
    </p>
   </div>
   <div class='ocr_carea' id='block_1_83' title="bbox 1946 3868 3516 3944">
    <p class='ocr_par' dir='ltr' id='par_1_83' title="bbox 1946 3868 3516 3944">
     <span class='ocr_line' id='line_1_83' title="bbox 1946 3868 3516 3944; baseline -0.006 -15"><span class='ocrx_word' id='word_1_614' title='bbox 1946 3874 2222 3944; x_wconf 76' lang='lat' dir='ltr'><strong>spelunca:</strong></span> <span class='ocrx_word' id='word_1_615' title='bbox 2265 3889 2437 3943; x_wconf 92' lang='lat' dir='ltr'><strong>usque</strong></span> <span class='ocrx_word' id='word_1_616' title='bbox 2458 3874 2510 3926; x_wconf 92' lang='lat' dir='ltr'><strong>in</strong></span> <span class='ocrx_word' id='word_1_617' title='bbox 2539 3874 2954 3943; x_wconf 90' lang='lat' dir='ltr'><strong>sempiternum.</strong></span> <span class='ocrx_word' id='word_1_618' title='bbox 2989 3871 3286 3925; x_wconf 82' lang='lat' dir='ltr'><strong>Audierant</strong></span> <span class='ocrx_word' id='word_1_619' title='bbox 3315 3868 3460 3924; x_wconf 91' lang='lat' dir='ltr'><strong>enim</strong></span> <span class='ocrx_word' id='word_1_620' title='bbox 3487 3883 3516 3920; x_wconf 86' lang='lat' dir='ltr'><strong>a</strong></span> 
     </span>
    </p>
   </div>
   <div class='ocr_carea' id='block_1_84' title="bbox 1943 3955 3517 4034">
    <p class='ocr_par' dir='ltr' id='par_1_84' title="bbox 1943 3955 3517 4034">
     <span class='ocr_line' id='line_1_84' title="bbox 1943 3955 3517 4034; baseline -0.008 -13"><span class='ocrx_word' id='word_1_621' title='bbox 1943 3965 2176 4021; x_wconf 91' lang='lat' dir='ltr'><strong>Domi-no</strong></span> <span class='ocrx_word' id='word_1_622' title='bbox 2210 3963 2492 4020; x_wconf 84' lang='lat' dir='ltr'><strong>Salvatore</strong></span> <span class='ocrx_word' id='word_1_623' title='bbox 2531 3957 2776 4034; x_wconf 79' lang='lat' dir='ltr'><strong>(Matth.</strong></span> <span class='ocrx_word' id='word_1_624' title='bbox 2814 3979 2926 4025; x_wconf 78' lang='lat' dir='ltr'><strong>xu,</strong></span> <span class='ocrx_word' id='word_1_625' title='bbox 2969 3961 3056 4030; x_wconf 75' lang='lat' dir='ltr'><strong>l3)</strong></span> <span class='ocrx_word' id='word_1_626' title='bbox 3099 3979 3111 4016; x_wconf 93' lang='lat'>:</span> <span class='ocrx_word' id='word_1_627' title='bbox 3153 3959 3351 4013; x_wconf 87' lang='lat' dir='ltr'><strong>Domus</strong></span> <span class='ocrx_word' id='word_1_628' title='bbox 3411 3955 3517 4010; x_wconf 83' lang='lat' dir='ltr'><strong>Pa-</strong></span> 
     </span>
    </p>
   </div>
   <div class='ocr_carea' id='block_1_85' title="bbox 1941 4053 3518 4130">
    <p class='ocr_par' dir='ltr' id='par_1_85' title="bbox 1941 4053 3518 4130">
     <span class='ocr_line' id='line_1_85' title="bbox 1941 4053 3518 4130; baseline -0.006 -16"><span class='ocrx_word' id='word_1_629' title='bbox 1941 4062 2040 4114; x_wconf 83' lang='lat' dir='ltr'><strong>tris</strong></span> <span class='ocrx_word' id='word_1_630' title='bbox 2098 4059 2201 4114; x_wconf 84' lang='lat' dir='ltr'><strong>mei</strong></span> <span class='ocrx_word' id='word_1_631' title='bbox 2262 4057 2447 4112; x_wconf 82' lang='lat' dir='ltr'><strong>domus</strong></span> <span class='ocrx_word' id='word_1_632' title='bbox 2465 4059 2723 4130; x_wconf 85' lang='lat' dir='ltr'><strong>orationis</strong></span> <span class='ocrx_word' id='word_1_633' title='bbox 2757 4058 3024 4110; x_wconf 80' lang='lat' dir='ltr'><strong>vocabitur</strong></span> <span class='ocrx_word' id='word_1_634' title='bbox 3057 4070 3074 4109; x_wconf 93' lang='lat'><em>:</em></span> <span class='ocrx_word' id='word_1_635' title='bbox 3107 4072 3194 4109; x_wconf 80' lang='lat' dir='ltr'><strong>vos</strong></span> <span class='ocrx_word' id='word_1_636' title='bbox 3227 4063 3403 4108; x_wconf 78' lang='lat' dir='ltr'><strong>autem</strong></span> <span class='ocrx_word' id='word_1_637' title='bbox 3436 4053 3518 4119; x_wconf 80' lang='lat' dir='ltr'><strong>fe-</strong></span> 
     </span>
    </p>
   </div>
   <div class='ocr_carea' id='block_1_86' title="bbox 1945 4145 3518 4220">
    <p class='ocr_par' dir='ltr' id='par_1_86' title="bbox 1945 4145 3518 4220">
     <span class='ocr_line' id='line_1_86' title="bbox 1945 4145 3518 4220; baseline -0.006 -14"><span class='ocrx_word' id='word_1_638' title='bbox 1945 4152 2089 4206; x_wconf 86' lang='lat' dir='ltr'><strong>cistis</strong></span> <span class='ocrx_word' id='word_1_639' title='bbox 2104 4167 2220 4207; x_wconf 80' lang='lat' dir='ltr'><strong>cam</strong></span> <span class='ocrx_word' id='word_1_640' title='bbox 2242 4149 2544 4220; x_wconf 83' lang='lat' dir='ltr'><strong>speluncam</strong></span> <span class='ocrx_word' id='word_1_641' title='bbox 2563 4147 3146 4211; x_wconf 60' lang='lat' dir='ltr'><strong>latronumﬂaudium,</strong></span> <span class='ocrx_word' id='word_1_642' title='bbox 3168 4145 3364 4215; x_wconf 82' lang='lat' dir='ltr'><strong>inquit,</strong></span> <span class='ocrx_word' id='word_1_643' title='bbox 3387 4160 3518 4196; x_wconf 72' lang='grc' dir='ltr'><strong>οηαο</strong></span> 
     </span>
    </p>
   </div>
   <div class='ocr_carea' id='block_1_87' title="bbox 1948 4238 3517 4317">
    <p class='ocr_par' dir='ltr' id='par_1_87' title="bbox 1948 4238 3517 4317">
     <span class='ocr_line' id='line_1_87' title="bbox 1948 4238 3517 4317; baseline -0.006 -19"><span class='ocrx_word' id='word_1_644' title='bbox 1948 4261 2187 4317; x_wconf 86' lang='lat' dir='ltr'><strong>grorum,</strong></span> <span class='ocrx_word' id='word_1_645' title='bbox 2227 4259 2426 4313; x_wconf 85' lang='lat' dir='ltr'><strong>pascua</strong></span> <span class='ocrx_word' id='word_1_646' title='bbox 2465 4259 2698 4314; x_wconf 87' lang='lat' dir='ltr'><strong>gregum.</strong></span> <span class='ocrx_word' id='word_1_647' title='bbox 2753 4241 2905 4308; x_wconf 83' lang='lat' dir='ltr'><strong>Quod</strong></span> <span class='ocrx_word' id='word_1_648' title='bbox 2954 4241 3037 4295; x_wconf 87' lang='lat' dir='ltr'><strong>vel</strong></span> <span class='ocrx_word' id='word_1_649' title='bbox 3079 4239 3232 4309; x_wconf 85' lang='lat' dir='ltr'><strong>juxta</strong></span> <span class='ocrx_word' id='word_1_650' title='bbox 3283 4238 3517 4293; x_wconf 89' lang='lat' dir='ltr'><strong>litteram</strong></span> 
     </span>
    </p>
   </div>
   <div class='ocr_carea' id='block_1_88' title="bbox 1947 4331 3515 4408">
    <p class='ocr_par' dir='ltr' id='par_1_88' title="bbox 1947 4331 3515 4408">
     <span class='ocr_line' id='line_1_88' title="bbox 1947 4331 3515 4408; baseline -0.008 -16"><span class='ocrx_word' id='word_1_651' title='bbox 1947 4338 2358 4408; x_wconf 87' lang='lat' dir='ltr'><strong>intelligendum</strong></span> <span class='ocrx_word' id='word_1_652' title='bbox 2410 4345 2513 4402; x_wconf 89' lang='lat' dir='ltr'><strong>est,</strong></span> <span class='ocrx_word' id='word_1_653' title='bbox 2550 4350 2616 4391; x_wconf 92' lang='lat' dir='ltr'><strong>eo</strong></span> <span class='ocrx_word' id='word_1_654' title='bbox 2666 4337 2808 4405; x_wconf 91' lang='lat' dir='ltr'><strong>quod</strong></span> <span class='ocrx_word' id='word_1_655' title='bbox 2861 4334 3073 4388; x_wconf 89' lang='lat' dir='ltr'><strong>deserta</strong></span> <span class='ocrx_word' id='word_1_656' title='bbox 3121 4333 3228 4387; x_wconf 90' lang='lat' dir='ltr'><strong>sint</strong></span> <span class='ocrx_word' id='word_1_657' title='bbox 3283 4331 3515 4390; x_wconf 84' lang='lat' dir='ltr'><strong>omnia;</strong></span> 
     </span>
    </p>
   </div>
   <div class='ocr_carea' id='block_1_89' title="bbox 1945 4421 3511 4506">
    <p class='ocr_par' dir='ltr' id='par_1_89' title="bbox 1945 4421 3511 4506">
     <span class='ocr_line' id='line_1_89' title="bbox 1945 4421 3511 4506; baseline -0.009 -23"><span class='ocrx_word' id='word_1_658' title='bbox 1945 4427 2028 4483; x_wconf 88' lang='lat' dir='ltr'><strong>vel</strong></span> <span class='ocrx_word' id='word_1_659' title='bbox 2066 4425 2444 4497; x_wconf 89' lang='lat' dir='ltr'><strong>spiritualiter,</strong></span> <span class='ocrx_word' id='word_1_660' title='bbox 2479 4427 2636 4506; x_wconf 78' lang='lat' dir='ltr'><strong>quod</strong></span> <span class='ocrx_word' id='word_1_661' title='bbox 2655 4422 2880 4493; x_wconf 82' lang='lat' dir='ltr'><strong>expulso</strong></span> <span class='ocrx_word' id='word_1_662' title='bbox 2933 4422 3154 4489; x_wconf 84' lang='lat' dir='ltr'><strong>Israele,</strong></span> <span class='ocrx_word' id='word_1_663' title='bbox 3200 4421 3299 4476; x_wconf 83' lang='lat' dir='ltr'><strong>feri</strong></span> <span class='ocrx_word' id='word_1_664' title='bbox 3335 4421 3511 4473; x_wconf 83' lang='lat' dir='ltr'><strong>homi-</strong></span> 
     </span>
    </p>
   </div>
   <div class='ocr_carea' id='block_1_90' title="bbox 258 4511 3511 4589">
    <p class='ocr_par' dir='ltr' id='par_1_90' title="bbox 258 4511 3511 4589">
     <span class='ocr_line' id='line_1_90' title="bbox 258 4511 3511 4589; baseline -0.003 -14"><span class='ocrx_word' id='word_1_665' title='bbox 258 4528 512 4587; x_wconf 75' lang='lat' dir='ltr'><strong>Quarum</strong></span> <span class='ocrx_word' id='word_1_666' title='bbox 541 4521 691 4589; x_wconf 89' lang='lat' dir='ltr'><strong>prior</strong></span> <span class='ocrx_word' id='word_1_667' title='bbox 728 4521 1117 4587; x_wconf 78' lang='lat' dir='ltr'><strong>interpretatur</strong></span> <span class='ocrx_word' id='word_1_668' title='bbox 1159 4519 1400 4580; x_wconf 68' lang='lat' dir='ltr'><strong>tenebrat,</strong></span> <span class='ocrx_word' id='word_1_669' title='bbox 1445 4520 1557 4573; x_wconf 80' lang='lat' dir='ltr'><strong>sive</strong></span> <span class='ocrx_word' id='word_1_670' title='bbox 1581 4520 1841 4586; x_wconf 86' lang='lat' dir='ltr'><strong>nubilum,</strong></span> <span class='ocrx_word' id='word_1_671' title='bbox 1876 4523 1920 4578; x_wconf 87' lang='lat' dir='ltr'><strong>D</strong></span> <span class='ocrx_word' id='word_1_672' title='bbox 1951 4535 2046 4575; x_wconf 88' lang='lat' dir='ltr'><strong>nes</strong></span> <span class='ocrx_word' id='word_1_673' title='bbox 2077 4529 2131 4573; x_wconf 88' lang='lat' dir='ltr'><strong>et</strong></span> <span class='ocrx_word' id='word_1_674' title='bbox 2173 4519 2546 4574; x_wconf 90' lang='lat' dir='ltr'><strong>Dei‘notitiam</strong></span> <span class='ocrx_word' id='word_1_675' title='bbox 2581 4533 2687 4572; x_wconf 89' lang='lat' dir='ltr'><strong>non</strong></span> <span class='ocrx_word' id='word_1_676' title='bbox 2737 4517 3023 4581; x_wconf 84' lang='lat' dir='ltr'><strong>habentes,</strong></span> <span class='ocrx_word' id='word_1_677' title='bbox 3058 4515 3300 4570; x_wconf 88' lang='lat' dir='ltr'><strong>habitent</strong></span> <span class='ocrx_word' id='word_1_678' title='bbox 3337 4514 3391 4567; x_wconf 93' lang='lat' dir='ltr'><strong>in</strong></span> <span class='ocrx_word' id='word_1_679' title='bbox 3417 4511 3511 4565; x_wconf 81' lang='lat' dir='ltr'><strong>Ju-</strong></span> 
     </span>
    </p>
   </div>
   <div class='ocr_carea' id='block_1_91' title="bbox 253 4611 1844 4682">
    <p class='ocr_par' dir='ltr' id='par_1_91' title="bbox 253 4611 1844 4682">
     <span class='ocr_line' id='line_1_91' title="bbox 253 4611 1844 4682; baseline 0.001 -17"><span class='ocrx_word' id='word_1_680' title='bbox 253 4617 402 4682; x_wconf 83' lang='lat' dir='ltr'><strong>quod</strong></span> <span class='ocrx_word' id='word_1_681' title='bbox 430 4628 601 4681; x_wconf 77' lang='lat' dir='ltr'><strong>usque</strong></span> <span class='ocrx_word' id='word_1_682' title='bbox 629 4616 690 4664; x_wconf 83' lang='lat' dir='ltr'><strong>ad</strong></span> <span class='ocrx_word' id='word_1_683' title='bbox 731 4613 904 4665; x_wconf 81' lang='lat' dir='ltr'><strong>nubes</strong></span> <span class='ocrx_word' id='word_1_684' title='bbox 934 4613 1169 4681; x_wconf 82' lang='lat' dir='ltr'><strong>erigeret</strong></span> <span class='ocrx_word' id='word_1_685' title='bbox 1201 4622 1378 4679; x_wconf 83' lang='lat' dir='ltr'><strong>caput.</strong></span> <span class='ocrx_word' id='word_1_686' title='bbox 1417 4611 1623 4674; x_wconf 84' lang='lat' dir='ltr'><strong>Altera,</strong></span> <span class='ocrx_word' id='word_1_687' title='bbox 1655 4613 1844 4681; x_wconf 83' lang='lat' dir='ltr'><strong>probu-</strong></span> 
     </span>
    </p>
   </div>
   <div class='ocr_carea' id='block_1_92' title="bbox 255 4703 1845 4774">
    <p class='ocr_par' dir='ltr' id='par_1_92' title="bbox 255 4703 1845 4774">
     <span class='ocr_line' id='line_1_92' title="bbox 255 4703 1845 4774; baseline -0.001 -15"><span class='ocrx_word' id='word_1_688' title='bbox 255 4715 500 4759; x_wconf 70' lang='lat' dir='ltr'><strong>mentum</strong></span> <span class='ocrx_word' id='word_1_689' title='bbox 567 4704 896 4772; x_wconf 78' lang='lat' dir='ltr'><strong>etﬁrmilas,</strong></span> <span class='ocrx_word' id='word_1_690' title='bbox 956 4704 1094 4767; x_wconf 82' lang='lat' dir='ltr'><strong>sive,</strong></span> <span class='ocrx_word' id='word_1_691' title='bbox 1133 4713 1192 4756; x_wconf 91' lang='lat' dir='ltr'><strong>ut</strong></span> <span class='ocrx_word' id='word_1_692' title='bbox 1247 4703 1604 4774; x_wconf 76' lang='lat' dir='ltr'><strong>Symmachus</strong></span> <span class='ocrx_word' id='word_1_693' title='bbox 1662 4708 1845 4770; x_wconf 83' lang='lat' dir='ltr'><strong>vertit,</strong></span> 
     </span>
    </p>
   </div>
   <div class='ocr_carea' id='block_1_93' title="bbox 258 4781 1846 4867">
    <p class='ocr_par' dir='ltr' id='par_1_93' title="bbox 258 4781 1846 4867">
     <span class='ocr_line' id='line_1_93' title="bbox 258 4781 1846 4867; baseline 0.002 -16"><span class='ocrx_word' id='word_1_694' title='bbox 258 4797 548 4866; x_wconf 83' lang='lat' dir='ltr'><strong>inquisitio</strong></span> <span class='ocrx_word' id='word_1_695' title='bbox 579 4812 597 4850; x_wconf 88' lang='lat'><strong><em>:</em></strong></span> <span class='ocrx_word' id='word_1_696' title='bbox 637 4781 702 4850; x_wconf 80' lang='lat' dir='ltr'><strong>eo</strong></span> <span class='ocrx_word' id='word_1_697' title='bbox 735 4796 877 4865; x_wconf 89' lang='lat' dir='ltr'><strong>quod</strong></span> <span class='ocrx_word' id='word_1_698' title='bbox 907 4797 960 4850; x_wconf 88' lang='lat' dir='ltr'><strong>in</strong></span> <span class='ocrx_word' id='word_1_699' title='bbox 1007 4797 1427 4864; x_wconf 87' lang='lat' dir='ltr'><strong>contemplando</strong></span> <span class='ocrx_word' id='word_1_700' title='bbox 1460 4798 1699 4852; x_wconf 89' lang='lat' dir='ltr'><strong>culmine</strong></span> <span class='ocrx_word' id='word_1_701' title='bbox 1728 4799 1846 4867; x_wconf 87' lang='lat' dir='ltr'><strong>ejus</strong></span> 
     </span>
    </p>
   </div>
   <div class='ocr_carea' id='block_1_94' title="bbox 257 4885 1847 4957">
    <p class='ocr_par' dir='ltr' id='par_1_94' title="bbox 257 4885 1847 4957">
     <span class='ocr_line' id='line_1_94' title="bbox 257 4885 1847 4957; baseline -0.002 -13"><span class='ocrx_word' id='word_1_702' title='bbox 257 4889 408 4944; x_wconf 90' lang='lat' dir='ltr'><strong>oculi</strong></span> <span class='ocrx_word' id='word_1_703' title='bbox 437 4887 782 4942; x_wconf 81' lang='lat' dir='ltr'><strong>fallerentur.</strong></span> <span class='ocrx_word' id='word_1_704' title='bbox 823 4885 876 4941; x_wconf 89' lang='lat' dir='ltr'><strong>In</strong></span> <span class='ocrx_word' id='word_1_705' title='bbox 910 4887 1018 4942; x_wconf 85' lang='lat' dir='ltr'><strong>ﬁne</strong></span> <span class='ocrx_word' id='word_1_706' title='bbox 1059 4902 1275 4957; x_wconf 88' lang='lat' dir='ltr'><strong>quoque</strong></span> <span class='ocrx_word' id='word_1_707' title='bbox 1307 4888 1529 4957; x_wconf 86' lang='lat' dir='ltr'><strong>capituli</strong></span> <span class='ocrx_word' id='word_1_708' title='bbox 1567 4888 1638 4941; x_wconf 84' lang='lat' dir='ltr'><strong>ita</strong></span> <span class='ocrx_word' id='word_1_709' title='bbox 1679 4891 1847 4942; x_wconf 86' lang='lat' dir='ltr'><strong>inter-</strong></span> 
     </span>
    </p>
   </div>
   <div class='ocr_carea' id='block_1_95' title="bbox 262 4980 1846 5051">
    <p class='ocr_par' dir='ltr' id='par_1_95' title="bbox 262 4980 1846 5051">
     <span class='ocr_line' id='line_1_95' title="bbox 262 4980 1846 5051; baseline -0.002 -15"><span class='ocrx_word' id='word_1_710' title='bbox 262 4980 468 5051; x_wconf 85' lang='lat' dir='ltr'><strong>pretati</strong></span> <span class='ocrx_word' id='word_1_711' title='bbox 531 4991 709 5034; x_wconf 86' lang='lat' dir='ltr'><strong>sunt:</strong></span> <span class='ocrx_word' id='word_1_712' title='bbox 749 4980 904 5034; x_wconf 82' lang='lat' dir='ltr'><strong>Beati</strong></span> <span class='ocrx_word' id='word_1_713' title='bbox 957 4981 1048 5050; x_wconf 86' lang='lat' dir='ltr'><strong>qui</strong></span> <span class='ocrx_word' id='word_1_714' title='bbox 1099 4981 1360 5034; x_wconf 83' lang='lat' dir='ltr'><strong>seminant</strong></span> <span class='ocrx_word' id='word_1_715' title='bbox 1431 4996 1588 5049; x_wconf 83' lang='lat' dir='ltr'><strong>super</strong></span> <span class='ocrx_word' id='word_1_716' title='bbox 1643 4997 1846 5034; x_wconf 88' lang='lat' dir='ltr'><strong>omnem</strong></span> 
     </span>
    </p>
   </div>
   <div class='ocr_carea' id='block_1_96' title="bbox 261 5071 1839 5142">
    <p class='ocr_par' dir='ltr' id='par_1_96' title="bbox 261 5071 1839 5142">
     <span class='ocr_line' id='line_1_96' title="bbox 261 5071 1839 5142; baseline 0 -16"><span class='ocrx_word' id='word_1_717' title='bbox 261 5090 486 5142; x_wconf 81' lang='lat' dir='ltr'><strong>aquam,</strong></span> <span class='ocrx_word' id='word_1_718' title='bbox 516 5073 603 5126; x_wconf 88' lang='lat' dir='ltr'><strong>ubi</strong></span> <span class='ocrx_word' id='word_1_719' title='bbox 632 5072 721 5126; x_wconf 89' lang='lat' dir='ltr'><strong>bos</strong></span> <span class='ocrx_word' id='word_1_720' title='bbox 765 5081 815 5126; x_wconf 89' lang='lat' dir='ltr'><strong>et</strong></span> <span class='ocrx_word' id='word_1_721' title='bbox 845 5073 1030 5126; x_wconf 84' lang='lat' dir='ltr'><strong>asinus</strong></span> <span class='ocrx_word' id='word_1_722' title='bbox 1061 5073 1292 5125; x_wconf 87' lang='lat' dir='ltr'><strong>calcant.</strong></span> <span class='ocrx_word' id='word_1_723' title='bbox 1342 5071 1475 5126; x_wconf 90' lang='lat' dir='ltr'><strong>Post</strong></span> <span class='ocrx_word' id='word_1_724' title='bbox 1505 5075 1839 5128; x_wconf 87' lang='lat' dir='ltr'><strong>vocationem</strong></span> 
     </span>
    </p>
   </div>
   <div class='ocr_carea' id='block_1_97' title="bbox 264 5165 1848 5242">
    <p class='ocr_par' dir='ltr' id='par_1_97' title="bbox 264 5165 1848 5242">
     <span class='ocr_line' id='line_1_97' title="bbox 264 5165 1848 5242; baseline 0 -22"><span class='ocrx_word' id='word_1_725' title='bbox 264 5168 543 5238; x_wconf 89' lang='lat' dir='ltr'><strong>gentium,</strong></span> <span class='ocrx_word' id='word_1_726' title='bbox 569 5169 785 5236; x_wconf 90' lang='lat' dir='ltr'><strong>quando</strong></span> <span class='ocrx_word' id='word_1_727' title='bbox 813 5166 1062 5221; x_wconf 87' lang='lat' dir='ltr'><strong>Christus</strong></span> <span class='ocrx_word' id='word_1_728' title='bbox 1097 5181 1188 5242; x_wconf 75' lang='lat' dir='ltr'><strong>rex</strong></span> <span class='ocrx_word' id='word_1_729' title='bbox 1215 5166 1501 5236; x_wconf 86' lang='lat' dir='ltr'><strong>imperavit</strong></span> <span class='ocrx_word' id='word_1_730' title='bbox 1535 5182 1658 5219; x_wconf 88' lang='lat' dir='ltr'><strong>cum</strong></span> <span class='ocrx_word' id='word_1_731' title='bbox 1684 5165 1848 5234; x_wconf 87' lang='lat' dir='ltr'><strong>justi-</strong></span> 
     </span>
    </p>
   </div>
   <div class='ocr_carea' id='block_1_98' title="bbox 271 5258 1851 5330">
    <p class='ocr_par' dir='ltr' id='par_1_98' title="bbox 271 5258 1851 5330">
     <span class='ocr_line' id='line_1_98' title="bbox 271 5258 1851 5330; baseline 0 -18"><span class='ocrx_word' id='word_1_732' title='bbox 271 5262 373 5327; x_wconf 88' lang='lat' dir='ltr'><strong>tia,</strong></span> <span class='ocrx_word' id='word_1_733' title='bbox 409 5269 467 5314; x_wconf 91' lang='lat' dir='ltr'><strong>et</strong></span> <span class='ocrx_word' id='word_1_734' title='bbox 513 5261 791 5330; x_wconf 87' lang='lat' dir='ltr'><strong>principes</strong></span> <span class='ocrx_word' id='word_1_735' title='bbox 845 5261 985 5326; x_wconf 84' lang='lat' dir='ltr'><strong>ejus,</strong></span> <span class='ocrx_word' id='word_1_736' title='bbox 1038 5259 1265 5329; x_wconf 86' lang='lat' dir='ltr'><strong>apostoli</strong></span> <span class='ocrx_word' id='word_1_737' title='bbox 1317 5266 1372 5312; x_wconf 90' lang='lat' dir='ltr'><strong>et</strong></span> <span class='ocrx_word' id='word_1_738' title='bbox 1425 5259 1706 5328; x_wconf 88' lang='lat' dir='ltr'><strong>apostolici</strong></span> <span class='ocrx_word' id='word_1_739' title='bbox 1748 5258 1851 5314; x_wconf 86' lang='lat' dir='ltr'><strong>viri</strong></span> 
     </span>
    </p>
   </div>
   <div class='ocr_carea' id='block_1_99' title="bbox 264 5350 1856 5431">
    <p class='ocr_par' dir='ltr' id='par_1_99' title="bbox 264 5350 1856 5431">
     <span class='ocr_line' id='line_1_99' title="bbox 264 5350 1856 5431; baseline 0.003 -29"><span class='ocrx_word' id='word_1_740' title='bbox 264 5352 589 5421; x_wconf 68' lang='lat' dir='ltr'><strong>pra-fuerint</strong></span> <span class='ocrx_word' id='word_1_741' title='bbox 614 5352 966 5408; x_wconf 86' lang='lat' dir='ltr'><strong>credentibus</strong></span> <span class='ocrx_word' id='word_1_742' title='bbox 989 5366 1111 5405; x_wconf 92' lang='lat' dir='ltr'><strong>cum</strong></span> <span class='ocrx_word' id='word_1_743' title='bbox 1138 5350 1368 5431; x_wconf 75' lang='lat' dir='ltr'><strong>judicio,</strong></span> <span class='ocrx_word' id='word_1_744' title='bbox 1423 5351 1686 5430; x_wconf 83' lang='lat' dir='ltr'><strong>dirigetur</strong></span> <span class='ocrx_word' id='word_1_745' title='bbox 1737 5366 1856 5406; x_wconf 89' lang='lat' dir='ltr'><strong>ser-</strong></span> 
     </span>
    </p>
   </div>
   <div class='ocr_carea' id='block_1_100' title="bbox 265 5427 1847 5515">
    <p class='ocr_par' dir='ltr' id='par_1_100' title="bbox 265 5427 1847 5515">
     <span class='ocr_line' id='line_1_100' title="bbox 265 5427 1847 5515; baseline -0.001 -17"><span class='ocrx_word' id='word_1_746' title='bbox 265 5463 355 5498; x_wconf 81' lang='lat' dir='ltr'><strong>nm</strong></span> <span class='ocrx_word' id='word_1_747' title='bbox 388 5446 738 5515; x_wconf 87' lang='lat' dir='ltr'><strong>propheticus</strong></span> <span class='ocrx_word' id='word_1_748' title='bbox 778 5445 843 5498; x_wconf 90' lang='lat' dir='ltr'><strong>ad</strong></span> <span class='ocrx_word' id='word_1_749' title='bbox 877 5445 1131 5499; x_wconf 88' lang='lat' dir='ltr'><strong>mulieres</strong></span> <span class='ocrx_word' id='word_1_750' title='bbox 1180 5427 1491 5512; x_wconf 81' lang='lat' dir='ltr'><strong>opulentas,</strong></span> <span class='ocrx_word' id='word_1_751' title='bbox 1531 5458 1671 5514; x_wconf 90' lang='lat' dir='ltr'><strong>quas</strong></span> <span class='ocrx_word' id='word_1_752' title='bbox 1737 5445 1847 5510; x_wconf 89' lang='lat' dir='ltr'><strong>vel,</strong></span> 
     </span>
    </p>
   </div>
   <div class='ocr_carea' id='block_1_101' title="bbox 263 5533 1849 5605">
    <p class='ocr_par' dir='ltr' id='par_1_101' title="bbox 263 5533 1849 5605">
     <span class='ocr_line' id='line_1_101' title="bbox 263 5533 1849 5605; baseline 0.001 -17"><span class='ocrx_word' id='word_1_753' title='bbox 263 5538 434 5592; x_wconf 68' lang='lat' dir='ltr'><strong>urbes</strong></span> <span class='ocrx_word' id='word_1_754' title='bbox 465 5533 689 5600; x_wconf 65' lang='lat' dir='ltr'><strong>Iudaeae,</strong></span> <span class='ocrx_word' id='word_1_755' title='bbox 755 5535 838 5589; x_wconf 88' lang='lat' dir='ltr'><strong>vel</strong></span> <span class='ocrx_word' id='word_1_756' title='bbox 879 5549 1180 5605; x_wconf 81' lang='lat' dir='ltr'><strong>synagogas</strong></span> <span class='ocrx_word' id='word_1_757' title='bbox 1224 5533 1371 5598; x_wconf 85' lang='lat' dir='ltr'><strong>Illius</strong></span> <span class='ocrx_word' id='word_1_758' title='bbox 1423 5535 1705 5603; x_wconf 84' lang='lat' dir='ltr'><strong>temporis,</strong></span> <span class='ocrx_word' id='word_1_759' title='bbox 1766 5534 1849 5589; x_wconf 88' lang='lat' dir='ltr'><strong>vel</strong></span> 
     </span>
    </p>
   </div>
   <div class='ocr_carea' id='block_1_102' title="bbox 266 5627 1846 5696">
    <p class='ocr_par' dir='ltr' id='par_1_102' title="bbox 266 5627 1846 5696">
     <span class='ocr_line' id='line_1_102' title="bbox 266 5627 1846 5696; baseline 0.001 -19"><span class='ocrx_word' id='word_1_760' title='bbox 266 5638 327 5679; x_wconf 87' lang='lat' dir='ltr'><strong>ut</strong></span> <span class='ocrx_word' id='word_1_761' title='bbox 366 5627 621 5696; x_wconf 82' lang='lat' dir='ltr'><strong>plerique</strong></span> <span class='ocrx_word' id='word_1_762' title='bbox 677 5629 1038 5688; x_wconf 80' lang='lat' dir='ltr'><strong>arbitrantur,</strong></span> <span class='ocrx_word' id='word_1_763' title='bbox 1073 5635 1353 5681; x_wconf 81' lang='lat' dir='ltr'><strong>matronas</strong></span> <span class='ocrx_word' id='word_1_764' title='bbox 1388 5627 1611 5680; x_wconf 79' lang='lat' dir='ltr'><strong>divitum</strong></span> <span class='ocrx_word' id='word_1_765' title='bbox 1675 5643 1846 5694; x_wconf 75' lang='lat' dir='ltr'><strong>quou-</strong></span> 
     </span>
    </p>
   </div>
   <div class='ocr_carea' id='block_1_103' title="bbox 347 5810 1766 5882">
    <p class='ocr_par' dir='ltr' id='par_1_103' title="bbox 347 5810 1766 5882">
     <span class='ocr_line' id='line_1_103' title="bbox 347 5810 1766 5882; baseline 0.002 -18"><span class='ocrx_word' id='word_1_766' title='bbox 347 5813 364 5841; x_wconf 78' lang='lat'><strong>‘</strong></span> <span class='ocrx_word' id='word_1_767' title='bbox 387 5810 539 5866; x_wconf 77' lang='lat' dir='ltr'><strong>Litus</strong></span> <span class='ocrx_word' id='word_1_768' title='bbox 570 5811 765 5876; x_wconf 53' lang='lat' dir='ltr'><strong>Vatia,</strong></span> <span class='ocrx_word' id='word_1_769' title='bbox 806 5814 854 5865; x_wconf 83' lang='lat' dir='ltr'><strong>in</strong></span> <span class='ocrx_word' id='word_1_770' title='bbox 880 5813 1315 5882; x_wconf 78' lang='lat' dir='ltr'><strong>consequentibus</strong></span> <span class='ocrx_word' id='word_1_771' title='bbox 1353 5811 1539 5866; x_wconf 83' lang='lat' dir='ltr'><strong>lecturi</strong></span> <span class='ocrx_word' id='word_1_772' title='bbox 1563 5828 1766 5867; x_wconf 87' lang='lat' dir='ltr'><strong>sumus.</strong></span> 
     </span>
    </p>
   </div>
   <div class='ocr_carea' id='block_1_104' title="bbox 1953 4607 3522 4678">
    <p class='ocr_par' dir='ltr' id='par_1_104' title="bbox 1953 4607 3522 4678">
     <span class='ocr_line' id='line_1_104' title="bbox 1953 4607 3522 4678; baseline -0.005 -14"><span class='ocrx_word' id='word_1_773' title='bbox 1953 4610 2087 4666; x_wconf 64' lang='lat' dir='ltr'><strong>(lina.</strong></span> <span class='ocrx_word' id='word_1_774' title='bbox 2156 4610 2222 4665; x_wconf 86' lang='lat' dir='ltr'><strong>Et</strong></span> <span class='ocrx_word' id='word_1_775' title='bbox 2258 4613 2360 4666; x_wconf 89' lang='lat' dir='ltr'><strong>hoc</strong></span> <span class='ocrx_word' id='word_1_776' title='bbox 2405 4610 2499 4664; x_wconf 86' lang='lat' dir='ltr'><strong>liat</strong></span> <span class='ocrx_word' id='word_1_777' title='bbox 2539 4612 2710 4664; x_wconf 90' lang='lat' dir='ltr'><strong>donec</strong></span> <span class='ocrx_word' id='word_1_778' title='bbox 2742 4608 3048 4663; x_wconf 76' lang='lat' dir='ltr'><strong>eﬂundatur</strong></span> <span class='ocrx_word' id='word_1_779' title='bbox 3079 4623 3241 4678; x_wconf 90' lang='lat' dir='ltr'><strong>super</strong></span> <span class='ocrx_word' id='word_1_780' title='bbox 3273 4622 3372 4660; x_wconf 91' lang='lat' dir='ltr'><strong>nos</strong></span> <span class='ocrx_word' id='word_1_781' title='bbox 3409 4607 3522 4675; x_wconf 89' lang='lat' dir='ltr'><strong>spi-</strong></span> 
     </span>
    </p>
   </div>
   <div class='ocr_carea' id='block_1_105' title="bbox 1952 4698 3522 4770">
    <p class='ocr_par' dir='ltr' id='par_1_105' title="bbox 1952 4698 3522 4770">
     <span class='ocr_line' id='line_1_105' title="bbox 1952 4698 3522 4770; baseline -0.007 -12"><span class='ocrx_word' id='word_1_782' title='bbox 1952 4706 2092 4758; x_wconf 89' lang='lat' dir='ltr'><strong>ritus</strong></span> <span class='ocrx_word' id='word_1_783' title='bbox 2139 4703 2208 4758; x_wconf 92' lang='lat' dir='ltr'><strong>de</strong></span> <span class='ocrx_word' id='word_1_784' title='bbox 2263 4702 2506 4764; x_wconf 84' lang='lat' dir='ltr'><strong>excelso,</strong></span> <span class='ocrx_word' id='word_1_785' title='bbox 2575 4716 2737 4770; x_wconf 92' lang='lat' dir='ltr'><strong>quem</strong></span> <span class='ocrx_word' id='word_1_786' title='bbox 2801 4701 3050 4756; x_wconf 84' lang='lat' dir='ltr'><strong>Salvator</strong></span> <span class='ocrx_word' id='word_1_787' title='bbox 3105 4698 3406 4753; x_wconf 89' lang='lat' dir='ltr'><strong>ascendens</strong></span> <span class='ocrx_word' id='word_1_788' title='bbox 3456 4698 3522 4748; x_wconf 87' lang='lat' dir='ltr'><strong>ad</strong></span> 
     </span>
    </p>
   </div>
   <div class='ocr_carea' id='block_1_106' title="bbox 1951 4789 3517 4864">
    <p class='ocr_par' dir='ltr' id='par_1_106' title="bbox 1951 4789 3517 4864">
     <span class='ocr_line' id='line_1_106' title="bbox 1951 4789 3517 4864; baseline -0.002 -14"><span class='ocrx_word' id='word_1_789' title='bbox 1951 4797 2192 4864; x_wconf 74' lang='lat' dir='ltr'><strong>Patrem,</strong></span> <span class='ocrx_word' id='word_1_790' title='bbox 2220 4796 2570 4852; x_wconf 90' lang='lat' dir='ltr'><strong>credentibus</strong></span> <span class='ocrx_word' id='word_1_791' title='bbox 2607 4797 2940 4864; x_wconf 84' lang='lat' dir='ltr'><strong>repromisit,</strong></span> <span class='ocrx_word' id='word_1_792' title='bbox 2965 4794 3150 4847; x_wconf 89' lang='lat' dir='ltr'><strong>dicens</strong></span> <span class='ocrx_word' id='word_1_793' title='bbox 3185 4806 3201 4846; x_wconf 87' lang='lat'><strong>:</strong></span> <span class='ocrx_word' id='word_1_794' title='bbox 3232 4789 3365 4842; x_wconf 85' lang='lat' dir='ltr'><strong>Ecce</strong></span> <span class='ocrx_word' id='word_1_795' title='bbox 3404 4806 3517 4858; x_wconf 81' lang='lat' dir='ltr'><strong>ego.</strong></span> 
     </span>
    </p>
   </div>
   <div class='ocr_carea' id='block_1_107' title="bbox 1953 4882 3522 4953">
    <p class='ocr_par' dir='ltr' id='par_1_107' title="bbox 1953 4882 3522 4953">
     <span class='ocr_line' id='line_1_107' title="bbox 1953 4882 3522 4953; baseline -0.005 -12"><span class='ocrx_word' id='word_1_796' title='bbox 1953 4888 2109 4953; x_wconf 83' lang='lat' dir='ltr'><strong>vado,</strong></span> <span class='ocrx_word' id='word_1_797' title='bbox 2145 4899 2192 4941; x_wconf 87' lang='lat' dir='ltr'><strong>et</strong></span> <span class='ocrx_word' id='word_1_798' title='bbox 2212 4889 2420 4940; x_wconf 88' lang='lat' dir='ltr'><strong>mittam</strong></span> <span class='ocrx_word' id='word_1_799' title='bbox 2444 4887 2585 4941; x_wconf 83' lang='lat' dir='ltr'><strong>vobis</strong></span> <span class='ocrx_word' id='word_1_800' title='bbox 2619 4884 2956 4938; x_wconf 82' lang='lat' dir='ltr'><strong>Paracletum</strong></span> <span class='ocrx_word' id='word_1_801' title='bbox 2997 4883 3256 4953; x_wconf 85' lang='lat' dir='ltr'><strong>Spiritum</strong></span> <span class='ocrx_word' id='word_1_802' title='bbox 3291 4882 3522 4934; x_wconf 84' lang='lat' dir='ltr'><strong>veritatis</strong></span> 
     </span>
    </p>
   </div>
   <div class='ocr_carea' id='block_1_108' title="bbox 1954 4971 3524 5049">
    <p class='ocr_par' dir='ltr' id='par_1_108' title="bbox 1954 4971 3524 5049">
     <span class='ocr_line' id='line_1_108' title="bbox 1954 4971 3524 5049; baseline -0.003 -19"><span class='ocrx_word' id='word_1_803' title='bbox 1954 4975 2140 5040; x_wconf 82' lang='lat' dir='ltr'><strong>(Joan.</strong></span> <span class='ocrx_word' id='word_1_804' title='bbox 2170 4993 2283 5039; x_wconf 81' lang='lat' dir='ltr'><strong>va,</strong></span> <span class='ocrx_word' id='word_1_805' title='bbox 2306 4979 2383 5049; x_wconf 88' lang='lat'><strong>7).</strong></span> <span class='ocrx_word' id='word_1_806' title='bbox 2405 4977 2468 5034; x_wconf 85' lang='lat' dir='ltr'><strong>Et</strong></span> <span class='ocrx_word' id='word_1_807' title='bbox 2489 4994 2700 5032; x_wconf 90' lang='lat' dir='ltr'><strong>rursum</strong></span> <span class='ocrx_word' id='word_1_808' title='bbox 2728 4994 2742 5032; x_wconf 71' lang='grc' dir='ltr'>ε</span> <span class='ocrx_word' id='word_1_809' title='bbox 2769 4977 2936 5029; x_wconf 82' lang='lat' dir='ltr'><strong>Donec</strong></span> <span class='ocrx_word' id='word_1_810' title='bbox 2952 4973 3222 5042; x_wconf 86' lang='lat' dir='ltr'><strong>accipiatis</strong></span> <span class='ocrx_word' id='word_1_811' title='bbox 3244 4975 3305 5025; x_wconf 85' lang='lat' dir='ltr'><strong>de</strong></span> <span class='ocrx_word' id='word_1_812' title='bbox 3320 4971 3524 5025; x_wconf 74' lang='lat' dir='ltr'><strong>excelso</strong></span> 
     </span>
    </p>
   </div>
   <div class='ocr_carea' id='block_1_109' title="bbox 1952 5066 3519 5142">
    <p class='ocr_par' dir='ltr' id='par_1_109' title="bbox 1952 5066 3519 5142">
     <span class='ocr_line' id='line_1_109' title="bbox 1952 5066 3519 5142; baseline -0.004 -18"><span class='ocrx_word' id='word_1_813' title='bbox 1952 5071 2198 5124; x_wconf 75' lang='lat' dir='ltr'><strong>virtutem</strong></span> <span class='ocrx_word' id='word_1_814' title='bbox 2225 5070 2376 5142; x_wconf 80' lang='lat' dir='ltr'><strong>(Luc.</strong></span> <span class='ocrx_word' id='word_1_815' title='bbox 2411 5088 2556 5135; x_wconf 77' lang='lat' dir='ltr'><strong>xxiv,</strong></span> <span class='ocrx_word' id='word_1_816' title='bbox 2588 5071 2654 5126; x_wconf 65' lang='lat'><strong>49</strong></span> <span class='ocrx_word' id='word_1_817' title='bbox 2683 5072 2724 5141; x_wconf 90' lang='lat'><strong>).</strong></span> <span class='ocrx_word' id='word_1_818' title='bbox 2768 5070 3032 5136; x_wconf 87' lang='lat' dir='ltr'><strong>Quodque</strong></span> <span class='ocrx_word' id='word_1_819' title='bbox 3073 5081 3234 5135; x_wconf 85' lang='lat' dir='ltr'><strong>supra</strong></span> <span class='ocrx_word' id='word_1_820' title='bbox 3268 5066 3472 5118; x_wconf 87' lang='lat' dir='ltr'><strong>dixerat</strong></span> <span class='ocrx_word' id='word_1_821' title='bbox 3505 5080 3519 5118; x_wconf 86' lang='lat'><strong>:</strong></span> 
     </span>
    </p>
   </div>
   <div class='ocr_carea' id='block_1_110' title="bbox 1961 5157 3526 5227">
    <p class='ocr_par' dir='ltr' id='par_1_110' title="bbox 1961 5157 3526 5227">
     <span class='ocr_line' id='line_1_110' title="bbox 1961 5157 3526 5227; baseline -0.007 -8"><span class='ocrx_word' id='word_1_822' title='bbox 1961 5164 2149 5219; x_wconf 80' lang='lat' dir='ltr'><strong>Adhuc</strong></span> <span class='ocrx_word' id='word_1_823' title='bbox 2204 5163 2492 5227; x_wconf 87' lang='lat' dir='ltr'><strong>modicum,</strong></span> <span class='ocrx_word' id='word_1_824' title='bbox 2548 5173 2595 5217; x_wconf 89' lang='lat' dir='ltr'><strong>et</strong></span> <span class='ocrx_word' id='word_1_825' title='bbox 2625 5164 2724 5215; x_wconf 89' lang='lat' dir='ltr'><strong>erit</strong></span> <span class='ocrx_word' id='word_1_826' title='bbox 2775 5160 3007 5213; x_wconf 86' lang='lat' dir='ltr'><strong>Libauus</strong></span> <span class='ocrx_word' id='word_1_827' title='bbox 3039 5159 3092 5212; x_wconf 88' lang='lat' dir='ltr'><strong>in</strong></span> <span class='ocrx_word' id='word_1_828' title='bbox 3149 5157 3413 5220; x_wconf 81' lang='lat' dir='ltr'><strong>Charmel,</strong></span> <span class='ocrx_word' id='word_1_829' title='bbox 3477 5167 3526 5209; x_wconf 82' lang='lat' dir='ltr'><strong>et</strong></span> 
     </span>
    </p>
   </div>
   <div class='ocr_carea' id='block_1_111' title="bbox 1962 5249 3528 5322">
    <p class='ocr_par' dir='ltr' id='par_1_111' title="bbox 1962 5249 3528 5322">
     <span class='ocr_line' id='line_1_111' title="bbox 1962 5249 3528 5322; baseline -0.004 -12"><span class='ocrx_word' id='word_1_830' title='bbox 1962 5254 2213 5310; x_wconf 84' lang='lat' dir='ltr'><strong>Charmel</strong></span> <span class='ocrx_word' id='word_1_831' title='bbox 2242 5257 2293 5310; x_wconf 83' lang='lat' dir='ltr'><strong>in</strong></span> <span class='ocrx_word' id='word_1_832' title='bbox 2345 5255 2541 5309; x_wconf 88' lang='lat' dir='ltr'><strong>saltum</strong></span> <span class='ocrx_word' id='word_1_833' title='bbox 2579 5254 2940 5322; x_wconf 87' lang='lat' dir='ltr'><strong>reputabitur:</strong></span> <span class='ocrx_word' id='word_1_834' title='bbox 2971 5263 3021 5304; x_wconf 86' lang='lat' dir='ltr'><strong>et</strong></span> <span class='ocrx_word' id='word_1_835' title='bbox 3071 5250 3284 5303; x_wconf 83' lang='lat' dir='ltr'><strong>audient</strong></span> <span class='ocrx_word' id='word_1_836' title='bbox 3337 5251 3390 5302; x_wconf 85' lang='lat' dir='ltr'><strong>in</strong></span> <span class='ocrx_word' id='word_1_837' title='bbox 3441 5249 3528 5304; x_wconf 85' lang='lat' dir='ltr'><strong>die</strong></span> 
     </span>
    </p>
   </div>
   <div class='ocr_carea' id='block_1_112' title="bbox 1928 5343 3531 5413">
    <p class='ocr_par' dir='ltr' id='par_1_112' title="bbox 1928 5343 3531 5413">
     <span class='ocr_line' id='line_1_112' title="bbox 1928 5343 3531 5413; baseline -0.004 -12"><span class='ocrx_word' id='word_1_838' title='bbox 1928 5349 2049 5402; x_wconf 41' lang='lat' dir='ltr'><strong>‘illa</strong></span> <span class='ocrx_word' id='word_1_839' title='bbox 2075 5349 2229 5402; x_wconf 85' lang='lat' dir='ltr'><strong>surdi</strong></span> <span class='ocrx_word' id='word_1_840' title='bbox 2261 5348 2414 5402; x_wconf 85' lang='lat' dir='ltr'><strong>verba</strong></span> <span class='ocrx_word' id='word_1_841' title='bbox 2440 5347 2584 5411; x_wconf 88' lang='lat' dir='ltr'><strong>libri,</strong></span> <span class='ocrx_word' id='word_1_842' title='bbox 2614 5356 2662 5400; x_wconf 87' lang='lat' dir='ltr'><strong>et</strong></span> <span class='ocrx_word' id='word_1_843' title='bbox 2685 5347 2746 5398; x_wconf 85' lang='lat' dir='ltr'><strong>de</strong></span> <span class='ocrx_word' id='word_1_844' title='bbox 2779 5344 3002 5398; x_wconf 84' lang='lat' dir='ltr'><strong>tenebris</strong></span> <span class='ocrx_word' id='word_1_845' title='bbox 3031 5352 3080 5398; x_wconf 85' lang='lat' dir='ltr'><strong>et</strong></span> <span class='ocrx_word' id='word_1_846' title='bbox 3115 5343 3338 5413; x_wconf 85' lang='lat' dir='ltr'><strong>caligine</strong></span> <span class='ocrx_word' id='word_1_847' title='bbox 3391 5343 3531 5395; x_wconf 85' lang='lat' dir='ltr'><strong>oculi</strong></span> 
     </span>
    </p>
   </div>
   <div class='ocr_carea' id='block_1_113' title="bbox 1955 5422 3530 5508">
    <p class='ocr_par' dir='ltr' id='par_1_113' title="bbox 1955 5422 3530 5508">
     <span class='ocr_line' id='line_1_113' title="bbox 1955 5422 3530 5508; baseline -0.004 -14"><span class='ocrx_word' id='word_1_848' title='bbox 1955 5456 2212 5494; x_wconf 72' lang='lat' dir='ltr'><strong>meorum</strong></span> <span class='ocrx_word' id='word_1_849' title='bbox 2256 5424 2500 5493; x_wconf 76' lang='lat' dir='ltr'><strong>videbunt</strong></span> <span class='ocrx_word' id='word_1_850' title='bbox 2526 5437 2744 5508; x_wconf 86' lang='lat' dir='ltr'><strong>(Supra,</strong></span> <span class='ocrx_word' id='word_1_851' title='bbox 2796 5451 2970 5505; x_wconf 70' lang='lat' dir='ltr'><strong>sxw);</strong></span> <span class='ocrx_word' id='word_1_852' title='bbox 3003 5451 3148 5491; x_wconf 91' lang='lat' dir='ltr'><strong>nunc</strong></span> <span class='ocrx_word' id='word_1_853' title='bbox 3196 5422 3316 5490; x_wconf 85' lang='lat' dir='ltr'><strong>aliis</strong></span> <span class='ocrx_word' id='word_1_854' title='bbox 3351 5436 3530 5488; x_wconf 82' lang='lat' dir='ltr'><strong>verbis</strong></span> 
     </span>
    </p>
   </div>
   <div class='ocr_carea' id='block_1_114' title="bbox 1957 5531 3529 5606">
    <p class='ocr_par' dir='ltr' id='par_1_114' title="bbox 1957 5531 3529 5606">
     <span class='ocr_line' id='line_1_114' title="bbox 1957 5531 3529 5606; baseline -0.005 -19"><span class='ocrx_word' id='word_1_855' title='bbox 1957 5534 2190 5603; x_wconf 89' lang='lat' dir='ltr'><strong>idipsum</strong></span> <span class='ocrx_word' id='word_1_856' title='bbox 2233 5533 2450 5602; x_wconf 74' lang='lat' dir='ltr'><strong>repetit,</strong></span> <span class='ocrx_word' id='word_1_857' title='bbox 2499 5534 2640 5606; x_wconf 84' lang='lat' dir='ltr'><strong>quod</strong></span> <span class='ocrx_word' id='word_1_858' title='bbox 2698 5532 2935 5586; x_wconf 88' lang='lat' dir='ltr'><strong>solitudo</strong></span> <span class='ocrx_word' id='word_1_859' title='bbox 2975 5531 3216 5601; x_wconf 85' lang='lat' dir='ltr'><strong>gentium</strong></span> <span class='ocrx_word' id='word_1_860' title='bbox 3282 5535 3529 5582; x_wconf 84' lang='lat' dir='ltr'><strong>vertatur</strong></span> 
     </span>
    </p>
   </div>
   <div class='ocr_carea' id='block_1_115' title="bbox 1959 5624 3527 5694">
    <p class='ocr_par' dir='ltr' id='par_1_115' title="bbox 1959 5624 3527 5694">
     <span class='ocr_line' id='line_1_115' title="bbox 1959 5624 3527 5694; baseline -0.003 -12"><span class='ocrx_word' id='word_1_861' title='bbox 1959 5631 2011 5682; x_wconf 77' lang='lat' dir='ltr'><strong>in</strong></span> <span class='ocrx_word' id='word_1_862' title='bbox 2048 5625 2264 5682; x_wconf 82' lang='lat' dir='ltr'><strong>divitias</strong></span> <span class='ocrx_word' id='word_1_863' title='bbox 2306 5625 2468 5680; x_wconf 86' lang='lat' dir='ltr'><strong>Israel</strong></span> <span class='ocrx_word' id='word_1_864' title='bbox 2505 5644 2518 5690; x_wconf 90' lang='lat'><strong>;</strong></span> <span class='ocrx_word' id='word_1_865' title='bbox 2555 5638 2604 5682; x_wconf 89' lang='lat' dir='ltr'><strong>et</strong></span> <span class='ocrx_word' id='word_1_866' title='bbox 2661 5626 2828 5681; x_wconf 85' lang='lat' dir='ltr'><strong>Israel</strong></span> <span class='ocrx_word' id='word_1_867' title='bbox 2865 5632 3146 5694; x_wconf 72' lang='lat' dir='ltr'><strong>reputatur</strong></span> <span class='ocrx_word' id='word_1_868' title='bbox 3207 5624 3258 5678; x_wconf 90' lang='lat' dir='ltr'><strong>in</strong></span> <span class='ocrx_word' id='word_1_869' title='bbox 3293 5631 3527 5694; x_wconf 81' lang='lat' dir='ltr'><strong>gentes:</strong></span> 
     </span>
    </p>
   </div>
  </div>
