3898 6184
538 386 605 446 75
1693 397 1752 457 s.
1789 396 2098 457 EUSEBll
2143 358 2581 460 lltERONYalt
3246 368 3253 376 ’
3617 400 3703 460 376

497 522 609 578 quo
638 516 883 577 tempore
920 506 1250 562 habitaverit
1284 511 1334 563 iu
1363 512 1579 566 deserto
1609 512 1893 582 jllditillm,
1957 516 2063 569 Do-
2097 526 2136 577 Α
2174 517 2403 570 materia
2469 524 2885 570 tormetttmtim.
2937 513 3091 570 Unde
3124 516 3277 585 juxta
3316 515 3451 569 LXX
3497 515 3704 571 dicitur”

500 599 685 653 minus
718 609 882 667 atque
918 598 1187 665 Salvator,
1229 601 1314 654 cui
1348 600 1504 654 Pater
1539 603 1684 656 dedit
1718 619 1879 657 omne
1930 605 2071 673 judi-

500 688 643 741 rium
680 687 857 759 (Joan.
894 692 1001 757 ιιι).
1037 691 1103 742 Et
1128 692 1347 759 justitia
1378 693 1430 745 in
1466 693 1711 747 Charmel
1760 699 2068 764 requiescet,

500 784 567 834 de
608 797 713 851 qua
751 795 915 849 supra
972 783 1173 835 dictum
1223 793 1306 837 est
1346 800 1359 836 :
1394 782 1462 836 Et
1484 788 1583 837 erit
1616 787 1670 838 in
1706 786 1951 839 Charmei
1977 791 2070 840 tle-

500 882 722 938 sertum,
774 874 920 942 quod
969 874 1234 941 judicium
1289 884 1450 943 atque
1480 876 1693 944 justitia
1763 878 1969 932 habitet
2015 878 2068 931 in

500 964 737 1028 deserto,
771 973 823 1017 et
853 965 1167 1031 requiescat
1191 965 1244 1019 in
1273 963 1551 1030 Charmel,
1579 968 1670 1035 qui
1708 970 1859 1037 prius
1887 968 2073 1036 appel-

504 1052 715 1106 labatur
752 1052 1053 1107 desertum.
1118 1054 1267 1123 (lpus
1294 1070 1510 1123 quoque
1539 1055 1765 1124 justitiae
1795 1058 1903 1110 erit
1939 1073 2065 1125 pax,

502 1160 641 1204 utrm.
699 1143 852 1214 juxta
884 1143 1229 1213 Apostolum,
1284 1162 1499 1200 onmem
1538 1162 1755 1200 sensum
1782 1158 2072 1217 exsuperat

500 1238 764 1309 (Philipp.
790 1240 903 1308 tv).
939 1238 1003 1292 Et
1039 1240 1214 1293 cultus
1257 1239 1488 1308 justitirr
1526 1240 1817 1305 silentium,
1865 1251 1921 1293 ut
1962 1257 2067 1295 non

508 1332 848 1400 multiloquio
878 1330 1214 1398 Iudaeorum,
1259 1333 1350 1385 sed
1396 1332 1663 1387 brevitate
1693 1333 1814 1387 ﬁdei
1846 1333 2072 1387 adorent

504 1424 789 1478 Dominum
825 1441 840 1489 ;
873 1434 927 1478 et
953 1426 1126 1478 securi
1160 1434 1358 1478 aeterna
1408 1438 1542 1491 pace
1595 1426 1960 1491 requiescant,
2019 1436 2071 1477 et

505 1518 561 1568 in
634 1514 1006 1569 tabernaculis
1052 1530 1240 1568 eorum
1293 1518 1405 1569 sint
1458 1515 1684 1581 divitiae,
1747 1515 1815 1568 de
1870 1514 2071 1582 quibus

502 1607 793 1676 Apostolus
849 1606 1172 1677 loquebatur
1206 1605 1257 1677 (I
1290 1606 1415 1661 Cor.
1454 1623 1493 1671 ι,
1527 1607 1581 1674 5)
1623 1623 1638 1662 :
1714 1604 1929 1661 Gratias
1972 1621 2071 1675 ago

504 1699 613 1753 Deo
639 1716 749 1752 meo
767 1716 860 1768 per
892 1698 1077 1753 Iesum
1105 1699 1398 1761 Christum,
1448 1701 1693 1769 quoniam
1742 1699 1798 1752 in
1833 1698 2069 1753 omnibus

501 1790 664 1861 432
699 1793 883 1846 divites
899 1792 1026 1862 facti
1052 1794 1180 1846 estis
1214 1793 1265 1844 in
1296 1810 1377 1856 eo,
1413 1793 1465 1845 in
1525 1793 1666 1845 omni
1699 1794 1867 1857 verba,
1921 1802 1970 1845 et
2014 1793 2071 1845 in

503 1885 646 1935 omni
680 1884 921 1938 scientia.
954 1884 1088 1938 Cum
1121 1872 1300 1936 autem
1335 1884 1565 1952 populus
1596 1884 1943 1938 Christianus
1984 1898 2072 1938 se-

505 1975 670 2039 derit,
731 1975 813 2028 vel
877 1976 1204 2028 habitaverit
1244 1975 1303 2027 in’
1358 1975 1791 2043 pulchritudine,
1843 1976 1957 2030 sive
2014 1983 2074 2030 ut

505 2063 647 2118 LXX
667 2065 1086 2132 transtulerunt,
1112 2068 1165 2119 in
1205 2067 1416 2119 ciritate
1437 2068 1602 2129 pacis,
1655 2066 1796 2121 haud
1850 2067 2073 2122 dubium

506 2159 637 2225 quin
673 2160 725 2213 in
757 2158 1039 2225 Ecclesia;
1076 2168 1205 2215 tunc
1233 2159 1443 2230 grando
1470 2169 1634 2230 atque
1671 2170 1982 2229 tempestas,
2020 2170 2074 2215 et

506 2248 719 2304 Domini
742 2249 822 2304 ira
849 2252 1153 2307 desazviens
1187 2252 1515 2305 descendent
1540 2254 1593 2306 in
1628 2253 1845 2317 saltum,
1875 2256 1941 2306 de
1966 2267 2072 2319 quo

506 2354 672 2407 supra
704 2339 908 2394 dictum
943 2350 1027 2395 est
1060 2338 1169 2395 :Et
1200 2339 1448 2395 Charine!
1470 2343 1525 2395 in
1554 2344 1748 2396 saltum
1805 2344 2074 2407 reputabi-

506 2440 633 2497 tur,-
674 2437 729 2483 et
763 2429 1139 2486 humiliabitur
1185 2432 1380 2486 civitas
1428 2420 1749 2497 Jerusalem,
1804 2442 1859 2486 et
1919 2433 2071 2500 juxta

504 2518 665 2572 aléam
713 2516 1073 2587 Scripturatn,
1103 2519 1168 2573 de
1189 2529 1333 2573 terra
1365 2518 1636 2589 loquetur.
1671 2520 1805 2583 Quae
1844 2534 1966 2572 cum
2000 2518 2074 2571 ita

504 2626 565 2664 se
604 2610 862 2676 habeant,
907 2619 962 2665 et
1004 2610 1359 2666 didicerimus
1420 2610 1679 2665 vaticinio
1744 2609 2071 2679 prophetali,

503 2713 707 2774 quanta
741 2705 878 2760 bona
924 2703 1169 2760 Ecclesia
1223 2719 1541 2771 possessura
1611 2706 1703 2769 sit,
1759 2713 1814 2758 et
1874 2712 2072 2773 quanta

506 2797 646 2850 mala
677 2810 907 2866 passura
938 2797 1009 2852 sit
1036 2796 1337 2852 Jerusalem
1367 2814 1380 2853 :
1412 2796 1560 2851 beati
1590 2797 1748 2861 estis,
1803 2794 2071 2866 Apostoli,

505 2891 798 2960 exterique
829 2890 1143 2955 ldoetores,
1195 2890 1285 2960 qui
1320 2891 1601 2945 senuiuatis
1667 2906 1827 2957 super
1885 2902 2075 2965 omnes

505 2997 679 3052 aquas
714 2982 1018 3054 Scriptura:
1057 2997 1278 3046 sancta,
1338 2983 1403 3035 iu
1434 2983 1633 3048 quibus
1671 2983 1843 3034 calcat
1894 2980 1991 3035 bos
2020 2988 2074 3033 et

508 3076 720 3132 asinus.
770 3075 875 3130 Bos
906 3077 1167 3131 mundum
1193 3076 1418 3139 animal,
1474 3086 1696 3144 prOpter
1746 3075 2070 3128 electionem

2182 607 2271 661 Va!
2334 610 2412 662 eis
2468 610 2559 678 qui
2615 625 2704 661 vos
2757 611 2973 665 miseros
3027 610 3252 677 faciunt,
3285 626 3372 663 uos
3408 610 3541 663 enim
3583 626 3708 666 nemo

2169 702 2300 767 facit
2338 701 2582 754 miseros.
2637 700 2700 753 Et
2731 712 2814 754 est
2839 717 3033 753 sensus
3060 719 3073 755 :
3102 713 3364 767 quantum
3414 701 3467 753 in
3500 702 3600 755 illis
3623 713 3707 765 est,

2172 790 2391 857 quando
2418 797 2815 857 persequuntur
2853 804 2973 849 vos,
3026 797 3080 842 et
3113 789 3278 843 variis
3310 787 3552 856 aﬂligunt
3575 787 3711 857 533

2168 880 2536 943 cruciatibus,
2586 882 2901 936 interfectos
2959 890 3124 950 atque
3186 880 3461 934 cruciatos
3511 881 3714 933 miseros

2172 972 2529 1029 arbitrantur.
2564 968 2668 1024 Sed
2707 970 2889 1023 nullus
2939 984 3034 1023 vos
3069 977 3246 1039 potest
3280 968 3457 1023 facere
3491 968 3711 1032 miseros,

2172 1079 2280 1118 non
2331 1063 2474 1117 enim
2518 1064 2721 1118 habent
2765 1063 2817 1115 in
2874 1062 3059 1115 anima
3132 1070 3477 1130 petestatem,
3534 1061 3620 1114 sed
3666 1061 3710 1112 in

2172 1167 2418 1223 corpore.
2466 1155 2532 1207 Et
2578 1156 2669 1224 qui
2708 1155 2962 1224 reprobat
3012 1167 3127 1217 vos,
3185 1169 3292 1207 non
3329 1167 3425 1209 vos
3470 1153 3711 1219 reprobat,

2174 1247 2267 1299 sed
2307 1259 2427 1299 enm
2478 1246 2569 1314 qui
2620 1260 2716 1300 vos
2750 1246 2919 1309 misit,
2949 1245 3105 1314 juxta
3154 1244 3284 1298 illud
3318 1244 3462 1311 quod
3495 1241 3713 1296 Salvator

2173 1338 2459 1406 discipulis
2496 1337 2735 1407 loquitur
2764 1354 2779 1391 :
2814 1337 2916 1401 Qui
2948 1355 3033 1388 ros
3069 1337 3332 1402 reprobat,
3376 1352 3459 1389 me
3483 1336 3711 1400 reprobat,

2171 1439 2222 1482 et
2251 1430 2339 1497 qui
2370 1445 2449 1483 nte
2485 1428 2752 1496 reprobat,
2780 1431 3025 1497 reprobat
3055 1444 3173 1481 eum
3203 1428 3293 1496 qui
3323 1444 3405 1480 me
3433 1429 3565 1480 misit
3585 1426 3709 1496 (Luc.

2173 1535 2229 1583 ι,
2283 1519 2397 1586 I6).
2452 1520 2754 1588 Capientur
2785 1521 2947 1589 igitur
2985 1530 3384 1587 persecutores,
3434 1529 3487 1573 et
3525 1520 3711 1572 aeternis

2174 1612 2459 1666 tradentur
2486 1612 2793 1668 ardoribus.
2844 1612 2911 1665 Et
2940 1613 3213 1680 quomodo
3250 1613 3400 1665 tinea
3451 1612 3708 1665 vestimen-

2176 1711 2311 1768 tum,
2348 1701 2420 1756 ita
2453 1702 2575 1756 illos
2600 1701 2749 1771 jugis
2777 1702 2992 1756 ﬂamma
3021 1713 3326 1757 consumet:
3387 1702 3539 1767 Quod
3580 1710 3627 1753 et
3668 1700 3709 1753 in

2181 1795 2285 1849 line
2313 1796 2474 1863 hujus
2503 1794 2800 1863 prophetiae
2828 1795 3087 1849 scribitur
3124 1807 3137 1843 :
3195 1793 3402 1847 Vermis
3431 1808 3597 1847 eorum
3628 1808 3709 1844 non

2174 1888 2451 1951 morietur,
2482 1894 2533 1941 et
2555 1887 2688 1956 ignis
2715 1900 2898 1940 eorum
2934 1900 3037 1938 non
3062 1887 3450 1955 exslinguelur.

2246 1977 2426 2048 (Vers.
2463 1977 2499 2030 2
2541 1977 2722 2046 seqq.)
2786 1995 2803 2027 ι
2832 1975 3078 2041 Domine,
3128 1976 3397 2033 miserere
3453 1977 3643 2034 nostri;
3670 1986 3709 2030 te

2171 2068 2317 2122 enim
2369 2066 2841 2135 exspectavimus:
2877 2077 2997 2120 esto
3053 2067 3340 2121 brachium
3394 2083 3578 2120 eorum
3619 2065 3707 2137 [.41.

2171 2157 2450 2226 nostrum]
2486 2159 2538 2212 in
2569 2174 2746 2219 mane.
2781 2168 2835 2213 et
2879 2158 3028 2211 salus
3067 2166 3247 2211 nostra
3282 2160 3336 2211 in
3370 2167 3604 2226 tempore
3632 2156 3710 2209 tri-

2172 2250 2491 2306 bulationis.
2556 2250 2603 2304 A
2673 2265 2807 2305 voce
2868 2250 3041 2318 augt-li
3096 2249 3354 2321 fugerunt
3414 2248 3606 2318 pdpuli,
3655 2249 3709 2300 ab

2172 2343 2501 2397 exilitatioue
2532 2352 2619 2395 tua
2652 2342 2912 2410 dispersae
2942 2351 3071 2395 sunt
3100 2351 3308 2410 gentes.
3350 2340 3414 2396 Et
3447 2355 3706 2410 congrega-

2172 2435 2376 2490 buutur
2437 2433 2604 2504 spolia
2672 2444 2874 2498 vestra,
2939 2433 3083 2486 sicut
3137 2431 3417 2501 colligitur
3482 2431 3705 2490 bruchus,

2174 2528 2321 2581 velut
2351 2542 2473 2581 eum
2507 2527 2664 2580 fossa:
2697 2527 2869 2596 plena:
2926 2526 3128 2579 fuerint
3162 2527 3228 2578 de
3260 2540 3347 2579 eo.
3378 2523 3707 2595 Maguiticatus

2172 2628 2256 2674 est
2305 2618 2584 2680 Dominus,
2638 2618 2892 2684 quoniam
2930 2616 3194 2669 habitavit
3234 2617 3286 2669 itt
3328 2615 3580 2669 excelso:
3628 2613 3707 2665 int-

2174 2713 2339 2781 plevit
2369 2710 2499 2765 Sion
2525 2711 2731 2780 judicio
2762 2721 2816 2765 et
2850 2711 3085 2780 justitia.
3120 2708 3184 2761 Et
3214 2713 3322 2764 erit
3355 2708 3485 2763 ﬁdes
3514 2708 3562 2778 in
3595 2716 3704 2759 tem-

2175 2806 2402 2876 poribus
2435 2804 2539 2859 tuis
2572 2822 2587 2859 :
2626 2804 2832 2859 divitia:
2863 2805 3051 2858 Salutis
3082 2804 3349 2873 sapientia
3378 2812 3433 2856 et
3465 2799 3705 2857 scientia:

2178 2898 2341 2952 tituor
2371 2897 2586 2951 Dontini
2620 2896 2736 2965 ipse
2785 2897 3073 2950 thesaurus
3100 2895 3241 2965 ejus.
3273 2914 3294 2945 ι
3354 2892 3497 2947 LXX
3528 2910 3542 2949 :
3576 2911 3595 2944 ί
3624 2893 3707 2945 Do-

2175 2990 2343 3052 mine,
2398 2987 2656 3041 miserere
2707 2988 2899 3049 nostri,
2955 2986 3008 3040 in
3058 2997 3109 3040 te
3160 2985 3304 3039 enim
3359 2984 3705 3039 conﬁdimus:

2179 3082 2379 3134 factum
2430 3087 2517 3132 est
2554 3093 2739 3132 semen
2797 3078 3203 3131 incredulorum
3258 3077 3311 3129 in
3364 3075 3705 3143 perditionem,

507 3178 745 3235 patrum,
804 3169 990 3223 asinus
1051 3169 1388 3231 immundus,
1449 3177 1667 3236 propter
1717 3166 2071 3219 idololatriam
2098 3194 2143 3256 ρ
2178 3171 2327 3225 ε-ιΙυε
2373 3180 2552 3224 autem
2592 3180 2776 3223 nostra
2811 3169 2864 3223 in
2901 3180 3142 3238 tempore
3171 3168 3540 3222 tribulationis
3570 3182 3582 3221 ε
3608 3180 3706 3233 pro-

503 3260 777 3327 quondam
825 3259 1130 3325 gentilium,
1181 3268 1314 3313 utet
1340 3258 1406 3311 de
1440 3259 1859 3313 circumcisione
1924 3266 1976 3310 et
2005 3257 2070 3307 de

504 3351 767 3421 prmputio
793 3348 1033 3405 Ecclesia
1061 3350 1274 3405 Domini
1307 3360 1691 3419 congregetur.
1743 3348 1896 3415 Quod
1968 3366 2059 3403 su-

504 3458 620 3518 pra,
647 3441 800 3510 juxta
825 3440 992 3507 LXX,
1024 3442 1220 3496 dicitur
1251 3459 1264 3496 :
1319 3443 1489 3509 Super
1516 3441 1695 3512 populi
1748 3445 1849 3497 mei
1906 3444 2073 3512 spina:

503 3532 759 3602 alienum
816 3533 1081 3598 ascendet,
1149 3531 1343 3587 referri
1384 3540 1581 3601 potest,
1631 3541 1685 3585 et
1738 3532 1807 3586 ad
1854 3532 2071 3587 δεικτοιὶ-

503 3640 623 3689 eos,
686 3634 740 3680 et
764 3625 832 3679 ad
861 3625 1140 3694 simplices
1176 3637 1418 3694 quosque
1446 3622 1804 3685 credentium,
1838 3624 1929 3693 qui
1965 3638 2069 3677 non

502 3720 576 3772 ita
608 3716 949 3787 Seriptnram
998 3715 1311 3786 intelligunt
1349 3727 1621 3777 sanetam,
1651 3723 1710 3768 ut
1741 3714 1888 3768 illius
1942 3729 2071 3768 cou-

501 3809 655 3863 venit
681 3807 977 3877 majestati.
1006 3805 1159 3861 Unde
1189 3806 1399 3876 singula
1420 3806 1647 3875 singulis
1674 3806 2068 3874 coaptavitnus,

505 3909 566 3952 ut
614 3910 757 3954 terra
816 3897 997 3969 populi
1040 3898 1157 3964 Dei,
1224 3898 1498 3954 haereticis
1543 3900 1748 3970 spinas,
1805 3898 2071 3970 imperitis

501 3992 809 4063 quibusque
840 3990 1097 4047 Ecclesia:
1124 3990 1306 4046 fenum
1363 3991 1572 4046 afferat.

576 4087 733 4157 (Cap.
768 4084 1012 4141 XXXIII.
1036 4114 1103 4126 -—
1136 4085 1294 4140 Vers.
1332 4086 1409 4155 1.)
1464 4104 1482 4136 ο
1506 4085 1595 4139 Va:
1629 4086 1717 4157 qui
1751 4086 2012 4154 pra'daris
2055 4104 2067 4138 :

504 4194 683 4233 nonne
716 4190 770 4233 et
793 4179 907 4247 ipse
936 4177 1309 4246 praedaberis?
1358 4177 1425 4230 Et
1465 4176 1556 4247 qui
1586 4178 1813 4245 {spernis
1843 4193 1857 4230 :
1894 4191 2073 4230 nonne

503 4282 558 4325 et
591 4273 706 4340 ipse
754 4271 1072 4341 spernet-is?
1123 4269 1256 4324 Curti
1296 4270 1762 4324 consututuaveris
1790 4268 2072 4337 depraeda-

502 4365 733 4428 tionetu,
793 4362 1240 4432 tlcpraadaberis‘
1292 4378 1305 4411 :
1370 4376 1490 4415 cuni
1549 4362 1804 4432 fatigatus
1844 4362 2071 4415 desieris

503 4463 877 4519 contemnere,
908 4453 1330 4507 cuttletttttt‘ris.)
1375 4451 1565 4506 LXXX
1609 4471 1623 4510 :
1668 4470 1687 4506 ι
1721 4452 1808 4506 V:e
1843 4457 1932 4522 qui
1977 4469 2069 4505 vos

2178 3273 2296 3331 pter
2336 3276 2522 3315 vocem
2574 3261 2787 3314 timoris
2817 3261 3214 3329 obstupuerunt
3263 3259 3444 3327 pepuli
3475 3273 3502 3311 a
3546 3257 3706 3310 timore

2177 3365 2292 3416 tuo,
2325 3361 2378 3408 et
2406 3353 2662 3423 dispersa:
2710 3363 2835 3406 sunt
2863 3364 3073 3422 gentes.
3119 3350 3274 3406 Nunc
3305 3361 3486 3405 autem
3514 3362 3707 3416 congre-

2175 3444 2445 3512 gabuntur
2485 3442 2656 3512 spolia
2694 3454 2873 3496 vestra
2917 3444 3066 3511 parvi
3102 3453 3154 3494 et
3181 3444 3361 3511 magni
3401 3457 3416 3497 :
3462 3438 3651 3509 quando
3670 3434 3705 3489 si

2174 3532 2298 3602 quis
2333 3534 2353 3564 ³
2389 3544 2681 3603 congregat
2732 3532 2990 3595 lucustas,
3022 3536 3101 3588 sic
3144 3533 3369 3586 illudent
3390 3533 3538 3585 vobis
3570 3542 3707 3584 :san-

2174 3634 2297 3675 elus
2330 3623 2477 3677 Deus
2514 3625 2602 3692 qui
2630 3623 2838 3677 habitat
2868 3626 2919 3678 in
2954 3624 3205 3678 excelsis.
3239 3620 3462 3691 Replcta
3496 3633 3570 3673 est
3596 3619 3703 3672 Sion

2170 3712 2375 3778 judicio
2427 3725 2480 3767 et
2521 3714 2764 3782 jnStitia,
2795 3714 2847 3768 in
2902 3716 3015 3784 lege
3052 3720 3354 3777 tradentur,
3390 3716 3441 3767 in
3473 3710 3706 3766 thesauris

2176 3805 2323 3859 salus
2373 3818 2557 3858 nosna
2591 3823 2605 3859 :
2636 3806 2784 3859 venit
2812 3806 3098 3874 sapientia,
3136 3813 3191 3859 et
3223 3806 3521 3873 disciplina,
3543 3814 3589 3855 et
3618 3799 3707 3867 pie-

2175 3906 2257 3951 tas
2289 3914 2315 3948 ιι
2346 3896 2597 3962 Domino,
2643 3897 2729 3951 isti
2766 3907 2894 3951 sunt
2927 3897 3167 3952 thesauri
3196 3896 3474 3966 jnstitim.»
3532 3886 3703 3944 Ilehriei

2174 3990 2472 4058 capitulum
2520 3992 2793 4061 superius,
2823 3990 2878 4044 in
2913 4006 3017 4059 quo
3053 3990 3248 4059 legitur
3288 4006 3297 4015 θ
3362 3987 3444 4042 Va:
3489 3987 3573 4056 qui
3598 3997 3707 4051 prir-

2175 4083 2331 4136 daris
2356 4097 2374 4135 :
2403 4098 2574 4136 nonne
2601 4092 2649 4136 et
2692 4084 2796 4152 ipse
2841 4082 3159 4151 prwdaberis
3189 4083 3210 4111 "
3340 4082 3531 4149 reliqua
3565 4086 3708 4141 usque

2180 4174 2245 4228 ad
2288 4174 2471 4238 linem,
2499 4185 2690 4228 contra
2748 4174 3126 4228 Sennarherib
3173 4189 3357 4241 unam
3408 4171 3705 4240 Assyriorum

2176 4268 2375 4320 dictum
2443 4274 2657 4334 putant,
2703 4265 2849 4336 quod
2897 4275 3183 4334 postquam
3250 4267 3434 4318 dcrem
3485 4262 3707 4317 tribum".

2176 4370 2292 4422 qua;
2323 4357 2738 4423 appellabantur
2771 4357 2964 4424 Israel,
3008 4360 3335 4412 subvenerit
3362 4357 3619 4414 civitates;
3666 4356 3709 4400 et

2175 4459 2398 4516 excepta
2441 4447 2766 4510 Jerusalem,
2813 4448 3012 4503 Judura:
3042 4463 3260 4517 quoque
3302 4448 3464 4501 urbes
3514 4440 3706 4511 ceperit.

503 4550 736 4604 miseros
772 4548 983 4603 faciunt
1014 4564 1030 4600 :
1094 4564 1188 4602 vos
1232 4564 1377 4602 enim
1412 4563 1572 4602 nemo
1626 4548 1754 4602 facit
1814 4548 2065 4602 miseros.
2103 4556 2146 4608 [δ
2180 4542 2293 4607 ip~e
2338 4552 2651 4609 superetur,
2688 4550 2744 4594 et
2782 4543 3116 4611 pereutiente
3143 4542 3359 4609 angelo,
3406 4542 3516 4610 (ᾔεις
3551 4537 3710 4589 delea-

502 4643 568 4696 Et
636 4644 727 4712 qui
792 4643 1085 4711 reprobant
1146 4645 1166 4674 ²
1237 4657 1367 4709 vos,
1432 4657 1525 4696 vos
1572 4656 1682 4696 non
1736 4643 2068 4711 reprobaut:

502 4737 790 4805 rapientur
865 4736 1258 4803 reprobantes,
1316 4743 1371 4789 et
1430 4734 1750 4799 tradentur,
1813 4743 1867 4789 et
1917 4732 2068 4802 quasi

508 4831 650 4882 tinea
688 4827 740 4882 in
772 4826 1098 4881 vestimento
1125 4825 1203 4880 sic
1231 4823 1656 4893 superabantur.
1686 4842 1705 4875 ι
1746 4822 1817 4877 De
1856 4830 2072 4891 aposto-

504 4921 570 4975 lis
616 4921 851 4986 dixerat,
900 4929 954 4976 et
1010 4923 1073 4977 de
1110 4920 1473 4976 Eccltsiarum
1524 4919 1798 4987 magistris
1842 4933 1855 4968 ε
1918 4916 2071 4969 Beati

501 5017 592 5081 qui
624 5019 885 5071 sentinam
916 5031 1070 5083 super
1105 5030 1305 5068 onmem
1333 5028 1547 5082 aquam,
1579 5011 1663 5064 ubi
1690 5014 1779 5063 bos
1811 5019 1859 5063 et
1889 5010 2068 5063 asinus

500 5106 711 5159 calcant
740 5123 760 5169 ;
789 5122 934 5161 nunc
969 5108 1034 5160 ad
1079 5115 1457 5174 persecutores
1494 5117 1680 5158 eorum
1725 5102 2068 5156 maledictio-

512 5210 634 5246 netn
697 5194 883 5263 dirigit
927 5212 943 5260 ;
991 5196 1101 5249 imo
1153 5196 1436 5248 adversum
1502 5193 1799 5262 principem
1856 5208 2066 5254 eorum,

503 5285 596 5353 qui
622 5284 783 5339 corda
822 5286 1071 5355 possidet
1115 5285 1426 5354 impiorum,
1454 5285 1594 5353 quod
1630 5282 1889 5351 quidquid
1928 5282 2071 5336 l'cee-

502 5382 614 5434 rint
646 5379 947 5448 recipiant;
993 5389 1049 5433 et
1082 5393 1320 5450 prwscns
1385 5375 1624 5446 potentia
1668 5376 1971 5428 futurorum
2004 5375 2071 5426 sit

586 5563 602 5593 ι
639 5560 811 5615 Vatie.
841 5560 1025 5629 pra'da
1052 5560 1157 5613 eris
1193 5573 1289 5629 pro
1318 5554 1731 5624 depra'dabcris,
1758 5553 1899 5623 quod
1930 5551 2066 5605 intra

501 5642 821 5685 constanter
842 5639 1057 5685 retinet.

583 5705 602 5734 ²
627 5703 778 5755 Alter
821 5702 1020 5765 Vatie.,
1066 5700 1157 5767 qui
1186 5702 1467 5767 reprobaut
1498 5714 1608 5761 vos,
1644 5712 1737 5750 nos
1767 5711 1868 5747 non
1895 5709 2070 5767 repro-

507 5771 632 5826 bant
665 5788 683 5825 :
732 5766 1186 5839 quemadmodum
1234 5766 1288 5821 et
1345 5771 1505 5835 paulo
1566 5769 1797 5821 inferius
1835 5766 1922 5833 qui
1984 5780 2071 5817 vos

507 5842 727 5896 miseros
765 5841 987 5910 faciunt,
1016 5856 1111 5893 nos
1131 5839 1267 5893 enim
1299 5854 1468 5903 nemo,
1496 5849 1601 5892 etc.

2178 4641 2262 4691 lttr
2295 4632 2583 4685 L‘“‘l't'illl$.
2617 4630 2769 4686 Unde
2802 4648 2948 4686 nunc
2975 4647 3037 4685 ex
3070 4648 3294 4701 persona
3334 4634 3507 4702 populi
3536 4631 3710 4699 gratias

2178 4726 2461 4779 rrfcreutis
2510 4727 2636 4789 Deo,
2690 4736 2854 4795 atque
2896 4725 3181 4779 dicentis:
3231 4724 3470 4790 Dontine,
3506 4734 3710 4775 nusrmc

2180 4818 2369 4881 nostri,
2399 4828 2446 4870 te
2475 4819 2907 4884 cupretnrimus,
2937 4818 3050 4872 haec
3074 4819 3214 4871 dirta
3243 4821 3582 4877 contendunt,
3613 4827 3711 4881 qna

2178 4913 2435 4976 praesenti
2473 4909 2581 4982 [ΑΙ.
2615 4907 2897 4980 sequenti]
2914 4911 3148 4979 capitulo
3185 4909 3350 4982 53!;
3381 4912 3707 4965 continentur,

2179 5002 2321 5066 quod
2387 5003 2505 5069 ipse
2562 5001 2839 5055 brachium
2897 5000 3065 5055 luerit
3097 5011 3150 5055 et
3198 5003 3363 5055 robur
3395 5000 3558 5070 populi
3588 4996 3709 5049 obsi-

2179 5094 2343 5147 dione
2407 5094 2584 5147 vallati
2638 5096 2687 5147 in
2752 5104 2993 5163 tempore
3052 5096 3343 5161 matutino,
3396 5104 3449 5147 et
3491 5091 3621 5146 salus
3666 5091 3707 5138 in

2175 5189 2504 5240 necessitate
2547 5198 2597 5239 rt
2627 5189 2897 5256 angustia.
2933 5191 2973 5238 Α
3002 5202 3134 5241 voce
3163 5191 3305 5239 enim
3336 5186 3524 5256 angeli,
3571 5194 3707 5249 quem

2177 5279 2535 5349 Symmachus
2569 5281 2640 5331 ita
2681 5291 2740 5333 ut
2774 5280 2826 5333 in
2864 5280 3087 5334 IIebraio
3133 5281 3397 5351 scripturn
3426 5291 3518 5341 est,
3556 5286 3711 5328 trans-

2177 5376 2299 5430 tulit
2359 5391 2501 5430 auun
2541 5382 2563 5406 ⁵
2597 5376 2797 5446 (τῃ-τ),
2856 5390 3013 5443 quem
3055 5373 3266 5428 Hebraei
3315 5373 3598 5429 Cabrieletu
3627 5382 3708 5418 au-

2246 5557 2266 5588 ³
2297 5555 2486 5610 Verius
2514 5556 2619 5610 duo
2650 5554 2822 5610 V'atic.
2871 5552 3128 5623 quomodo
3161 5552 3211 5605 si
3243 5552 3393 5622 quis,
3424 5558 3521 5606 etc.
3545 5544 3708 5601 Grazce

2172 5641 2387 5695 quoque
2416 5626 2571 5679 es:th
2611 5622 2830 5696 rpdnov.

2249 5696 2268 5727 δ
2306 5693 2392 5750 ΑΙ.
2430 5693 2785 5763 natlem—quac
2820 5710 2919 5749 vox
2952 5695 3170 5763 proprie
3201 5693 3406 5751 turbam
3434 5693 3702 5764 signiﬁcat;

2173 5778 2225 5821 et
2261 5768 2624 5835 llteronytnus
2664 5783 2727 5818 ex
2754 5768 3010 5834 Opinione
3037 5766 3389 5823 llebrworum
3418 5769 3495 5821 sui
3523 5775 3702 5830 tempo-

2176 5854 2249 5890 ris
2280 5838 2529 5905 Angelum
2558 5839 2943 5905 interpretatus
2974 5848 3072 5893 cst.
3392 5866 3433 5890 κ
