3898 6184
406 312 511 372 379

1583 328 1646 390 S.
1694 329 1999 392 EUSEBII
2023 333 2473 396 HlERONYMI

3555 344 3650 407 3E0

401 421 1020 528 Concipietiscardorrm,
1049 438 1098 484 et
1125 431 1346 501 parietis
1370 434 1644 505 stipulam,
1675 449 1728 494 et
1763 442 1984 507 spiritus
2011 443 2055 500 Α
2088 461 2203 499 mor
2251 447 2493 516 possedit
2546 445 2658 519 [AL
2709 451 3028 524 possidt-bit]
3079 454 3406 527 bypocritas,
3457 459 3648 528 quibus

398 522 586 566 vester
628 516 781 570 vobis
807 519 1064 574 cooﬂubit
1098 525 1430 590 incendium,
1466 537 1523 582 ut
1565 541 1887 600 conceptum
1919 543 1972 584 et

399 614 617 675 partum
645 623 814 665 vorax
848 610 1065 667 ﬂamma
1100 629 1410 674 consumat.
1464 621 1530 674 Et
1560 632 1743 684 erunt,
1777 624 1970 689 inquit,

403 699 588 762 populi
621 699 930 758 Judmorum
959 723 1096 774 qttas
1125 712 1188 764 tle
1217 712 1469 772 incendio
1495 715 1658 778 cinis.
1692 717 1976 771 infelicita-

401 791 474 842 tis
515 795 940 860 magnitudinem
996 799 1189 855 favillae
1237 804 1483 876 reliquiis
1519 807 1972 862 demonstrantes.

403 880 584 951 Spinze
634 887 776 938 enim
810 903 997 942 eorum
1049 909 1166 956 qua!
1221 905 1570 963 peccatorum
1630 900 1976 955 multitudine

402 987 743 1045 congregata!
767 991 912 1048 sunt,
949 982 1204 1041 incendio
1240 990 1600 1055 vorabnnlur,
1643 993 1787 1061 quod
1821 994 1979 1062 pleri-

402 1083 511 1135 que
569 1072 634 1122 atl
685 1082 986 1130 extremam
1038 1081 1412 1148 captivitatem
1463 1093 1518 1138 et
1569 1085 1976 1141 subversionem

404 1159 650 1217 referunt
694 1163 1024 1226 Jerusalem.
1083 1172 1185 1226 Alii
1221 1175 1434 1242 plenius
1469 1187 1642 1247 atque
1683 1178 1978 1247 perfectius

403 1259 649 1323 tempore
687 1257 931 1316 futurum
961 1279 1083 1320 esse
1114 1271 1468 1334 conﬁrmant.

476 1343 658 1415 (Vers.
712 1351 779 1404 15
828 1359 1006 1424 seqq.)
1047 1375 1066 1408 ε
1108 1358 1303 1424 Audite
1349 1365 1440 1429 qui
1494 1364 1648 1436 longe
1694 1367 1828 1422 estis
1859 1381 1980 1435 qua:

407 1434 654 1498 fecerim.
702 1452 753 1494 rt
807 1450 1118 1524 cognoscite
1152 1452 1312 1507 vicini
1366 1434 1730 1516 fortitudinem
1780 1434 1978 1526 meam.

402 1526 696 1586 Conterriti
733 1547 856 1589 sunt
889 1538 939 1592 in
972 1538 1100 1601 Sion
1139 1555 1473 1611 peccatores.
1511 1551 1748 1618 possedit
1779 1561 1981 1608 tremor

406 1623 738 1700 hypert-itas.
772 1631 905 1704 Quis
930 1637 1123 1702 poterit
1154 1637 1397 1694 habitare
1435 1642 1502 1696 de
1529 1645 1680 1699 vobis
1703 1658 1824 1699 cum
1861 1645 1981 1714 igne

2078 535 2340 598 Dominus
2371 539 2422 594 in
2446 541 2732 611 Evangelio
2758 544 3076 614 loquebatur
3101 567 3116 607 :
3156 550 3243 606 Vte
3268 553 3435 618 vobis,
3459 552 3647 614 Scriba

2077 639 2124 682 et
2155 626 2423 686 Pharismi
2457 632 2748 702 hypocrin
2787 636 3006 706 (Matth.
3054 658 3201 710 unt.
3237 644 3355 712 14)]
3396 646 3527 713 Quis
3556 663 3645 716 po-

2084 721 2206 782 terit
2240 724 2483 784 habitare
2531 728 2596 782 de
2627 729 2781 788 vobis
2825 747 2950 796 cum
2977 748 3042 792 eo
3069 737 3158 806 qui
3191 737 3326 804 ignis
3368 748 3454 800 est
3492 741 3648 800 dero:

2083 816 2249 870 rans?
2292 818 2412 885 quis
2454 818 2724 890 habitabit,
2772 838 2891 885 cum
2942 828 3230 894 ardoribus
3273 833 3647 897 sempiternis?

2083 906 2208 961 Sive
2245 910 2397 978 juxta
2434 911 2570 970 LXX
2603 930 2617 969 :
2654 914 2785 979 Quis
2828 917 2981 986 vobis
3029 923 3368 986 annuntiabit
3414 923 3519 995 [ΑΙ.
3553 942 3646 981 an-

2084 1002 2394 1072 mmtiavit],
2435 1004 2556 1072 quia
2596 1005 2734 1074 ignis
2770 1008 2926 1068 ardet
2954 1020 3213 1078 teterttns,
3249 1029 3404 1078 quem
3444 1032 3649 1081 pra-pa-

2083 1093 2222 1146 ravit
2253 1092 2392 1150 Dens
2424 1096 2638 1150 diabolo
2672 1108 2728 1156 et
2757 1100 2962 1170 angelis
3005 1103 3164 1170 ejus?
3201 1106 3323 1173 quis
3368 1106 3530 1173 igitur
3560 1123 3648 1173 po-

2084 1184 2206 1242 terit
2257 1185 2503 1244 habitare
2554 1204 2676 1248 cum
2734 1188 2866 1257 Deo,
2918 1193 2997 1248 vel
3051 1197 3376 1263 annuntiare
3427 1210 3646 1254 ventura

2083 1275 2382 1343 Supplicia?
2443 1277 2633 1344 Omnis
2693 1282 2786 1351 qui
2847 1267 3213 1354 hujuscemodi
3265 1298 3381 1351 est,
3437 1290 3644 1358 qualem

2081 1368 2428 1435 propheticus
2460 1383 2650 1441 sermo,
2674 1375 2955 1442 describit,
2987 1379 3081 1448 qui
3126 1379 3364 1443 ambulat
3401 1381 3452 1444 in
3489 1382 3649 1447 pluri-

2084 1457 2183 1510 bus
2222 1457 2486 1527 justitiis,
2519 1472 2574 1518 et
2620 1477 2731 1526 non,
2761 1467 2966 1535 semel,
3019 1474 3121 1534 sed
3160 1486 3375 1538 semper
3416 1472 3648 1541 justitias

2087 1549 2277 1618 diligit,
2314 1566 2413 1607 nec
2443 1568 2549 1620 una
2583 1555 2724 1621 vice,
2753 1558 3068 1629 sedjttgiter
3091 1562 3327 1630 loquitur
3356 1565 3644 1629 veritates;

2085 1640 2174 1710 qui
2216 1643 2432 1714 projicit
2467 1648 2792 1716 avaritiam,
2831 1666 2948 1719 quae
2989 1662 3073 1708 est
3127 1662 3303 1712 mater
3346 1657 3644 1716 Caluumiat.

405 1717 733 1775 det-orante?
763 1724 882 1790 quis
933 1725 1196 1791 habitabit
1243 1746 1310 1792 ex
1355 1734 1507 1788 vobis
1541 1750 1662 1789 cum
1697 1735 1980 1791 ardoribus
2015 1780 2056 1835 Β
2085 1733 2196 1790 Nisi
2231 1737 2375 1798 enim
2426 1752 2550 1796 cum
2584 1740 2810 1797 alterius
2849 1717 3049 1800 damno
3097 1757 3152 1800 et
3200 1747 3359 1808 malo.
3415 1750 3644 1815 pecunia!

405 1809 781 1835 an..\nh-_..:-a
828 1815 925 1835 ne
987 1833 998 1835 Α
1072 1823 1084 1835 ι
1148 1822 1160 1835 ι
1207 1831 1216 1835 -
1259 1823 1272 1835 .
1366 1825 1378 1835 .
1485 1829 1496 1835 -
1527 1827 1559 1835 ..
1743 1829 1756 1835 -
1875 1830 1887 1835 -
2119 1823 2151 1835 ι-
2225 1824 2238 1835 ι
2840 1833 2872 1835 η

404 1809 781 1902 sempiternis?
827 1815 925 1881 Qui
979 1822 1222 1876 ambulat
1259 1823 1310 1878 in
1359 1825 1612 1894 justitiis,
1647 1837 1703 1886 et
1743 1829 1982 1898 loquitur
2015 1809 2061 1846 ⁸⁸
2085 1823 2238 1884 alteri
2279 1841 2384 1880 non
2434 1843 2809 1892 coacervatur.
2839 1833 2906 1900 Et
2953 1837 3158 1900 excutit,
3187 1853 3380 1901 manus
3416 1809 3548 1902 suas
3581 1839 3642 1894 ab

405 1901 687 1964 veritates,
735 1905 824 1973 qni
876 1909 1091 1978 projicit
1139 1913 1420 1970 avaritiam
1473 1932 1542 1972 ex
1590 1917 1882 1984 calumnia,
1927 1925 1986 1974 et

405 1995 616 2059 excutit
662 2012 856 2056 manus
903 2016 1030 2055 suas
1076 2005 1145 2059 ab
1182 2009 1328 2062 omni
1369 2024 1612 2071 munere,
1642 2012 1733 2079 Qui
1765 2012 1987 2070 obturat

407 2099 568 2141 aures
602 2102 726 2143 snas
760 2106 826 2146 ne
859 2093 1043 2148 audiat
1093 2098 1437 2166 sanguinem,
1473 2110 1528 2156 et
1571 2101 1768 2158 claudit
1796 2104 1981 2160 oculos

406 2192 535 2231 suos
572 2195 638 2234 ne
681 2182 862 2238 videat
921 2187 1143 2250 malum.
1181 2188 1284 2243 iste
1334 2191 1384 2243 itt
1435 2192 1664 2250 excelsis
1699 2194 1978 2262 habitabit,

409 2269 742 2332 munimenta
789 2287 1043 2332 saxorum
1077 2279 1379 2344 sublimitas
1411 2281 1527 2350 ejus
1569 2303 1582 2339 :
1617 2287 1772 2356 panis
1801 2288 1857 2346 ei
1886 2287 1980 2343 da-

409 2368 496 2412 ttts
525 2371 632 2436 est,
672 2379 829 2434 aqua:
872 2367 990 2437 ejus
1036 2369 1222 2428 fideles
1252 2382 1395 2429 sunt.
1443 2376 1641 2447 Regem
1690 2378 1742 2432 in
1788 2379 1984 2437 decore

408 2467 508 2515 suo
556 2457 810 2516 videbunt
847 2461 988 2514 oculi
1025 2463 1145 2530 ejus
1174 2482 1186 2517 :
1216 2478 1437 2524 cernent
1471 2476 1669 2522 terram
1700 2471 1766 2529 de
1798 2470 1976 2541 longe.

403 2543 512 2599 Lor
561 2555 712 2606 tuum
765 2550 1112 2617 meditabitur
1166 2557 1436 2614 timorem.
1494 2561 1592 2616 Ubi
1639 2571 1722 2616 est
1758 2561 1981 2620 Scriba?

406 2639 495 2704 ubi
527 2640 659 2710 legis
687 2644 847 2698 verba
884 2647 1230 2715 pendemus?
1263 2651 1349 2704 ttbi
1383 2651 1571 2706 doctor
1598 2656 1982 2723 parvulorum?

401 2735 666 2806 Populum
697 2739 1092 2810 imprudentem
1123 2745 1140 2774 ¹
1163 2744 1324 2816 437
1353 2762 1462 2804 non
1487 2748 1695 2803 videbis
1727 2751 1983 2821 populum

403 2831 498 2884 alti
545 2831 834 2895 sermonis,
869 2833 943 2892 ita
975 2843 1034 2890 ut
1066 2849 1171 2889 non
1210 2838 1386 2903 possis
1421 2837 1722 2918 intelligere
1767 2841 1981 2895 diserti-

404 2926 644 2984 ttttlinetn
692 2926 888 2994 linguae
931 2927 1070 2994 ejus,
1104 2927 1155 2981 itt
1190 2943 1296 2997 quo
1341 2929 1480 2983 nulla
1515 2939 1596 2984 est
1627 2932 1913 3001 sapientia.
1955 2953 1977 2988 ι.

403 3014 583 3072 LXX:
609 3034 629 3074 ι
656 3017 890 3074 Audient
909 3019 1000 3086 qui
1023 3020 1178 3086 longe
1207 3021 1470 3089 suntquae
1494 3021 1734 3075 fecerunt
1758 3040 1773 3087 ;
1808 3023 1983 3086 scient

2082 1916 2227 1970 omni
2282 1933 2525 1986 munere.
2585 1922 2806 1992 Munera
2856 1927 3053 1997 quippe
3112 1940 3386 1992 exctrcant
3430 1932 3641 1996 oculos,

2082 2007 2245 2060 etiam
2279 2011 2625 2084 sapientium.
2654 2015 2756 2082 Qui
2791 2017 3004 2076 obturat
3035 2035 3192 2086 aures
3226 2019 3395 2102 εδει
3426 2038 3550 2078 suas
3579 2037 3640 2075 ne

2083 2101 2268 2162 audiat
2300 2101 2898 2179 j.ud.ieittm's:tnguittis.
2937 2110 3124 2178 Omnis
3166 2101 3422 2179 iniquitas
3465 2124 3518 2184 et
3551 2129 3640 2178 op-

2083 2196 2292 2266 pressio
2330 2205 2382 2250 et
2436 2197 2728 2270 iniustitia,
2776 2200 3048 2271 judicium
3094 2203 3379 2272 sanguinis
3421 2214 3543 2265 est;
3592 2212 3642 2258 et

2085 2285 2206 2342 licet
2237 2287 2414 2355 gladio
2439 2304 2542 2342 non
2572 2290 2805 2356 occidat,
2835 2292 3113 2350 voluntate
3155 2304 3333 2358 tamen
3369 2295 3638 2356 interﬁcit-

2085 2376 2153 2430 Et
2199 2378 2400 2446 claudit.
2428 2382 2605 2442 oculos
2645 2401 2768 2442 suos
2799 2401 2860 2450 ut;
2893 2386 3061 2442 videat
3092 2387 3312 2454 malum.
3346 2387 3495 2454 Felix.
3521 2405 3639 2453 conv

2083 2470 2336 2544 scientia,
2368 2487 2486 2544 qure
2533 2489 2635 2530 non
2686 2477 2856 2540 audit,
2907 2492 3008 2538 nec
3057 2479 3246 2544 aspicit
3297 2481 3514 2546 malum.
3545 2480 3639 2545 Qui

2084 2559 2248 2628 igitur
2280 2563 2402 2622 talis
2432 2573 2538 2636 est,
2574 2563 2688 2632 ipse
2724 2565 2987 2630 habitabit
3033 2568 3082 2620 in
3116 2567 3364 2629 excelsis.
3415 2570 3510 2630 hoc
3541 2578 3639 2634 est,

2082 2650 2144 2712 in
2188 2666 2348 2718 regno
2384 2652 2666 2715 ctelorunt,
2703 2655 2818 2726 sive
2856 2655 2910 2708 in
2945 2657 3154 2710 excelsa
3193 2657 3453 2722 spelunca
3485 2667 3641 2728 petra:

2084 2739 2412 2808 fortissiugtte,
2448 2742 2500 2795 in
2547 2742 2762 2798 Christo
2811 2743 2935 2799 Jesu
2966 2762 2980 2802 :
3013 2761 3132 2818 quae
3165 2754 3323 2814 petra.
3357 2747 3516 2804 Israel
3553 2762 3640 2814 po-

2081 2834 2266 2902 pulum
2312 2833 2661 2903 sequebatur,
2700 2845 2757 2890 ut
2794 2836 3003 2894 biberet
3029 2838 3095 2892 tle
3129 2852 3212 2901 ea,
3239 2848 3293 2892 et
3329 2839 3474 2906 illius.
3497 2838 3639 2895 forti-

2085 2905 2268 2991 tudine
2299 2936 2692 2998 protegeretur.
2723 2927 2886 2982 Pauis
2917 2931 2964 2986 ei
2998 2929 3235 2995 dabitur,
3265 2941 3318 2983 et
3361 2945 3507 3004 aqua:
3531 2931 3638 3000 ejus

2086 3015 2272 3084 fideles
2303 3029 2431 3084 sunt
2459 3038 2472 3084 ;
2505 3035 2623 3089 qua)
2657 3021 2938 3088 gentilium
2969 3021 3161 3080 fabulae
3207 3023 3264 3076 in
3295 3025 3563 3094 ambrosia
3591 3033 3637 3076 et

403 3108 496 3176 qui
545 3108 984 3180 appmpinquant
1032 3109 1408 3166 fortitudinem
1465 3127 1667 3168 meam.
1719 3114 1980 3169 Recesse-
2010 3116 2052 3187 ς
2087 3121 2309 3176 nectare
2343 3112 2671 3181 intelligunt.
2702 3113 2809 3166 Nos
2833 3123 3010 3168 autem
3043 3129 3209 3188 panes
3240 3124 3294 3178 et
3323 3131 3488 3184 aquas
3518 3115 3637 3172 ﬁde‘

405 3209 529 3253 runt
572 3199 664 3268 qui
695 3209 852 3255 erant
882 3202 934 3256 in
969 3199 1099 3256 Sion
1149 3203 1346 3272 iniqui.
1383 3205 1749 3273 apprehendat
1778 3215 1980 3260 tremor

404 3291 620 3359 impios.
679 3291 811 3360 Quis
879 3294 1224 3360 annuntiabit
1277 3295 1462 3362 vobis,
1519 3298 1772 3366 quoniam
1839 3298 1980 3366 ignis

403 3385 594 3439 ardet?
625 3387 744 3453 quis
773 3387 1119 3449 annuntiabit
1168 3389 1318 3444 vobis
1350 3390 1529 3457 locum
1559 3392 1860 3452 retemum?
1884 3392 1978 3460 qui

397 3475 645 3529 ambulat
676 3478 730 3530 in
754 3477 988 3546 jttstitia,
1013 3486 1068 3532 et
1094 3477 1332 3547 loquitur
1361 3489 1566 3537 rectam
1596 3481 1762 3542 viam,
1793 3489 1847 3534 et
1869 3480 1983 3536 odit

408 3569 742 3635 impietatem
770 3579 822 3623 et
858 3569 1223 3638 iniquitatem,
1257 3580 1311 3634 et
1340 3586 1535 3625 manus
1565 3573 1770 3632 excutit
1802 3587 1834 3626 a
1862 3587 1982 3626 mu-

409 3659 654 3720 neribus.
682 3669 734 3713 et
764 3661 982 3715 obturat
1017 3675 1199 3724 aures,
1229 3667 1286 3714 ιιι
1330 3675 1440 3720 non
1493 3661 1679 3716 audiat
1717 3660 1981 3728 judicium

405 3754 687 3822 sanguinis
715 3762 769 3812 et
797 3753 1000 3814 claudit
1033 3753 1245 3818 oculos,
1290 3769 1358 3807 ne
1399 3752 1576 3822 videat
1623 3752 1981 3822 iniquitatem,

411 3849 511 3905 iste
541 3847 804 3908 habitabit
829 3848 886 3912 ia
915 3847 1134 3904 excelsa
1166 3846 1423 3917 spelunca
1459 3855 1622 3914 petra:
1653 3845 1982 3916 fortissimae.

404 3939 573 4006 Panis
601 3941 649 3994 ei
687 3940 927 4008 dabitur,
961 3949 1016 3994 et
1061 3953 1199 4010 aqua
1232 3940 1349 4008 ejus
1388 3940 1560 3994 fidelis
1595 3958 1610 3997 :
1650 3953 1833 4010 regem
1861 3955 1982 3994 cum

404 4028 578 4103 gloria
613 4027 878 4083 videbunt
915 4028 1058 4086 oculi
1107 4030 1311 4097 vestri,
1366 4029 1626 4086 videbunt
1674 4037 1871 4086 terram
1920 4031 1984 4085 de

413 4122 591 4191 longe,
611 4121 792 4188 anima
817 4131 998 4178 vestra
1034 4123 1383 4190 meditabitur
1414 4123 1687 4178 timorem.
1719 4121 1824 4179 Ubi
1861 4136 1988 4176 sunt.

411 4215 791 4284 grammatici?
817 4217 905 4271 ubi
935 4217 1354 4273 consiliatores?
1379 4217 1469 4278 ubi
1499 4227 1584 4271 est
1615 4216 1707 4286 qui
1741 4225 1988 4274 numerat

413 4325 507 4362 eos
537 4310 631 4377 qui
665 4312 913 4374 nutriunt
939 4312 959 4348 ‘
987 4321 1044 4363 et
1070 4325 1296 4378 parvum
1327 4318 1381 4363 et
1409 4324 1660 4379 magnum
1695 4307 1988 4377 populum?

398 4399 496 4452 .t-ui
531 4414 634 4453 non
669 4399 816 4454 dedit
859 4400 1144 4463 consilium
1173 4417 1188 4452 :
1219 4413 1395 4467 neque
1424 4399 1628 4467 sciebat
1662 4397 1982 4468 profundam

2047 3182 2360 3275 Ilissitnas,
2415 3201 2585 3280 legem
2636 3203 2727 3259 Dei
2784 3182 3287 3274 interpretabimur.
3339 3182 3439 3284 Qui
3491 3205 3640 3280 igitur

2083 3293 2207 3351 talis
2240 3303 2344 3364 est,
2396 3311 2572 3366 regem
2621 3291 2894 3356 Christum
2928 3299 3110 3351 itt'sua
3159 3298 3407 3359 claritate
3437 3295 3640 3376 conspi-

2081 3386 2208 3451 ciet,
2242 3385 2308 3442 de
2339 3400 2447 3456 quo
2477 3401 2636 3454 supra
2687 3387 2778 3457 (ad
2815 3405 2933 3457 cap.
2968 3405 3134 3453 χχιιι,
3169 3390 3222 3456 i)
3254 3391 3486 3462 dicitur:
3519 3389 3637 3442 Ecce

2083 3494 2176 3544 res
2196 3478 2376 3546 justus
2409 3479 2669 3558 regnabit,
2694 3494 2741 3533 et
2768 3482 3026 3550 principes
3060 3484 3115 3542 in,
3136 3483 3339 3560 judicio
3365 3490 3634 3550 prmerunt.

2083 3569 2148 3634 Et
2194 3571 2340 3629 oculi,
2386 3553 2502 3640 ejus
2554 3572 2816 3630 videbunt
2873 3584 3070 3638 terram
3127 3553 3196 3640 de
3244 3575 3436 3652 longe,
3487 3590 3631 3650 quant

2085 3658 2254 3714 multo
2289 3668 2531 3742 tempore
2578 3663 3037 3728 desideraverant,
3095 3675 3291 3720 terram
3340 3666 3538 3718 mitium
3587 3675 3635 3719 et

2085 3765 2514 3820 mansuetorum,
2547 3756 2610 3810 de
2645 3771 2749 3824 qua
2790 3756 2842 3810 in
2884 3755 3173 3836 Evangelia
3215 3759 3472 3838 scriptum
3519 3766 3633 3821 est;

2084 3843 2236 3910 Beati
2265 3847 2432 3910 Utiles,
2458 3849 2704 3916 quoniam
2727 3848 2827 3916 ipsi
2849 3849 3179 3915 possidebunt
3207 3860 3400 3902 terram
3429 3847 3631 3914 (Matth.

2084 3954 2140 4002 v,
2174 3937 2226 4007 4)
2259 3955 2276 4002 ;
2306 3939 2420 3998 sive.
2447 3939 2500 3992 itt
2535 3939 2674 3994 rcelo
2708 3939 2889 4008 positi,
2925 3949 3138 4004 terrena
3177 3941 3471 4008 despicient
3505 3957 3518 3991 :
3547 3939 3636 3993 Cor

2086 4041 2233 4083 tuum
2270 4029 2611 4098 meditabitur
2647 4013 2887 4085 timorem
2929 4046 2949 4085 :
2992 4040 3046 4084 ut
3091 4046 3212 4084 cum
3263 4032 3440 4086 omnia
3491 4029 3636 4096 fueris

2087 4131 2444 4185 consecutus,
2501 4121 2646 4178 diras
2696 4137 2815 4186 cum
2866 4122 3123 4200 Aposmlo
3170 4139 3185 4178 :
3236 4122 3341 4188 Qui
3389 4139 3484 4176 nou
3533 4136 3635 4186 sunt

2087 4212 2274 4282 dignus
2325 4213 2501 4272 vocari
2545 4214 2854 4282 apostolus,
2903 4215 3151 4284 quoniam
3197 4222 3492 4292 persecutus
3537 4227 3636 4265 sum

2090 4302 2380 4368 Ecclesium
2420 4304 2511 4366 Dei
2543 4303 2596 4373 (ι
2641 4303 2760 4360 Cor.
2796 4321 2886 4382 xv,
2916 4304 2993 4374 9).
3038 4305 3360 4374 Principium
3399 4303 3534 4357 enim
3565 4315 3637 4354 sa-

2089 4397 2303 4466 pientia:
2358 4401 2519 4456 timor
2555 4382 2783 4460 Domini
2817 4396 2998 4464 (Prov.
3041 4414 3078 4462 ι,
3120 4398 3193 4464 7).
3243 4395 3343 4460 Ubi
3389 4406 3463 4456 est
3509 4391 3635 4447 Scri-

416 4506 599 4552 vocem
632 4489 797 4557 illius,
848 4492 924 4546 ita
975 4499 1033 4545 ut
1080 4462 1188 4548 non
1237 4455 1446 4545 audiret
1478 4455 1705 4564 populus
1739 4497 1985 4544 contem-
2018 4455 2061 4510 θ
2095 4488 2203 4540 ba?
2232 4489 2317 4547 ubi
2363 4487 2489 4556 legis
2541 4488 2696 4550 verba
2755 4489 3048 4554 ponderari:
3082 4490 3107 4542 ?
3159 4489 3244 4541 ubi
3294 4487 3476 4539 doctor
3528 4498 3638 4549 par-

417 4593 558 4655 ptus,
587 4595 642 4639 et
689 4599 794 4638 non
825 4595 912 4640 cst
959 4583 1198 4636 audienti
1249 4583 1625 4656 intelligentia.
1665 4600 1684 4633 ι
1721 4578 1986 4647 Quoniam

412 4680 688 4749 dissipata
722 4687 846 4732 sunt
879 4677 998 4740 vite,
1031 4677 1264 4736 cessavit
1301 4679 1572 4732 transiens
1609 4691 1702 4744 per
1735 4671 1981 4739 semitas,

414 4773 625 4826 irritum
671 4769 873 4826 factum
908 4778 990 4824 est
1017 4779 1230 4838 pactum
1263 4785 1384 4830 cum
1430 4768 1627 4837 populo
1653 4766 1984 4832 .lttdtnorutn,

399 4864 641 4942 ,projccit
686 4864 828 4918 Deus
871 4862 1117 4927 civitates
1163 4878 1376 4934 eorum,
1430 4877 1534 4920 non
1587 4861 1855 4934 reputavit
1893 4875 1988 4916 eas

405 4960 556 5016 .inter
589 4959 872 5023 homines;
910 4966 1197 5026 propterea
1235 4970 1329 5010 vos
1357 4956 1446 5026 qui
1500 4955 1656 5025 longe
1689 4954 1842 5027 estis,
1892 4969 1990 5019 au:

416 5051 529 5103 dite
559 5066 677 5116 quae
725 5048 968 5117 fecerim,
997 5060 1052 5102 et
1104 5049 1538 5117 appropinquate
1572 5055 1630 5098 ut
1678 5043 1986 5113 agnoscatis

411 5143 788 5197 fortitudinem
825 5155 1022 5195 meam.
1053 5140 1348 5196 Conterriti
1389 5148 1534 5204 sunt,
1580 5139 1696 5192 sive
1745 5150 1990 5191 recesse-

408 5243 545 5290 runt
579 5235 670 5304 qui
696 5246 855 5289 erant
883 5236 934 5289 in
969 5233 1097 5288 Sion
1133 5240 1451 5306 peccatores
1485 5231 1568 5294 vel
1615 5230 1763 5301 itttpii
1791 5239 1847 5284 et
1881 5239 1988 5284 tre-

496 5441 515 5473 ¹
549 5441 603 5494 lu
642 5436 1058 5504 llieronymiana
1088 5435 1335 5490 versione
1364 5446 1427 5485 ex
1457 5417 1704 5504 llebi'am,
1735 5431 1991 5504 quemad-

422 5513 638 5567 ttvodttm
672 5522 726 5568 et
758 5509 812 5563 in
844 5500 1067 5583 iittlgata
1100 5500 1993 5583 impudentemlegitnrnquod.re-

417 5583 701 5647 tinendum
757 5594 855 5648 pro
902 5570 1674 5648 iniprudeulem_constituerat
1709 5571 1820 5648 ipse
1847 5570 1992 5648 _M_ar-

425 5641 554 5716 tiau.
593 5667 655 5704 ex
701 5640 818 5718 ipsa
868 5640 1028 5712 hujus
1077 5641 1729 5718 sententiaeexpositione
1759 5641 1809 5693 iu
1847 5640 1992 5718 hisce

419 5710 868 5777 Commentariis.
902 5710 968 5770 Et
999 5730 1126 5768 vero
1168 5714 1306 5766 infra
1341 5714 1428 5764 ttbi
1463 5713 1550 5766 hic
1579 5710 1730 5766 locus
1758 5712 1993 5776 explica-

423 5806 538 5856 tur,
572 5803 712 5845 unus
761 5787 936 5845 Vatie.
987 5787 1332 5852 impudentem
1381 5783 1641 5847 prtefcrt:
1681 5781 1767 5834 hic
1813 5790 1989 5834 autem

2093 4581 2336 4650 culorum
2363 4581 2386 4633 Ρ
2409 4567 2505 4634 Ubi
2537 4589 2696 4642 sunt,
2721 4579 2914 4656 inquit,
2939 4579 3142 4640 Scriba:
3176 4590 3227 4636 et
3259 4578 3535 4647 Pharisaei,
3563 4572 3640 4646 qui

2093 4672 2228 4744 legis
2287 4674 2452 4740 verba
2505 4673 2846 4738 trtttinantes.
2898 4671 3164 4736 infelicem
3212 4670 3468 4741 populum
3517 4665 3645 4721 deci-

2092 4765 2354 4844 luebant?
2375 4780 2514 4829 quos
2536 4780 2680 4824 nunc
2701 4765 2955 4832 parvulos
2982 4763 3261 4832 Scriptura
3291 4760 3640 4830 cognominat.

2093 4858 2347 4928 parvulos
2377 4871 2562 4918 sensu,
2598 4855 2852 4926 parvulos
2883 4854 3254 4924 intelligentia.
3296 4853 3428 4907 Cum
3477 4861 3637 4904 autem

2092 4948 2230 5008 oculi
2263 4951 2530 5010 credentis
2563 4962 2738 5031 regem
2791 4949 2842 5001 itt
2893 4963 2990 5014 sua
3049 4947 3328 5016 majestate
3364 4955 3639 5010 conspexe-

2095 5042 2221 5102 rint,
2251 5049 2304 5094 et
2337 5053 2433 5093 cor
2479 5039 2595 5108 ejus
2641 5038 2958 5093 meditatum
3009 5039 3169 5091 fuerit
3215 5037 3480 5096 timorem,
3524 5043 3636 5084 tunc

2094 5132 2492 5202 imprudentem
2525 5133 2545 5164 ³
2575 5131 2826 5199 populum
2860 5145 2964 5196 non
3002 5128 3220 5190 videbit,
3268 5124 3512 5196 populum
3552 5119 3636 5174 Ju-

2093 5231 2354 5293 dteorum,
2393 5228 2506 5283 sive
2540 5227 2979 5296 pltllosrtpborum
3026 5238 3079 5278 et
3123 5230 3402 5279 oratorum
3449 5211 3633 5276 mundi,

2096 5424 2432 5508 pari'pmne‘s
2464 5434 2730 5504 consensu
2764 5415 3228 5508 imprudentem.”
3262 5484 3496 5508 "unum
3523 5473 3631 5508 "h—

2166 5485 2185 5523 ί
2213 5491 2366 5548 Unus
2393 5491 2593 5554 Vatia,
2619 5490 2708 5560 qui
2734 5491 3057 5552 nutriuntur,
3077 5487 3232 5556 juxta
3262 5484 3498 5554 Graecum
3523 5484 3630 5535 τοὺς

2095 5563 2484 5634 τρεπομένους.
3482 5620 3493 5631 _

2174 5634 2194 5663 ³
2229 5635 2371 5687 ltlent
2410 5634 2604 5698 Vatic.,
2653 5630 3028 5699 impudentem.
3080 5625 3278 5688 Recole
3325 5628 3626 5696 superiorem

2098 5704 2518 5764 annotatimtetn.
