3952 6180
208 261 308 328 381

679 261 1186 324 COMMENTAR.
1232 263 1312 324 IN
1359 263 1627 323 lSAlAM
1670 263 1821 324 PRO

1934 262 2140 324 ETAM
2185 263 2339 326 LlB.
2390 264 2463 338 X,
2507 265 2670 328 CAP.
2709 266 2984 334 XXXIV.

3384 271 3490 334 382

205 382 302 452 qui
332 379 668 451 applauduot
695 378 800 434 sibi
836 377 892 433 in
926 378 1232 434 eruditione
1262 387 1318 434 et
1361 380 1670 448 eloquentia
1703 394 1801 434 sze-
1833 381 1877 440 Α
1905 379 2052 446 ﬁrmi
2084 380 2371 442 erunt;ita
2404 390 2461 433 ut
2495 379 2753 435 Dominus
2783 382 2989 435 habitet
3013 381 3066 436 in
3090 397 3174 443 eo.
3222 383 3310 453 qui
3339 385 3490 441 locus

206 473 408 537 culari,
434 477 499 527 de
521 472 718 542 quibus
747 487 896 526 nunc
927 472 1042 534 ait;
1080 469 1343 535 Populum
1377 472 1474 525 alii
1505 473 1760 526 sermonis
1786 489 1803 526 :

209 564 287 618 ita
337 575 394 618 ut
441 579 547 618 non
583 565 750 631 possis
800 563 1092 634 intelligere
1140 565 1566 619 disertitudinem
1614 565 1808 634 lingva:

208 657 368 725 ejus;
397 671 629 724 quorum
663 657 839 710 omnis
869 668 1094 710 ornatus
1144 656 1196 710 in
1238 658 1423 712 verbis
1457 667 1564 723 est,
1590 659 1682 727 qui
1717 659 1809 712 ha-

211 751 346 805 bent
381 748 509 803 folia
542 756 754 806 tantum
803 749 1167 820 umbramque
1211 765 1550 818 sermonum,
1581 761 1635 805 et
1668 751 1806 805 fruc-

213 852 328 894 tum
366 855 476 895 non
510 840 785 908 possident
821 840 1096 895 veritatis.
1126 839 1369 911 Denique
1411 844 1658 913 sequitur
1689 862 1702 898 :
1743 841 1809 896 In

216 948 322 1004 quo
349 932 504 987 nulla
533 943 612 986 est
640 932 929 1001 sapientia,
959 932 1026 986 de
1056 933 1254 1002 quibus
1282 943 1337 988 ct
1369 934 1474 989 alio
1520 936 1640 990 loco
1670 935 1808 989 dici-

215 1032 348 1077 tur:
387 1021 615 1076 Perdam
653 1023 973 1092 sapientiam
1009 1024 1347 1093 sapientium,
1396 1036 1446 1079 et
1490 1026 1808 1082 intellectum

213 1115 558 1182 prudentium
614 1113 904 1183 reprobabo
951 1113 1006 1182 (Ι
1059 1112 1190 1170 Cor.
1243 1131 1286 1179 ι,
1341 1117 1452 1186 19).
1505 1117 1648 1172 Cur?
1680 1120 1808 1188 quia

216 1209 444 1262 stultam
506 1205 672 1278 5,39
733 1206 858 1262 fecit
918 1209 1064 1263 Deus
1117 1210 1436 1277 sapientiam
1491 1209 1652 1279 hujus
1704 1227 1808 1267 sae-

215 1299 344 1354 culi.

287 1389 482 1455 (Yers.
507 1389 580 1444 20
613 1391 794 1462 seqq.)
829 1411 847 1444 σ
885 1391 1115 1462 Respice
1140 1393 1270 1449 Sion
1299 1395 1580 1450 civitatem
1612 1397 1812 1451 soletn-

215 1480 414 1534 uitatis
439 1487 646 1538 nostra:
671 1497 687 1546 ;
719 1481 862 1536 oeuli
892 1482 968 1536 tui
995 1483 1263 1537 videbunt
1290 1484 1614 1551 Jerusalem,
1648 1486 1809 1541 habi-

220 1571 487 1626 tationem
543 1574 902 1641 opulentam;
953 1573 1362 1630 tabernaculum
1411 1577 1557 1648 quod
1607 1593 1814 1647 nequa-

215 1679 386 1732 quam
427 1662 713 1718 transferri
765 1663 992 1733 poterit,
1030 1680 1132 1720 nec
1178 1665 1496 1722 auferentur
1523 1669 1662 1722 clavi
1693 1668 1812 1737 ejus

217 1754 270 1807 in
307 1754 734 1824 sempiternum,
761 1762 816 1808 et
847 1769 1039 1810 omnes
1087 1755 1314 1811 funiculi
1358 1756 1478 1826 ejus
1508 1774 1614 1811 non
1665 1773 1813 1811 rum-

217 1856 442 1916 pentur.
476 1846 614 1913 Quia
663 1847 1007 1902 solummodo
1058 1847 1129 1902 ibi
1167 1849 1487 1918 magniﬁcus
1519 1851 1537 1882 ¹
1571 1859 1653 1906 e5t
1702 1849 1810 1903 Do-

219 1939 408 1994 minus
467 1948 693 2006 noster;
751 1939 899 1993 locus
951 1937 1238 1994 ﬂuviorum
1294 1940 1398 1995 rivi
1455 1940 1705 1996 latissimi
1761 1952 1816 1995 et

218 2040 501 2101 patentes,
552 2045 658 2083 non
713 2029 968 2084 transibit
1012 2045 1108 2098 per
1138 2045 1260 2084 eum
1305 2032 1460 2085 navis
1491 2033 1754 2099 remigum
1796 2047 1810 2084 :

221 2138 403 2194 neque
438 2123 680 2178 triremis
711 2121 819 2195 [Αἰ.
875 2121 1084 2194 trieris]
1135 2139 1328 2194 magna
1383 2124 1814 2194 transgredietur

220 2233 375 2272 eum.
410 2217 677 2271 Dominus
704 2217 852 2270 enim
882 2216 1050 2286 judex
1095 2225 1300 2282 noster,
1335 2217 1597 2272 Dominus
1626 2217 1816 2286 legifer

222 2321 435 2371 noster,
487 2308 747 2380 Dominus
799 2323 893 2362 rex
948 2320 1155 2374 noster,
1208 2309 1326 2382 ipse
1359 2310 1379 2339 ‘
1413 2309 1642 2364 salvabit
1694 2324 1812 2364 nos.

219 2399 416 2454 Lanti
467 2410 593 2452 sunt
639 2398 862 2452 funiculi
903 2400 1003 2459 lui,
1040 2409 1093 2454 et
1134 2415 1240 2453 non
1295 2402 1663 2469 prmvalehunt
1694 2420 1706 2455 :
1737 2401 1818 2456 sic

221 2493 324 2546 erit
377 2490 556 2545 malus
586 2503 728 2554 tuus,
775 2501 833 2544 ttt
866 2492 1097 2547 dilatare
1129 2494 1342 2564 signum
1375 2509 1625 2561 nequeas.
1660 2493 1815 2547 Tunc
1846 2549 1868 2560 ,,

224 2583 542 2638 dividentur
565 2583 735 2653 spolia
768 2587 1072 2653 praedarum
1105 2588 1398 2638 multarum
1429 2603 1441 2638 :
1476 2585 1653 2639 claudi
1683 2586 1816 2638 diri-

222 2679 377 2748 pient
410 2677 678 2746 rapinam.
712 2677 823 2732 Nec
854 2679 996 2732 dicet
1037 2678 1276 2742 vicinus,
1301 2678 1515 2745 elangui
1540 2695 1554 2746 ;
1584 2679 1817 2748 populus

223 2773 312 2838 qui
344 2772 564 2826 babitat
590 2772 642 2824 in
673 2787 737 2826 ea
767 2771 1046 2825 auferetur
1075 2771 1142 2825 ab
1171 2786 1236 2824 eo
1266 2770 1544 2839 iniquitas.
1577 2789 1596 2822 ι
1633 2769 1771 2824 LXX
1800 2786 1815 2822 :

229 2881 250 2917 ι
273 2865 420 2920 Ecce
445 2863 575 2918 Sion
595 2864 810 2929 civitas,
831 2865 1068 2917 salutare
1098 2873 1377 2928 nostrum;
1401 2863 1541 2917 oculi
1571 2867 1647 2916 tul
1668 2864 1819 2917 vide-

226 2959 364 3016 bunt
389 2955 716 3018 Jerusalem,
753 2957 946 3011 civitas
977 2956 1151 3020 dives,
1186 2954 1534 3009 tabernacula
1565 2970 1684 3022 quae
1712 2968 1817 3008 non

1911 479 1992 522 est
2044 470 2284 522 omnium
2339 469 2664 534 fluviorum,
2719 471 3068 541 rivorumque
3119 476 3488 539 currentium,

1911 576 2010 630 per
2041 576 2177 629 quos
2213 560 2380 634 440
2411 561 2587 616 nullus
2623 563 2864 616 adversm
2910 564 3079 632 partis
3115 568 3309 630 poterit
3346 569 3495 620 navi-

1910 669 2037 724 gare
2086 671 2100 708 :
2154 671 2319 723 neque
2363 657 2596 709 triremis
2649 673 2886 726 magno,
2936 673 3056 725 qum
3110 658 3496 727 interpretatur

1911 748 2199 812 diabolus,
2253 766 2376 803 eum
2433 752 2731 820 transgredi
2783 753 2981 820 poterit
3014 770 3026 804 :
3057 755 3180 819 quia
3234 753 3496 808 Dominus

1912 841 2026 911 ipse
2055 851 2139 897 est
2167 841 2357 911 judex,
2393 852 2442 894 et
2478 843 2746 912 princeps,
2784 854 2835 898 et
2874 859 2990 905 rex.
3022 856 3074 898 et
3115 844 3365 900 Salvator
3401 861 3497 899 no-

1910 945 2043 997 SIer,
2075 945 2129 989 et
2162 934 2253 987 illo
2294 943 2631 1005 protegente.
2665 935 2868 990 nullius
2901 946 3202 992 metuemus
3247 937 3492 996 insidias.

1913 1024 2037 1081 Haec
2081 1027 2226 1084 dicta
2259 1036 2388 1081 sunt
2417 1027 2484 1082 de
2529 1025 2657 1082 Sion
2695 1028 2826 1088 urbe
2872 1030 3232 1084 solemnitatis
3272 1042 3495 1095 nasute,

1911 1128 1968 1174 et
2019 1121 2085 1174 de
2133 1118 2434 1172 Jerusalem
2491 1119 2827 1180 habitatione
2860 1121 3147 1183 ditissima,
3180 1137 3342 1190 quam
3381 1124 3495 1189 ipse

1913 1208 2174 1267 Dominus
2225 1209 2404 1263 ﬂuviis
2455 1210 2568 1264 suis
2621 1210 2982 1268 circumdabit
3032 1221 3193 1281 atque
3249 1213 3492 1270 vallabit.

1911 1299 2068 1355 Nunc
2097 1312 2274 1354 autem
2309 1300 2375 1354 ad
2416 1312 2684 1377 terrenam
2723 1301 2965 1371 loquitur
2999 1303 3322 1368 Jerusalem,
3355 1306 3494 1372 quod

1913 1391 2078 1446 laxati
2122 1392 2228 1444 sint
2278 1389 2502 1444 funiculi
2560 1391 2894 1444 tabernaculi
2927 1391 3063 1456 ejus,
3109 1403 3159 1445 et
3208 1393 3496 1446 tentorium

1916 1483 2189 1540 sustinere
2235 1497 2339 1538 non
2372 1482 2666 1550 quiverint,
2703 1494 2755 1536 et
2787 1482 2957 1542 malus
2986 1483 3125 1552 ejus,
3156 1483 3208 1536 in
3241 1500 3348 1552 quo
3379 1486 3498 1551 pul-

1915 1575 2189 1630 cherrima
2221 1574 2490 1643 quondam
2528 1575 2642 1626 vela
2693 1574 3020 1639 pendebant.
3063 1577 3231 1644 ruptis
3281 1576 3502 1628 funibus

1918 1667 2198 1730 ceciderit,
2247 1677 2305 1720 ut
2344 1682 2448 1721 non
2486 1666 2658 1725 solum
2712 1668 2776 1722 ad
2829 1668 3252 1738 navigationem,
3289 1670 3384 1723 sed
3434 1670 3502 1724 ad

1919 1762 2134 1829 signum
2169 1775 2386 1830 quoque
2420 1759 2630 1815 inutilis
2675 1760 2767 1824 sit.
2806 1760 3098 1830 Postquam
3136 1774 3316 1818 autem
3349 1763 3502 1817 navis

1919 1869 2108 1908 eorum
2141 1853 2306 1910 fuerit
2333 1854 2614 1915 dissoluta,
2640 1863 2694 1908 et
2725 1855 3128 1910 tabernaculum
3155 1858 3502 1924 dissipatum.

1919 1945 1999 1999 ita
2029 1955 2090 2002 ut
2137 1947 2190 1998 in
2231 1954 2517 2012 utramque
2563 1957 2772 2014 partem
2824 1945 3046 1999 funiculi
3077 1948 3503 2014 disrumpantur,

1920 2039 2099 2104 praeda
2133 2037 2430 2096 victoribus
2463 2036 2734 2092 dividetur
2762 2053 2778 2100 ;
2804 2039 2895 2106 qui
2929 2047 3033 2096 tam
3061 2038 3318 2092 imbecilli
3343 2047 3506 2092 erunt

1921 2129 2158 2198 propriis
2195 2129 2422 2190 viribus,
2456 2139 2515 2183 ut
2567 2128 2745 2184 claudi
2796 2129 3170 2203 appellentur:
3220 2141 3274 2182 et
3307 2129 3508 2183 nihilo.

1923 2221 2104 2275 minus
2160 2219 2252 2280 Dei
2307 2221 2384 2274 ira
2442 2221 2708 2274 tribuente
2749 2220 2827 2272 eis
2877 2218 3273 2282 fortitudinem,
3307 2221 3508 2276 nullam

1921 2312 2284 2365 inlirmitatem
2323 2311 2592 2375 sentient,
2652 2325 2753 2365 nec
2803 2311 3031 2366 dicent:
3073 2309 3355 2372 Labaravi.
3403 2313 3509 2380 Qui

1918 2406 2062 2457 enim
2114 2402 2279 2456 fuerit
2329 2403 2475 2457 inter
2516 2417 2649 2466 eos,
2697 2401 2976 2460 auferetur
3022 2402 3091 2460 ab
3143 2419 3210 2460 eo
3255 2405 3510 2471 iniquitas

1919 2506 2080 2560 atque
2109 2504 2387 2562 peccatum
2410 2535 2424 2558 ,
2451 2493 2573 2561 quia
2611 2493 2701 2546 Dei
2726 2503 3015 2548 exsecutus
3035 2503 3119 2550 est
3146 2495 3510 2552 volunt—atem.

1997 2587 2150 2655 (Cap.
2183 2585 2426 2645 XXXIV.
2460 2615 2520 2624 —-
2546 2584 2699 2640 Vers.
2735 2586 2793 2650 1,,
2822 2587 3000 2655 seqq.)
3030 2605 3049 2642 ε
3085 2587 3338 2648 Accedite
3377 2603 3510 2657 gen-

1923 2687 2028 2739 tes.
2060 2688 2112 2733 et
2151 2680 2359 2742 audite,
2399 2689 2451 2733 ct
2489 2677 2669 2754 populi
2707 2679 2970 2736 attendite
3002 2697 3016 2734 :
3053 2680 3237 2736 audiat
3268 2689 3413 2738 terra
3455 2690 3515 2736 et

1920 2771 2201 2839 plenitudo
2241 2774 2379 2841 ejus,
2425 2772 2576 2828 orbis
2620 2781 2676 2830 et
2722 2786 2886 2830 omne
2925 2787 3147 2840 germen
3197 2771 3334 2838 ejus.
3375 2772 3512 2837 Quia

1924 2867 2226 2938 indignatio
2256 2866 2471 2924 Domini
2509 2879 2673 2931 super
2709 2879 2900 2921 outnes
2928 2876 3139 2932 gentes,
3165 2875 3216 2916 et
3249 2862 3398 2917 furor
3421 2880 3516 2919 su-

1924 2977 2020 3033 per
2063 2961 2378 3017 universam
2410 2959 2656 3015 militiam
2705 2973 2892 3014 carum
2929 2955 2950 3028 [
2987 2956 3067 3012 Al.
3103 2972 3288 3008 eorum
3329 2956 3347 3026 ]
3379 2975 3390 3010 :
3426 2956 3515 3013 ine

229 3052 638 3114 movebuntur;
667 3062 765 3102 nec
793 3047 1108 3102 auferentur
1131 3048 1312 3119 paxilli
1343 3047 1671 3101 tabernaculi
1698 3047 1817 3115 ejus
1847 3068 1889 3125 ο
1928 3054 2142 3106 terrecit
2179 3067 2295 3117 eas,
2328 3061 2383 3105 et
2419 3053 2570 3112 dedit
2619 3050 2671 3105 in
2717 3049 3074 3106 occisionem.
3115 3047 3292 3105 Occisi
3325 3062 3516 3103 earum

230 3145 279 3196 iu
331 3140 752 3208 sempiternum,
785 3151 838 3192 et
885 3139 1108 3193 funiculi
1155 3139 1272 3207 ejus
1306 3155 1414 3194 non
1442 3139 1767 3210 diripientur
1797 3154 1814 3202 ;

228 3235 356 3302 quia
395 3247 599 3287 nomen
640 3247 893 3302 magnum
931 3230 1140 3285 Domini
1186 3231 1386 3298 vobis;
1437 3231 1589 3286 locus
1640 3241 1820 3285 vester

229 3331 336 3384 erit
361 3326 594 3382 ﬂumina
622 3333 676 3379 et
701 3325 796 3379 rivi
833 3323 1083 3379 latissimi
1111 3336 1163 3378 et
1192 3324 1412 3394 Spatiosi
1440 3341 1456 3389 ;
1492 3339 1595 3378 ιιοη
1639 3326 1818 3392 ingre-

229 3424 412 3474 dietur
464 3433 564 3489 per
607 3432 724 3472 eam
762 3418 918 3472 navis
969 3417 1172 3487 agitata
1221 3417 1487 3485 remigio;
1521 3417 1662 3472 Deus
1709 3414 1820 3488 [Αι.

232 3507 524 3580 Dominus]
552 3507 694 3562 enim
725 3523 876 3562 meus
906 3523 1131 3576 magnus
1159 3517 1241 3562 est
1269 3525 1282 3572 ;
1317 3525 1425 3561 non
1456 3507 1709 3561 transibit
1740 3522 1825 3560 me

232 3603 504 3658 Dominus
552 3601 720 3670 judex
771 3604 974 3666 noster,
1010 3599 1270 3654 Dominus
1321 3600 1576 3668 princeps
1616 3607 1823 3663 noster,

233 3697 504 3751 Dominus
551 3710 648 3748 rex
697 3705 906 3761 noster,
955 3692 1214 3756 Dominus
1263 3694 1380 3762 ipse
1429 3692 1659 3746 salvabit
1707 3706 1824 3744 nos.

237 3789 486 3860 Disrnpti
521 3786 636 3860 [ΑΙ.
670 3785 894 3857 direpti]
944 3794 1071 3842 sunt
1120 3785 1347 3842 funiculi
1399 3786 1496 3848 ttti,
1547 3785 1672 3856 quia
1723 3800 1826 3837 non

237 3883 650 3954 pravaltteruut
671 3899 684 3945 ;
709 3882 882 3934 malus
908 3891 1032 3935 tuus
1060 3880 1352 3934 inclinatus
1378 3889 1480 3940 est.
1508 3885 1566 3930 ιιι
1597 3879 1832 3930 dimittat
1858 3948 1860 3952 ι

239 3975 358 4027 vela
392 3974 451 4027 ³;
481 3987 588 4029 non
613 3970 848 4026 elcvabit
881 3971 1114 4041 signum,
1157 3971 1332 4023 donec
1364 3969 1609 4022 tradatur
1645 3967 1702 4025 in
1733 3981 1832 4021 va-

240 4066 506 4120 Stitatem.
543 4062 692 4116 Multi
750 4063 912 4130 igitur
938 4063 1111 4116 claudi
1143 4062 1350 4129 praedas
1381 4061 1615 4126 facient;
1647 4068 1702 4113 et
1729 4072 1831 4112 non

241 4159 426 4212 dircnt
455 4177 468 4210 :
497 4155 811 4214 Laborabo.
843 4155 1074 4223 populus
1104 4157 1191 4222 qui
1219 4153 1429 4207 habitat
1461 4153 1512 4206 in
1537 4152 1836 4215 eis,dimit-

245 4261 390 4307 tetur
419 4251 502 4305 eis
536 4249 814 4306 delictum.
851 4267 867 4300 ι
898 4250 939 4302 Ο
960 4249 1126 4318 juste,
1159 4250 1245 4302 cui
1280 4264 1444 4315 supra
1476 4248 1677 4302 dictum
1708 4255 1834 4306 est:

244 4341 353 4396 Cor
388 4354 538 4394 tuum
571 4341 911 4394 meditabitur
937 4345 1212 4404 timorem;
1240 4351 1313 4413 et,
1341 4338 1600 4408 Populum
1641 4340 1839 4408 impru-

1927 3147 2286 3216 projicientur
2311 3162 2325 3200 :
2349 3154 2402 3197 et
2427 3147 2491 3202 de
2526 3142 2889 3202 cadaveribus
2925 3158 3113 3196 earum
3145 3143 3402 3194 ascendet
3433 3138 3515 3194 fe-

1929 3249 2054 3292 tor:
2083 3239 2369 3292 tahesceut
2406 3247 2620 3291 montes
2646 3235 2912 3304 sanguine
2941 3248 3149 3287 earum.
3184 3232 3246 3284 Et
3281 3233 3523 3286 tabescet

1927 3327 2107 3380 omnis
2145 3327 2335 3382 militia
2374 3327 2638 3380 caelorum
2675 3340 2694 3378 :
2748 3324 3156 3391 replicabnntur
3187 3322 3203 3390 (
3236 3323 3342 3375 sire
3369 3337 3523 3375 cout-

1930 3419 2302 3486 plicabuntur)
2348 3418 2492 3472 sicut
2528 3414 2670 3470 liber
2703 3414 2825 3470 coeli
2863 3432 2876 3468 :
2910 3423 2964 3468 et
2996 3415 3170 3466 ontnis
3205 3413 3401 3466 tnilitia
3428 3425 3494 3466 eo

1932 3529 2050 3566 rum
2081 3510 2304 3574 deﬂuet,
2333 3513 2474 3565 sicut
2499 3509 2684 3562 dellnit
2717 3507 2901 3560 folium
2933 3509 2999 3560 de
3027 3505 3182 3558 vinea
3215 3516 3267 3561 et
3296 3507 3363 3560 de
3395 3507 3524 3560 licus

1933 3605 2191 3674 quoniam
2225 3604 2526 3658 inebriatus
2557 3613 2636 3656 est
2670 3603 2722 3655 in
2757 3600 2896 3655 coelo
2929 3600 3138 3670 gladius
3174 3613 3346 3652 meus.
3384 3597 3532 3652 Ecce

1934 3715 2098 3768 super
2141 3697 2434 3751 ldutnzeam
2476 3697 2795 3756 descendet.
2839 3704 2892 3755 et
2942 3708 3109 3764 super
3155 3691 3408 3764 populum
3441 3691 3534 3742 in-

1939 3790 2282 3848 tetfectionis
2332 3805 2462 3842 mea:
2497 3789 2563 3842 ad
2597 3789 2892 3858 judicium.
2933 3785 3159 3842 Gladios
3190 3783 3399 3838 Domini
3437 3796 3536 3838 re-

1940 3883 2114 3952 pletus
2142 3891 2225 3936 est
2250 3879 2533 3948 sanguine,
2563 3879 2898 3932 itu-rassatus
2927 3877 3084 3945 adipe
3119 3892 3134 3928 :
3168 3880 3232 3927 de
3259 3872 3534 3939 sanguine.

1942 3987 2204 4040 agnorum
2241 3979 2294 4024 et.
2325 3972 2631 4039 hircorum,
2677 3970 2743 4023 de
2788 3969 3050 4036 sanguine
3102 3966 3532 4026 medullatorum.

1944 4064 2216 4126 arietum;
2264 4063 2486 4115 victima
2552 4061 2695 4114 enim
2732 4060 2947 4114 Domini
2996 4060 3050 4111 in
3098 4057 3267 4112 Bosra
3301 4097 3318 4122 ,
3363 4065 3417 4108 et
3448 4055 3538 4108 in-

1947 4159 2196 4214 terlectio
2227 4174 2419 4230 magna
2455 4158 2509 4210 in
2540 4166 2684 4212 terra
2723 4154 2914 4218 Edoni.
2952 4154 3018 4208 Et
3050 4155 3377 4210 descendent
3409 4150 3530 4205 uni-

1947 4269 2150 4307 cernes
2189 4268 2312 4307 cum
2359 4251 2464 4316 eis,
2505 4262 2558 4306 et
2590 4253 2728 4304 tauri
2757 4266 2880 4304 cum
2917 4249 3250 4318 potentibus.
3290 4246 3539 4302 lnebria-.

1949 4345 2098 4398 hitur
2125 4355 2265 4397 terra
2298 4344 2558 4412 sanguine
2598 4358 2812 4405 eorum,
2847 4352 2902 4398 et
2932 4343 3127 4395 hutnus
3156 4357 3344 4399 eorum
3375 4341 3534 4407 adipe

243 4438 458 4494 dentem
493 4433 608 4510 [ΑΙ.
647 4434 1026 4506 impudentem]
1064 4452 1166 4488 non
1203 4434 1436 4496 videbis;
1469 4445 1522 4486 et
1551 4434 1642 4500 qui
1681 4442 1836 4486 antea
1874 4427 1918 4483 D
1949 4436 2252 4503 pinguium.
2289 4451 2312 4490 ι
2351 4433 2484 4490 Post
2517 4436 2856 4490 eversionem
2902 4435 3201 4492 Jerusalem
3223 4444 3278 4486 et
3315 4431 3536 4486 naufra-

242 4530 528 4588 audieras.
553 4527 744 4596 Regem
792 4528 846 4579 in
893 4527 1076 4581 decore
1123 4543 1218 4580 suo
1268 4527 1511 4585 videbunt
1555 4526 1696 4582 oculi
1743 4525 1839 4588 tui,

246 4621 623 4688 contemplare
650 4621 780 4674 Sion
829 4621 1018 4678 urbem
1067 4619 1429 4677 solemnitatis
1462 4630 1688 4683 nostrre,
1718 4616 1842 4673 vide

247 4713 551 4767 Ecclesium
601 4711 852 4776 Christi,
899 4710 952 4765 in
1002 4727 1109 4780 qua
1161 4719 1242 4764 est
1293 4726 1416 4764 vera
1471 4711 1785 4766 solemnitas
1825 4726 1840 4762 :

249 4809 400 4863 oculi
439 4809 511 4866 tui
547 4816 773 4864 cernent
804 4808 1078 4864 visionem
1114 4807 1282 4880 pacis,
1315 4815 1369 4860 et
1404 4805 1618 4864 divitias
1663 4803 1846 4873 inspe-

249 4913 431 4962 ratus,
481 4916 617 4970 quas
663 4900 856 4956 oculus
907 4916 1012 4953 non
1069 4900 1230 4965 vidit,
1267 4915 1366 4954 nec
1412 4900 1560 4952 auris
1613 4898 1842 4964 audivit,

252 5006 357 5046 nec
405 4991 461 5044 in
513 5004 608 5046 cor
656 4989 897 5044 hominis
929 4992 1320 5060 asccttderunt,
1347 5000 1400 5042 et
1439 4989 1842 5050 tabernaculum

253 5084 406 5152 quod
468 5097 817 5151 nequaquam
878 5083 1160 5138 transferri
1220 5083 1433 5153 poterit.
1489 5080 1647 5135 Prius
1699 5081 1844 5136 enim

254 5175 674 5232 tabernaculum
744 5175 888 5244 quod
956 5175 1140 5228 habuit
1200 5174 1433 5243 populus
1495 5173 1844 5239 indecorum,

257 5265 586 5319 translatum
643 5274 725 5318 est
777 5277 940 5334 atque
990 5266 1286 5320 sublatum.
1344 5264 1453 5317 Nec
1504 5265 1846 5320 movebuntur

255 5359 396 5412 elavi
440 5358 557 5428 ejus
587 5357 641 5409 in
674 5359 1088 5430 sempiternum,
1141 5368 1188 5411 et
1240 5374 1415 5411 euntes
1462 5357 1691 5426 funiculi
1732 5358 1846 5426 ejus

330 5519 348 5550 ¹
388 5517 518 5576 Mss.
557 5515 806 5588 Magnus.
839 5515 1102 5576 Hebraice
1137 5525 1316 5570 autem
1362 5525 1449 5569 est
1476 5528 1517 5572 't
1554 5526 1648 5580 "tu,
1697 5514 1848 5570 valde

430 5606 510 5642 us.

259 5606 720 5713 1ηαμᾌιιιογὶωιη
766 5658 892 5712 hinc
926 5673 1112 5712 vocem
1154 5656 1432 5716 Dominus,
1463 5673 1622 5728 quam
1672 5673 1849 5731 neque

261 5745 399 5785 mss.
435 5732 631 5796 nostri,
670 5744 844 5799 neque
873 5743 1028 5785 sacer
1063 5737 1239 5783 testes
1265 5739 1529 5798 agnoscit.

1951 4529 2100 4598 gium
2157 4529 2431 4598 quondam
2480 4529 2828 4583 solidissima:
2849 4528 3026 4592 navis,
3049 4527 3394 4595 prmdamque
3415 4540 3534 4580 otn~-.

1952 4620 2036 4676 nis
2071 4620 2430 4690 supellectilis
2469 4618 2642 4689 illius,
2682 4619 2748 4678 de
2786 4619 3012 4678 interitu
3052 4619 3295 4676 omnium
3333 4617 3541 4671 dicitur

1947 4714 2250 4776 nationum,
2281 4711 2440 4785 44],
2480 4722 2532 4765 et
2566 4713 2631 4767 de
2667 4713 3142 4768 consummatione
3173 4710 3380 4770 mundi,
3413 4723 3538 4776 quas

1949 4815 2032 4861 est
2077 4806 2131 4862 iu
2179 4806 2266 4860 die
2317 4806 2499 4859 futura
2558 4805 2768 4873 iudicii.
2818 4803 2969 4862 Unde
3013 4819 3206 4858 omnes
3254 4811 3439 4872 gentes
3477 4810 3540 4862 et,

1952 4900 2132 4969 populi
2169 4908 2325 4952 terra:
2371 4905 2426 4951 et
2462 4897 2742 4966 plenitudo
2771 4898 2908 4965 ejus,
2951 4897 3099 4950 orbis
3127 4905 3180 4948 et
3217 4903 3412 4954 cuncta
3441 4907 3540 4962 ges

1951 4989 2157 5047 nimina
2192 4986 2330 5058 ejus.
2379 4998 2490 5040 tam
2526 5002 2646 5056 quae
2686 4988 3005 5042 habitantur
3051 4984 3196 5048 loca,
3223 4997 3383 5051 qnam
3413 4997 3546 5051 quin.

1954 5078 2337 5140 iuhabitahilia
2371 5087 2499 5134 sunt
2538 5077 2818 5131 nimietate
2845 5076 3063 5144 frigoris
3092 5085 3150 5138 et
3186 5075 3410 5138 caloris,
3443 5073 3544 5140 ju-t

1951 5171 2148 5231 bentur
2186 5172 2400 5234 audire,
2431 5183 2485 5224 et
2512 5187 2630 5240 qua:
2653 5179 2878 5224 ventura
2906 5177 3034 5228 sunt
3063 5182 3190 5231 cum
3211 5167 3357 5230 omni
3383 5182 3542 5220 mens

1953 5265 2024 5318 tis
2077 5275 2314 5317 tremore
2363 5279 2713 5331 cognoscere.
2761 5260 3071 5330 Indignatio
3123 5262 3269 5316 cnim
3321 5259 3542 5314 Domini.

1950 5369 2296 5424 nequaquam
2350 5369 2512 5424 super
2555 5368 2713 5412 uuam
2761 5362 2977 5422 gentem
3014 5349 3284 5414 Judzeazn,
3324 5360 3384 5404 et
3429 5350 3536 5401 As~

2025 5521 2044 5550 ⁸
2079 5520 2138 5578 ιιι
2170 5516 2450 5574 vetustiori
2484 5516 2659 5576 Vatic.
2693 5514 2968 5576 contrario
2994 5529 3157 5586 sensu
3186 5518 3267 5570 est
3303 5526 3320 5586 :_
3353 5515 3402 5566 ιι
3434 5520 3544 5586 {tota

1953 5591 2187 5710 dimittet1
2233 5588 2340 5670 vela
2370 5603 2386 5639 :
2419 5590 2640 5647 omnino
2671 5587 2856 5644 verius
2883 5586 2954 5638 ad
2991 5582 3236 5645 Grmeum
3270 5579 3331 5638 φ
3365 5579 3540 5647 laici:

1955 5677 2038 5710 σει
2070 5677 2138 5710 τα.
2196 5675 2341 5710 σείει.

1955 5677 2038 5718 σει
2070 5677 2140 5718 ἷσ,
2172 5675 2341 5720 ισςια.
