3952 6180
386 354 493 420 383

1576 355 1632 418 ς.
1675 306 1981 418 sesami
2027 358 2459 440 HIERONYMI

3520 352 3626 418 38L

387 468 564 537 syrios
614 471 775 534 atque
828 462 1139 529 Cltaldzeos,
1205 463 1516 534 Egyptios.
1570 463 1863 532 Moabitas,
1920 472 2043 528 etA
2077 482 2262 523 contra
2314 472 2508 540 impios
2550 468 2855 530 exacuitur,
2908 465 3269 535 aoplurimis
3309 466 3643 532 interfectis,

384 559 749 625 Animonitas,
782 568 837 612 et
878 558 1222 612 Philistbteos
1275 574 1289 611 :
1339 556 1431 609 sed
1462 565 1515 608 et
1549 567 1731 611 contra
1777 573 1963 611 omnes

388 663 600 717 gentes.
642 659 696 704 et
724 665 888 716 super
930 649 1239 703 universam
1284 648 1556 707 militiam.
1594 649 1707 702 sive
1736 661 1793 702 ιιι
1823 649 1965 704 LXX

390 742 804 805 transtulerunt,
849 756 1119 794 numerum
1154 757 1362 805 earum,
1414 752 1642 793 ventura
1699 742 1964 795 describi-

394 844 500 889 tnr.
535 848 652 899 qua:
694 829 981 884 interfit-irit
1017 846 1131 890 eas,
1175 840 1229 881 et
1275 828 1498 880 fetorem
1545 844 1832 897 corporum
1868 845 1968 898 pu-

395 923 742 976 trescentium
782 922 830 974 in
878 923 1049 975 altum
1083 921 1380 974 ascendere
1412 920 1575 975 faciat
1608 937 1622 974 :
1658 923 1970 991 significans

396 1026 611 1081 peccata
648 1013 887 1065 omnium
924 1012 1244 1065 nationum:
1287 1012 1358 1064 ita
1397 1021 1453 1065 ut
1501 1013 1653 1066 sanie
1683 1028 1871 1066 earum
1917 1023 1971 1066 et

404 1122 549 1173 Sptll‘t
571 1105 690 1166 itia,
724 1120 785 1157 ac
812 1105 1070 1172 sanguine
1096 1112 1307 1157 montes
1340 1105 1655 1170 repleantur
1679 1123 1691 1157 :
1715 1105 1969 1158 sublimes

396 1209 633 1265 quaeQuae
679 1196 909 1250 virtutes
961 1205 1015 1248 et
1055 1195 1254 1263 angeli,
1302 1197 1391 1263 qni
1459 1195 1684 1264 singulis
1725 1196 1973 1264 gentibus

399 1288 790 1354 prmsidebaul;
825 1295 880 1340 et
908 1288 1152 1340 tabescat
1186 1288 1362 1340 omnis
1387 1286 1575 1341 militia
1608 1288 1687 1341 vel
1716 1288 1973 1340 fortitudo

400 1379 684 1441 caelorum,
736 1376 1083 1446 replicantur,
1128 1378 1241 1430 sive
1280 1379 1672 1445 compliceutur
1708 1377 1829 1434 (πίειὶ
1866 1379 1973 1432 sic-

402 1480 459 1522 ut
490 1454 645 1529 li‘ber,
691 1478 743 1522 et
771 1468 948 1521 omnis
1010 1469 1193 1521 militia
1240 1478 1293 1522 et
1325 1470 1600 1524 exercitus
1640 1484 1853 1533 eorum,
1899 1480 1978 1520 at-

402 1577 525 1629 que,
572 1569 626 1611 ut
674 1556 813 1610 LXX
865 1558 1279 1622 trzmstulcrunt,
1323 1572 1368 1610 et
1421 1559 1588 1612 stella:
1626 1558 1886 1626 deﬂuant,
1922 1557 1974 1609 in

403 1650 811 1704 similitudinem
866 1651 1139 1710 foliorum.
1186 1665 1328 1718 quur,
1367 1650 1837 1719 appropinquante
1887 1649 1979 1702 fri-

405 1757 558 1808 gore,
597 1743 806 1794 arentia
857 1753 1020 1808 atque
1061 1750 1339 1795 contracta
1376 1742 1441 1794 de
1482 1743 1637 1794 vinea
1670 1751 1723 1803 et
1755 1741 1854 1794 licu
1885 1743 1980 1794 de-

405 1833 593 1884 tluuut.
642 1831 797 1898 Quod
828 1833 1043 1901 quidem
1075 1842 1129 1885 et
1158 1833 1407 1885 Salvator
1453 1832 1693 1899 loquitur
1724 1812 1777 1885 in
1810 1826 1982 1884 Evan-

407 1926 548 1991 pelio
584 1925 810 1984 :.Stella:
858 1930 1039 1977 cadent
1062 1928 1138 1977 de
1183 1924 1329 1987 coelo,
1384 1933 1433 1977 et
1475 1924 1688 1976 virtutes
1736 1925 1981 1977 cazlorum

409 2019 772 2078 niovebuntnr,
797 2026 845 2068 et
880 2024 1003 2068 tunc
1034 2017 1305 2083 apparebit
1338 2015 1538 2082 signum
1580 2013 1708 2067 Filii
1755 2015 1983 2069 hominis

409 2106 460 2157 in
486 2106 610 2158 certe
635 2102 847 2173 (Matth.
881 2119 1029 2166 xxiv,
1054 2104 1271 2173 29,30).
1302 2103 1364 2156 Et
1380 2104 1482 2157 hoc
1511 2105 1983 2169 considerantium,

410 2198 553 2265 quod
599 2212 705 2250 non
740 2199 884 2252 dicat
919 2197 1143 2251 interire
1185 2196 1377 2261 cmlos,
1410 2198 1502 2249 sed
1555 2196 1825 2264 replicari,
1872 2198 1985 2249 sive

409 2288 721 2359 complicari
747 2291 901 2359 quasi
927 2289 1147 2355 librum,
1174 2300 1228 2342 ut
1253 2297 1533 2359 postquam
1561 2290 1740 2342 omnia
1769 2299 1983 2357 peccata

408 2392 593 2452 aperta
644 2381 843 2438 fuerint
891 2392 945 2437 et
995 2385 1215 2449 reiecta,
1272 2384 1669 2452 complicentur
1713 2383 1801 2452 qui
1839 2382 1986 2449 prius

411 2477 580 2543 aperti
632 2476 867 2538 fuerant,
906 2485 964 2529 ut
1004 2490 1349 2544 nequaquam
1391 2475 1529 2527 ultra
1575 2475 1888 2529 soribantnr
1932 2475 1981 2526 in

408 2569 491 2622 eis
518 2567 711 2621 delicta
741 2567 1049 2621 multorum.
1105 2567 1178 2620 De
1210 2567 1580 2635 hujuscemodi
1617 2567 1770 2620 libris
1800 2566 1984 2618 Daniel

411 2662 462 2713 in
504 2675 603 2716 suo
652 2660 928 2714 volumine
964 2659 1248 2727 loquitur:
1288 2657 1557 2710 Iudicium
1589 2658 1742 2722 sedit,
1782 2668 1828 2710 et
1863 2657 1985 2709 libri

410 2752 580 2817 aperti
633 2762 754 2806 sunt
798 2749 975 2815 (Dan.
1034 2766 1131 2813 vn,
1175 2748 1313 2818 10),
1374 2750 1429 2802 in
1477 2750 1672 2817 quibus
1716 2748 1983 2817 descripta

411 2850 571 2896 erant
624 2852 789 2909 Opera
856 2839 1210 2909 singulorum.
1274 2840 1470 2895 Stellas
1533 2852 1711 2895 autem
1791 2842 1986 2897 cadere

414 2936 656 3001 plerique
721 2931 1050 2986 arbitrantur
1080 2933 1134 2997 ί,
1183 2932 1331 2998 juxta
1382 2934 1760 3004 Apocalypsitn
1816 2933 1985 2988 Joan-

416 3025 500 3078 nis
548 3026 690 3091 (cap.
728 3038 778 3077 νι
830 3032 883 3076 et
921 3022 1064 3092 vui),
1113 3032 1166 3076 et
1202 3023 1330 3077 illud
1389 3026 1531 3094 quod
1562 3026 1685 3079 alibi
1723 3027 1982 3097 scriptum

2080 564 2328 632 vaginam
2366 578 2519 617 suam
2546 562 2770 629 jubetur
2817 561 3043 615 intrare.
3084 559 3329 629 Cumque
3358 559 3663 615 inebriatus

2068 655 2227 710 fuerit
2255 667 2303 707 ct
2335 655 2567 720 repletus
2593 655 2641 705 in
2682 653 2843 713 cmlo,
2883 654 2983 705 hoc
3005 663 3110 711 cst.
3140 652 3192 704 in
3218 666 3365 714 acre,
3406 652 3497 717 qui
3521 666 3659 704 con-

2070 748 2357 801 suetudine
2415 746 2817 814 Scripturarum
2880 744 3077 799 emtum
3132 744 3352 804 dicitur,
3411 752 3535 797 tunc
3588 746 3662 798 ad

2071 839 2353 892 lalnnnvam
2407 853 2644 906 quoque,
2699 838 2747 889 id
2796 845 2902 902 est,
2938 836 3004 888 ad
3062 846 3275 887 terrena
3316 836 3608 889 descendet
3646 852 3664 888 :

2071 939 2129 986 ut
2162 942 2277 995 post
2322 946 2534 999 pinnam
2574 929 2876 999 diL'lelIllii
2922 929 3084 982 etiam
3150 927 3428 979 hominum
3461 928 3668 979 animae

2069 1022 2399 1088 iudicentur.
2453 1021 2692 1081 ldumwa
2745 1020 2945 1088 quippe
2986 1020 3046 1071 in
3095 1017 3275 1086 lingua
3319 1029 3502 1072 nostra
3551 1028 3668 1071 ter-

1982 1174 2019 1187 κ
2076 1134 2256 1171 renaut
2304 1128 2485 1171 sonat.
2524 1116 2883 1183 Ileplelusqne
2913 1122 2996 1167 est
3030 1114 3315 1183 sanguine.
3357 1124 3408 1167 et
3447 1114 3667 1166 incras-

2076 1219 2228 1262 satus
2252 1209 2409 1274 adipe
2433 1222 2696 1274 agnorum
2722 1214 2776 1260 et
2803 1206 3098 1266 hircorum,
3130 1203 3669 1270 inednllatorumque

2080 1301 2305 1352 arietum
2339 1307 2501 1364 atque
2548 1307 2825 1348 taurorum
2861 1313 2873 1348 :
2925 1304 2982 1346 ut
3014 1303 3067 1348 et
3098 1288 3365 1361 principes
3395 1302 3446 1343 et
3493 1307 3671 1359 popu-

2018 1430 2021 1433 .
2077 1390 2190 1443 lum
2236 1390 2439 1455 pariter
2467 1387 2735 1455 signiﬁcet
2764 1385 3088 1455 puniendos.
3120 1381 3351 1438 Victima
3381 1382 3527 1437 enim
3561 1382 3670 1434 Do—

2081 1480 2211 1530 mini
2246 1480 2298 1531 in
2336 1478 2524 1541 liost‘a,
2558 1485 2609 1529 ct
2652 1475 2962 1529 interfectio
2987 1488 3177 1544 magna
3208 1474 3261 1527 in
3298 1482 3436 1531 terra
3463 1471 3668 1526 Edotn.

2082 1568 2154 1621 De
2194 1585 2294 1635 qua
2336 1567 2497 1620 Bosra
2550 1577 2603 1621 et
2658 1568 2889 1621 Iduma‘a
2918 1565 3085 1618 etiam
3119 1564 3170 1618 in
3202 1564 3672 1631 consequentibus

2083 1662 2174 1723 (ad
2206 1676 2357 1723 unt,
2410 1660 2457 1723 l)
2495 1659 2633 1711 idem
2676 1659 2941 1724 Propheta
3001 1665 3229 1711 testatur
3258 1654 3444 1709 dicens
3476 1671 3509 1719 ς,
3536 1653 3675 1718 Qui:

2085 1762 2160 1805 est
2214 1753 2300 1819 qui
2357 1751 2496 1804 venit
2540 1751 2602 1802 de
2652 1749 2817 1803 Edam
2848 1764 2868 1804 ζ
2917 1732 3077 1801 rubra
3108 1748 3407 1800 vestimenta
3444 1746 3561 1815 ejus
3604 1744 3676 1796 de

2092 1844 2257 1896 L-‘osra
2290 1843 2356 1895 ‘?
2394 1844 2455 1895 lit
2498 1841 2739 1895 nonnulli
2795 1840 3132 1902 existimant,
3172 1838 3297 1906 quia
3335 1836 3506 1891 Bosor
3539 1851 3673 1888 raro

2086 1934 2309 1997 dit-itur,
2340 1949 2432 2003 per
2472 1934 2744 1986 victimam
2776 1916 2982 1985 Domini
3024 1930 3213 1997 Bosra,
3240 1937 3505 1983 tormenta
3545 1943 3671 1981 0m-

2090 2027 2235 2076 nium
2264 2026 2316 2077 iu
2362 2040 2522 2077 earnn
2562 2023 2890 2085 monstrari;
2928 2022 3020 2091 qui
3049 2019 3137 2089 pio
3180 2022 3674 2097 labunturertore.

2089 2115 2143 2168 lu
2183 2118 2432 2185 praua-nti
2481 2117 2624 2168 enim
2676 2116 2796 2169 loco
2852 2129 2957 2187 non
2998 2128 3095 2184 per
3127 2128 3210 2168 sm
3244 2113 3503 2176 litteram,
3549 2126 3677 2180 qua:

2090 2210 2140 2258 in
2196 2222 2361 2261 eoson
2422 2207 2614 2275 (ηψπ),
2651 2207 2750 2260 hoc
2792 2214 2890 2261 est.
2962 2206 3014 2256 in
3070 2212 3248 2267 carne,
3288 2205 3541 2272 pooi'ur;
3573 2203 3675 2257 sed

2088 2315 2185 2367 per
2258 2313 2390 2351 sane
2461 2298 2742 2361 scribitur,
2798 2306 2851 2350 et
2899 2280 3062 2350 ansas
3099 2298 3295 2364 (nam)
3347 2294 3675 2364 appelL-tur,

2087 2407 2207 2458 qua:
2248 2390 2404 2457 juxta
2436 2388 2619 2443 Jesum
2667 2396 2721 2442 et
2754 2388 3046 2443 Jeremiam
3098 2388 3430 2451 non'Edom.
3479 2388 3530 2441 id
3563 2399 3675 2453 est,

2088 2486 2320 2539 Llnmaza
2346 2501 2361 2540 :
2387 2485 2477 2536 sed
2502 2486 2552 2535 in
2577 2492 2715 2536 terra
2739 2480 2893 2535 Moab
2916 2481 3187 2534 invenitur
3207 2481 3423 2549 (Jerem.
3458 2485 3676 2548 xm'tu).

2091 2577 2261 2629 Πρω-α
2293 2588 2473 2628 autem
2513 2574 2563 2626 in
2605 2574 2780 2645 lingua
2816 2583 3001 2625 nostra
3042 2572 3298 2624 munitam
3327 2580 3485 2625 sonat
3509 2584 3680 2639 atque

2089 2666 2487 2727 circumdatam,
2536 2664 2649 2719 sive
2700 2665 2962 2731 ﬁrmatam
3000 2678 3019 2715 :
3064 2675 3120 2715 ut
3165 2663 3349 2716 orbem
3406 2673 3676 2713 terrarum

2090 2756 2297 2807 llotniii
2331 2754 2603 2807 voluntate
2632 2754 2819 2808 doceat
3032 2767 3153 2822 esse
3180 2738 3489 2815 solidatutn,
3512 2750 3677 2820 jurta

2091 2846 2218 2898 illud
2253 2845 2392 2914 quod
2428 2846 2477 2897 in
2507 2845 2718 2898 PSaItuo
2742 2846 2953 2896 canitur
2978 2860 2991 2897 ;
3017 2819 3129 2909 Ipse
3156 2857 3313 2908 super
3344 2842 3515 2894 mariu
3546 2842 3679 2905 [uno

2087 2938 2229 2990 dabit
2284 2953 2425 3000 eum,
2465 2947 2514 2989 et
2545 2953 2699 3003 super
2738 2937 2957 3002 ﬂuntina
2982 2934 3255 2987 collocavit
3295 2932 3442 2986 illum
3483 2931 3677 3001 (Paul.

2087 3046 2240 3095 mn,
2258 3030 2313 3092 2)
2338 3047 2352 3095 ;
2372 3028 2507 3084 etde
2526 3028 2781 3082 ﬁrmitate
2798 3038 2952 3081 terrae
2971 3041 3035 3080 ex
3063 3040 3291 3096 persona
3312 3024 3403 3076 Dei
3427 3023 3625 3076 dicitur
3660 3022 3675 3059 ³

414 3125 499 3169 est
531 3134 545 3170 :
598 3114 778 3170 Stellte
842 3117 1102 3171 universa?
1158 3118 1398 3171 ardentes
1459 3117 1744 3181 solventur,
1788 3128 1836 3172 et
1888 3136 1983 3173 cae-
2018 3136 2061 3193 ε
2098 3121 2209 3191 Ego
2248 3119 2455 3189 ﬁrmavi
2483 3118 2753 3172 columnas
2780 3117 2893 3188 ejus
2919 3116 3085 3177 (Psal.
3112 3132 3287 3177 Lxxtv,
3324 3116 3401 3182 Δ).
3431 3114 3680 3182 Culumle

418 3210 527 3262 lum
580 3226 643 3262 ac
718 3220 861 3263 terra
928 3210 1224 3263 transibunt
1278 3208 1431 3279 (Luc.
1494 3227 1549 3274 ι,
1611 3211 1687 3281 2).
1747 3210 1993 3266 l’rteterit

417 3305 560 3357 enim
605 3303 771 3371 figura
831 3300 994 3370 hujus
1050 3302 1231 3357 mundi
1291 3301 1344 3371 (1
1383 3301 1506 3356 Cor.
1565 3317 1661 3368 vn,
1700 3302 1812 3370 5!).
1862 3302 1993 3366 Qni-

423 3400 545 3447 dam
600 3395 667 3449 de
715 3394 801 3448 bis
838 3394 1009 3448 stellis
1050 3393 1156 3447 diei
1207 3393 1462 3462 putant’,
1490 3409 1609 3462 qua:
1655 3395 1707 3447 in
1741 3396 1877 3449 (ηειο
1905 3410 1994 3447 ru-

423 3486 601 3550 tilant,
642 3496 699 3539 ut
722 3487 773 3540 in
812 3494 963 3555 parte
1015 3496 1343 3539 monstretur
1375 3496 1426 3538 et
1466 3482 1633 3539 totum
1663 3527 1675 3551 ,
1710 3487 1851 3556 quod
1886 3490 1995 3541 sci-

424 3579 547 3632 licet
586 3594 679 3647 per
698 3578 975 3632 st-llarum
1015 3576 1225 3629 ruinam
1271 3577 1431 3630 etiam
1457 3579 1715 3631 caelorum
1744 3579 1996 3632 interitus

422 3672 738 3725 ostendatur
768 3671 853 3743 (Il
886 3671 1011 3725 Cor.
1047 3673 1162 3739 vn).
1196 3670 1299 3723 Alii
1335 3686 1461 3725 vero
1486 3671 1646 3743 442
1684 3674 1779 3727 bas
1808 3673 1993 3726 stellas

425 3769 617 3827 putant
642 3773 762 3815 esse
789 3760 1046 3821 ruituras,
1082 3764 1148 3814 de
1170 3761 1367 3829 quibus
1394 3769 1444 3815 et
1485 3761 1680 3816 Paulus
1708 3764 1997 3831 Apostolus

422 3850 652 3906 scribit:
681 3851 801 3907 Non
844 3864 917 3906 est
951 3854 1099 3909 nobis
1128 3866 1387 3907 certamen
1418 3857 1665 3910 adversus
1688 3859 1995 3925 sanguinem

423 3953 472 3997 et
506 3959 734 4008 carnem,
763 3945 849 3996 sed
875 3945 1121 3999 adversus
1160 3947 1507 4015 principatus,
1539 3950 1788 4002 adversus
1826 3959 1998 4014 potes-

428 4040 582 4096 tates,
607 4034 855 4086 adversus
886 4046 1108 4087 rectores
1132 4036 1459 4088 tenebrarum
1486 4022 1727 4101 istarum,
1754 4038 1999 4093 adversus

426 4126 730 4186 spiritualia
762 4128 1005 4193 nequitiw
1029 4128 1081 4179 in
1113 4126 1398 4180 caelestibus
1418 4128 1633 4195 (Ep/tes.
1660 4144 1730 4193 ιι,
1769 4129 1999 4200 l2).Nec

431 4216 629 4268 mirum
667 4217 709 4269 si
760 4216 1033 4271 daemones
1063 4217 1159 4285 qui
1195 4218 1247 4268 in
1285 4232 1411 4271 aere
1449 4217 1714 4282 habitant,
1753 4221 2003 4274 dicantur

432 4320 552 4359 esse
597 4308 873 4371 caelestes,
913 4323 1037 4361 cum
1072 4308 1237 4360 etiam
1272 4309 1520 4363 volucres
1561 4310 1700 4376 mali,
1736 4325 1854 4378 quae
1899 4311 2003 4364 uti-

434 4411 543 4465 quo
590 4412 695 4450 non
734 4399 783 4451 iu
830 4402 990 4465 ccelo,
1024 4401 1118 4453 sed
1163 4402 1217 4452 in
1264 4415 1389 4454 acre
1428 4401 1671 4465 volitant,
1717 4401 1995 4474 Scriptura

434 4494 799 4557 cngnmninet.
834 4492 964 4545 Nam
998 4504 1048 4546 et
1081 4494 1309 4547 Satanas
1353 4495 1772 4562 transliguratur
1808 4498 1855 4548 in
1904 4515 1999 4550 ειη--

434 4586 609 4652 gentm
656 4586 787 4639 locis
818 4583 911 4653 (ll
949 4584 1066 4638 Cor.
1109 4585 1205 4653 XI),
1242 4585 1449 4639 atellam
1481 4601 1537 4640 se
1573 4601 1691 4639 esse
1715 4587 1999 4641 sinmlans.

434 4677 495 4731 Et
528 4677 775 4731 Salvator
800 4679 925 4732 vidit
948 4694 1067 4732 eum
1093 4680 1245 4752 quasi
1272 4678 1445 4747 fu!gur
1474 4684 1537 4731 de
1561 4679 1697 4734 cwlo
1724 4683 2002 4734 cadentem

438 4770 592 4842 (an.
629 4773 702 4840 ι).
738 4771 801 4825 Et
839 4772 1167 4839 trnpologice
1200 4771 1265 4825 de
1297 4788 1362 4825 eo
1406 4772 1557 4840 quasi
1603 4771 1671 4825 de
1706 4771 1858 4824 stella
1895 4788 2004 4824 ma-

436 4879 541 4933 gna
579 4865 831 4919 dicitur:
886 4862 1162 4928 Quomodo
1220 4863 1407 4916 cecidit
1460 4862 1672 4931 Lucifer
1717 4864 1805 4926 qui
1855 4876 2006 4914 mane

436 4956 707 5011 oriebatur
742 4955 879 5028 (Ira.
927 4972 1039 5021 xw,
1080 4955 1214 5022 12)?
1251 4953 1372 5007 llaec
1416 4957 1659 5008 nniicrszt
1698 4955 1843 5016 lient,
1877 4954 1998 5021 quia

438 5049 733 5105 inebriatus
778 5060 862 5103 est
907 5051 958 5103 in
994 5050 1131 5105 caelo
1183 5048 1395 5117 gladius
1433 5048 1571 5113 ejus,
1630 5063 1789 5114 paena
1844 5056 2005 5113 atque

441 5143 730 5202 sententia,
753 5151 806 5194 et
828 5142 961 5195 ultio
987 5143 1039 5195 in
1067 5150 1401 5209 peccatores.
1426 5154 1542 5206 qua:
1562 5138 1835 5206 profertur
1857 5156 1885 5189 a
1908 5137 2007 5187 Dn-

440 5233 607 5287 mino.
624 5231 724 5298 Qui
755 5234 1031 5305 gladinsct
1054 5238 1317 5287 machaera
1359 5235 1412 5286 in
1448 5230 1692 5285 Ezechiel
1722 5230 1867 5300 (cap.
1891 5226 2003 5299 xxi)

544 5432 560 5465 ⁸
590 5430 820 5486 Verbum
870 5432 1202 5486 arbitrantur
1233 5428 1489 5497 expuncit
1540 5420 1835 5487 Victorius,
1870 5434 2004 5497 itum

436 5504 577 5559 serie
621 5503 880 5558 continua
930 5503 1059 5570 legit
1093 5518 1205 5554 rere
1247 5496 1342 5553 has
1392 5499 1593 5559 stellas,
1646 5496 1919 5570 quanton
1952 5505 2007 5548 et

439 5575 493 5628 in
530 5575 697 5628 Vatic.
738 5591 839 5631 nos.
866 5567 1133 5644 assentior
1168 5572 1430 5644 dicemus.
1475 5570 1748 5644 Etverior
1790 5567 2004 5644 quidem

436 5657 512 5699 es!
552 5659 744 5701 sensus
777 5662 899 5697 cum
935 5658 1040 5697 non
1069 5643 1169 5696 nisi
1195 5644 1330 5707 duas
1354 5643 1417 5693 de
1443 5641 1585 5692 veris
1612 5652 1804 5703 nempe
1827 5636 2000 5690 stellis

440 5730 502 5767 ac
526 5718 589 5769 de
613 5717 874 5782 mysticis,
899 5715 1181 5780 opiniones
1222 5712 1572 5778 llieronymus
1599 5717 1783 5782 ponat,
1806 5718 1861 5759 et
1891 5718 2008 5773 qum

443 5779 1001 5841 aduncit—testimonia
1033 5784 1242 5837 duabus
1292 5790 1493 5833 tantunt
1532 5779 1873 5845 conveniant,
1901 5790 2005 5829 non

2100 3213 2315 3265 victima
2345 3209 2555 3265 Domini
2579 3208 2740 3265 fuerit
2765 3211 2816 3262 in
2853 3208 3039 3271 Bosra,
3071 3221 3122 3263 et
3145 3206 3448 3261 interfectio
3471 3206 3589 3274 ejus
3618 3204 3679 3257 in

2101 3300 2353 3364 ldunura,
2384 3299 2718 3354 descendent
2748 3301 3038 3354 unicornes
3073 3315 3195 3351 cum
3228 3298 3397 3352 tauris
3443 3294 3683 3365 potenti-

2104 3393 2225 3456 bns,
2277 3408 2429 3460 rcges
2458 3391 2708 3446 videlicet
2735 3402 2786 3445 et
2816 3391 3086 3460 principes
3121 3402 3276 3442 teme
3308 3386 3433 3461 [ΑΙ.
3466 3383 3633 3458 ejus]
3660 3402 3677 3449 ;

2098 3495 2151 3538 et
2200 3485 2379 3536 oauria
2428 3483 2845 3541 interfectiunis.
2893 3492 2946 3535 et
2982 3481 3258 3551 sanguinis
3299 3480 3676 3547 replebunIor,

2102 3583 2155 3627 et
2198 3576 2353 3643 adipe
2388 3576 2660 3642 quondam
2710 3575 2935 3627 divitum
2973 3588 3036 3625 ac
3078 3582 3387 3639 potentum.
3429 3570 3529 3623 Per
3557 3583 3681 3636 quae

2104 3669 2288 3727 verba,
2336 3666 2485 3734 juxta
2543 3667 2832 3720 humanam
2886 3664 3360 3728 consuetudinem,
3409 3671 3678 3715 terrorem

2102 3750 2448 3810 audientibus
2491 3755 2829 3821 incutienlia,
2862 3755 2916 3808 in
2948 3758 3137 3808 omnes
3168 3754 3437 3824 principes
3478 3768 3542 3809 ac,
3576 3767 3682 3822 po-

2106 3859 2301 3911 tentes,
2328 3848 2660 3917 populosque
2686 3862 2749 3900 ac
2772 3862 2969 3913 parvos
2994 3854 3256 3901 tormenta
3283 3856 3678 3903 monstrantur.

2102 3939 2292 4005 Busta,
2325 3940 2374 3993 id
2408 3950 2511 4004 est,
2553 3941 2833 4002 niunitam,
2874 3949 3031 4008 atque
3066 3938 3356 4007 ﬁrmatam,
3389 3947 3440 3990 et
3484 3938 3677 4004 Edom,

2103 4034 2216 4088 sive
2238 4034 2426 4096 Dama,
2448 4044 2502 4088 et
2531 4033 2840 4098 Idumaeam,
2861 4030 3165 4085 Jntlazcrum
3193 4030 3428 4097 xiiapistri
3450 4028 3678 4083 Romam

2106 4124 2329 4190 intelligi
2376 4124 2580 4188 volunt,
2607 4134 2660 4176 et
2694 4124 2871 4176 omnia
2907 4123 2971 4176 de
3011 4123 3121 4191 ipsa
3150 4123 3255 4176 dici
3288 4136 3406 4191 qua:
3431 4119 3686 4190 sequenti

2104 4215 2340 4284 capitulo
2388 4215 2750 4290 continentur.

2176 4307 2356 4377 (Vers.
2392 4308 2423 4362 8
2454 4309 2633 4377 seqq.)
2675 4326 2694 4358 ι
2735 4307 2868 4371 Quia
2901 4307 3015 4361 dies
3051 4307 3274 4361 ultionis
3299 4307 3535 4370 Domini,
3581 4323 3689 4361 an-

2105 4413 2205 4453 nos
2257 4400 2671 4454 retributionqu
2722 4399 2914 4468 jndicii
2979 4397 3129 4453 Sion.
3178 4400 3244 4452 Et
3298 4410 3689 4457 convertentur

2114 4501 2379 4545 torrentes
2403 4492 2522 4558 ejus
2561 4491 2610 4543 iu
2642 4492 2837 4559 picem,
2864 4502 2916 4544 et
2949 4493 3146 4544 humus
3175 4491 3293 4554 eius
3323 4492 3374 4545 in
3406 4492 3683 4562 sulphur;

2110 4589 2165 4633 ct
2210 4581 2313 4635 erit
2369 4593 2511 4636 terra
2545 4580 2658 4651 ejus
2687 4583 2736 4635 in
2780 4584 2949 4651 picem
2981 4584 3281 4635 ardentem.
3313 4581 3480 4636 Nocte
3511 4592 3565 4635 et
3599 4583 3690 4638 die

2113 4686 2217 4724 non
2247 4673 2643 4741 exstinguetur,
2686 4673 2739 4725 in
2784 4674 3170 4743 sempiternum
3204 4674 3458 4729 ascendet
3505 4673 3689 4731 furnus

2115 4764 2230 4833 ejus
2265 4779 2279 4821 ;
2318 4778 2346 4816 a
2390 4764 2739 4829 generatione
2775 4769 2825 4818 in
2879 4765 3280 4832 generationem
3328 4764 3686 4834 desolabitur,

2114 4855 2165 4905 in
2199 4855 2452 4908 Slvt'ltlunl
2492 4854 2811 4908 saeculorum
2843 4870 2947 4909 non
2980 4858 3085 4909 erit
3113 4855 3385 4910 transiens
3411 4870 3506 4923 per
3540 4870 3685 4910 eam.

2117 4945 2175 4998 Et
2228 4946 2581 5013 possidebunt
2614 4945 2759 5000 illam
2804 4948 3172 5013 onocrotalus,
3221 4958 3270 5000 et
3321 4949 3575 5013 ltericius,
3632 4960 3690 5003 et

2116 5038 2241 5097 ibis.
2261 5048 2316 5089 et
2357 5050 2552 5090 corvus
2586 5036 2902 5090 babitabunt
2925 5038 2977 5090 iu
3002 5051 3086 5103 ea,
3106 5041 3494 5092 etextendctur
3524 5053 3691 5107 super

2112 5146 2229 5185 eazu
2253 5142 2526 5191 mensura;
2546 5135 2605 5180 ut
2626 5129 2899 5194 redigatur
2911 5128 2975 5181 ad
2993 5127 3163 5191 niltili,
3180 5140 3231 5182 et
3249 5130 3690 5197 perpendiculum

2114 5222 2167 5276 in
2199 5221 2607 5276 desolationem.
2639 5220 2856 5274 Nobiles
2893 5219 3007 5289 ejus
3039 5236 3143 5275 noo
3173 5230 3333 5274 erunt
3361 5222 3474 5288 ibi;
3505 5237 3690 5291 regem

2117 5428 2334 5492 tribus;
2382 5424 2628 5493 praestitit
2685 5431 2863 5476 tamen
2914 5422 2979 5475 de
3015 5421 3119 5487 his,
3163 5429 3418 5476 contextu
3455 5420 3690 5491 integro,

2115 5498 2482 5549 admonuisse.

2187 5570 2206 5598 ³
2245 5569 2356 5617 Duo
2402 5562 2593 5623 Vatic.,
2615 5562 2739 5617 Vere
2768 5562 2860 5615 fias
2890 5560 3067 5614 stellas
3100 5561 3203 5613 dici
3230 5566 3435 5628 putant,
3474 5565 3584 5613 etc.

2187 5637 2207 5668 ³
2238 5634 2401 5689 ltdom
2431 5651 2550 5685 tum
2582 5633 2759 5697 Vulp..
2793 5634 2968 5685 tinctis
3002 5634 3228 5685 restibus
3255 5632 3316 5683 de
3336 5629 3546 5693 Bona;
3578 5639 3692 5684 tum

2119 5706 2305 5768 Busar,
2347 5722 2443 5775 pro
2490 5703 2659 5757 Βοευιι
2689 5713 3018 5758 constanter.
