  <div class='ocr_page' id='page_1' title='image "/cluster/home/n/w/nwhite01/storage/ocr_20150623/24/hvd.32044096580485/198.png"; bbox 0 0 3952 6180; ppageno 0'>
   <div class='ocr_carea' id='block_1_1' title="bbox 282 321 403 381">
    <p class='ocr_par' dir='ltr' id='par_1_1' title="bbox 282 321 403 381">
     <span class='ocr_line' id='line_1_1' title="bbox 282 321 403 381; baseline -0.008 0"><span class='ocrx_word' id='word_1_1' title='bbox 282 321 403 381; x_wconf 76' lang='lat'><strong>335</strong></span> 
     </span>
    </p>
   </div>
   <div class='ocr_carea' id='block_1_2' title="bbox 282 435 1029 507">
    <p class='ocr_par' dir='ltr' id='par_1_2' title="bbox 282 435 1029 507">
     <span class='ocr_line' id='line_1_2' title="bbox 282 435 1029 507; baseline 0.001 -20"><span class='ocrx_word' id='word_1_2' title='bbox 282 452 476 507; x_wconf 73' lang='grc' dir='ltr'>ρυιιυε</span> <span class='ocrx_word' id='word_1_3' title='bbox 551 435 918 500; x_wconf 71' lang='lat' dir='ltr'><strong>invocabant,</strong></span> <span class='ocrx_word' id='word_1_4' title='bbox 975 448 1029 488; x_wconf 86' lang='lat' dir='ltr'><strong>et</strong></span> 
     </span>
    </p>
   </div>
   <div class='ocr_carea' id='block_1_3' title="bbox 282 526 1881 598">
    <p class='ocr_par' dir='ltr' id='par_1_3' title="bbox 282 526 1881 598">
     <span class='ocr_line' id='line_1_3' title="bbox 282 526 1881 598; baseline -0.003 -13"><span class='ocrx_word' id='word_1_5' title='bbox 282 542 450 585; x_wconf 87' lang='lat' dir='ltr'><strong>erunt</strong></span> <span class='ocrx_word' id='word_1_6' title='bbox 483 533 536 583; x_wconf 88' lang='lat' dir='ltr'><strong>in</strong></span> <span class='ocrx_word' id='word_1_7' title='bbox 590 531 768 584; x_wconf 87' lang='lat' dir='ltr'><strong>ttihili.</strong></span> <span class='ocrx_word' id='word_1_8' title='bbox 810 529 873 582; x_wconf 77' lang='lat' dir='ltr'><strong>Et</strong></span> <span class='ocrx_word' id='word_1_9' title='bbox 895 534 1142 584; x_wconf 90' lang='lat' dir='ltr'><strong>orientur</strong></span> <span class='ocrx_word' id='word_1_10' title='bbox 1177 531 1226 582; x_wconf 88' lang='lat' dir='ltr'><strong>itt</strong></span> <span class='ocrx_word' id='word_1_11' title='bbox 1260 531 1422 583; x_wconf 89' lang='lat' dir='ltr'><strong>domo</strong></span> <span class='ocrx_word' id='word_1_12' title='bbox 1460 526 1571 598; x_wconf 74' lang='lat' dir='ltr'><strong>[AL</strong></span> <span class='ocrx_word' id='word_1_13' title='bbox 1604 527 1881 597; x_wconf 85' lang='lat' dir='ltr'><strong>domibus]</strong></span> 
     </span>
    </p>
   </div>
   <div class='ocr_carea' id='block_1_4' title="bbox 278 621 1881 692">
    <p class='ocr_par' dir='ltr' id='par_1_4' title="bbox 278 621 1881 692">
     <span class='ocr_line' id='line_1_4' title="bbox 278 621 1881 692; baseline -0.001 -16"><span class='ocrx_word' id='word_1_14' title='bbox 278 622 409 692; x_wconf 82' lang='lat' dir='ltr'><strong>ejus</strong></span> <span class='ocrx_word' id='word_1_15' title='bbox 451 623 640 691; x_wconf 46' lang='lat' dir='ltr'><strong>spinae,</strong></span> <span class='ocrx_word' id='word_1_16' title='bbox 678 635 731 676; x_wconf 90' lang='lat' dir='ltr'><strong>et</strong></span> <span class='ocrx_word' id='word_1_17' title='bbox 770 625 979 684; x_wconf 74' lang='lat' dir='ltr'><strong>ttrtiCte,</strong></span> <span class='ocrx_word' id='word_1_18' title='bbox 1016 630 1070 674; x_wconf 84' lang='lat' dir='ltr'><strong>et</strong></span> <span class='ocrx_word' id='word_1_19' title='bbox 1107 622 1348 688; x_wconf 83' lang='lat' dir='ltr'><strong>paliurus</strong></span> <span class='ocrx_word' id='word_1_20' title='bbox 1387 622 1442 674; x_wconf 90' lang='lat' dir='ltr'><strong>in</strong></span> <span class='ocrx_word' id='word_1_21' title='bbox 1478 621 1881 675; x_wconf 74' lang='lat' dir='ltr'><strong>munitionibus</strong></span> 
     </span>
    </p>
   </div>
   <div class='ocr_carea' id='block_1_5' title="bbox 281 714 1885 783">
    <p class='ocr_par' dir='ltr' id='par_1_5' title="bbox 281 714 1885 783">
     <span class='ocr_line' id='line_1_5' title="bbox 281 714 1885 783; baseline -0.002 -15"><span class='ocrx_word' id='word_1_22' title='bbox 281 715 408 783; x_wconf 84' lang='lat' dir='ltr'><strong>ejus</strong></span> <span class='ocrx_word' id='word_1_23' title='bbox 438 731 453 778; x_wconf 87' lang='lat'><strong>;</strong></span> <span class='ocrx_word' id='word_1_24' title='bbox 491 724 545 768; x_wconf 88' lang='lat' dir='ltr'><strong>et</strong></span> <span class='ocrx_word' id='word_1_25' title='bbox 577 716 680 767; x_wconf 90' lang='lat' dir='ltr'><strong>erit</strong></span> <span class='ocrx_word' id='word_1_26' title='bbox 714 715 892 768; x_wconf 68' lang='lat' dir='ltr'><strong>cubile</strong></span> <span class='ocrx_word' id='word_1_27' title='bbox 925 714 1252 776; x_wconf 82' lang='lat' dir='ltr'><strong>draconum,</strong></span> <span class='ocrx_word' id='word_1_28' title='bbox 1289 722 1345 767; x_wconf 88' lang='lat' dir='ltr'><strong>et</strong></span> <span class='ocrx_word' id='word_1_29' title='bbox 1376 729 1574 782; x_wconf 87' lang='lat' dir='ltr'><strong>pascua</strong></span> <span class='ocrx_word' id='word_1_30' title='bbox 1620 714 1885 766; x_wconf 81' lang='lat' dir='ltr'><strong>Stt‘tttltio&#39;</strong></span> 
     </span>
    </p>
   </div>
   <div class='ocr_carea' id='block_1_6' title="bbox 283 802 1884 873">
    <p class='ocr_par' dir='ltr' id='par_1_6' title="bbox 283 802 1884 873">
     <span class='ocr_line' id='line_1_6' title="bbox 283 802 1884 873; baseline -0.001 -15"><span class='ocrx_word' id='word_1_31' title='bbox 283 821 443 858; x_wconf 85' lang='lat' dir='ltr'><strong>num.</strong></span> <span class='ocrx_word' id='word_1_32' title='bbox 464 807 529 859; x_wconf 85' lang='lat' dir='ltr'><strong>Et</strong></span> <span class='ocrx_word' id='word_1_33' title='bbox 556 802 847 859; x_wconf 74' lang='lat' dir='ltr'><strong>occurrent</strong></span> <span class='ocrx_word' id='word_1_34' title='bbox 872 806 1136 859; x_wconf 79' lang='lat' dir='ltr'><strong>da:monia</strong></span> <span class='ocrx_word' id='word_1_35' title='bbox 1159 807 1568 865; x_wconf 77' lang='lat' dir='ltr'><strong>onorentauris.</strong></span> <span class='ocrx_word' id='word_1_36' title='bbox 1602 814 1655 858; x_wconf 75' lang='lat' dir='ltr'><strong>et</strong></span> <span class='ocrx_word' id='word_1_37' title='bbox 1680 804 1884 873; x_wconf 85' lang='lat' dir='ltr'><strong>pilosus</strong></span> 
     </span>
    </p>
   </div>
   <div class='ocr_carea' id='block_1_7' title="bbox 282 895 1883 969">
    <p class='ocr_par' dir='ltr' id='par_1_7' title="bbox 282 895 1883 969">
     <span class='ocr_line' id='line_1_7' title="bbox 282 895 1883 969; baseline -0.002 -19"><span class='ocrx_word' id='word_1_38' title='bbox 282 897 545 951; x_wconf 73' lang='lat' dir='ltr'><strong>clamabit</strong></span> <span class='ocrx_word' id='word_1_39' title='bbox 582 897 719 949; x_wconf 86' lang='lat' dir='ltr'><strong>alter</strong></span> <span class='ocrx_word' id='word_1_40' title='bbox 743 898 807 947; x_wconf 90' lang='lat' dir='ltr'><strong>ad</strong></span> <span class='ocrx_word' id='word_1_41' title='bbox 837 896 1065 950; x_wconf 82' lang='lat' dir='ltr'><strong>alterum</strong></span> <span class='ocrx_word' id='word_1_42' title='bbox 1092 914 1106 961; x_wconf 89' lang='lat'><strong>;</strong></span> <span class='ocrx_word' id='word_1_43' title='bbox 1138 897 1205 949; x_wconf 90' lang='lat' dir='ltr'><strong>ibi</strong></span> <span class='ocrx_word' id='word_1_44' title='bbox 1234 897 1455 950; x_wconf 87' lang='lat' dir='ltr'><strong>cubabit</strong></span> <span class='ocrx_word' id='word_1_45' title='bbox 1494 895 1610 969; x_wconf 71' lang='grc' dir='ltr'><strong>[Αἰ.</strong></span> <span class='ocrx_word' id='word_1_46' title='bbox 1640 895 1883 967; x_wconf 77' lang='lat' dir='ltr'><strong>cultavit]</strong></span> 
     </span>
    </p>
   </div>
   <div class='ocr_carea' id='block_1_8' title="bbox 285 986 1883 1059">
    <p class='ocr_par' dir='ltr' id='par_1_8' title="bbox 285 986 1883 1059">
     <span class='ocr_line' id='line_1_8' title="bbox 285 986 1883 1059; baseline 0 -18"><span class='ocrx_word' id='word_1_47' title='bbox 285 989 476 1053; x_wconf 74' lang='lat' dir='ltr'><strong>lautia,</strong></span> <span class='ocrx_word' id='word_1_48' title='bbox 527 999 581 1042; x_wconf 80' lang='lat' dir='ltr'><strong>ct</strong></span> <span class='ocrx_word' id='word_1_49' title='bbox 614 989 852 1042; x_wconf 62' lang='lat' dir='ltr'><strong>inveniet</strong></span> <span class='ocrx_word' id='word_1_50' title='bbox 891 986 1004 1059; x_wconf 77' lang='grc' dir='ltr'><strong>[Αἰ.</strong></span> <span class='ocrx_word' id='word_1_51' title='bbox 1059 987 1291 1058; x_wconf 79' lang='lat' dir='ltr'><strong>invenit]</strong></span> <span class='ocrx_word' id='word_1_52' title='bbox 1332 990 1435 1041; x_wconf 83' lang='lat' dir='ltr'><strong>sibi</strong></span> <span class='ocrx_word' id='word_1_53' title='bbox 1487 989 1749 1057; x_wconf 84' lang='lat' dir='ltr'><strong>requiem.</strong></span> <span class='ocrx_word' id='word_1_54' title='bbox 1807 990 1883 1042; x_wconf 90' lang='lat' dir='ltr'><strong>lbi</strong></span> 
     </span>
    </p>
   </div>
   <div class='ocr_carea' id='block_1_9' title="bbox 287 1080 1888 1143">
    <p class='ocr_par' dir='ltr' id='par_1_9' title="bbox 287 1080 1888 1143">
     <span class='ocr_line' id='line_1_9' title="bbox 287 1080 1888 1143; baseline -0.003 -8"><span class='ocrx_word' id='word_1_55' title='bbox 287 1082 485 1135; x_wconf 81' lang='lat' dir='ltr'><strong>habuit</strong></span> <span class='ocrx_word' id='word_1_56' title='bbox 513 1081 726 1134; x_wconf 75' lang='lat' dir='ltr'><strong>foveam</strong></span> <span class='ocrx_word' id='word_1_57' title='bbox 753 1080 1011 1136; x_wconf 88' lang='lat' dir='ltr'><strong>bericius.</strong></span> <span class='ocrx_word' id='word_1_58' title='bbox 1036 1092 1089 1133; x_wconf 90' lang='lat' dir='ltr'><strong>et</strong></span> <span class='ocrx_word' id='word_1_59' title='bbox 1124 1081 1353 1134; x_wconf 85' lang='lat' dir='ltr'><strong>nutrivit</strong></span> <span class='ocrx_word' id='word_1_60' title='bbox 1390 1084 1622 1143; x_wconf 81' lang='lat' dir='ltr'><strong>catulus,</strong></span> <span class='ocrx_word' id='word_1_61' title='bbox 1650 1082 1888 1134; x_wconf 89' lang='lat' dir='ltr'><strong>circum-</strong></span> 
     </span>
    </p>
   </div>
   <div class='ocr_carea' id='block_1_10' title="bbox 287 1170 1887 1241">
    <p class='ocr_par' dir='ltr' id='par_1_10' title="bbox 287 1170 1887 1241">
     <span class='ocr_line' id='line_1_10' title="bbox 287 1170 1887 1241; baseline -0.003 -13"><span class='ocrx_word' id='word_1_62' title='bbox 287 1173 455 1236; x_wconf 79' lang='lat' dir='ltr'><strong>fudit,</strong></span> <span class='ocrx_word' id='word_1_63' title='bbox 495 1186 548 1228; x_wconf 90' lang='lat' dir='ltr'><strong>et</strong></span> <span class='ocrx_word' id='word_1_64' title='bbox 581 1173 714 1228; x_wconf 75' lang='lat' dir='ltr'><strong>fovit</strong></span> <span class='ocrx_word' id='word_1_65' title='bbox 744 1173 796 1224; x_wconf 94' lang='lat' dir='ltr'><strong>in</strong></span> <span class='ocrx_word' id='word_1_66' title='bbox 831 1174 1020 1225; x_wconf 89' lang='lat' dir='ltr'><strong>umbra</strong></span> <span class='ocrx_word' id='word_1_67' title='bbox 1054 1173 1205 1240; x_wconf 86' lang='lat' dir='ltr'><strong>ejus;</strong></span> <span class='ocrx_word' id='word_1_68' title='bbox 1240 1170 1365 1226; x_wconf 89' lang='lat' dir='ltr'><strong>illuc</strong></span> <span class='ocrx_word' id='word_1_69' title='bbox 1418 1174 1727 1241; x_wconf 72' lang='lat' dir='ltr'><strong>congregati</strong></span> <span class='ocrx_word' id='word_1_70' title='bbox 1759 1181 1887 1225; x_wconf 89' lang='lat' dir='ltr'><strong>sunt</strong></span> 
     </span>
    </p>
   </div>
   <div class='ocr_carea' id='block_1_11' title="bbox 287 1246 1884 1333">
    <p class='ocr_par' dir='ltr' id='par_1_11' title="bbox 287 1246 1884 1333">
     <span class='ocr_line' id='line_1_11' title="bbox 287 1246 1884 1333; baseline 0 -14"><span class='ocrx_word' id='word_1_71' title='bbox 287 1267 465 1331; x_wconf 84' lang='lat' dir='ltr'><strong>milvi,</strong></span> <span class='ocrx_word' id='word_1_72' title='bbox 492 1267 628 1319; x_wconf 84' lang='lat' dir='ltr'><strong>alter</strong></span> <span class='ocrx_word' id='word_1_73' title='bbox 658 1264 722 1317; x_wconf 88' lang='lat' dir='ltr'><strong>ad</strong></span> <span class='ocrx_word' id='word_1_74' title='bbox 745 1266 997 1317; x_wconf 85' lang='lat' dir='ltr'><strong>alterum.</strong></span> <span class='ocrx_word' id='word_1_75' title='bbox 1030 1264 1313 1333; x_wconf 74' lang='lat' dir='ltr'><strong>tiequirite</strong></span> <span class='ocrx_word' id='word_1_76' title='bbox 1346 1266 1631 1333; x_wconf 74' lang='lat' dir='ltr'><strong>diligenter</strong></span> <span class='ocrx_word' id='word_1_77' title='bbox 1668 1266 1718 1317; x_wconf 88' lang='lat' dir='ltr'><strong>in</strong></span> <span class='ocrx_word' id='word_1_78' title='bbox 1744 1246 1884 1319; x_wconf 37' lang='lat' dir='ltr'><strong>libro</strong></span> 
     </span>
    </p>
   </div>
   <div class='ocr_carea' id='block_1_12' title="bbox 287 1356 1882 1427">
    <p class='ocr_par' dir='ltr' id='par_1_12' title="bbox 287 1356 1882 1427">
     <span class='ocr_line' id='line_1_12' title="bbox 287 1356 1882 1427; baseline -0.001 -17"><span class='ocrx_word' id='word_1_79' title='bbox 287 1358 530 1417; x_wconf 87' lang='lat' dir='ltr'><strong>Dotntui,</strong></span> <span class='ocrx_word' id='word_1_80' title='bbox 562 1367 615 1409; x_wconf 89' lang='lat' dir='ltr'><strong>et</strong></span> <span class='ocrx_word' id='word_1_81' title='bbox 655 1356 835 1427; x_wconf 80' lang='lat' dir='ltr'><strong>legite,</strong></span> <span class='ocrx_word' id='word_1_82' title='bbox 870 1372 1037 1409; x_wconf 89' lang='lat' dir='ltr'><strong>unum</strong></span> <span class='ocrx_word' id='word_1_83' title='bbox 1071 1373 1136 1411; x_wconf 81' lang='lat' dir='ltr'><strong>ex</strong></span> <span class='ocrx_word' id='word_1_84' title='bbox 1175 1358 1255 1409; x_wconf 84' lang='lat' dir='ltr'><strong>eis</strong></span> <span class='ocrx_word' id='word_1_85' title='bbox 1290 1372 1393 1408; x_wconf 85' lang='lat' dir='ltr'><strong>non</strong></span> <span class='ocrx_word' id='word_1_86' title='bbox 1421 1356 1616 1420; x_wconf 75' lang='lat' dir='ltr'><strong>defuit,</strong></span> <span class='ocrx_word' id='word_1_87' title='bbox 1647 1358 1787 1408; x_wconf 79' lang='lat' dir='ltr'><strong>aiter</strong></span> <span class='ocrx_word' id='word_1_88' title='bbox 1816 1357 1882 1409; x_wconf 87' lang='lat' dir='ltr'><strong>ad</strong></span> 
     </span>
    </p>
   </div>
   <div class='ocr_carea' id='block_1_13' title="bbox 287 1449 1884 1518">
    <p class='ocr_par' dir='ltr' id='par_1_13' title="bbox 287 1449 1884 1518">
     <span class='ocr_line' id='line_1_13' title="bbox 287 1449 1884 1518; baseline 0 -17"><span class='ocrx_word' id='word_1_89' title='bbox 287 1451 524 1502; x_wconf 86' lang='lat' dir='ltr'><strong>alterum</strong></span> <span class='ocrx_word' id='word_1_90' title='bbox 561 1465 669 1501; x_wconf 83' lang='lat' dir='ltr'><strong>non</strong></span> <span class='ocrx_word' id='word_1_91' title='bbox 703 1450 957 1516; x_wconf 75' lang='lat' dir='ltr'><strong>quzesivit</strong></span> <span class='ocrx_word' id='word_1_92' title='bbox 991 1467 1003 1512; x_wconf 86' lang='lat'><strong>;</strong></span> <span class='ocrx_word' id='word_1_93' title='bbox 1039 1451 1164 1518; x_wconf 85' lang='lat' dir='ltr'><strong>quia</strong></span> <span class='ocrx_word' id='word_1_94' title='bbox 1199 1449 1341 1518; x_wconf 89' lang='lat' dir='ltr'><strong>quod</strong></span> <span class='ocrx_word' id='word_1_95' title='bbox 1376 1463 1442 1501; x_wconf 79' lang='lat' dir='ltr'><strong>ex</strong></span> <span class='ocrx_word' id='word_1_96' title='bbox 1476 1464 1569 1499; x_wconf 64' lang='lat' dir='ltr'><strong>ort-</strong></span> <span class='ocrx_word' id='word_1_97' title='bbox 1608 1464 1726 1501; x_wconf 88' lang='lat' dir='ltr'><strong>meo</strong></span> <span class='ocrx_word' id='word_1_98' title='bbox 1755 1464 1884 1516; x_wconf 86' lang='lat' dir='ltr'><strong>pro-</strong></span> 
     </span>
    </p>
   </div>
   <div class='ocr_carea' id='block_1_14' title="bbox 287 1540 1881 1609">
    <p class='ocr_par' dir='ltr' id='par_1_14' title="bbox 287 1540 1881 1609">
     <span class='ocr_line' id='line_1_14' title="bbox 287 1540 1881 1609; baseline 0 -17"><span class='ocrx_word' id='word_1_99' title='bbox 287 1541 459 1605; x_wconf 90' lang='lat' dir='ltr'><strong>cedit,</strong></span> <span class='ocrx_word' id='word_1_100' title='bbox 507 1540 596 1592; x_wconf 87' lang='lat' dir='ltr'><strong>ille</strong></span> <span class='ocrx_word' id='word_1_101' title='bbox 626 1541 924 1599; x_wconf 79' lang='lat' dir='ltr'><strong>mandavit,</strong></span> <span class='ocrx_word' id='word_1_102' title='bbox 960 1552 1013 1592; x_wconf 88' lang='lat' dir='ltr'><strong>et</strong></span> <span class='ocrx_word' id='word_1_103' title='bbox 1043 1541 1273 1608; x_wconf 79' lang='lat' dir='ltr'><strong>sp:ritus</strong></span> <span class='ocrx_word' id='word_1_104' title='bbox 1325 1540 1443 1609; x_wconf 82' lang='lat' dir='ltr'><strong>ejus</strong></span> <span class='ocrx_word' id='word_1_105' title='bbox 1475 1542 1831 1608; x_wconf 70' lang='lat' dir='ltr'><strong>congregavit</strong></span> <span class='ocrx_word' id='word_1_106' title='bbox 1866 1541 1881 1571; x_wconf 81' lang='grc'>⁸</span> 
     </span>
    </p>
   </div>
   <div class='ocr_carea' id='block_1_15' title="bbox 286 1630 1883 1702">
    <p class='ocr_par' dir='ltr' id='par_1_15' title="bbox 286 1630 1883 1702">
     <span class='ocr_line' id='line_1_15' title="bbox 286 1630 1883 1702; baseline 0.002 -19"><span class='ocrx_word' id='word_1_107' title='bbox 286 1646 372 1684; x_wconf 88' lang='lat' dir='ltr'><strong>ea.</strong></span> <span class='ocrx_word' id='word_1_108' title='bbox 412 1632 481 1684; x_wconf 80' lang='lat' dir='ltr'><strong>Et</strong></span> <span class='ocrx_word' id='word_1_109' title='bbox 515 1632 629 1697; x_wconf 77' lang='lat' dir='ltr'><strong>ipse</strong></span> <span class='ocrx_word' id='word_1_110' title='bbox 660 1633 803 1685; x_wconf 80' lang='lat' dir='ltr'><strong>misit</strong></span> <span class='ocrx_word' id='word_1_111' title='bbox 829 1633 908 1685; x_wconf 84' lang='lat' dir='ltr'><strong>eis</strong></span> <span class='ocrx_word' id='word_1_112' title='bbox 948 1630 1057 1702; x_wconf 85' lang='lat' dir='ltr'><strong>[.tt.</strong></span> <span class='ocrx_word' id='word_1_113' title='bbox 1093 1631 1168 1701; x_wconf 88' lang='lat' dir='ltr'><strong>ei]</strong></span> <span class='ocrx_word' id='word_1_114' title='bbox 1197 1642 1423 1692; x_wconf 88' lang='lat' dir='ltr'><strong>sortem,</strong></span> <span class='ocrx_word' id='word_1_115' title='bbox 1461 1643 1515 1685; x_wconf 89' lang='lat' dir='ltr'><strong>et</strong></span> <span class='ocrx_word' id='word_1_116' title='bbox 1542 1648 1733 1685; x_wconf 88' lang='lat' dir='ltr'><strong>manus</strong></span> <span class='ocrx_word' id='word_1_117' title='bbox 1764 1638 1883 1698; x_wconf 78' lang='lat' dir='ltr'><strong>ejus</strong></span> 
     </span>
    </p>
   </div>
   <div class='ocr_carea' id='block_1_16' title="bbox 285 1723 1881 1795">
    <p class='ocr_par' dir='ltr' id='par_1_16' title="bbox 285 1723 1881 1795">
     <span class='ocr_line' id='line_1_16' title="bbox 285 1723 1881 1795; baseline 0.001 -19"><span class='ocrx_word' id='word_1_118' title='bbox 285 1723 477 1776; x_wconf 81' lang='lat' dir='ltr'><strong>divisit</strong></span> <span class='ocrx_word' id='word_1_119' title='bbox 518 1739 636 1776; x_wconf 85' lang='lat' dir='ltr'><strong>eam</strong></span> <span class='ocrx_word' id='word_1_120' title='bbox 669 1724 774 1778; x_wconf 77' lang='lat' dir='ltr'><strong>illis</strong></span> <span class='ocrx_word' id='word_1_121' title='bbox 801 1725 850 1777; x_wconf 90' lang='lat' dir='ltr'><strong>in</strong></span> <span class='ocrx_word' id='word_1_122' title='bbox 885 1739 1157 1785; x_wconf 77' lang='lat' dir='ltr'><strong>mensura,</strong></span> <span class='ocrx_word' id='word_1_123' title='bbox 1199 1738 1365 1791; x_wconf 88' lang='lat' dir='ltr'><strong>usque</strong></span> <span class='ocrx_word' id='word_1_124' title='bbox 1392 1725 1443 1777; x_wconf 87' lang='lat' dir='ltr'><strong>in</strong></span> <span class='ocrx_word' id='word_1_125' title='bbox 1486 1727 1881 1795; x_wconf 83' lang='lat' dir='ltr'><strong>sempiternum</strong></span> 
     </span>
    </p>
   </div>
   <div class='ocr_carea' id='block_1_17' title="bbox 824 314 3105 386">
    <p class='ocr_par' dir='ltr' id='par_1_17' title="bbox 824 314 3105 386">
     <span class='ocr_line' id='line_1_17' title="bbox 824 314 3105 386; baseline 0.001 -6"><span class='ocrx_word' id='word_1_126' title='bbox 824 320 1329 384; x_wconf 67' lang='lat' dir='ltr'><strong>COMMENTAR.</strong></span> <span class='ocrx_word' id='word_1_127' title='bbox 1381 320 1457 379; x_wconf 70' lang='lat' dir='ltr'><strong>1N</strong></span> <span class='ocrx_word' id='word_1_128' title='bbox 1505 320 1770 380; x_wconf 81' lang='lat' dir='ltr'><strong>lS.\lAM</strong></span> <span class='ocrx_word' id='word_1_129' title='bbox 1819 314 2283 380; x_wconf 67' lang='lat' dir='ltr'><strong>PROPBETAM</strong></span> <span class='ocrx_word' id='word_1_130' title='bbox 2330 319 2471 379; x_wconf 77' lang='lat' dir='ltr'><strong>LIB.</strong></span> <span class='ocrx_word' id='word_1_131' title='bbox 2523 320 2595 386; x_wconf 84' lang='lat' dir='ltr'><strong>X,</strong></span> <span class='ocrx_word' id='word_1_132' title='bbox 2632 320 2787 381; x_wconf 79' lang='lat' dir='ltr'><strong>CAP.</strong></span> <span class='ocrx_word' id='word_1_133' title='bbox 2836 320 3105 383; x_wconf 77' lang='lat' dir='ltr'><strong>XXXIV.</strong></span> 
     </span>
    </p>
   </div>
   <div class='ocr_carea' id='block_1_18' title="bbox 3459 322 3648 431">
    <p class='ocr_par' dir='ltr' id='par_1_18' title="bbox 3459 322 3648 431">
     <span class='ocr_line' id='line_1_18' title="bbox 3459 322 3648 431; baseline 0.016 -48"><span class='ocrx_word' id='word_1_134' title='bbox 3459 322 3572 385; x_wconf 65' lang='lat'><strong>686</strong></span> <span class='ocrx_word' id='word_1_135' title='bbox 3624 410 3648 431; x_wconf 35' lang='grc' dir='ltr'>χ</span> 
     </span>
    </p>
   </div>
   <div class='ocr_carea' id='block_1_19' title="bbox 1126 433 3575 507">
    <p class='ocr_par' dir='ltr' id='par_1_19' title="bbox 1126 433 3575 507">
     <span class='ocr_line' id='line_1_19' title="bbox 1126 433 3575 507; baseline 0 -16"><span class='ocrx_word' id='word_1_136' title='bbox 1126 453 1319 491; x_wconf 84' lang='lat' dir='ltr'><strong>omnes</strong></span> <span class='ocrx_word' id='word_1_137' title='bbox 1395 436 1673 507; x_wconf 79' lang='lat' dir='ltr'><strong>principes</strong></span> <span class='ocrx_word' id='word_1_138' title='bbox 1753 435 1872 503; x_wconf 85' lang='lat' dir='ltr'><strong>ejus</strong></span> <span class='ocrx_word' id='word_1_139' title='bbox 1903 445 1947 499; x_wconf 79' lang='grc' dir='ltr'>Α</span> <span class='ocrx_word' id='word_1_140' title='bbox 1975 434 2176 487; x_wconf 85' lang='lat' dir='ltr'><strong>habere</strong></span> <span class='ocrx_word' id='word_1_141' title='bbox 2216 433 3055 505; x_wconf 71' lang='lat' dir='ltr'><strong>tidissimam;iliucrougrcgnri</strong></span> <span class='ocrx_word' id='word_1_142' title='bbox 3102 434 3317 501; x_wconf 79' lang='lat' dir='ltr'><strong>milvos,</strong></span> <span class='ocrx_word' id='word_1_143' title='bbox 3337 440 3575 506; x_wconf 47' lang='lat' dir='ltr'><strong>rapacia:</strong></span> 
     </span>
    </p>
   </div>
   <div class='ocr_carea' id='block_1_20' title="bbox 1987 526 3572 599">
    <p class='ocr_par' dir='ltr' id='par_1_20' title="bbox 1987 526 3572 599">
     <span class='ocr_line' id='line_1_20' title="bbox 1987 526 3572 599; baseline -0.004 -19"><span class='ocrx_word' id='word_1_144' title='bbox 1987 528 2181 580; x_wconf 84' lang='lat' dir='ltr'><strong>simam</strong></span> <span class='ocrx_word' id='word_1_145' title='bbox 2205 542 2380 589; x_wconf 84' lang='lat' dir='ltr'><strong>avem,</strong></span> <span class='ocrx_word' id='word_1_146' title='bbox 2399 543 2518 595; x_wconf 69' lang='lat' dir='ltr'><strong>quae</strong></span> <span class='ocrx_word' id='word_1_147' title='bbox 2546 526 2818 589; x_wconf 85' lang='lat' dir='ltr'><strong>llehraice</strong></span> <span class='ocrx_word' id='word_1_148' title='bbox 2837 528 3143 597; x_wconf 76' lang='lat' dir='ltr'><strong>appellatur</strong></span> <span class='ocrx_word' id='word_1_149' title='bbox 3163 542 3360 581; x_wconf 69' lang='lat' dir='ltr'><strong>Datim!</strong></span> <span class='ocrx_word' id='word_1_150' title='bbox 3385 532 3572 599; x_wconf 57' lang='lat' dir='ltr'><strong>(mm),</strong></span> 
     </span>
    </p>
   </div>
   <div class='ocr_carea' id='block_1_21' title="bbox 1987 621 3578 691">
    <p class='ocr_par' dir='ltr' id='par_1_21' title="bbox 1987 621 3578 691">
     <span class='ocr_line' id='line_1_21' title="bbox 1987 621 3578 691; baseline 0.004 -19"><span class='ocrx_word' id='word_1_151' title='bbox 1987 622 2101 672; x_wconf 81' lang='lat' dir='ltr'><strong>sive</strong></span> <span class='ocrx_word' id='word_1_152' title='bbox 2138 633 2191 675; x_wconf 89' lang='lat' dir='ltr'><strong>ut</strong></span> <span class='ocrx_word' id='word_1_153' title='bbox 2221 621 2361 673; x_wconf 70' lang='lat' dir='ltr'><strong>LXX</strong></span> <span class='ocrx_word' id='word_1_154' title='bbox 2410 623 2805 677; x_wconf 85' lang='lat' dir='ltr'><strong>transtulerunt</strong></span> <span class='ocrx_word' id='word_1_155' title='bbox 2857 639 3053 687; x_wconf 79' lang='lat' dir='ltr'><strong>cervos,</strong></span> <span class='ocrx_word' id='word_1_156' title='bbox 3083 624 3152 676; x_wconf 87' lang='lat' dir='ltr'><strong>de</strong></span> <span class='ocrx_word' id='word_1_157' title='bbox 3190 626 3385 691; x_wconf 79' lang='lat' dir='ltr'><strong>quibus</strong></span> <span class='ocrx_word' id='word_1_158' title='bbox 3436 625 3578 678; x_wconf 81' lang='lat' dir='ltr'><strong>inita</strong></span> 
     </span>
    </p>
   </div>
   <div class='ocr_carea' id='block_1_22' title="bbox 1988 714 3578 785">
    <p class='ocr_par' dir='ltr' id='par_1_22' title="bbox 1988 714 3578 785">
     <span class='ocr_line' id='line_1_22' title="bbox 1988 714 3578 785; baseline 0.004 -20"><span class='ocrx_word' id='word_1_159' title='bbox 1988 714 2255 768; x_wconf 78' lang='lat' dir='ltr'><strong>dicemus.</strong></span> <span class='ocrx_word' id='word_1_160' title='bbox 2295 716 2442 769; x_wconf 82' lang='lat' dir='ltr'><strong>Inter</strong></span> <span class='ocrx_word' id='word_1_161' title='bbox 2472 732 2592 785; x_wconf 73' lang='lat' dir='ltr'><strong>qua:</strong></span> <span class='ocrx_word' id='word_1_162' title='bbox 2616 716 2893 783; x_wconf 79' lang='lat' dir='ltr'><strong>Propheta</strong></span> <span class='ocrx_word' id='word_1_163' title='bbox 2929 715 3168 783; x_wconf 84' lang='lat' dir='ltr'><strong>loquitur</strong></span> <span class='ocrx_word' id='word_1_164' title='bbox 3192 717 3538 769; x_wconf 84' lang='lat' dir='ltr'><strong>audientibus</strong></span> <span class='ocrx_word' id='word_1_165' title='bbox 3563 756 3578 771; x_wconf 92' lang='lat'><strong>.</strong></span> 
     </span>
    </p>
   </div>
   <div class='ocr_carea' id='block_1_23' title="bbox 1987 805 3580 879">
    <p class='ocr_par' dir='ltr' id='par_1_23' title="bbox 1987 805 3580 879">
     <span class='ocr_line' id='line_1_23' title="bbox 1987 805 3580 879; baseline 0 -19"><span class='ocrx_word' id='word_1_166' title='bbox 1987 805 2031 860; x_wconf 91' lang='grc' dir='ltr'><strong>Ο</strong></span> <span class='ocrx_word' id='word_1_167' title='bbox 2058 808 2303 862; x_wconf 76' lang='lat' dir='ltr'><strong>homines</strong></span> <span class='ocrx_word' id='word_1_168' title='bbox 2337 808 2445 878; x_wconf 76' lang='lat' dir='ltr'><strong>(AI.</strong></span> <span class='ocrx_word' id='word_1_169' title='bbox 2480 807 2691 879; x_wconf 90' lang='lat' dir='ltr'><strong>omnes]</strong></span> <span class='ocrx_word' id='word_1_170' title='bbox 2720 810 2810 877; x_wconf 84' lang='lat' dir='ltr'><strong>qui</strong></span> <span class='ocrx_word' id='word_1_171' title='bbox 2853 825 2935 861; x_wconf 90' lang='lat' dir='ltr'><strong>tne</strong></span> <span class='ocrx_word' id='word_1_172' title='bbox 2967 809 3200 861; x_wconf 79' lang='lat' dir='ltr'><strong>audistis</strong></span> <span class='ocrx_word' id='word_1_173' title='bbox 3243 809 3580 877; x_wconf 73' lang='lat' dir='ltr'><strong>quItettiettt,</strong></span> 
     </span>
    </p>
   </div>
   <div class='ocr_carea' id='block_1_24' title="bbox 1988 900 3580 970">
    <p class='ocr_par' dir='ltr' id='par_1_24' title="bbox 1988 900 3580 970">
     <span class='ocr_line' id='line_1_24' title="bbox 1988 900 3580 970; baseline 0.003 -18"><span class='ocrx_word' id='word_1_174' title='bbox 1988 917 2108 967; x_wconf 73' lang='lat' dir='ltr'><strong>quae</strong></span> <span class='ocrx_word' id='word_1_175' title='bbox 2138 912 2363 955; x_wconf 83' lang='lat' dir='ltr'><strong>ventura</strong></span> <span class='ocrx_word' id='word_1_176' title='bbox 2394 905 2709 970; x_wconf 82' lang='lat' dir='ltr'><strong>pronuntio.</strong></span> <span class='ocrx_word' id='word_1_177' title='bbox 2735 900 2900 955; x_wconf 84' lang='lat' dir='ltr'><strong>rebus</strong></span> <span class='ocrx_word' id='word_1_178' title='bbox 2926 902 3109 954; x_wconf 85' lang='lat' dir='ltr'><strong>omnia</strong></span> <span class='ocrx_word' id='word_1_179' title='bbox 3140 905 3580 969; x_wconf 79' lang='lat' dir='ltr'><strong>complebtmtur.</strong></span> 
     </span>
    </p>
   </div>
   <div class='ocr_carea' id='block_1_25' title="bbox 1986 990 3581 1062">
    <p class='ocr_par' dir='ltr' id='par_1_25' title="bbox 1986 990 3581 1062">
     <span class='ocr_line' id='line_1_25' title="bbox 1986 990 3581 1062; baseline 0.002 -17"><span class='ocrx_word' id='word_1_180' title='bbox 1986 990 2149 1062; x_wconf 63' lang='grc'><strong>445</strong></span> <span class='ocrx_word' id='word_1_181' title='bbox 2186 992 2241 1045; x_wconf 81' lang='lat' dir='ltr'><strong>In</strong></span> <span class='ocrx_word' id='word_1_182' title='bbox 2285 993 2423 1046; x_wconf 88' lang='lat' dir='ltr'><strong>libro</strong></span> <span class='ocrx_word' id='word_1_183' title='bbox 2469 997 2612 1045; x_wconf 83' lang='lat' dir='ltr'><strong>enim</strong></span> <span class='ocrx_word' id='word_1_184' title='bbox 2652 993 2856 1060; x_wconf 87' lang='lat' dir='ltr'><strong>scripta</strong></span> <span class='ocrx_word' id='word_1_185' title='bbox 2895 1004 3027 1046; x_wconf 90' lang='lat' dir='ltr'><strong>sunt</strong></span> <span class='ocrx_word' id='word_1_186' title='bbox 3066 992 3310 1056; x_wconf 54' lang='lat' dir='ltr'><strong>Domini,</strong></span> <span class='ocrx_word' id='word_1_187' title='bbox 3344 1005 3395 1048; x_wconf 83' lang='lat' dir='ltr'><strong>et</strong></span> <span class='ocrx_word' id='word_1_188' title='bbox 3432 996 3581 1048; x_wconf 73' lang='lat' dir='ltr'><strong>illius</strong></span> 
     </span>
    </p>
   </div>
   <div class='ocr_carea' id='block_1_26' title="bbox 1988 1084 3581 1156">
    <p class='ocr_par' dir='ltr' id='par_1_26' title="bbox 1988 1084 3581 1156">
     <span class='ocr_line' id='line_1_26' title="bbox 1988 1084 3581 1156; baseline 0.001 -18"><span class='ocrx_word' id='word_1_189' title='bbox 1988 1085 2281 1146; x_wconf 73' lang='lat' dir='ltr'><strong>sententia,</strong></span> <span class='ocrx_word' id='word_1_190' title='bbox 2306 1092 2359 1136; x_wconf 87' lang='lat' dir='ltr'><strong>et</strong></span> <span class='ocrx_word' id='word_1_191' title='bbox 2395 1100 2560 1136; x_wconf 88' lang='lat' dir='ltr'><strong>unum</strong></span> <span class='ocrx_word' id='word_1_192' title='bbox 2591 1086 2810 1152; x_wconf 82' lang='lat' dir='ltr'><strong>quidem</strong></span> <span class='ocrx_word' id='word_1_193' title='bbox 2859 1084 3072 1137; x_wconf 87' lang='lat' dir='ltr'><strong>irritum</strong></span> <span class='ocrx_word' id='word_1_194' title='bbox 3105 1087 3229 1139; x_wconf 75' lang='lat' dir='ltr'><strong>exit.</strong></span> <span class='ocrx_word' id='word_1_195' title='bbox 3272 1086 3402 1140; x_wconf 69' lang='lat' dir='ltr'><strong>l‘iam</strong></span> <span class='ocrx_word' id='word_1_196' title='bbox 3434 1090 3581 1156; x_wconf 50' lang='grc' dir='ltr'><strong>(μείρει</strong></span> 
     </span>
    </p>
   </div>
   <div class='ocr_carea' id='block_1_27' title="bbox 1991 1176 3582 1248">
    <p class='ocr_par' dir='ltr' id='par_1_27' title="bbox 1991 1176 3582 1248">
     <span class='ocr_line' id='line_1_27' title="bbox 1991 1176 3582 1248; baseline 0.004 -22"><span class='ocrx_word' id='word_1_197' title='bbox 1991 1180 2057 1229; x_wconf 75' lang='lat' dir='ltr'><strong>tle</strong></span> <span class='ocrx_word' id='word_1_198' title='bbox 2114 1192 2231 1227; x_wconf 78' lang='lat' dir='ltr'><strong>meo</strong></span> <span class='ocrx_word' id='word_1_199' title='bbox 2278 1191 2371 1229; x_wconf 84' lang='lat' dir='ltr'><strong>ore</strong></span> <span class='ocrx_word' id='word_1_200' title='bbox 2420 1177 2691 1242; x_wconf 85' lang='lat' dir='ltr'><strong>procedit,</strong></span> <span class='ocrx_word' id='word_1_201' title='bbox 2736 1176 2827 1228; x_wconf 86' lang='lat' dir='ltr'><strong>ille</strong></span> <span class='ocrx_word' id='word_1_202' title='bbox 2868 1178 3169 1239; x_wconf 72' lang='lat' dir='ltr'><strong>mandavit,</strong></span> <span class='ocrx_word' id='word_1_203' title='bbox 3216 1180 3266 1231; x_wconf 92' lang='lat' dir='ltr'><strong>id</strong></span> <span class='ocrx_word' id='word_1_204' title='bbox 3323 1193 3428 1242; x_wconf 79' lang='lat' dir='ltr'><strong>est,</strong></span> <span class='ocrx_word' id='word_1_205' title='bbox 3481 1196 3582 1248; x_wconf 70' lang='lat' dir='ltr'><strong>ego</strong></span> 
     </span>
    </p>
   </div>
   <div class='ocr_carea' id='block_1_28' title="bbox 1989 1255 3582 1339">
    <p class='ocr_par' dir='ltr' id='par_1_28' title="bbox 1989 1255 3582 1339">
     <span class='ocr_line' id='line_1_28' title="bbox 1989 1255 3582 1339; baseline 0.001 -18"><span class='ocrx_word' id='word_1_206' title='bbox 1989 1269 2208 1337; x_wconf 79' lang='lat' dir='ltr'><strong>quidem</strong></span> <span class='ocrx_word' id='word_1_207' title='bbox 2256 1255 2492 1336; x_wconf 83' lang='lat' dir='ltr'><strong>loquor;</strong></span> <span class='ocrx_word' id='word_1_208' title='bbox 2527 1270 2620 1321; x_wconf 80' lang='lat' dir='ltr'><strong>sed</strong></span> <span class='ocrx_word' id='word_1_209' title='bbox 2668 1268 2828 1320; x_wconf 79' lang='lat' dir='ltr'><strong>verba</strong></span> <span class='ocrx_word' id='word_1_210' title='bbox 2864 1283 2992 1321; x_wconf 80' lang='lat' dir='ltr'><strong>sunt</strong></span> <span class='ocrx_word' id='word_1_211' title='bbox 3031 1267 3270 1333; x_wconf 86' lang='lat' dir='ltr'><strong>DOmitti,</strong></span> <span class='ocrx_word' id='word_1_212' title='bbox 3311 1283 3364 1324; x_wconf 86' lang='lat' dir='ltr'><strong>et</strong></span> <span class='ocrx_word' id='word_1_213' title='bbox 3387 1272 3582 1339; x_wconf 82' lang='lat' dir='ltr'><strong>Spiritu</strong></span> 
     </span>
    </p>
   </div>
   <div class='ocr_carea' id='block_1_29' title="bbox 1991 1360 3585 1435">
    <p class='ocr_par' dir='ltr' id='par_1_29' title="bbox 1991 1360 3585 1435">
     <span class='ocr_line' id='line_1_29' title="bbox 1991 1360 3585 1435; baseline 0.003 -22"><span class='ocrx_word' id='word_1_214' title='bbox 1991 1360 2107 1433; x_wconf 70' lang='lat' dir='ltr'><strong>(At.</strong></span> <span class='ocrx_word' id='word_1_215' title='bbox 2142 1360 2394 1432; x_wconf 79' lang='lat' dir='ltr'><strong>spiritus]</strong></span> <span class='ocrx_word' id='word_1_216' title='bbox 2427 1361 2574 1416; x_wconf 86' lang='lat' dir='ltr'><strong>illius</strong></span> <span class='ocrx_word' id='word_1_217' title='bbox 2614 1363 2875 1430; x_wconf 82' lang='lat' dir='ltr'><strong>quidquid</strong></span> <span class='ocrx_word' id='word_1_218' title='bbox 2945 1364 3150 1416; x_wconf 85' lang='lat' dir='ltr'><strong>dictum</strong></span> <span class='ocrx_word' id='word_1_219' title='bbox 3184 1376 3267 1418; x_wconf 80' lang='lat' dir='ltr'><strong>cst</strong></span> <span class='ocrx_word' id='word_1_220' title='bbox 3308 1377 3585 1435; x_wconf 77' lang='lat' dir='ltr'><strong>perpetra-</strong></span> 
     </span>
    </p>
   </div>
   <div class='ocr_carea' id='block_1_30' title="bbox 1991 1455 3582 1525">
    <p class='ocr_par' dir='ltr' id='par_1_30' title="bbox 1991 1455 3582 1525">
     <span class='ocr_line' id='line_1_30' title="bbox 1991 1455 3582 1525; baseline 0.001 -18"><span class='ocrx_word' id='word_1_221' title='bbox 1991 1455 2162 1507; x_wconf 92' lang='lat' dir='ltr'><strong>bitur.</strong></span> <span class='ocrx_word' id='word_1_222' title='bbox 2206 1455 2381 1521; x_wconf 78' lang='lat' dir='ltr'><strong>Ipsius</strong></span> <span class='ocrx_word' id='word_1_223' title='bbox 2417 1455 2640 1509; x_wconf 85' lang='lat' dir='ltr'><strong>decreto</strong></span> <span class='ocrx_word' id='word_1_224' title='bbox 2677 1464 2843 1523; x_wconf 81' lang='lat' dir='ltr'><strong>atque</strong></span> <span class='ocrx_word' id='word_1_225' title='bbox 2889 1471 3147 1510; x_wconf 80' lang='lat' dir='ltr'><strong>mensura</strong></span> <span class='ocrx_word' id='word_1_226' title='bbox 3187 1457 3400 1525; x_wconf 74' lang='lat' dir='ltr'><strong>singula</strong></span> <span class='ocrx_word' id='word_1_227' title='bbox 3427 1474 3582 1511; x_wconf 79' lang='lat' dir='ltr'><strong>com-</strong></span> 
     </span>
    </p>
   </div>
   <div class='ocr_carea' id='block_1_31' title="bbox 1990 1546 3586 1627">
    <p class='ocr_par' dir='ltr' id='par_1_31' title="bbox 1990 1546 3586 1627">
     <span class='ocr_line' id='line_1_31' title="bbox 1990 1546 3586 1627; baseline 0.004 -30"><span class='ocrx_word' id='word_1_228' title='bbox 1990 1546 2287 1613; x_wconf 80' lang='lat' dir='ltr'><strong>plebuutur</strong></span> <span class='ocrx_word' id='word_1_229' title='bbox 2322 1562 2337 1609; x_wconf 90' lang='lat'><strong>;</strong></span> <span class='ocrx_word' id='word_1_230' title='bbox 2376 1555 2433 1599; x_wconf 91' lang='lat' dir='ltr'><strong>et</strong></span> <span class='ocrx_word' id='word_1_231' title='bbox 2470 1562 2643 1627; x_wconf 59' lang='lat' dir='ltr'><strong>(usque</strong></span> <span class='ocrx_word' id='word_1_232' title='bbox 2683 1548 2736 1600; x_wconf 94' lang='lat' dir='ltr'><strong>in</strong></span> <span class='ocrx_word' id='word_1_233' title='bbox 2794 1548 3180 1616; x_wconf 78' lang='lat' dir='ltr'><strong>generationes</strong></span> <span class='ocrx_word' id='word_1_234' title='bbox 3225 1551 3586 1627; x_wconf 63' lang='lat' dir='ltr'><strong>sempiternas</strong></span> 
     </span>
    </p>
   </div>
   <div class='ocr_carea' id='block_1_32' title="bbox 1991 1618 3584 1706">
    <p class='ocr_par' dir='ltr' id='par_1_32' title="bbox 1991 1618 3584 1706">
     <span class='ocr_line' id='line_1_32' title="bbox 1991 1618 3584 1706; baseline 0.001 -16"><span class='ocrx_word' id='word_1_235' title='bbox 1991 1651 2155 1691; x_wconf 86' lang='lat' dir='ltr'><strong>suum</strong></span> <span class='ocrx_word' id='word_1_236' title='bbox 2188 1638 2438 1690; x_wconf 83' lang='lat' dir='ltr'><strong>ordinem</strong></span> <span class='ocrx_word' id='word_1_237' title='bbox 2472 1618 2590 1690; x_wconf 64' lang='lat' dir='ltr'><strong>non</strong></span> <span class='ocrx_word' id='word_1_238' title='bbox 2623 1638 2957 1706; x_wconf 73' lang='lat' dir='ltr'><strong>relinquerat.</strong></span> <span class='ocrx_word' id='word_1_239' title='bbox 2993 1636 3118 1692; x_wconf 62' lang='lat' dir='ltr'><strong>llaec</strong></span> <span class='ocrx_word' id='word_1_240' title='bbox 3161 1638 3318 1706; x_wconf 62' lang='lat' dir='ltr'><strong>juxta</strong></span> <span class='ocrx_word' id='word_1_241' title='bbox 3355 1618 3584 1692; x_wconf 58' lang='lat' dir='ltr'><strong>Hebrai-</strong></span> 
     </span>
    </p>
   </div>
   <div class='ocr_carea' id='block_1_33' title="bbox 1991 1730 3586 1798">
    <p class='ocr_par' dir='ltr' id='par_1_33' title="bbox 1991 1730 3586 1798">
     <span class='ocr_line' id='line_1_33' title="bbox 1991 1730 3586 1798; baseline 0.003 -18"><span class='ocrx_word' id='word_1_242' title='bbox 1991 1739 2189 1782; x_wconf 87' lang='lat' dir='ltr'><strong>cumet</strong></span> <span class='ocrx_word' id='word_1_243' title='bbox 2216 1730 2657 1798; x_wconf 67' lang='lat' dir='ltr'><strong>explanationem</strong></span> <span class='ocrx_word' id='word_1_244' title='bbox 2702 1731 3019 1785; x_wconf 75' lang='lat' dir='ltr'><strong>historicum</strong></span> <span class='ocrx_word' id='word_1_245' title='bbox 3059 1732 3206 1785; x_wconf 85' lang='lat' dir='ltr'><strong>dicta</strong></span> <span class='ocrx_word' id='word_1_246' title='bbox 3242 1732 3373 1784; x_wconf 88' lang='lat' dir='ltr'><strong>sint.</strong></span> <span class='ocrx_word' id='word_1_247' title='bbox 3409 1732 3586 1785; x_wconf 60' lang='lat' dir='ltr'><strong>Carte-</strong></span> 
     </span>
    </p>
   </div>
   <div class='ocr_carea' id='block_1_34' title="bbox 286 1802 3585 1892">
    <p class='ocr_par' dir='ltr' id='par_1_34' title="bbox 286 1802 3585 1892">
     <span class='ocr_line' id='line_1_34' title="bbox 286 1802 3585 1892; baseline 0.001 -21"><span class='ocrx_word' id='word_1_248' title='bbox 286 1818 655 1886; x_wconf 81' lang='lat' dir='ltr'><strong>possidebunt</strong></span> <span class='ocrx_word' id='word_1_249' title='bbox 688 1834 849 1883; x_wconf 84' lang='lat' dir='ltr'><strong>eam;</strong></span> <span class='ocrx_word' id='word_1_250' title='bbox 897 1818 948 1869; x_wconf 90' lang='lat' dir='ltr'><strong>in</strong></span> <span class='ocrx_word' id='word_1_251' title='bbox 983 1818 1338 1887; x_wconf 77' lang='lat' dir='ltr'><strong>generatione</strong></span> <span class='ocrx_word' id='word_1_252' title='bbox 1368 1827 1421 1871; x_wconf 88' lang='lat' dir='ltr'><strong>et</strong></span> <span class='ocrx_word' id='word_1_253' title='bbox 1470 1819 1877 1887; x_wconf 80' lang='lat' dir='ltr'><strong>generationem</strong></span> <span class='ocrx_word' id='word_1_254' title='bbox 1917 1802 1959 1858; x_wconf 74' lang='grc' dir='ltr'><strong><em>Β</em></strong></span> <span class='ocrx_word' id='word_1_255' title='bbox 1992 1837 2111 1872; x_wconf 88' lang='lat' dir='ltr'><strong>rum</strong></span> <span class='ocrx_word' id='word_1_256' title='bbox 2153 1821 2243 1888; x_wconf 83' lang='lat' dir='ltr'><strong>qui</strong></span> <span class='ocrx_word' id='word_1_257' title='bbox 2295 1822 2661 1889; x_wconf 78' lang='lat' dir='ltr'><strong>tropologiam</strong></span> <span class='ocrx_word' id='word_1_258' title='bbox 2720 1834 3045 1889; x_wconf 83' lang='lat' dir='ltr'><strong>sequuntur,</strong></span> <span class='ocrx_word' id='word_1_259' title='bbox 3101 1825 3330 1892; x_wconf 61' lang='lat' dir='ltr'><strong>eaputso</strong></span> <span class='ocrx_word' id='word_1_260' title='bbox 3381 1826 3585 1892; x_wconf 87' lang='lat' dir='ltr'><strong>popqu</strong></span> 
     </span>
    </p>
   </div>
   <div class='ocr_carea' id='block_1_35' title="bbox 291 1908 1880 1977">
    <p class='ocr_par' dir='ltr' id='par_1_35' title="bbox 291 1908 1880 1977">
     <span class='ocr_line' id='line_1_35' title="bbox 291 1908 1880 1977; baseline 0.003 -16"><span class='ocrx_word' id='word_1_261' title='bbox 291 1909 622 1961; x_wconf 83' lang='lat' dir='ltr'><strong>habitabuut</strong></span> <span class='ocrx_word' id='word_1_262' title='bbox 653 1910 705 1961; x_wconf 90' lang='lat' dir='ltr'><strong>in</strong></span> <span class='ocrx_word' id='word_1_263' title='bbox 746 1925 833 1961; x_wconf 88' lang='lat' dir='ltr'><strong>ea.</strong></span> <span class='ocrx_word' id='word_1_264' title='bbox 875 1926 893 1959; x_wconf 74' lang='grc' dir='ltr'><strong><em>ι</em></strong></span> <span class='ocrx_word' id='word_1_265' title='bbox 928 1908 1160 1973; x_wconf 66' lang='lat' dir='ltr'><strong>llebraii,</strong></span> <span class='ocrx_word' id='word_1_266' title='bbox 1200 1919 1256 1961; x_wconf 89' lang='lat' dir='ltr'><strong>ut</strong></span> <span class='ocrx_word' id='word_1_267' title='bbox 1282 1925 1451 1977; x_wconf 72' lang='lat' dir='ltr'><strong>SUpra</strong></span> <span class='ocrx_word' id='word_1_268' title='bbox 1478 1911 1734 1973; x_wconf 76' lang='lat' dir='ltr'><strong>diximus,</strong></span> <span class='ocrx_word' id='word_1_269' title='bbox 1765 1912 1880 1965; x_wconf 72' lang='lat' dir='ltr'><strong>ltwc</strong></span> 
     </span>
    </p>
   </div>
   <div class='ocr_carea' id='block_1_36' title="bbox 289 2001 1882 2074">
    <p class='ocr_par' dir='ltr' id='par_1_36' title="bbox 289 2001 1882 2074">
     <span class='ocr_line' id='line_1_36' title="bbox 289 2001 1882 2074; baseline 0.002 -21"><span class='ocrx_word' id='word_1_270' title='bbox 289 2002 355 2053; x_wconf 84' lang='lat' dir='ltr'><strong>de</strong></span> <span class='ocrx_word' id='word_1_271' title='bbox 387 2001 636 2073; x_wconf 72' lang='lat' dir='ltr'><strong>ltontano</strong></span> <span class='ocrx_word' id='word_1_272' title='bbox 661 2001 889 2070; x_wconf 88' lang='lat' dir='ltr'><strong>imperio</strong></span> <span class='ocrx_word' id='word_1_273' title='bbox 915 2001 1236 2068; x_wconf 85' lang='lat' dir='ltr'><strong>prophetata</strong></span> <span class='ocrx_word' id='word_1_274' title='bbox 1263 2001 1618 2067; x_wconf 86' lang='lat' dir='ltr'><strong>contendunt,</strong></span> <span class='ocrx_word' id='word_1_275' title='bbox 1642 2013 1695 2057; x_wconf 88' lang='lat' dir='ltr'><strong>et</strong></span> <span class='ocrx_word' id='word_1_276' title='bbox 1716 2001 1882 2074; x_wconf 66' lang='lat' dir='ltr'><strong>m</strong></span> 
     </span>
    </p>
   </div>
   <div class='ocr_carea' id='block_1_37' title="bbox 290 2091 1881 2162">
    <p class='ocr_par' dir='ltr' id='par_1_37' title="bbox 290 2091 1881 2162">
     <span class='ocr_line' id='line_1_37' title="bbox 290 2091 1881 2162; baseline 0.001 -19"><span class='ocrx_word' id='word_1_277' title='bbox 290 2092 345 2143; x_wconf 86' lang='lat' dir='ltr'><strong>in</strong></span> <span class='ocrx_word' id='word_1_278' title='bbox 379 2091 647 2145; x_wconf 83' lang='lat' dir='ltr'><strong>ultionem</strong></span> <span class='ocrx_word' id='word_1_279' title='bbox 676 2092 827 2156; x_wconf 72' lang='lat' dir='ltr'><strong>Sion,</strong></span> <span class='ocrx_word' id='word_1_280' title='bbox 858 2094 1169 2144; x_wconf 49' lang='lat' dir='ltr'><strong>vastitatem</strong></span> <span class='ocrx_word' id='word_1_281' title='bbox 1202 2092 1474 2159; x_wconf 89' lang='lat' dir='ltr'><strong>quondam</strong></span> <span class='ocrx_word' id='word_1_282' title='bbox 1507 2095 1658 2162; x_wconf 76' lang='lat' dir='ltr'><strong>regni</strong></span> <span class='ocrx_word' id='word_1_283' title='bbox 1690 2105 1881 2161; x_wconf 83' lang='lat' dir='ltr'><strong>poten-</strong></span> 
     </span>
    </p>
   </div>
   <div class='ocr_carea' id='block_1_38' title="bbox 291 2180 1883 2255">
    <p class='ocr_par' dir='ltr' id='par_1_38' title="bbox 291 2180 1883 2255">
     <span class='ocr_line' id='line_1_38' title="bbox 291 2180 1883 2255; baseline 0.001 -22"><span class='ocrx_word' id='word_1_284' title='bbox 291 2181 493 2255; x_wconf 83' lang='lat' dir='ltr'><strong>tissimi</strong></span> <span class='ocrx_word' id='word_1_285' title='bbox 524 2181 832 2250; x_wconf 67' lang='lat' dir='ltr'><strong>praedicari,</strong></span> <span class='ocrx_word' id='word_1_286' title='bbox 861 2185 1003 2250; x_wconf 89' lang='lat' dir='ltr'><strong>quod</strong></span> <span class='ocrx_word' id='word_1_287' title='bbox 1032 2180 1186 2249; x_wconf 69' lang='lat' dir='ltr'><strong>juxta</strong></span> <span class='ocrx_word' id='word_1_288' title='bbox 1240 2181 1476 2234; x_wconf 85' lang='lat' dir='ltr'><strong>litteram</strong></span> <span class='ocrx_word' id='word_1_289' title='bbox 1507 2182 1752 2250; x_wconf 86' lang='lat' dir='ltr'><strong>plerique</strong></span> <span class='ocrx_word' id='word_1_290' title='bbox 1780 2198 1883 2235; x_wconf 84' lang='lat' dir='ltr'><strong>no-</strong></span> 
     </span>
    </p>
   </div>
   <div class='ocr_carea' id='block_1_39' title="bbox 294 2270 1884 2342">
    <p class='ocr_par' dir='ltr' id='par_1_39' title="bbox 294 2270 1884 2342">
     <span class='ocr_line' id='line_1_39' title="bbox 294 2270 1884 2342; baseline 0.001 -16"><span class='ocrx_word' id='word_1_291' title='bbox 294 2285 532 2326; x_wconf 87' lang='lat' dir='ltr'><strong>strorum</strong></span> <span class='ocrx_word' id='word_1_292' title='bbox 554 2272 715 2326; x_wconf 77' lang='lat' dir='ltr'><strong>eti-tm</strong></span> <span class='ocrx_word' id='word_1_293' title='bbox 741 2275 789 2325; x_wconf 90' lang='lat' dir='ltr'><strong>in</strong></span> <span class='ocrx_word' id='word_1_294' title='bbox 805 2272 1125 2342; x_wconf 81' lang='lat' dir='ltr'><strong>Apocalypsi</strong></span> <span class='ocrx_word' id='word_1_295' title='bbox 1148 2270 1378 2327; x_wconf 83' lang='lat' dir='ltr'><strong>Joannis</strong></span> <span class='ocrx_word' id='word_1_296' title='bbox 1393 2274 1655 2341; x_wconf 63' lang='lat' dir='ltr'><strong>scriptum</strong></span> <span class='ocrx_word' id='word_1_297' title='bbox 1672 2285 1884 2342; x_wconf 89' lang='lat' dir='ltr'><strong>putant.</strong></span> 
     </span>
    </p>
   </div>
   <div class='ocr_carea' id='block_1_40' title="bbox 295 2363 1890 2435">
    <p class='ocr_par' dir='ltr' id='par_1_40' title="bbox 295 2363 1890 2435">
     <span class='ocr_line' id='line_1_40' title="bbox 295 2363 1890 2435; baseline -0.001 -17"><span class='ocrx_word' id='word_1_298' title='bbox 295 2364 404 2420; x_wconf 78' lang='lat' dir='ltr'><strong>Nos</strong></span> <span class='ocrx_word' id='word_1_299' title='bbox 429 2375 611 2419; x_wconf 80' lang='lat' dir='ltr'><strong>autem</strong></span> <span class='ocrx_word' id='word_1_300' title='bbox 645 2382 709 2419; x_wconf 79' lang='lat' dir='ltr'><strong>ex</strong></span> <span class='ocrx_word' id='word_1_301' title='bbox 738 2380 801 2419; x_wconf 88' lang='lat' dir='ltr'><strong>eo</strong></span> <span class='ocrx_word' id='word_1_302' title='bbox 833 2368 979 2435; x_wconf 90' lang='lat' dir='ltr'><strong>quod</strong></span> <span class='ocrx_word' id='word_1_303' title='bbox 1013 2370 1231 2431; x_wconf 87' lang='lat' dir='ltr'><strong>dicitur,</strong></span> <span class='ocrx_word' id='word_1_304' title='bbox 1262 2366 1382 2419; x_wconf 88' lang='lat' dir='ltr'><strong>Dies</strong></span> <span class='ocrx_word' id='word_1_305' title='bbox 1416 2366 1633 2420; x_wconf 74' lang='lat' dir='ltr'><strong>ultionis</strong></span> <span class='ocrx_word' id='word_1_306' title='bbox 1677 2363 1890 2420; x_wconf 80' lang='lat' dir='ltr'><strong>Domini</strong></span> 
     </span>
    </p>
   </div>
   <div class='ocr_carea' id='block_1_41' title="bbox 296 2458 1889 2526">
    <p class='ocr_par' dir='ltr' id='par_1_41' title="bbox 296 2458 1889 2526">
     <span class='ocr_line' id='line_1_41' title="bbox 296 2458 1889 2526; baseline 0.002 -15"><span class='ocrx_word' id='word_1_307' title='bbox 296 2477 474 2512; x_wconf 81' lang='lat' dir='ltr'><strong>annus</strong></span> <span class='ocrx_word' id='word_1_308' title='bbox 510 2459 916 2512; x_wconf 85' lang='lat' dir='ltr'><strong>retributionum</strong></span> <span class='ocrx_word' id='word_1_309' title='bbox 957 2458 1152 2526; x_wconf 87' lang='lat' dir='ltr'><strong>judicii</strong></span> <span class='ocrx_word' id='word_1_310' title='bbox 1202 2458 1353 2525; x_wconf 88' lang='lat' dir='ltr'><strong>Sion,</strong></span> <span class='ocrx_word' id='word_1_311' title='bbox 1382 2461 1526 2514; x_wconf 86' lang='lat' dir='ltr'><strong>hunc</strong></span> <span class='ocrx_word' id='word_1_312' title='bbox 1556 2461 1889 2514; x_wconf 81' lang='lat' dir='ltr'><strong>arbitramur</strong></span> 
     </span>
    </p>
   </div>
   <div class='ocr_carea' id='block_1_42' title="bbox 297 2548 1887 2619">
    <p class='ocr_par' dir='ltr' id='par_1_42' title="bbox 297 2548 1887 2619">
     <span class='ocr_line' id='line_1_42' title="bbox 297 2548 1887 2619; baseline 0.003 -18"><span class='ocrx_word' id='word_1_313' title='bbox 297 2565 527 2612; x_wconf 78' lang='lat' dir='ltr'><strong>annum,</strong></span> <span class='ocrx_word' id='word_1_314' title='bbox 587 2549 655 2603; x_wconf 88' lang='lat' dir='ltr'><strong>de</strong></span> <span class='ocrx_word' id='word_1_315' title='bbox 710 2563 819 2619; x_wconf 83' lang='lat' dir='ltr'><strong>quo</strong></span> <span class='ocrx_word' id='word_1_316' title='bbox 852 2548 1095 2617; x_wconf 76' lang='lat' dir='ltr'><strong>loquitur</strong></span> <span class='ocrx_word' id='word_1_317' title='bbox 1148 2551 1265 2617; x_wconf 88' lang='lat' dir='ltr'><strong>ipse</strong></span> <span class='ocrx_word' id='word_1_318' title='bbox 1300 2550 1606 2604; x_wconf 75' lang='lat' dir='ltr'><strong>Salvator:</strong></span> <span class='ocrx_word' id='word_1_319' title='bbox 1660 2550 1887 2619; x_wconf 76' lang='lat' dir='ltr'><strong>Spiritus</strong></span> 
     </span>
    </p>
   </div>
   <div class='ocr_carea' id='block_1_43' title="bbox 296 2639 1891 2711">
    <p class='ocr_par' dir='ltr' id='par_1_43' title="bbox 296 2639 1891 2711">
     <span class='ocr_line' id='line_1_43' title="bbox 296 2639 1891 2711; baseline 0.001 -19"><span class='ocrx_word' id='word_1_320' title='bbox 296 2639 517 2693; x_wconf 78' lang='lat' dir='ltr'><strong>Domini</strong></span> <span class='ocrx_word' id='word_1_321' title='bbox 579 2657 735 2710; x_wconf 80' lang='lat' dir='ltr'><strong>super</strong></span> <span class='ocrx_word' id='word_1_322' title='bbox 777 2655 879 2703; x_wconf 81' lang='lat' dir='ltr'><strong>me,</strong></span> <span class='ocrx_word' id='word_1_323' title='bbox 915 2656 972 2692; x_wconf 83' lang='lat' dir='ltr'><strong>eo</strong></span> <span class='ocrx_word' id='word_1_324' title='bbox 998 2643 1135 2710; x_wconf 80' lang='lat' dir='ltr'><strong>quod</strong></span> <span class='ocrx_word' id='word_1_325' title='bbox 1181 2652 1330 2694; x_wconf 73' lang='lat' dir='ltr'><strong>unxt</strong></span> <span class='ocrx_word' id='word_1_326' title='bbox 1380 2657 1477 2704; x_wconf 87' lang='lat' dir='ltr'><strong>me,</strong></span> <span class='ocrx_word' id='word_1_327' title='bbox 1532 2643 1891 2711; x_wconf 57' lang='lat' dir='ltr'><strong>crongetiz&#39;rre</strong></span> 
     </span>
    </p>
   </div>
   <div class='ocr_carea' id='block_1_44' title="bbox 296 2732 1888 2801">
    <p class='ocr_par' dir='ltr' id='par_1_44' title="bbox 296 2732 1888 2801">
     <span class='ocr_line' id='line_1_44' title="bbox 296 2732 1888 2801; baseline 0.003 -18"><span class='ocrx_word' id='word_1_328' title='bbox 296 2732 616 2800; x_wconf 30' lang='lat' dir='ltr'><strong>pau,veribus</strong></span> <span class='ocrx_word' id='word_1_329' title='bbox 655 2732 795 2786; x_wconf 87' lang='lat' dir='ltr'><strong>misit</strong></span> <span class='ocrx_word' id='word_1_330' title='bbox 829 2750 927 2794; x_wconf 86' lang='lat' dir='ltr'><strong>me,</strong></span> <span class='ocrx_word' id='word_1_331' title='bbox 951 2734 1241 2801; x_wconf 63' lang='lat' dir='ltr'><strong>praedicare</strong></span> <span class='ocrx_word' id='word_1_332' title='bbox 1264 2735 1480 2798; x_wconf 75' lang='lat' dir='ltr'><strong>Captivis</strong></span> <span class='ocrx_word' id='word_1_333' title='bbox 1507 2737 1888 2801; x_wconf 46' lang='lat' dir='ltr'><strong>remitsionem,</strong></span> 
     </span>
    </p>
   </div>
   <div class='ocr_carea' id='block_1_45' title="bbox 300 2828 1893 2898">
    <p class='ocr_par' dir='ltr' id='par_1_45' title="bbox 300 2828 1893 2898">
     <span class='ocr_line' id='line_1_45' title="bbox 300 2828 1893 2898; baseline 0.003 -19"><span class='ocrx_word' id='word_1_334' title='bbox 300 2838 349 2879; x_wconf 77' lang='lat' dir='ltr'><strong>et</strong></span> <span class='ocrx_word' id='word_1_335' title='bbox 374 2828 531 2880; x_wconf 68' lang='lat' dir='ltr'><strong>rectis</strong></span> <span class='ocrx_word' id='word_1_336' title='bbox 562 2837 616 2879; x_wconf 85' lang='lat' dir='ltr'><strong>nt</strong></span> <span class='ocrx_word' id='word_1_337' title='bbox 650 2829 887 2894; x_wconf 77' lang='lat' dir='ltr'><strong>videant,</strong></span> <span class='ocrx_word' id='word_1_338' title='bbox 913 2846 1099 2882; x_wconf 74' lang='lat' dir='ltr'><strong>vocate</strong></span> <span class='ocrx_word' id='word_1_339' title='bbox 1125 2846 1319 2882; x_wconf 87' lang='lat' dir='ltr'><strong>annum</strong></span> <span class='ocrx_word' id='word_1_340' title='bbox 1362 2830 1573 2882; x_wconf 88' lang='lat' dir='ltr'><strong>Dommi</strong></span> <span class='ocrx_word' id='word_1_341' title='bbox 1598 2832 1893 2898; x_wconf 79' lang='lat' dir='ltr'><strong>acceptabi-</strong></span> 
     </span>
    </p>
   </div>
   <div class='ocr_carea' id='block_1_46' title="bbox 302 2921 1891 2983">
    <p class='ocr_par' dir='ltr' id='par_1_46' title="bbox 302 2921 1891 2983">
     <span class='ocr_line' id='line_1_46' title="bbox 302 2921 1891 2983; baseline 0.001 -8"><span class='ocrx_word' id='word_1_342' title='bbox 302 2922 420 2983; x_wconf 85' lang='lat' dir='ltr'><strong>lem,</strong></span> <span class='ocrx_word' id='word_1_343' title='bbox 445 2930 491 2972; x_wconf 86' lang='lat' dir='ltr'><strong>et</strong></span> <span class='ocrx_word' id='word_1_344' title='bbox 515 2921 652 2973; x_wconf 70' lang='lat' dir='ltr'><strong>d-em</strong></span> <span class='ocrx_word' id='word_1_345' title='bbox 677 2922 1038 2976; x_wconf 78' lang='lat' dir='ltr'><strong>retributionis</strong></span> <span class='ocrx_word' id='word_1_346' title='bbox 1066 2924 1168 2975; x_wconf 77' lang='lat' dir='ltr'><strong>Deo</strong></span> <span class='ocrx_word' id='word_1_347' title='bbox 1188 2934 1369 2978; x_wconf 77' lang='lat' dir='ltr'><strong>nostro</strong></span> <span class='ocrx_word' id='word_1_348' title='bbox 1388 2939 1403 2974; x_wconf 82' lang='lat'><strong>.&#39;</strong></span> <span class='ocrx_word' id='word_1_349' title='bbox 1424 2926 1689 2978; x_wconf 78' lang='lat' dir='ltr'><strong>consolari</strong></span> <span class='ocrx_word' id='word_1_350' title='bbox 1717 2941 1891 2977; x_wconf 73' lang='lat' dir='ltr'><strong>omnes</strong></span> 
     </span>
    </p>
   </div>
   <div class='ocr_carea' id='block_1_47' title="bbox 302 3014 1891 3088">
    <p class='ocr_par' dir='ltr' id='par_1_47' title="bbox 302 3014 1891 3088">
     <span class='ocr_line' id='line_1_47' title="bbox 302 3014 1891 3088; baseline 0.003 -21"><span class='ocrx_word' id='word_1_351' title='bbox 302 3015 562 3081; x_wconf 82' lang='lat' dir='ltr'><strong>lugentes,</strong></span> <span class='ocrx_word' id='word_1_352' title='bbox 588 3024 635 3065; x_wconf 84' lang='lat' dir='ltr'><strong>ct</strong></span> <span class='ocrx_word' id='word_1_353' title='bbox 661 3014 791 3067; x_wconf 85' lang='lat' dir='ltr'><strong>dare</strong></span> <span class='ocrx_word' id='word_1_354' title='bbox 825 3018 1195 3085; x_wconf 69' lang='lat' dir='ltr'><strong>plangentibus</strong></span> <span class='ocrx_word' id='word_1_355' title='bbox 1223 3014 1350 3072; x_wconf 83' lang='lat' dir='ltr'><strong>Stou</strong></span> <span class='ocrx_word' id='word_1_356' title='bbox 1380 3020 1604 3088; x_wconf 79' lang='lat' dir='ltr'><strong>gloriam</strong></span> <span class='ocrx_word' id='word_1_357' title='bbox 1633 3016 1785 3088; x_wconf 85' lang='lat' dir='ltr'><strong>(Luc.</strong></span> <span class='ocrx_word' id='word_1_358' title='bbox 1815 3034 1891 3079; x_wconf 77' lang='grc' dir='ltr'><strong>ιν,</strong></span> 
     </span>
    </p>
   </div>
   <div class='ocr_carea' id='block_1_48' title="bbox 301 3101 1890 3178">
    <p class='ocr_par' dir='ltr' id='par_1_48' title="bbox 301 3101 1890 3178">
     <span class='ocr_line' id='line_1_48' title="bbox 301 3101 1890 3178; baseline 0.003 -21"><span class='ocrx_word' id='word_1_359' title='bbox 301 3104 388 3171; x_wconf 84' lang='grc'><strong>18,</strong></span> <span class='ocrx_word' id='word_1_360' title='bbox 428 3104 518 3170; x_wconf 74' lang='lat' dir='ltr'><strong>i9,</strong></span> <span class='ocrx_word' id='word_1_361' title='bbox 556 3101 671 3159; x_wconf 82' lang='lat' dir='ltr'><strong>Isa.</strong></span> <span class='ocrx_word' id='word_1_362' title='bbox 705 3120 820 3169; x_wconf 64' lang='grc' dir='ltr'><strong>ιιι,</strong></span> <span class='ocrx_word' id='word_1_363' title='bbox 858 3108 907 3171; x_wconf 84' lang='grc'><strong>1,</strong></span> <span class='ocrx_word' id='word_1_364' title='bbox 930 3108 986 3165; x_wconf 70' lang='lat'><strong>2.</strong></span> <span class='ocrx_word' id='word_1_365' title='bbox 1016 3108 1070 3176; x_wconf 77' lang='grc'><strong>5)</strong></span> <span class='ocrx_word' id='word_1_366' title='bbox 1099 3124 1114 3171; x_wconf 89' lang='lat'><strong>;</strong></span> <span class='ocrx_word' id='word_1_367' title='bbox 1146 3117 1199 3162; x_wconf 87' lang='lat' dir='ltr'><strong>ct</strong></span> <span class='ocrx_word' id='word_1_368' title='bbox 1240 3108 1307 3161; x_wconf 84' lang='lat' dir='ltr'><strong>de</strong></span> <span class='ocrx_word' id='word_1_369' title='bbox 1356 3125 1463 3178; x_wconf 87' lang='lat' dir='ltr'><strong>quo</strong></span> <span class='ocrx_word' id='word_1_370' title='bbox 1494 3124 1656 3177; x_wconf 80' lang='lat' dir='ltr'><strong>supra</strong></span> <span class='ocrx_word' id='word_1_371' title='bbox 1689 3110 1890 3162; x_wconf 83' lang='lat' dir='ltr'><strong>dictum</strong></span> 
     </span>
    </p>
   </div>
   <div class='ocr_carea' id='block_1_49' title="bbox 303 3190 1888 3270">
    <p class='ocr_par' dir='ltr' id='par_1_49' title="bbox 303 3190 1888 3270">
     <span class='ocr_line' id='line_1_49' title="bbox 303 3190 1888 3270; baseline 0.001 -19"><span class='ocrx_word' id='word_1_372' title='bbox 303 3207 385 3251; x_wconf 86' lang='lat' dir='ltr'><strong>est</strong></span> <span class='ocrx_word' id='word_1_373' title='bbox 423 3213 444 3251; x_wconf 83' lang='lat'><strong>:</strong></span> <span class='ocrx_word' id='word_1_374' title='bbox 489 3196 740 3250; x_wconf 78' lang='lat' dir='ltr'><strong>Mulieres</strong></span> <span class='ocrx_word' id='word_1_375' title='bbox 797 3201 1059 3268; x_wconf 76' lang='lat' dir='ltr'><strong>apuienm’</strong></span> <span class='ocrx_word' id='word_1_376' title='bbox 1109 3201 1304 3269; x_wconf 77' lang='lat' dir='ltr'><strong>surgite</strong></span> <span class='ocrx_word' id='word_1_377' title='bbox 1336 3198 1469 3270; x_wconf 66' lang='lat' dir='ltr'><strong>(Ita.</strong></span> <span class='ocrx_word' id='word_1_378' title='bbox 1504 3190 1681 3265; x_wconf 53' lang='lat' dir='ltr'><strong>usti,</strong></span> <span class='ocrx_word' id='word_1_379' title='bbox 1718 3202 1805 3268; x_wconf 85' lang='lat'><strong>9);</strong></span> <span class='ocrx_word' id='word_1_380' title='bbox 1836 3212 1888 3253; x_wconf 84' lang='lat' dir='ltr'><strong>et</strong></span> 
     </span>
    </p>
   </div>
   <div class='ocr_carea' id='block_1_50' title="bbox 302 3288 1890 3362">
    <p class='ocr_par' dir='ltr' id='par_1_50' title="bbox 302 3288 1890 3362">
     <span class='ocr_line' id='line_1_50' title="bbox 302 3288 1890 3362; baseline 0.002 -20"><span class='ocrx_word' id='word_1_381' title='bbox 302 3288 517 3343; x_wconf 86' lang='lat' dir='ltr'><strong>dierum</strong></span> <span class='ocrx_word' id='word_1_382' title='bbox 547 3291 670 3343; x_wconf 87' lang='lat' dir='ltr'><strong>anni</strong></span> <span class='ocrx_word' id='word_1_383' title='bbox 708 3294 1068 3346; x_wconf 80' lang='lat' dir='ltr'><strong>recordamini</strong></span> <span class='ocrx_word' id='word_1_384' title='bbox 1092 3295 1143 3346; x_wconf 89' lang='lat' dir='ltr'><strong>in</strong></span> <span class='ocrx_word' id='word_1_385' title='bbox 1169 3296 1353 3347; x_wconf 83' lang='lat' dir='ltr'><strong>dolore</strong></span> <span class='ocrx_word' id='word_1_386' title='bbox 1376 3310 1496 3347; x_wconf 84' lang='lat' dir='ltr'><strong>cum</strong></span> <span class='ocrx_word' id='word_1_387' title='bbox 1536 3309 1656 3362; x_wconf 85' lang='lat' dir='ltr'><strong>spe,</strong></span> <span class='ocrx_word' id='word_1_388' title='bbox 1692 3310 1755 3346; x_wconf 86' lang='lat' dir='ltr'><strong>ac</strong></span> <span class='ocrx_word' id='word_1_389' title='bbox 1792 3309 1890 3362; x_wconf 86' lang='lat' dir='ltr'><strong>per</strong></span> 
     </span>
    </p>
   </div>
   <div class='ocr_carea' id='block_1_51' title="bbox 304 3380 1890 3450">
    <p class='ocr_par' dir='ltr' id='par_1_51' title="bbox 304 3380 1890 3450">
     <span class='ocr_line' id='line_1_51' title="bbox 304 3380 1890 3450; baseline 0.001 -17"><span class='ocrx_word' id='word_1_390' title='bbox 304 3380 405 3435; x_wconf 89' lang='lat' dir='ltr'><strong>hoc</strong></span> <span class='ocrx_word' id='word_1_391' title='bbox 453 3394 577 3450; x_wconf 79' lang='lat' dir='ltr'><strong>post</strong></span> <span class='ocrx_word' id='word_1_392' title='bbox 611 3384 919 3449; x_wconf 80' lang='lat' dir='ltr'><strong>generalem</strong></span> <span class='ocrx_word' id='word_1_393' title='bbox 961 3384 1121 3439; x_wconf 82' lang='lat' dir='ltr'><strong>totius</strong></span> <span class='ocrx_word' id='word_1_394' title='bbox 1162 3385 1312 3437; x_wconf 87' lang='lat' dir='ltr'><strong>orbis</strong></span> <span class='ocrx_word' id='word_1_395' title='bbox 1362 3385 1890 3437; x_wconf 75' lang='lat' dir='ltr'><strong>consummationem</strong></span> 
     </span>
    </p>
   </div>
   <div class='ocr_carea' id='block_1_52' title="bbox 306 3472 1892 3546">
    <p class='ocr_par' dir='ltr' id='par_1_52' title="bbox 306 3472 1892 3546">
     <span class='ocr_line' id='line_1_52' title="bbox 306 3472 1892 3546; baseline 0.003 -20"><span class='ocrx_word' id='word_1_396' title='bbox 306 3475 507 3529; x_wconf 84' lang='lat' dir='ltr'><strong>reverti</strong></span> <span class='ocrx_word' id='word_1_397' title='bbox 545 3472 880 3543; x_wconf 76' lang='lat' dir='ltr'><strong>St&#39;t&#39;iptttraztt</strong></span> <span class='ocrx_word' id='word_1_398' title='bbox 925 3475 990 3530; x_wconf 90' lang='lat' dir='ltr'><strong>ad</strong></span> <span class='ocrx_word' id='word_1_399' title='bbox 1039 3473 1365 3539; x_wconf 78' lang='lat' dir='ltr'><strong>Jerusalem,</strong></span> <span class='ocrx_word' id='word_1_400' title='bbox 1403 3479 1489 3530; x_wconf 89' lang='lat' dir='ltr'><strong>cui</strong></span> <span class='ocrx_word' id='word_1_401' title='bbox 1522 3476 1613 3531; x_wconf 89' lang='lat' dir='ltr'><strong>illo</strong></span> <span class='ocrx_word' id='word_1_402' title='bbox 1646 3488 1892 3546; x_wconf 77' lang='lat' dir='ltr'><strong>tempore</strong></span> 
     </span>
    </p>
   </div>
   <div class='ocr_carea' id='block_1_53' title="bbox 306 3566 1894 3640">
    <p class='ocr_par' dir='ltr' id='par_1_53' title="bbox 306 3566 1894 3640">
     <span class='ocr_line' id='line_1_53' title="bbox 306 3566 1894 3640; baseline 0.004 -21"><span class='ocrx_word' id='word_1_403' title='bbox 306 3566 653 3636; x_wconf 77' lang='lat' dir='ltr'><strong>loquebatur,</strong></span> <span class='ocrx_word' id='word_1_404' title='bbox 688 3581 745 3621; x_wconf 90' lang='lat' dir='ltr'><strong>et</strong></span> <span class='ocrx_word' id='word_1_405' title='bbox 777 3572 1084 3623; x_wconf 77' lang='lat' dir='ltr'><strong>vastitatem</strong></span> <span class='ocrx_word' id='word_1_406' title='bbox 1123 3571 1244 3640; x_wconf 84' lang='lat' dir='ltr'><strong>ejus</strong></span> <span class='ocrx_word' id='word_1_407' title='bbox 1287 3570 1450 3640; x_wconf 89' lang='lat' dir='ltr'><strong>pleno</strong></span> <span class='ocrx_word' id='word_1_408' title='bbox 1497 3586 1750 3625; x_wconf 85' lang='lat' dir='ltr'><strong>sermone</strong></span> <span class='ocrx_word' id='word_1_409' title='bbox 1799 3574 1894 3626; x_wconf 88' lang='lat' dir='ltr'><strong>de-</strong></span> 
     </span>
    </p>
   </div>
   <div class='ocr_carea' id='block_1_54' title="bbox 307 3660 1895 3733">
    <p class='ocr_par' dir='ltr' id='par_1_54' title="bbox 307 3660 1895 3733">
     <span class='ocr_line' id='line_1_54' title="bbox 307 3660 1895 3733; baseline 0.001 -18"><span class='ocrx_word' id='word_1_410' title='bbox 307 3662 474 3715; x_wconf 80' lang='lat' dir='ltr'><strong>scribi</strong></span> <span class='ocrx_word' id='word_1_411' title='bbox 513 3677 527 3725; x_wconf 90' lang='lat'>;</span> <span class='ocrx_word' id='word_1_412' title='bbox 578 3660 728 3732; x_wconf 86' lang='lat' dir='ltr'><strong>quod</strong></span> <span class='ocrx_word' id='word_1_413' title='bbox 787 3663 998 3717; x_wconf 84' lang='lat' dir='ltr'><strong>scilicet</strong></span> <span class='ocrx_word' id='word_1_414' title='bbox 1040 3673 1334 3733; x_wconf 80' lang='lat' dir='ltr'><strong>postquam</strong></span> <span class='ocrx_word' id='word_1_415' title='bbox 1385 3673 1597 3732; x_wconf 83' lang='lat' dir='ltr'><strong>tempus</strong></span> <span class='ocrx_word' id='word_1_416' title='bbox 1635 3662 1895 3721; x_wconf 77' lang='lat' dir='ltr'><strong>Romana:</strong></span> 
     </span>
    </p>
   </div>
   <div class='ocr_carea' id='block_1_55' title="bbox 308 3755 1894 3825">
    <p class='ocr_par' dir='ltr' id='par_1_55' title="bbox 308 3755 1894 3825">
     <span class='ocr_line' id='line_1_55' title="bbox 308 3755 1894 3825; baseline 0.003 -20"><span class='ocrx_word' id='word_1_417' title='bbox 308 3755 614 3809; x_wconf 83' lang='lat' dir='ltr'><strong>obsidionis</strong></span> <span class='ocrx_word' id='word_1_418' title='bbox 660 3757 962 3821; x_wconf 83' lang='lat' dir='ltr'><strong>advenerit,</strong></span> <span class='ocrx_word' id='word_1_419' title='bbox 1009 3758 1131 3825; x_wconf 84' lang='lat' dir='ltr'><strong>pice</strong></span> <span class='ocrx_word' id='word_1_420' title='bbox 1165 3766 1218 3812; x_wconf 89' lang='lat' dir='ltr'><strong>et</strong></span> <span class='ocrx_word' id='word_1_421' title='bbox 1260 3757 1521 3825; x_wconf 82' lang='lat' dir='ltr'><strong>sulphure</strong></span> <span class='ocrx_word' id='word_1_422' title='bbox 1554 3770 1609 3811; x_wconf 87' lang='lat' dir='ltr'><strong>et</strong></span> <span class='ocrx_word' id='word_1_423' title='bbox 1661 3755 1894 3811; x_wconf 80' lang='lat' dir='ltr'><strong>ﬂammis</strong></span> 
     </span>
    </p>
   </div>
   <div class='ocr_carea' id='block_1_56' title="bbox 309 3846 1896 3925">
    <p class='ocr_par' dir='ltr' id='par_1_56' title="bbox 309 3846 1896 3925">
     <span class='ocr_line' id='line_1_56' title="bbox 309 3846 1896 3925; baseline 0.001 -28"><span class='ocrx_word' id='word_1_424' title='bbox 309 3846 628 3925; x_wconf 66' lang='lat' dir='ltr'><strong>ardentibus</strong></span> <span class='ocrx_word' id='word_1_425' title='bbox 655 3847 837 3900; x_wconf 82' lang='lat' dir='ltr'><strong>omnia</strong></span> <span class='ocrx_word' id='word_1_426' title='bbox 869 3846 1269 3915; x_wconf 83' lang='lat' dir='ltr'><strong>compleantur,</strong></span> <span class='ocrx_word' id='word_1_427' title='bbox 1299 3855 1353 3901; x_wconf 88' lang='lat' dir='ltr'><strong>et</strong></span> <span class='ocrx_word' id='word_1_428' title='bbox 1385 3848 1563 3900; x_wconf 79' lang='lat' dir='ltr'><strong>iunius</strong></span> <span class='ocrx_word' id='word_1_429' title='bbox 1608 3847 1752 3900; x_wconf 86' lang='lat' dir='ltr'><strong>illius</strong></span> <span class='ocrx_word' id='word_1_430' title='bbox 1784 3863 1896 3899; x_wconf 88' lang='lat' dir='ltr'><strong>ma-</strong></span> 
     </span>
    </p>
   </div>
   <div class='ocr_carea' id='block_1_57' title="bbox 314 3938 1900 4011">
    <p class='ocr_par' dir='ltr' id='par_1_57' title="bbox 314 3938 1900 4011">
     <span class='ocr_line' id='line_1_57' title="bbox 314 3938 1900 4011; baseline 0 -21"><span class='ocrx_word' id='word_1_431' title='bbox 314 3948 441 3991; x_wconf 75' lang='lat' dir='ltr'><strong>neat</strong></span> <span class='ocrx_word' id='word_1_432' title='bbox 474 3940 528 3990; x_wconf 89' lang='lat' dir='ltr'><strong>in</strong></span> <span class='ocrx_word' id='word_1_433' title='bbox 554 3948 840 4005; x_wconf 68' lang='lat' dir='ltr'><strong>internum,</strong></span> <span class='ocrx_word' id='word_1_434' title='bbox 864 3940 1220 4011; x_wconf 83' lang='lat' dir='ltr'><strong>habiteutque</strong></span> <span class='ocrx_word' id='word_1_435' title='bbox 1248 3941 1318 3994; x_wconf 85' lang='lat' dir='ltr'><strong>ibi</strong></span> <span class='ocrx_word' id='word_1_436' title='bbox 1354 3938 1704 3993; x_wconf 81' lang='lat' dir='ltr'><strong>onocrotalus</strong></span> <span class='ocrx_word' id='word_1_437' title='bbox 1723 3952 1779 3992; x_wconf 83' lang='lat' dir='ltr'><strong>et</strong></span> <span class='ocrx_word' id='word_1_438' title='bbox 1806 3942 1900 3991; x_wconf 85' lang='lat' dir='ltr'><strong>he-</strong></span> 
     </span>
    </p>
   </div>
   <div class='ocr_carea' id='block_1_58' title="bbox 311 4031 1898 4103">
    <p class='ocr_par' dir='ltr' id='par_1_58' title="bbox 311 4031 1898 4103">
     <span class='ocr_line' id='line_1_58' title="bbox 311 4031 1898 4103; baseline -0.001 -20"><span class='ocrx_word' id='word_1_439' title='bbox 311 4031 502 4098; x_wconf 81' lang='lat' dir='ltr'><strong>ricius,</strong></span> <span class='ocrx_word' id='word_1_440' title='bbox 535 4042 587 4084; x_wconf 89' lang='lat' dir='ltr'><strong>et</strong></span> <span class='ocrx_word' id='word_1_441' title='bbox 629 4032 753 4094; x_wconf 82' lang='lat' dir='ltr'><strong>ibis.</strong></span> <span class='ocrx_word' id='word_1_442' title='bbox 803 4044 857 4086; x_wconf 89' lang='lat' dir='ltr'><strong>et</strong></span> <span class='ocrx_word' id='word_1_443' title='bbox 896 4047 1114 4098; x_wconf 86' lang='lat' dir='ltr'><strong>corvus,</strong></span> <span class='ocrx_word' id='word_1_444' title='bbox 1141 4047 1263 4103; x_wconf 74' lang='lat' dir='ltr'><strong>quae</strong></span> <span class='ocrx_word' id='word_1_445' title='bbox 1304 4032 1603 4085; x_wconf 81' lang='lat' dir='ltr'><strong>animantia</strong></span> <span class='ocrx_word' id='word_1_446' title='bbox 1635 4033 1686 4084; x_wconf 90' lang='lat' dir='ltr'><strong>in</strong></span> <span class='ocrx_word' id='word_1_447' title='bbox 1716 4034 1898 4086; x_wconf 82' lang='lat' dir='ltr'><strong>deser—</strong></span> 
     </span>
    </p>
   </div>
   <div class='ocr_carea' id='block_1_59' title="bbox 314 4122 1895 4190">
    <p class='ocr_par' dir='ltr' id='par_1_59' title="bbox 314 4122 1895 4190">
     <span class='ocr_line' id='line_1_59' title="bbox 314 4122 1895 4190; baseline -0.003 -11"><span class='ocrx_word' id='word_1_448' title='bbox 314 4125 379 4179; x_wconf 89' lang='lat' dir='ltr'><strong>tis</strong></span> <span class='ocrx_word' id='word_1_449' title='bbox 411 4125 552 4179; x_wconf 83' lang='lat' dir='ltr'><strong>locis</strong></span> <span class='ocrx_word' id='word_1_450' title='bbox 588 4125 837 4181; x_wconf 84' lang='lat' dir='ltr'><strong>habitare</strong></span> <span class='ocrx_word' id='word_1_451' title='bbox 879 4135 1291 4180; x_wconf 85' lang='lat' dir='ltr'><strong>consueverunt</strong></span> <span class='ocrx_word' id='word_1_452' title='bbox 1326 4139 1346 4190; x_wconf 82' lang='lat'><strong>;</strong></span> <span class='ocrx_word' id='word_1_453' title='bbox 1387 4135 1440 4181; x_wconf 87' lang='lat' dir='ltr'><strong>et</strong></span> <span class='ocrx_word' id='word_1_454' title='bbox 1474 4124 1576 4178; x_wconf 85' lang='lat' dir='ltr'><strong>hoc</strong></span> <span class='ocrx_word' id='word_1_455' title='bbox 1607 4122 1721 4188; x_wconf 80' lang='lat' dir='ltr'><strong>fiat,</strong></span> <span class='ocrx_word' id='word_1_456' title='bbox 1767 4125 1895 4190; x_wconf 88' lang='lat' dir='ltr'><strong>quia</strong></span> 
     </span>
    </p>
   </div>
   <div class='ocr_carea' id='block_1_60' title="bbox 311 4216 1895 4289">
    <p class='ocr_par' dir='ltr' id='par_1_60' title="bbox 311 4216 1895 4289">
     <span class='ocr_line' id='line_1_60' title="bbox 311 4216 1895 4289; baseline -0.001 -19"><span class='ocrx_word' id='word_1_457' title='bbox 311 4216 588 4273; x_wconf 73' lang='lat' dir='ltr'><strong>funiculus</strong></span> <span class='ocrx_word' id='word_1_458' title='bbox 621 4218 831 4273; x_wconf 86' lang='lat' dir='ltr'><strong>Domini</strong></span> <span class='ocrx_word' id='word_1_459' title='bbox 860 4228 1023 4288; x_wconf 86' lang='lat' dir='ltr'><strong>atque</strong></span> <span class='ocrx_word' id='word_1_460' title='bbox 1058 4218 1528 4289; x_wconf 75' lang='lat' dir='ltr'><strong>perpendiculum,</strong></span> <span class='ocrx_word' id='word_1_461' title='bbox 1563 4217 1613 4271; x_wconf 85' lang='lat' dir='ltr'><strong>id</strong></span> <span class='ocrx_word' id='word_1_462' title='bbox 1639 4232 1744 4279; x_wconf 84' lang='lat' dir='ltr'><strong>est,</strong></span> <span class='ocrx_word' id='word_1_463' title='bbox 1768 4231 1895 4270; x_wconf 80' lang='lat' dir='ltr'><strong>sen-</strong></span> 
     </span>
    </p>
   </div>
   <div class='ocr_carea' id='block_1_61' title="bbox 313 4310 1899 4375">
    <p class='ocr_par' dir='ltr' id='par_1_61' title="bbox 313 4310 1899 4375">
     <span class='ocr_line' id='line_1_61' title="bbox 313 4310 1899 4375; baseline 0.001 -14"><span class='ocrx_word' id='word_1_464' title='bbox 313 4313 481 4365; x_wconf 87' lang='lat' dir='ltr'><strong>tentia</strong></span> <span class='ocrx_word' id='word_1_465' title='bbox 518 4313 660 4375; x_wconf 80' lang='lat' dir='ltr'><strong>illius</strong></span> <span class='ocrx_word' id='word_1_466' title='bbox 695 4327 804 4365; x_wconf 87' lang='lat' dir='ltr'><strong>non</strong></span> <span class='ocrx_word' id='word_1_467' title='bbox 836 4311 1018 4365; x_wconf 82' lang='lat' dir='ltr'><strong>valeat</strong></span> <span class='ocrx_word' id='word_1_468' title='bbox 1070 4312 1371 4365; x_wconf 83' lang='lat' dir='ltr'><strong>immutari.</strong></span> <span class='ocrx_word' id='word_1_469' title='bbox 1407 4310 1629 4365; x_wconf 79' lang='lat' dir='ltr'><strong>Nobiles</strong></span> <span class='ocrx_word' id='word_1_470' title='bbox 1673 4313 1812 4375; x_wconf 75' lang='lat' dir='ltr'><strong>ejus,</strong></span> <span class='ocrx_word' id='word_1_471' title='bbox 1848 4311 1899 4363; x_wconf 92' lang='lat' dir='ltr'><strong>id</strong></span> 
     </span>
    </p>
   </div>
   <div class='ocr_carea' id='block_1_62' title="bbox 263 4402 1903 4473">
    <p class='ocr_par' dir='ltr' id='par_1_62' title="bbox 263 4402 1903 4473">
     <span class='ocr_line' id='line_1_62' title="bbox 263 4402 1903 4473; baseline -0.002 -15"><span class='ocrx_word' id='word_1_472' title='bbox 263 4461 278 4472; x_wconf 63' lang='grc'><em>,</em></span> <span class='ocrx_word' id='word_1_473' title='bbox 313 4413 418 4471; x_wconf 79' lang='lat' dir='ltr'><strong>est,</strong></span> <span class='ocrx_word' id='word_1_474' title='bbox 476 4403 707 4473; x_wconf 82' lang='lat' dir='ltr'><strong>apostoli</strong></span> <span class='ocrx_word' id='word_1_475' title='bbox 757 4413 923 4473; x_wconf 78' lang='lat' dir='ltr'><strong>atque</strong></span> <span class='ocrx_word' id='word_1_476' title='bbox 965 4405 1258 4469; x_wconf 83' lang='lat' dir='ltr'><strong>credentes</strong></span> <span class='ocrx_word' id='word_1_477' title='bbox 1306 4419 1413 4457; x_wconf 86' lang='lat' dir='ltr'><strong>non</strong></span> <span class='ocrx_word' id='word_1_478' title='bbox 1460 4412 1624 4458; x_wconf 87' lang='lat' dir='ltr'><strong>erunt</strong></span> <span class='ocrx_word' id='word_1_479' title='bbox 1672 4402 1771 4467; x_wconf 84' lang='lat' dir='ltr'><strong>ibi,</strong></span> <span class='ocrx_word' id='word_1_480' title='bbox 1803 4418 1903 4455; x_wconf 85' lang='lat' dir='ltr'><strong>nec</strong></span> 
     </span>
    </p>
   </div>
   <div class='ocr_carea' id='block_1_63' title="bbox 1988 1909 3584 1981">
    <p class='ocr_par' dir='ltr' id='par_1_63' title="bbox 1988 1909 3584 1981">
     <span class='ocr_line' id='line_1_63' title="bbox 1988 1909 3584 1981; baseline 0.003 -17"><span class='ocrx_word' id='word_1_481' title='bbox 1988 1909 2300 1964; x_wconf 69' lang='lat' dir='ltr'><strong>Judaiormn</strong></span> <span class='ocrx_word' id='word_1_482' title='bbox 2328 1915 2428 1966; x_wconf 85' lang='lat' dir='ltr'><strong>sub</strong></span> <span class='ocrx_word' id='word_1_483' title='bbox 2452 1914 2745 1966; x_wconf 78' lang='lat' dir='ltr'><strong>bestiarum</strong></span> <span class='ocrx_word' id='word_1_484' title='bbox 2774 1923 2827 1966; x_wconf 89' lang='lat' dir='ltr'><strong>et</strong></span> <span class='ocrx_word' id='word_1_485' title='bbox 2849 1926 3221 1979; x_wconf 83' lang='lat' dir='ltr'><strong>portentorum</strong></span> <span class='ocrx_word' id='word_1_486' title='bbox 3252 1916 3584 1981; x_wconf 81' lang='lat' dir='ltr'><strong>utnninibus,</strong></span> 
     </span>
    </p>
   </div>
   <div class='ocr_carea' id='block_1_64' title="bbox 1968 2002 3582 2073">
    <p class='ocr_par' dir='ltr' id='par_1_64' title="bbox 1968 2002 3582 2073">
     <span class='ocr_line' id='line_1_64' title="bbox 1968 2002 3582 2073; baseline 0.004 -19"><span class='ocrx_word' id='word_1_487' title='bbox 1968 2002 2307 2057; x_wconf 76' lang='lat' dir='ltr'><strong>‘idololatras</strong></span> <span class='ocrx_word' id='word_1_488' title='bbox 2363 2014 2419 2057; x_wconf 92' lang='lat' dir='ltr'><strong>et</strong></span> <span class='ocrx_word' id='word_1_489' title='bbox 2462 2006 2627 2057; x_wconf 79' lang='lat' dir='ltr'><strong>variis</strong></span> <span class='ocrx_word' id='word_1_490' title='bbox 2661 2007 3141 2073; x_wconf 84' lang='lat' dir='ltr'><strong>superstitionibus</strong></span> <span class='ocrx_word' id='word_1_491' title='bbox 3181 2008 3489 2061; x_wconf 66' lang='lat' dir='ltr'><strong>servientes</strong></span> <span class='ocrx_word' id='word_1_492' title='bbox 3530 2010 3582 2061; x_wconf 90' lang='lat' dir='ltr'><strong>itt</strong></span> 
     </span>
    </p>
   </div>
   <div class='ocr_carea' id='block_1_65' title="bbox 1991 2091 3588 2166">
    <p class='ocr_par' dir='ltr' id='par_1_65' title="bbox 1991 2091 3588 2166">
     <span class='ocr_line' id='line_1_65' title="bbox 1991 2091 3588 2166; baseline 0.004 -21"><span class='ocrx_word' id='word_1_493' title='bbox 1991 2091 2296 2147; x_wconf 82' lang='lat' dir='ltr'><strong>Jerusalem</strong></span> <span class='ocrx_word' id='word_1_494' title='bbox 2322 2096 2666 2166; x_wconf 68' lang='lat' dir='ltr'><strong>habitaturus</strong></span> <span class='ocrx_word' id='word_1_495' title='bbox 2689 2111 2810 2148; x_wconf 81' lang='lat' dir='ltr'><strong>esse</strong></span> <span class='ocrx_word' id='word_1_496' title='bbox 2837 2095 3167 2149; x_wconf 74' lang='lat' dir='ltr'><strong>conﬁrmant</strong></span> <span class='ocrx_word' id='word_1_497' title='bbox 3198 2113 3212 2160; x_wconf 92' lang='lat'><strong>;</strong></span> <span class='ocrx_word' id='word_1_498' title='bbox 3259 2108 3312 2150; x_wconf 87' lang='lat' dir='ltr'><strong>et</strong></span> <span class='ocrx_word' id='word_1_499' title='bbox 3337 2100 3435 2151; x_wconf 86' lang='lat' dir='ltr'><strong>hos</strong></span> <span class='ocrx_word' id='word_1_500' title='bbox 3464 2113 3588 2152; x_wconf 69' lang='lat' dir='ltr'><strong>esse</strong></span> 
     </span>
    </p>
   </div>
   <div class='ocr_carea' id='block_1_66' title="bbox 1992 2189 3588 2255">
    <p class='ocr_par' dir='ltr' id='par_1_66' title="bbox 1992 2189 3588 2255">
     <span class='ocr_line' id='line_1_66' title="bbox 1992 2189 3588 2255; baseline 0.002 -15"><span class='ocrx_word' id='word_1_501' title='bbox 1992 2189 2340 2240; x_wconf 78' lang='lat' dir='ltr'><strong>onocrotatos</strong></span> <span class='ocrx_word' id='word_1_502' title='bbox 2392 2198 2446 2241; x_wconf 89' lang='lat' dir='ltr'><strong>et</strong></span> <span class='ocrx_word' id='word_1_503' title='bbox 2476 2189 2740 2251; x_wconf 71' lang='lat' dir='ltr'><strong>hericiOs,</strong></span> <span class='ocrx_word' id='word_1_504' title='bbox 2776 2191 2891 2242; x_wconf 84' lang='lat' dir='ltr'><strong>ibin</strong></span> <span class='ocrx_word' id='word_1_505' title='bbox 2924 2202 2978 2243; x_wconf 90' lang='lat' dir='ltr'><strong>et</strong></span> <span class='ocrx_word' id='word_1_506' title='bbox 3026 2204 3144 2243; x_wconf 72' lang='lat' dir='ltr'><strong>cori</strong></span> <span class='ocrx_word' id='word_1_507' title='bbox 3169 2205 3281 2255; x_wconf 90' lang='lat' dir='ltr'><strong>um,</strong></span> <span class='ocrx_word' id='word_1_508' title='bbox 3322 2194 3588 2245; x_wconf 80' lang='lat' dir='ltr'><strong>dracones</strong></span> 
     </span>
    </p>
   </div>
   <div class='ocr_carea' id='block_1_67' title="bbox 1993 2281 3591 2347">
    <p class='ocr_par' dir='ltr' id='par_1_67' title="bbox 1993 2281 3591 2347">
     <span class='ocr_line' id='line_1_67' title="bbox 1993 2281 3591 2347; baseline 0.004 -15"><span class='ocrx_word' id='word_1_509' title='bbox 1993 2291 2047 2333; x_wconf 90' lang='lat' dir='ltr'><strong>et</strong></span> <span class='ocrx_word' id='word_1_510' title='bbox 2097 2281 2469 2343; x_wconf 82' lang='lat' dir='ltr'><strong>struthiones,</strong></span> <span class='ocrx_word' id='word_1_511' title='bbox 2523 2291 2579 2334; x_wconf 89' lang='lat' dir='ltr'><strong>et</strong></span> <span class='ocrx_word' id='word_1_512' title='bbox 2629 2294 3056 2347; x_wconf 78' lang='lat' dir='ltr'><strong>onocentautos,</strong></span> <span class='ocrx_word' id='word_1_513' title='bbox 3108 2296 3157 2337; x_wconf 85' lang='lat' dir='ltr'><strong>et</strong></span> <span class='ocrx_word' id='word_1_514' title='bbox 3191 2286 3477 2345; x_wconf 73' lang='lat' dir='ltr'><strong>dat-monia,</strong></span> <span class='ocrx_word' id='word_1_515' title='bbox 3534 2292 3591 2338; x_wconf 74' lang='lat' dir='ltr'><strong>et</strong></span> 
     </span>
    </p>
   </div>
   <div class='ocr_carea' id='block_1_68' title="bbox 1998 2372 3588 2445">
    <p class='ocr_par' dir='ltr' id='par_1_68' title="bbox 1998 2372 3588 2445">
     <span class='ocr_line' id='line_1_68' title="bbox 1998 2372 3588 2445; baseline 0.003 -21"><span class='ocrx_word' id='word_1_516' title='bbox 1998 2372 2222 2440; x_wconf 78' lang='lat' dir='ltr'><strong>pilo~.os,</strong></span> <span class='ocrx_word' id='word_1_517' title='bbox 2283 2385 2337 2427; x_wconf 83' lang='lat' dir='ltr'><strong>et</strong></span> <span class='ocrx_word' id='word_1_518' title='bbox 2392 2374 2632 2439; x_wconf 83' lang='lat' dir='ltr'><strong>latuiam,</strong></span> <span class='ocrx_word' id='word_1_519' title='bbox 2685 2390 2806 2445; x_wconf 69' lang='lat' dir='ltr'><strong>quae</strong></span> <span class='ocrx_word' id='word_1_520' title='bbox 2848 2377 3113 2431; x_wconf 74' lang='lat' dir='ltr'><strong>tlebraice</strong></span> <span class='ocrx_word' id='word_1_521' title='bbox 3161 2378 3361 2431; x_wconf 81' lang='lat' dir='ltr'><strong>dicitur</strong></span> <span class='ocrx_word' id='word_1_522' title='bbox 3406 2391 3588 2430; x_wconf 77' lang='lat' dir='ltr'><strong>LlLtTtl</strong></span> 
     </span>
    </p>
   </div>
   <div class='ocr_carea' id='block_1_69' title="bbox 1995 2448 3585 2535">
    <p class='ocr_par' dir='ltr' id='par_1_69' title="bbox 1995 2448 3585 2535">
     <span class='ocr_line' id='line_1_69' title="bbox 1995 2448 3585 2535; baseline -0.001 -13"><span class='ocrx_word' id='word_1_523' title='bbox 1995 2448 2228 2535; x_wconf 48' lang='lat' dir='ltr'><strong>(WW7);</strong></span> <span class='ocrx_word' id='word_1_524' title='bbox 2264 2474 2319 2517; x_wconf 89' lang='lat' dir='ltr'><strong>et</strong></span> <span class='ocrx_word' id='word_1_525' title='bbox 2349 2480 2377 2517; x_wconf 88' lang='lat' dir='ltr'><strong>a</strong></span> <span class='ocrx_word' id='word_1_526' title='bbox 2414 2465 2533 2519; x_wconf 69' lang='lat' dir='ltr'><strong>stilo</strong></span> <span class='ocrx_word' id='word_1_527' title='bbox 2587 2464 2921 2535; x_wconf 83' lang='lat' dir='ltr'><strong>Symmacho</strong></span> <span class='ocrx_word' id='word_1_528' title='bbox 2981 2471 3244 2521; x_wconf 79' lang='lat' dir='ltr'><strong>translata</strong></span> <span class='ocrx_word' id='word_1_529' title='bbox 3277 2476 3362 2522; x_wconf 87' lang='lat' dir='ltr'><strong>est</strong></span> <span class='ocrx_word' id='word_1_530' title='bbox 3396 2467 3585 2531; x_wconf 71' lang='lat' dir='ltr'><strong>lautia,</strong></span> 
     </span>
    </p>
   </div>
   <div class='ocr_carea' id='block_1_70' title="bbox 1995 2552 3586 2628">
    <p class='ocr_par' dir='ltr' id='par_1_70' title="bbox 1995 2552 3586 2628">
     <span class='ocr_line' id='line_1_70' title="bbox 1995 2552 3586 2628; baseline 0.003 -24"><span class='ocrx_word' id='word_1_531' title='bbox 1995 2569 2157 2621; x_wconf 84' lang='lat' dir='ltr'><strong>quam</strong></span> <span class='ocrx_word' id='word_1_532' title='bbox 2187 2554 2408 2624; x_wconf 85' lang='lat' dir='ltr'><strong>quidam</strong></span> <span class='ocrx_word' id='word_1_533' title='bbox 2451 2552 2803 2610; x_wconf 68' lang='lat' dir='ltr'><strong>Hebraeorum</strong></span> <span class='ocrx_word' id='word_1_534' title='bbox 2854 2557 3096 2628; x_wconf 58' lang='lat' dir='ltr'><strong>iptvxiju,</strong></span> <span class='ocrx_word' id='word_1_535' title='bbox 3153 2558 3203 2610; x_wconf 88' lang='lat' dir='ltr'><strong>id</strong></span> <span class='ocrx_word' id='word_1_536' title='bbox 3241 2568 3347 2620; x_wconf 86' lang='lat' dir='ltr'><strong>est,</strong></span> <span class='ocrx_word' id='word_1_537' title='bbox 3386 2558 3586 2626; x_wconf 79' lang='lat' dir='ltr'><strong>furiam</strong></span> 
     </span>
    </p>
   </div>
   <div class='ocr_carea' id='block_1_71' title="bbox 1998 2645 3590 2725">
    <p class='ocr_par' dir='ltr' id='par_1_71' title="bbox 1998 2645 3590 2725">
     <span class='ocr_line' id='line_1_71' title="bbox 1998 2645 3590 2725; baseline 0.004 -27"><span class='ocrx_word' id='word_1_538' title='bbox 1998 2649 2367 2715; x_wconf 84' lang='lat' dir='ltr'><strong>suspicantur.</strong></span> <span class='ocrx_word' id='word_1_539' title='bbox 2403 2645 2472 2701; x_wconf 84' lang='lat' dir='ltr'><strong>Et</strong></span> <span class='ocrx_word' id='word_1_540' title='bbox 2503 2662 2688 2701; x_wconf 84' lang='lat' dir='ltr'><strong>revera</strong></span> <span class='ocrx_word' id='word_1_541' title='bbox 2727 2650 2773 2702; x_wconf 90' lang='lat' dir='ltr'><strong>si</strong></span> <span class='ocrx_word' id='word_1_542' title='bbox 2804 2652 3216 2704; x_wconf 70' lang='lat' dir='ltr'><strong>consideremus</strong></span> <span class='ocrx_word' id='word_1_543' title='bbox 3246 2652 3337 2725; x_wconf 71' lang='lat' dir='ltr'><strong>&#39;de</strong></span> <span class='ocrx_word' id='word_1_544' title='bbox 3357 2651 3590 2704; x_wconf 84' lang='lat' dir='ltr'><strong>diversis</strong></span> 
     </span>
    </p>
   </div>
   <div class='ocr_carea' id='block_1_72' title="bbox 2000 2722 3592 2813">
    <p class='ocr_par' dir='ltr' id='par_1_72' title="bbox 2000 2722 3592 2813">
     <span class='ocr_line' id='line_1_72' title="bbox 2000 2722 3592 2813; baseline 0.003 -20"><span class='ocrx_word' id='word_1_545' title='bbox 2000 2742 2247 2808; x_wconf 75' lang='lat' dir='ltr'><strong>gentibus</strong></span> <span class='ocrx_word' id='word_1_546' title='bbox 2292 2722 2555 2797; x_wconf 67' lang='lat' dir='ltr'><strong>adductas</strong></span> <span class='ocrx_word' id='word_1_547' title='bbox 2600 2740 2905 2798; x_wconf 77' lang='lat' dir='ltr'><strong>JeruSaIem</strong></span> <span class='ocrx_word' id='word_1_548' title='bbox 2947 2745 3214 2809; x_wconf 84' lang='lat' dir='ltr'><strong>colonias,</strong></span> <span class='ocrx_word' id='word_1_549' title='bbox 3250 2754 3302 2798; x_wconf 89' lang='lat' dir='ltr'><strong>et</strong></span> <span class='ocrx_word' id='word_1_550' title='bbox 3332 2722 3485 2813; x_wconf 78' lang='lat' dir='ltr'><strong>juxta</strong></span> <span class='ocrx_word' id='word_1_551' title='bbox 3518 2744 3592 2797; x_wconf 88' lang='lat' dir='ltr'><strong>ri-</strong></span> 
     </span>
    </p>
   </div>
   <div class='ocr_carea' id='block_1_73' title="bbox 2002 2836 3587 2905">
    <p class='ocr_par' dir='ltr' id='par_1_73' title="bbox 2002 2836 3587 2905">
     <span class='ocr_line' id='line_1_73' title="bbox 2002 2836 3587 2905; baseline 0.002 -18"><span class='ocrx_word' id='word_1_552' title='bbox 2002 2845 2119 2887; x_wconf 89' lang='lat' dir='ltr'><strong>tum</strong></span> <span class='ocrx_word' id='word_1_553' title='bbox 2154 2836 2559 2902; x_wconf 85' lang='lat' dir='ltr'><strong>proviuciarum</strong></span> <span class='ocrx_word' id='word_1_554' title='bbox 2612 2850 2860 2901; x_wconf 86' lang='lat' dir='ltr'><strong>suarum,</strong></span> <span class='ocrx_word' id='word_1_555' title='bbox 2893 2836 3140 2904; x_wconf 80' lang='lat' dir='ltr'><strong>singulas</strong></span> <span class='ocrx_word' id='word_1_556' title='bbox 3172 2837 3406 2890; x_wconf 77' lang='lat' dir='ltr'><strong>familias</strong></span> <span class='ocrx_word' id='word_1_557' title='bbox 3459 2851 3587 2905; x_wconf 88' lang='lat' dir='ltr'><strong>pro-</strong></span> 
     </span>
    </p>
   </div>
   <div class='ocr_carea' id='block_1_74' title="bbox 2003 2929 3584 2998">
    <p class='ocr_par' dir='ltr' id='par_1_74' title="bbox 2003 2929 3584 2998">
     <span class='ocr_line' id='line_1_74' title="bbox 2003 2929 3584 2998; baseline 0.001 -17"><span class='ocrx_word' id='word_1_558' title='bbox 2003 2930 2245 2998; x_wconf 84' lang='lat' dir='ltr'><strong>priorum</strong></span> <span class='ocrx_word' id='word_1_559' title='bbox 2299 2931 2603 2982; x_wconf 80' lang='lat' dir='ltr'><strong>daemonum</strong></span> <span class='ocrx_word' id='word_1_560' title='bbox 2640 2929 2878 2984; x_wconf 85' lang='lat' dir='ltr'><strong>coluisse</strong></span> <span class='ocrx_word' id='word_1_561' title='bbox 2923 2939 3198 2998; x_wconf 84' lang='lat' dir='ltr'><strong>portenta,</strong></span> <span class='ocrx_word' id='word_1_562' title='bbox 3243 2931 3356 2983; x_wconf 63' lang='lat' dir='ltr'><strong>haec</strong></span> <span class='ocrx_word' id='word_1_563' title='bbox 3401 2930 3584 2985; x_wconf 81' lang='lat' dir='ltr'><strong>omnia</strong></span> 
     </span>
    </p>
   </div>
   <div class='ocr_carea' id='block_1_75' title="bbox 2004 3016 3586 3087">
    <p class='ocr_par' dir='ltr' id='par_1_75' title="bbox 2004 3016 3586 3087">
     <span class='ocr_line' id='line_1_75' title="bbox 2004 3016 3586 3087; baseline 0.001 -16"><span class='ocrx_word' id='word_1_564' title='bbox 2004 3019 2057 3071; x_wconf 90' lang='lat' dir='ltr'><strong>in</strong></span> <span class='ocrx_word' id='word_1_565' title='bbox 2136 3016 2437 3073; x_wconf 81' lang='lat' dir='ltr'><strong>Jerusalem</strong></span> <span class='ocrx_word' id='word_1_566' title='bbox 2519 3019 2796 3074; x_wconf 81' lang='lat' dir='ltr'><strong>habitasse</strong></span> <span class='ocrx_word' id='word_1_567' title='bbox 2884 3019 3244 3073; x_wconf 82' lang='lat' dir='ltr'><strong>tirnmbintus.</strong></span> <span class='ocrx_word' id='word_1_568' title='bbox 3319 3017 3586 3087; x_wconf 82' lang='lat' dir='ltr'><strong>Quodque</strong></span> 
     </span>
    </p>
   </div>
   <div class='ocr_carea' id='block_1_76' title="bbox 2006 3097 3585 3175">
    <p class='ocr_par' dir='ltr' id='par_1_76' title="bbox 2006 3097 3585 3175">
     <span class='ocr_line' id='line_1_76' title="bbox 2006 3097 3585 3175; baseline 0 -11"><span class='ocrx_word' id='word_1_569' title='bbox 2006 3097 2146 3164; x_wconf 71' lang='lat' dir='ltr'><strong>LXX</strong></span> <span class='ocrx_word' id='word_1_570' title='bbox 2203 3113 2599 3166; x_wconf 71' lang='lat' dir='ltr'><strong>transtulerunt</strong></span> <span class='ocrx_word' id='word_1_571' title='bbox 2666 3130 2681 3167; x_wconf 83' lang='lat'><strong>:</strong></span> <span class='ocrx_word' id='word_1_572' title='bbox 2729 3111 2813 3165; x_wconf 83' lang='lat' dir='ltr'><strong>ltti</strong></span> <span class='ocrx_word' id='word_1_573' title='bbox 2871 3113 3209 3166; x_wconf 79' lang='lat' dir='ltr'><strong>obriaverunt</strong></span> <span class='ocrx_word' id='word_1_574' title='bbox 3278 3113 3378 3165; x_wconf 86' lang='lat' dir='ltr'><strong>sibi</strong></span> <span class='ocrx_word' id='word_1_575' title='bbox 3424 3114 3585 3175; x_wconf 79' lang='lat' dir='ltr'><strong>cervi,</strong></span> 
     </span>
    </p>
   </div>
   <div class='ocr_carea' id='block_1_77' title="bbox 1998 3205 3589 3275">
    <p class='ocr_par' dir='ltr' id='par_1_77' title="bbox 1998 3205 3589 3275">
     <span class='ocr_line' id='line_1_77' title="bbox 1998 3205 3589 3275; baseline 0.001 -17"><span class='ocrx_word' id='word_1_576' title='bbox 1998 3220 2047 3258; x_wconf 88' lang='lat' dir='ltr'><strong>et</strong></span> <span class='ocrx_word' id='word_1_577' title='bbox 2072 3207 2305 3258; x_wconf 72' lang='lat' dir='ltr'><strong>viderunt</strong></span> <span class='ocrx_word' id='word_1_578' title='bbox 2329 3205 2492 3275; x_wconf 79' lang='lat' dir='ltr'><strong>[acies</strong></span> <span class='ocrx_word' id='word_1_579' title='bbox 2512 3224 2639 3259; x_wconf 82' lang='lat' dir='ltr'><strong>suas</strong></span> <span class='ocrx_word' id='word_1_580' title='bbox 2668 3222 2687 3260; x_wconf 88' lang='lat'><strong><em>:</em></strong></span> <span class='ocrx_word' id='word_1_581' title='bbox 2715 3223 2932 3260; x_wconf 84' lang='lat' dir='ltr'><strong>numero</strong></span> <span class='ocrx_word' id='word_1_582' title='bbox 2968 3211 3288 3261; x_wconf 75' lang='lat' dir='ltr'><strong>transierunt</strong></span> <span class='ocrx_word' id='word_1_583' title='bbox 3315 3226 3328 3271; x_wconf 87' lang='lat'><strong>;</strong></span> <span class='ocrx_word' id='word_1_584' title='bbox 3364 3223 3499 3260; x_wconf 84' lang='lat' dir='ltr'><strong>unus</strong></span> <span class='ocrx_word' id='word_1_585' title='bbox 3522 3222 3589 3261; x_wconf 80' lang='lat' dir='ltr'><strong>ea:</strong></span> 
     </span>
    </p>
   </div>
   <div class='ocr_carea' id='block_1_78' title="bbox 2000 3301 3589 3370">
    <p class='ocr_par' dir='ltr' id='par_1_78' title="bbox 2000 3301 3589 3370">
     <span class='ocr_line' id='line_1_78' title="bbox 2000 3301 3589 3370; baseline 0.002 -18"><span class='ocrx_word' id='word_1_586' title='bbox 2000 3301 2133 3367; x_wconf 80' lang='lat' dir='ltr'><strong>ipsis</strong></span> <span class='ocrx_word' id='word_1_587' title='bbox 2176 3317 2279 3352; x_wconf 82' lang='lat' dir='ltr'><strong>non</strong></span> <span class='ocrx_word' id='word_1_588' title='bbox 2334 3302 2521 3365; x_wconf 78' lang='lat' dir='ltr'><strong>periit,</strong></span> <span class='ocrx_word' id='word_1_589' title='bbox 2575 3315 2671 3353; x_wconf 79' lang='lat' dir='ltr'><strong>nec</strong></span> <span class='ocrx_word' id='word_1_590' title='bbox 2724 3302 2964 3370; x_wconf 65' lang='lat' dir='ltr'><strong>quiesivit</strong></span> <span class='ocrx_word' id='word_1_591' title='bbox 3017 3301 3264 3355; x_wconf 77' lang='lat' dir='ltr'><strong>alterum.</strong></span> <span class='ocrx_word' id='word_1_592' title='bbox 3335 3302 3589 3355; x_wconf 82' lang='lat' dir='ltr'><strong>Dominus</strong></span> 
     </span>
    </p>
   </div>
   <div class='ocr_carea' id='block_1_79' title="bbox 1992 3391 3590 3463">
    <p class='ocr_par' dir='ltr' id='par_1_79' title="bbox 1992 3391 3590 3463">
     <span class='ocr_line' id='line_1_79' title="bbox 1992 3391 3590 3463; baseline 0.001 -19"><span class='ocrx_word' id='word_1_593' title='bbox 1992 3391 2129 3444; x_wconf 76' lang='lat' dir='ltr'><strong>enim</strong></span> <span class='ocrx_word' id='word_1_594' title='bbox 2163 3391 2409 3460; x_wconf 70' lang='lat' dir='ltr'><strong>pra&#39;cepit</strong></span> <span class='ocrx_word' id='word_1_595' title='bbox 2453 3393 2550 3455; x_wconf 85' lang='lat' dir='ltr'><strong>eis,</strong></span> <span class='ocrx_word' id='word_1_596' title='bbox 2584 3402 2635 3445; x_wconf 85' lang='lat' dir='ltr'><strong>et</strong></span> <span class='ocrx_word' id='word_1_597' title='bbox 2666 3393 2887 3461; x_wconf 77' lang='lat' dir='ltr'><strong>spiritus</strong></span> <span class='ocrx_word' id='word_1_598' title='bbox 2932 3397 3045 3460; x_wconf 82' lang='lat' dir='ltr'><strong>ejus</strong></span> <span class='ocrx_word' id='word_1_599' title='bbox 3080 3396 3414 3463; x_wconf 81' lang='lat' dir='ltr'><strong>congregavit</strong></span> <span class='ocrx_word' id='word_1_600' title='bbox 3455 3408 3541 3447; x_wconf 84' lang='lat' dir='ltr'><strong>eos</strong></span> <span class='ocrx_word' id='word_1_601' title='bbox 3570 3408 3590 3445; x_wconf 92' lang='lat'><strong><em>:</em></strong></span> 
     </span>
    </p>
   </div>
   <div class='ocr_carea' id='block_1_80' title="bbox 1996 3485 3589 3550">
    <p class='ocr_par' dir='ltr' id='par_1_80' title="bbox 1996 3485 3589 3550">
     <span class='ocr_line' id='line_1_80' title="bbox 1996 3485 3589 3550; baseline 0.004 -15"><span class='ocrx_word' id='word_1_602' title='bbox 1996 3494 2044 3535; x_wconf 84' lang='lat' dir='ltr'><strong>et</strong></span> <span class='ocrx_word' id='word_1_603' title='bbox 2074 3485 2189 3550; x_wconf 82' lang='lat' dir='ltr'><strong>ipse</strong></span> <span class='ocrx_word' id='word_1_604' title='bbox 2219 3485 2368 3539; x_wconf 81' lang='lat' dir='ltr'><strong>dedit</strong></span> <span class='ocrx_word' id='word_1_605' title='bbox 2395 3487 2471 3537; x_wconf 78' lang='lat' dir='ltr'><strong>eis</strong></span> <span class='ocrx_word' id='word_1_606' title='bbox 2518 3494 2709 3549; x_wconf 81' lang='lat' dir='ltr'><strong>sortes,</strong></span> <span class='ocrx_word' id='word_1_607' title='bbox 2742 3496 2790 3537; x_wconf 82' lang='lat' dir='ltr'><strong>et</strong></span> <span class='ocrx_word' id='word_1_608' title='bbox 2833 3501 3018 3539; x_wconf 85' lang='lat' dir='ltr'><strong>manus</strong></span> <span class='ocrx_word' id='word_1_609' title='bbox 3044 3486 3193 3539; x_wconf 61' lang='lat' dir='ltr'><strong>ilius</strong></span> <span class='ocrx_word' id='word_1_610' title='bbox 3219 3487 3416 3540; x_wconf 79' lang='lat' dir='ltr'><strong>dividet</strong></span> <span class='ocrx_word' id='word_1_611' title='bbox 3467 3488 3542 3539; x_wconf 79' lang='lat' dir='ltr'><strong>eis</strong></span> <span class='ocrx_word' id='word_1_612' title='bbox 3568 3500 3589 3541; x_wconf 82' lang='lat'><strong>.‘</strong></span> 
     </span>
    </p>
   </div>
   <div class='ocr_carea' id='block_1_81' title="bbox 1993 3582 3593 3653">
    <p class='ocr_par' dir='ltr' id='par_1_81' title="bbox 1993 3582 3593 3653">
     <span class='ocr_line' id='line_1_81' title="bbox 1993 3582 3593 3653; baseline 0.003 -20"><span class='ocrx_word' id='word_1_613' title='bbox 1993 3593 2051 3633; x_wconf 84' lang='lat' dir='ltr'><strong>ut</strong></span> <span class='ocrx_word' id='word_1_614' title='bbox 2084 3589 2373 3649; x_wconf 78' lang='lat' dir='ltr'><strong>pascantur</strong></span> <span class='ocrx_word' id='word_1_615' title='bbox 2411 3582 2467 3634; x_wconf 83' lang='lat' dir='ltr'><strong>in</strong></span> <span class='ocrx_word' id='word_1_616' title='bbox 2493 3583 2895 3650; x_wconf 77' lang='lat' dir='ltr'><strong>sempiternum,</strong></span> <span class='ocrx_word' id='word_1_617' title='bbox 2933 3593 2980 3637; x_wconf 81' lang='lat' dir='ltr'><strong>et</strong></span> <span class='ocrx_word' id='word_1_618' title='bbox 3010 3583 3318 3651; x_wconf 77' lang='lat' dir='ltr'><strong>possideant</strong></span> <span class='ocrx_word' id='word_1_619' title='bbox 3355 3585 3409 3635; x_wconf 89' lang='lat' dir='ltr'><strong>in</strong></span> <span class='ocrx_word' id='word_1_620' title='bbox 3441 3598 3593 3653; x_wconf 82' lang='lat' dir='ltr'><strong>gene-</strong></span> 
     </span>
    </p>
   </div>
   <div class='ocr_carea' id='block_1_82' title="bbox 2000 3675 3595 3745">
    <p class='ocr_par' dir='ltr' id='par_1_82' title="bbox 2000 3675 3595 3745">
     <span class='ocr_line' id='line_1_82' title="bbox 2000 3675 3595 3745; baseline 0.003 -21"><span class='ocrx_word' id='word_1_621' title='bbox 2000 3676 2206 3726; x_wconf 80' lang='lat' dir='ltr'><strong>ratione</strong></span> <span class='ocrx_word' id='word_1_622' title='bbox 2236 3676 2653 3741; x_wconf 80' lang='lat' dir='ltr'><strong>generationum,</strong></span> <span class='ocrx_word' id='word_1_623' title='bbox 2703 3684 2753 3727; x_wconf 81' lang='lat' dir='ltr'><strong>et</strong></span> <span class='ocrx_word' id='word_1_624' title='bbox 2787 3676 3121 3745; x_wconf 82' lang='lat' dir='ltr'><strong>requiescant</strong></span> <span class='ocrx_word' id='word_1_625' title='bbox 3170 3675 3225 3727; x_wconf 85' lang='lat' dir='ltr'><strong>in</strong></span> <span class='ocrx_word' id='word_1_626' title='bbox 3263 3692 3323 3728; x_wconf 79' lang='lat' dir='ltr'><strong>ea</strong></span> <span class='ocrx_word' id='word_1_627' title='bbox 3356 3690 3374 3729; x_wconf 91' lang='lat'><strong>.&#39;</strong></span> <span class='ocrx_word' id='word_1_628' title='bbox 3406 3677 3485 3729; x_wconf 86' lang='lat' dir='ltr'><strong>sic</strong></span> <span class='ocrx_word' id='word_1_629' title='bbox 3516 3677 3595 3729; x_wconf 84' lang='lat' dir='ltr'><strong>al-</strong></span> 
     </span>
    </p>
   </div>
   <div class='ocr_carea' id='block_1_83' title="bbox 1994 3762 3592 3834">
    <p class='ocr_par' dir='ltr' id='par_1_83' title="bbox 1994 3762 3592 3834">
     <span class='ocr_line' id='line_1_83' title="bbox 1994 3762 3592 3834; baseline 0.003 -19"><span class='ocrx_word' id='word_1_630' title='bbox 1994 3762 2232 3832; x_wconf 73' lang='lat' dir='ltr'><strong>‘Iegorire</strong></span> <span class='ocrx_word' id='word_1_631' title='bbox 2280 3766 2782 3833; x_wconf 84' lang='lat' dir='ltr'><strong>interpretabimur,</strong></span> <span class='ocrx_word' id='word_1_632' title='bbox 2831 3775 2890 3818; x_wconf 91' lang='lat' dir='ltr'><strong>ut</strong></span> <span class='ocrx_word' id='word_1_633' title='bbox 2940 3767 3237 3819; x_wconf 86' lang='lat' dir='ltr'><strong>doceamus</strong></span> <span class='ocrx_word' id='word_1_634' title='bbox 3281 3780 3493 3834; x_wconf 73' lang='lat' dir='ltr'><strong>cervos,</strong></span> <span class='ocrx_word' id='word_1_635' title='bbox 3542 3768 3592 3820; x_wconf 93' lang='lat' dir='ltr'><strong>id</strong></span> 
     </span>
    </p>
   </div>
   <div class='ocr_carea' id='block_1_84' title="bbox 2000 3856 3595 3925">
    <p class='ocr_par' dir='ltr' id='par_1_84' title="bbox 2000 3856 3595 3925">
     <span class='ocr_line' id='line_1_84' title="bbox 2000 3856 3595 3925; baseline 0.003 -18"><span class='ocrx_word' id='word_1_636' title='bbox 2000 3863 2082 3907; x_wconf 85' lang='lat' dir='ltr'><strong>est</strong></span> <span class='ocrx_word' id='word_1_637' title='bbox 2162 3856 2459 3924; x_wconf 79' lang='lat' dir='ltr'><strong>apostolos,</strong></span> <span class='ocrx_word' id='word_1_638' title='bbox 2515 3865 2569 3909; x_wconf 87' lang='lat' dir='ltr'><strong>et</strong></span> <span class='ocrx_word' id='word_1_639' title='bbox 2621 3868 2840 3911; x_wconf 84' lang='lat' dir='ltr'><strong>sanctos</strong></span> <span class='ocrx_word' id='word_1_640' title='bbox 2896 3870 3141 3925; x_wconf 79' lang='lat' dir='ltr'><strong>quosque</strong></span> <span class='ocrx_word' id='word_1_641' title='bbox 3194 3857 3468 3915; x_wconf 67' lang='lat' dir='ltr'><strong>doctores.</strong></span> <span class='ocrx_word' id='word_1_642' title='bbox 3523 3859 3595 3912; x_wconf 87' lang='lat' dir='ltr'><strong>de</strong></span> 
     </span>
    </p>
   </div>
   <div class='ocr_carea' id='block_1_85' title="bbox 1999 3946 3593 4021">
    <p class='ocr_par' dir='ltr' id='par_1_85' title="bbox 1999 3946 3593 4021">
     <span class='ocr_line' id='line_1_85' title="bbox 1999 3946 3593 4021; baseline 0.003 -22"><span class='ocrx_word' id='word_1_643' title='bbox 1999 3951 2193 4012; x_wconf 81' lang='lat' dir='ltr'><strong>quibus</strong></span> <span class='ocrx_word' id='word_1_644' title='bbox 2222 3950 2483 4017; x_wconf 81' lang='lat' dir='ltr'><strong>scriptum</strong></span> <span class='ocrx_word' id='word_1_645' title='bbox 2519 3959 2641 4004; x_wconf 80' lang='lat' dir='ltr'><strong>est:</strong></span> <span class='ocrx_word' id='word_1_646' title='bbox 2688 3947 2839 4003; x_wconf 87' lang='lat' dir='ltr'><strong>Sicut</strong></span> <span class='ocrx_word' id='word_1_647' title='bbox 2873 3946 3139 4003; x_wconf 72' lang='lat' dir='ltr'><strong>desiderat</strong></span> <span class='ocrx_word' id='word_1_648' title='bbox 3168 3965 3345 4003; x_wconf 77' lang='lat' dir='ltr'><strong>cervus</strong></span> <span class='ocrx_word' id='word_1_649' title='bbox 3374 3951 3443 4003; x_wconf 88' lang='lat' dir='ltr'><strong>ad</strong></span> <span class='ocrx_word' id='word_1_650' title='bbox 3473 3952 3593 4021; x_wconf 75' lang='lat' dir='ltr'><strong>{on-</strong></span> 
     </span>
    </p>
   </div>
   <div class='ocr_carea' id='block_1_86' title="bbox 2003 4043 3594 4111">
    <p class='ocr_par' dir='ltr' id='par_1_86' title="bbox 2003 4043 3594 4111">
     <span class='ocr_line' id='line_1_86' title="bbox 2003 4043 3594 4111; baseline 0.002 -17"><span class='ocrx_word' id='word_1_651' title='bbox 2003 4052 2077 4094; x_wconf 76' lang='lat' dir='ltr'><strong>tes</strong></span> <span class='ocrx_word' id='word_1_652' title='bbox 2119 4058 2400 4111; x_wconf 79' lang='lat' dir='ltr'><strong>aquarum,</strong></span> <span class='ocrx_word' id='word_1_653' title='bbox 2455 4044 2535 4095; x_wconf 84' lang='lat' dir='ltr'><strong>ita</strong></span> <span class='ocrx_word' id='word_1_654' title='bbox 2573 4043 2833 4095; x_wconf 81' lang='lat' dir='ltr'><strong>desiderat</strong></span> <span class='ocrx_word' id='word_1_655' title='bbox 2868 4047 3046 4095; x_wconf 79' lang='lat' dir='ltr'><strong>animo</strong></span> <span class='ocrx_word' id='word_1_656' title='bbox 3090 4058 3204 4096; x_wconf 75' lang='lat' dir='ltr'><strong>mea</strong></span> <span class='ocrx_word' id='word_1_657' title='bbox 3241 4045 3311 4096; x_wconf 87' lang='lat' dir='ltr'><strong>ad</strong></span> <span class='ocrx_word' id='word_1_658' title='bbox 3347 4053 3414 4109; x_wconf 84' lang='lat' dir='ltr'><strong>te,</strong></span> <span class='ocrx_word' id='word_1_659' title='bbox 3455 4046 3594 4097; x_wconf 84' lang='lat' dir='ltr'><strong>Deus</strong></span> 
     </span>
    </p>
   </div>
   <div class='ocr_carea' id='block_1_87' title="bbox 2003 4133 3597 4205">
    <p class='ocr_par' dir='ltr' id='par_1_87' title="bbox 2003 4133 3597 4205">
     <span class='ocr_line' id='line_1_87' title="bbox 2003 4133 3597 4205; baseline 0.002 -19"><span class='ocrx_word' id='word_1_660' title='bbox 2003 4133 2174 4204; x_wconf 76' lang='lat' dir='ltr'><strong>(Psat.</strong></span> <span class='ocrx_word' id='word_1_661' title='bbox 2196 4150 2301 4198; x_wconf 69' lang='lat' dir='ltr'><strong>ut,</strong></span> <span class='ocrx_word' id='word_1_662' title='bbox 2320 4136 2375 4205; x_wconf 81' lang='lat'><strong>‘2)</strong></span> <span class='ocrx_word' id='word_1_663' title='bbox 2402 4150 2415 4199; x_wconf 85' lang='lat'><strong>;</strong></span> <span class='ocrx_word' id='word_1_664' title='bbox 2442 4146 2494 4188; x_wconf 86' lang='lat' dir='ltr'><strong>et</strong></span> <span class='ocrx_word' id='word_1_665' title='bbox 2516 4134 2677 4188; x_wconf 81' lang='lat' dir='ltr'><strong>aiibi:</strong></span> <span class='ocrx_word' id='word_1_666' title='bbox 2710 4134 2820 4187; x_wconf 74' lang='lat' dir='ltr'><strong>Vox</strong></span> <span class='ocrx_word' id='word_1_667' title='bbox 2836 4134 3047 4187; x_wconf 84' lang='lat' dir='ltr'><strong>Domini</strong></span> <span class='ocrx_word' id='word_1_668' title='bbox 3082 4136 3398 4204; x_wconf 64' lang='lat' dir='ltr'><strong>pet&#39;ﬁcietttis</strong></span> <span class='ocrx_word' id='word_1_669' title='bbox 3422 4152 3597 4190; x_wconf 81' lang='lat' dir='ltr'><strong>ccrros</strong></span> 
     </span>
    </p>
   </div>
   <div class='ocr_carea' id='block_1_88' title="bbox 2005 4225 3598 4295">
    <p class='ocr_par' dir='ltr' id='par_1_88' title="bbox 2005 4225 3598 4295">
     <span class='ocr_line' id='line_1_88' title="bbox 2005 4225 3598 4295; baseline 0.001 -17"><span class='ocrx_word' id='word_1_670' title='bbox 2005 4225 2180 4295; x_wconf 78' lang='lat' dir='ltr'><strong>(Psal.</strong></span> <span class='ocrx_word' id='word_1_671' title='bbox 2213 4242 2405 4290; x_wconf 78' lang='lat' dir='ltr'><strong>xxvnt,</strong></span> <span class='ocrx_word' id='word_1_672' title='bbox 2431 4229 2590 4295; x_wconf 77' lang='lat' dir='ltr'><strong>9);et</strong></span> <span class='ocrx_word' id='word_1_673' title='bbox 2615 4243 2867 4281; x_wconf 89' lang='lat' dir='ltr'><strong>rursum:</strong></span> <span class='ocrx_word' id='word_1_674' title='bbox 2895 4227 3085 4281; x_wconf 75' lang='lat' dir='ltr'><strong>Cereus</strong></span> <span class='ocrx_word' id='word_1_675' title='bbox 3135 4231 3382 4282; x_wconf 62' lang='lat' dir='ltr'><strong>tunicata:</strong></span> <span class='ocrx_word' id='word_1_676' title='bbox 3405 4241 3448 4282; x_wconf 79' lang='lat' dir='ltr'><strong>et</strong></span> <span class='ocrx_word' id='word_1_677' title='bbox 3478 4228 3598 4295; x_wconf 83' lang='lat' dir='ltr'><strong>pul-</strong></span> 
     </span>
    </p>
   </div>
   <div class='ocr_carea' id='block_1_89' title="bbox 2006 4317 3601 4390">
    <p class='ocr_par' dir='ltr' id='par_1_89' title="bbox 2006 4317 3601 4390">
     <span class='ocr_line' id='line_1_89' title="bbox 2006 4317 3601 4390; baseline 0.003 -19"><span class='ocrx_word' id='word_1_678' title='bbox 2006 4317 2089 4371; x_wconf 73' lang='lat' dir='ltr'><strong>lus</strong></span> <span class='ocrx_word' id='word_1_679' title='bbox 2122 4319 2419 4387; x_wconf 80' lang='lat' dir='ltr'><strong>gratiarum</strong></span> <span class='ocrx_word' id='word_1_680' title='bbox 2454 4329 2665 4372; x_wconf 78' lang='lat' dir='ltr'><strong>tuarum</strong></span> <span class='ocrx_word' id='word_1_681' title='bbox 2699 4329 2983 4389; x_wconf 81' lang='lat' dir='ltr'><strong>loquuntur</strong></span> <span class='ocrx_word' id='word_1_682' title='bbox 3009 4321 3099 4373; x_wconf 85' lang='lat' dir='ltr'><strong>tibi</strong></span> <span class='ocrx_word' id='word_1_683' title='bbox 3132 4321 3313 4389; x_wconf 78' lang='lat' dir='ltr'><strong>(Prov.</strong></span> <span class='ocrx_word' id='word_1_684' title='bbox 3336 4337 3388 4387; x_wconf 75' lang='grc' dir='ltr'><strong>ν,</strong></span> <span class='ocrx_word' id='word_1_685' title='bbox 3412 4321 3489 4390; x_wconf 69' lang='lat' dir='ltr'><strong>I9;</strong></span> <span class='ocrx_word' id='word_1_686' title='bbox 3510 4365 3521 4383; x_wconf 88' lang='lat'><strong>,</strong></span> <span class='ocrx_word' id='word_1_687' title='bbox 3543 4328 3601 4375; x_wconf 75' lang='lat' dir='ltr'><strong>et.</strong></span> 
     </span>
    </p>
   </div>
   <div class='ocr_carea' id='block_1_90' title="bbox 2010 4410 3596 4482">
    <p class='ocr_par' dir='ltr' id='par_1_90' title="bbox 2010 4410 3596 4482">
     <span class='ocr_line' id='line_1_90' title="bbox 2010 4410 3596 4482; baseline 0.001 -18"><span class='ocrx_word' id='word_1_688' title='bbox 2010 4412 2063 4464; x_wconf 90' lang='lat' dir='ltr'><strong>in</strong></span> <span class='ocrx_word' id='word_1_689' title='bbox 2097 4410 2199 4465; x_wconf 77' lang='lat' dir='ltr'><strong>Job</strong></span> <span class='ocrx_word' id='word_1_690' title='bbox 2234 4412 2560 4467; x_wconf 79' lang='lat' dir='ltr'><strong>:Cnstodisti</strong></span> <span class='ocrx_word' id='word_1_691' title='bbox 2591 4422 2768 4467; x_wconf 85' lang='lat' dir='ltr'><strong>autem</strong></span> <span class='ocrx_word' id='word_1_692' title='bbox 2799 4430 2995 4467; x_wconf 76' lang='lat' dir='ltr'><strong>menses</strong></span> <span class='ocrx_word' id='word_1_693' title='bbox 3024 4424 3386 4478; x_wconf 83' lang='lat' dir='ltr'><strong>cervorum,et</strong></span> <span class='ocrx_word' id='word_1_694' title='bbox 3409 4425 3596 4482; x_wconf 82' lang='lat' dir='ltr'><strong>partus</strong></span> 
     </span>
    </p>
   </div>
   <div class='ocr_carea' id='block_1_91' title="bbox 313 4487 3597 4575">
    <p class='ocr_par' dir='ltr' id='par_1_91' title="bbox 313 4487 3597 4575">
     <span class='ocr_line' id='line_1_91' title="bbox 313 4487 3597 4575; baseline -0.002 -22"><span class='ocrx_word' id='word_1_695' title='bbox 313 4504 652 4567; x_wconf 79' lang='lat' dir='ltr'><strong>perditorum</strong></span> <span class='ocrx_word' id='word_1_696' title='bbox 687 4512 917 4551; x_wconf 71' lang='lat' dir='ltr'><strong>lttlltttﬂ‘O</strong></span> <span class='ocrx_word' id='word_1_697' title='bbox 941 4499 1369 4567; x_wconf 74' lang='lat' dir='ltr'><strong>conjungentur;</strong></span> <span class='ocrx_word' id='word_1_698' title='bbox 1392 4487 1483 4551; x_wconf 83' lang='lat' dir='ltr'><strong>sed</strong></span> <span class='ocrx_word' id='word_1_699' title='bbox 1516 4510 1692 4565; x_wconf 75' lang='lat' dir='ltr'><strong>regem</strong></span> <span class='ocrx_word' id='word_1_700' title='bbox 1722 4510 1905 4564; x_wconf 80' lang='lat' dir='ltr'><strong>potius</strong></span> <span class='ocrx_word' id='word_1_701' title='bbox 1942 4517 1983 4570; x_wconf 75' lang='grc' dir='ltr'>υ</span> <span class='ocrx_word' id='word_1_702' title='bbox 2011 4519 2193 4558; x_wconf 71' lang='lat' dir='ltr'><strong>eorum</strong></span> <span class='ocrx_word' id='word_1_703' title='bbox 2221 4506 2426 4558; x_wconf 66' lang='lat' dir='ltr'><strong>emittes</strong></span> <span class='ocrx_word' id='word_1_704' title='bbox 2470 4504 2593 4575; x_wconf 69' lang='lat' dir='ltr'><strong>(Job</strong></span> <span class='ocrx_word' id='word_1_705' title='bbox 2627 4521 2811 4566; x_wconf 61' lang='grc' dir='ltr'><strong>χχιιι,</strong></span> <span class='ocrx_word' id='word_1_706' title='bbox 2838 4506 2895 4575; x_wconf 74' lang='grc'><strong>2)</strong></span> <span class='ocrx_word' id='word_1_707' title='bbox 2922 4524 2938 4574; x_wconf 73' lang='grc'>;</span> <span class='ocrx_word' id='word_1_708' title='bbox 2970 4515 3024 4559; x_wconf 67' lang='grc' dir='ltr'><strong>ει</strong></span> <span class='ocrx_word' id='word_1_709' title='bbox 3084 4506 3136 4559; x_wconf 78' lang='lat' dir='ltr'><strong>in</strong></span> <span class='ocrx_word' id='word_1_710' title='bbox 3184 4508 3412 4559; x_wconf 54' lang='lat' dir='ltr'><strong>ﬂantico</strong></span> <span class='ocrx_word' id='word_1_711' title='bbox 3459 4522 3597 4560; x_wconf 63' lang='lat' dir='ltr'><strong>ca“-</strong></span> 
     </span>
    </p>
   </div>
   <div class='ocr_carea' id='block_1_92' title="bbox 315 4588 1904 4658">
    <p class='ocr_par' dir='ltr' id='par_1_92' title="bbox 315 4588 1904 4658">
     <span class='ocr_line' id='line_1_92' title="bbox 315 4588 1904 4658; baseline -0.004 -10"><span class='ocrx_word' id='word_1_712' title='bbox 315 4594 591 4648; x_wconf 75' lang='lat' dir='ltr'><strong>Christum</strong></span> <span class='ocrx_word' id='word_1_713' title='bbox 620 4592 974 4645; x_wconf 83' lang='lat' dir='ltr'><strong>invocabunt.</strong></span> <span class='ocrx_word' id='word_1_714' title='bbox 1001 4590 1203 4645; x_wconf 85' lang='lat' dir='ltr'><strong>Omnes</strong></span> <span class='ocrx_word' id='word_1_715' title='bbox 1228 4602 1411 4644; x_wconf 88' lang='lat' dir='ltr'><strong>autem</strong></span> <span class='ocrx_word' id='word_1_716' title='bbox 1437 4590 1711 4658; x_wconf 84' lang='lat' dir='ltr'><strong>principes</strong></span> <span class='ocrx_word' id='word_1_717' title='bbox 1737 4588 1904 4652; x_wconf 59' lang='lat' dir='ltr'><strong>illius,</strong></span> 
     </span>
    </p>
   </div>
   <div class='ocr_carea' id='block_1_93' title="bbox 315 4683 1903 4751">
    <p class='ocr_par' dir='ltr' id='par_1_93' title="bbox 315 4683 1903 4751">
     <span class='ocr_line' id='line_1_93' title="bbox 315 4683 1903 4751; baseline -0.006 -10"><span class='ocrx_word' id='word_1_718' title='bbox 315 4688 524 4743; x_wconf 80' lang='lat' dir='ltr'><strong>Scriba:</strong></span> <span class='ocrx_word' id='word_1_719' title='bbox 568 4686 820 4740; x_wconf 86' lang='lat' dir='ltr'><strong>videlicet</strong></span> <span class='ocrx_word' id='word_1_720' title='bbox 847 4692 902 4738; x_wconf 88' lang='lat' dir='ltr'><strong>et</strong></span> <span class='ocrx_word' id='word_1_721' title='bbox 948 4684 1229 4748; x_wconf 70' lang='lat' dir='ltr'><strong>Pharisaei,</strong></span> <span class='ocrx_word' id='word_1_722' title='bbox 1273 4683 1591 4751; x_wconf 76' lang='lat' dir='ltr'><strong>redigentur</strong></span> <span class='ocrx_word' id='word_1_723' title='bbox 1625 4683 1678 4735; x_wconf 89' lang='lat' dir='ltr'><strong>itt</strong></span> <span class='ocrx_word' id='word_1_724' title='bbox 1725 4683 1903 4746; x_wconf 86' lang='lat' dir='ltr'><strong>nihili,</strong></span> 
     </span>
    </p>
   </div>
   <div class='ocr_carea' id='block_1_94' title="bbox 315 4774 1904 4846">
    <p class='ocr_par' dir='ltr' id='par_1_94' title="bbox 315 4774 1904 4846">
     <span class='ocr_line' id='line_1_94' title="bbox 315 4774 1904 4846; baseline -0.005 -11"><span class='ocrx_word' id='word_1_725' title='bbox 315 4794 365 4836; x_wconf 80' lang='lat' dir='ltr'><strong>et</strong></span> <span class='ocrx_word' id='word_1_726' title='bbox 397 4784 449 4834; x_wconf 91' lang='lat' dir='ltr'><strong>in</strong></span> <span class='ocrx_word' id='word_1_727' title='bbox 486 4781 737 4833; x_wconf 78' lang='lat' dir='ltr'><strong>domibus</strong></span> <span class='ocrx_word' id='word_1_728' title='bbox 779 4779 1054 4846; x_wconf 72' lang='lat' dir='ltr'><strong>quondam</strong></span> <span class='ocrx_word' id='word_1_729' title='bbox 1099 4774 1469 4831; x_wconf 81' lang='lat' dir='ltr'><strong>ornatissimis</strong></span> <span class='ocrx_word' id='word_1_730' title='bbox 1503 4775 1679 4844; x_wconf 76' lang='lat' dir='ltr'><strong>spina:</strong></span> <span class='ocrx_word' id='word_1_731' title='bbox 1728 4786 1783 4829; x_wconf 91' lang='lat' dir='ltr'><strong>et</strong></span> <span class='ocrx_word' id='word_1_732' title='bbox 1812 4791 1904 4828; x_wconf 83' lang='lat' dir='ltr'><strong>ur-</strong></span> 
     </span>
    </p>
   </div>
   <div class='ocr_carea' id='block_1_95' title="bbox 317 4865 1890 4939">
    <p class='ocr_par' dir='ltr' id='par_1_95' title="bbox 317 4865 1890 4939">
     <span class='ocr_line' id='line_1_95' title="bbox 317 4865 1890 4939; baseline -0.006 -12"><span class='ocrx_word' id='word_1_733' title='bbox 317 4886 434 4927; x_wconf 69' lang='lat' dir='ltr'><strong>tica:</strong></span> <span class='ocrx_word' id='word_1_734' title='bbox 461 4886 517 4926; x_wconf 89' lang='lat' dir='ltr'><strong>et</strong></span> <span class='ocrx_word' id='word_1_735' title='bbox 543 4872 783 4938; x_wconf 81' lang='lat' dir='ltr'><strong>paliurus</strong></span> <span class='ocrx_word' id='word_1_736' title='bbox 808 4870 1080 4939; x_wconf 84' lang='lat' dir='ltr'><strong>orientur.</strong></span> <span class='ocrx_word' id='word_1_737' title='bbox 1112 4866 1335 4936; x_wconf 74' lang='lat' dir='ltr'><strong>Eritque</strong></span> <span class='ocrx_word' id='word_1_738' title='bbox 1362 4865 1542 4921; x_wconf 83' lang='lat' dir='ltr'><strong>cubile</strong></span> <span class='ocrx_word' id='word_1_739' title='bbox 1572 4869 1890 4930; x_wconf 82' lang='lat' dir='ltr'><strong>draconum,</strong></span> 
     </span>
    </p>
   </div>
   <div class='ocr_carea' id='block_1_96' title="bbox 317 4960 1897 5034">
    <p class='ocr_par' dir='ltr' id='par_1_96' title="bbox 317 4960 1897 5034">
     <span class='ocr_line' id='line_1_96' title="bbox 317 4960 1897 5034; baseline -0.006 -15"><span class='ocrx_word' id='word_1_740' title='bbox 317 4983 367 5019; x_wconf 81' lang='lat' dir='ltr'><strong>et</strong></span> <span class='ocrx_word' id='word_1_741' title='bbox 394 4982 598 5034; x_wconf 81' lang='lat' dir='ltr'><strong>pascua</strong></span> <span class='ocrx_word' id='word_1_742' title='bbox 645 4964 1041 5024; x_wconf 79' lang='lat' dir='ltr'><strong>struthiouttm,</strong></span> <span class='ocrx_word' id='word_1_743' title='bbox 1078 4976 1199 5031; x_wconf 76' lang='lat' dir='ltr'><strong>qua:</strong></span> <span class='ocrx_word' id='word_1_744' title='bbox 1238 4969 1292 5013; x_wconf 90' lang='lat' dir='ltr'><strong>et</strong></span> <span class='ocrx_word' id='word_1_745' title='bbox 1323 4962 1437 5029; x_wconf 83' lang='lat' dir='ltr'><strong>ipsa</strong></span> <span class='ocrx_word' id='word_1_746' title='bbox 1467 4960 1619 5026; x_wconf 79' lang='lat' dir='ltr'><strong>signa</strong></span> <span class='ocrx_word' id='word_1_747' title='bbox 1648 4969 1776 5013; x_wconf 81' lang='lat' dir='ltr'><strong>sunt</strong></span> <span class='ocrx_word' id='word_1_748' title='bbox 1803 4978 1897 5011; x_wconf 77' lang='lat' dir='ltr'><strong>ex-</strong></span> 
     </span>
    </p>
   </div>
   <div class='ocr_carea' id='block_1_97' title="bbox 321 5050 1895 5118">
    <p class='ocr_par' dir='ltr' id='par_1_97' title="bbox 321 5050 1895 5118">
     <span class='ocr_line' id='line_1_97' title="bbox 321 5050 1895 5118; baseline -0.007 -6"><span class='ocrx_word' id='word_1_749' title='bbox 321 5071 503 5112; x_wconf 74' lang='lat' dir='ltr'><strong>trema:</strong></span> <span class='ocrx_word' id='word_1_750' title='bbox 567 5056 899 5117; x_wconf 84' lang='lat' dir='ltr'><strong>solitudinis.</strong></span> <span class='ocrx_word' id='word_1_751' title='bbox 932 5055 999 5107; x_wconf 73' lang='lat' dir='ltr'><strong>Et</strong></span> <span class='ocrx_word' id='word_1_752' title='bbox 1050 5061 1345 5108; x_wconf 86' lang='lat' dir='ltr'><strong>occurrent</strong></span> <span class='ocrx_word' id='word_1_753' title='bbox 1379 5051 1484 5107; x_wconf 89' lang='lat' dir='ltr'><strong>sibi</strong></span> <span class='ocrx_word' id='word_1_754' title='bbox 1540 5051 1594 5106; x_wconf 90' lang='lat' dir='ltr'><strong>in</strong></span> <span class='ocrx_word' id='word_1_755' title='bbox 1639 5050 1895 5118; x_wconf 67' lang='lat' dir='ltr'><strong>ea,justa</strong></span> 
     </span>
    </p>
   </div>
   <div class='ocr_carea' id='block_1_98' title="bbox 319 5128 1897 5215">
    <p class='ocr_par' dir='ltr' id='par_1_98' title="bbox 319 5128 1897 5215">
     <span class='ocr_line' id='line_1_98' title="bbox 319 5128 1897 5215; baseline -0.001 -14"><span class='ocrx_word' id='word_1_756' title='bbox 319 5149 459 5202; x_wconf 54' lang='lat' dir='ltr'><strong>LXX</strong></span> <span class='ocrx_word' id='word_1_757' title='bbox 484 5128 701 5203; x_wconf 75' lang='lat' dir='ltr'><strong>diversa</strong></span> <span class='ocrx_word' id='word_1_758' title='bbox 726 5147 1032 5202; x_wconf 70' lang='lat' dir='ltr'><strong>daemonum</strong></span> <span class='ocrx_word' id='word_1_759' title='bbox 1053 5148 1455 5215; x_wconf 82' lang='lat' dir='ltr'><strong>phantasmata,</strong></span> <span class='ocrx_word' id='word_1_760' title='bbox 1482 5147 1596 5199; x_wconf 85' lang='lat' dir='ltr'><strong>sive</strong></span> <span class='ocrx_word' id='word_1_761' title='bbox 1626 5154 1684 5199; x_wconf 89' lang='lat' dir='ltr'><strong>ut</strong></span> <span class='ocrx_word' id='word_1_762' title='bbox 1706 5160 1897 5199; x_wconf 81' lang='lat' dir='ltr'><strong>omnes</strong></span> 
     </span>
    </p>
   </div>
   <div class='ocr_carea' id='block_1_99' title="bbox 317 5237 1902 5309">
    <p class='ocr_par' dir='ltr' id='par_1_99' title="bbox 317 5237 1902 5309">
     <span class='ocr_line' id='line_1_99' title="bbox 317 5237 1902 5309; baseline -0.001 -16"><span class='ocrx_word' id='word_1_763' title='bbox 317 5243 470 5309; x_wconf 79' lang='lat' dir='ltr'><strong>juxta</strong></span> <span class='ocrx_word' id='word_1_764' title='bbox 514 5242 837 5295; x_wconf 86' lang='lat' dir='ltr'><strong>llebraicum</strong></span> <span class='ocrx_word' id='word_1_765' title='bbox 874 5242 1293 5302; x_wconf 66' lang='lat' dir='ltr'><strong>transtulerunt,</strong></span> <span class='ocrx_word' id='word_1_766' title='bbox 1345 5252 1453 5293; x_wconf 79' lang='lat' dir='ltr'><strong>snit</strong></span> <span class='ocrx_word' id='word_1_767' title='bbox 1498 5237 1674 5309; x_wconf 64' lang='lat' dir='ltr'><strong>(D773)</strong></span> <span class='ocrx_word' id='word_1_768' title='bbox 1727 5251 1781 5292; x_wconf 89' lang='lat' dir='ltr'><strong>et</strong></span> <span class='ocrx_word' id='word_1_769' title='bbox 1829 5255 1902 5292; x_wconf 82' lang='lat' dir='ltr'><strong>nu</strong></span> 
     </span>
    </p>
   </div>
   <div class='ocr_carea' id='block_1_100' title="bbox 324 5330 1905 5408">
    <p class='ocr_par' dir='ltr' id='par_1_100' title="bbox 324 5330 1905 5408">
     <span class='ocr_line' id='line_1_100' title="bbox 324 5330 1905 5408; baseline -0.003 -17"><span class='ocrx_word' id='word_1_770' title='bbox 324 5338 523 5408; x_wconf 59' lang='lat' dir='ltr'><strong>tam),</strong></span> <span class='ocrx_word' id='word_1_771' title='bbox 555 5334 938 5398; x_wconf 80' lang='lat' dir='ltr'><strong>onocentauri,</strong></span> <span class='ocrx_word' id='word_1_772' title='bbox 971 5341 1027 5386; x_wconf 68' lang='lat' dir='ltr'><strong>es</strong></span> <span class='ocrx_word' id='word_1_773' title='bbox 1078 5330 1256 5399; x_wconf 87' lang='lat' dir='ltr'><strong>pilosi,</strong></span> <span class='ocrx_word' id='word_1_774' title='bbox 1291 5340 1344 5384; x_wconf 87' lang='lat' dir='ltr'><strong>et</strong></span> <span class='ocrx_word' id='word_1_775' title='bbox 1376 5330 1562 5397; x_wconf 81' lang='lat' dir='ltr'><strong>lautia,</strong></span> <span class='ocrx_word' id='word_1_776' title='bbox 1620 5348 1738 5401; x_wconf 64' lang='lat' dir='ltr'><strong>qtae</strong></span> <span class='ocrx_word' id='word_1_777' title='bbox 1769 5347 1905 5400; x_wconf 74' lang='lat' dir='ltr'><strong>geu-</strong></span> 
     </span>
    </p>
   </div>
   <div class='ocr_carea' id='block_1_101' title="bbox 330 5423 1906 5494">
    <p class='ocr_par' dir='ltr' id='par_1_101' title="bbox 330 5423 1906 5494">
     <span class='ocr_line' id='line_1_101' title="bbox 330 5423 1906 5494; baseline -0.002 -15"><span class='ocrx_word' id='word_1_778' title='bbox 330 5429 500 5479; x_wconf 87' lang='lat' dir='ltr'><strong>tiliutn</strong></span> <span class='ocrx_word' id='word_1_779' title='bbox 557 5425 775 5489; x_wconf 57' lang='lat' dir='ltr'><strong>fabula,</strong></span> <span class='ocrx_word' id='word_1_780' title='bbox 833 5435 889 5479; x_wconf 88' lang='lat' dir='ltr'><strong>et</strong></span> <span class='ocrx_word' id='word_1_781' title='bbox 936 5435 1215 5494; x_wconf 83' lang='lat' dir='ltr'><strong>poetarum</strong></span> <span class='ocrx_word' id='word_1_782' title='bbox 1257 5423 1512 5493; x_wconf 70' lang='lat' dir='ltr'><strong>ﬁgmenta</strong></span> <span class='ocrx_word' id='word_1_783' title='bbox 1565 5425 1906 5479; x_wconf 83' lang='lat' dir='ltr'><strong>describunt.</strong></span> 
     </span>
    </p>
   </div>
   <div class='ocr_carea' id='block_1_102' title="bbox 323 5518 1910 5589">
    <p class='ocr_par' dir='ltr' id='par_1_102' title="bbox 323 5518 1910 5589">
     <span class='ocr_line' id='line_1_102' title="bbox 323 5518 1910 5589; baseline -0.001 -16"><span class='ocrx_word' id='word_1_784' title='bbox 323 5519 596 5577; x_wconf 76' lang='lat' dir='ltr'><strong>Hericium</strong></span> <span class='ocrx_word' id='word_1_785' title='bbox 636 5534 855 5589; x_wconf 82' lang='lat' dir='ltr'><strong>quoque</strong></span> <span class='ocrx_word' id='word_1_786' title='bbox 882 5518 956 5572; x_wconf 86' lang='lat' dir='ltr'><strong>ibi</strong></span> <span class='ocrx_word' id='word_1_787' title='bbox 986 5518 1229 5577; x_wconf 68' lang='lat' dir='ltr'><strong>euutrire</strong></span> <span class='ocrx_word' id='word_1_788' title='bbox 1254 5518 1485 5585; x_wconf 78' lang='lat' dir='ltr'><strong>catulos,</strong></span> <span class='ocrx_word' id='word_1_789' title='bbox 1518 5527 1574 5572; x_wconf 90' lang='lat' dir='ltr'><strong>et</strong></span> <span class='ocrx_word' id='word_1_790' title='bbox 1616 5521 1910 5574; x_wconf 80' lang='lat' dir='ltr'><strong>stationem</strong></span> 
     </span>
    </p>
   </div>
   <div class='ocr_carea' id='block_1_103' title="bbox 2015 4598 3598 4668">
    <p class='ocr_par' dir='ltr' id='par_1_103' title="bbox 2015 4598 3598 4668">
     <span class='ocr_line' id='line_1_103' title="bbox 2015 4598 3598 4668; baseline 0.002 -19"><span class='ocrx_word' id='word_1_791' title='bbox 2015 4601 2243 4650; x_wconf 89' lang='lat' dir='ltr'><strong>ticorum</strong></span> <span class='ocrx_word' id='word_1_792' title='bbox 2293 4598 2497 4652; x_wconf 83' lang='lat' dir='ltr'><strong>dicitur</strong></span> <span class='ocrx_word' id='word_1_793' title='bbox 2529 4614 2543 4653; x_wconf 90' lang='lat'>:</span> <span class='ocrx_word' id='word_1_794' title='bbox 2584 4599 2789 4653; x_wconf 78' lang='lat' dir='ltr'><strong>Similis</strong></span> <span class='ocrx_word' id='word_1_795' title='bbox 2812 4607 2889 4653; x_wconf 71' lang='lat' dir='ltr'><strong>est</strong></span> <span class='ocrx_word' id='word_1_796' title='bbox 2920 4599 3199 4668; x_wconf 69' lang='lat' dir='ltr'><strong>fratruelis</strong></span> <span class='ocrx_word' id='word_1_797' title='bbox 3230 4616 3372 4652; x_wconf 84' lang='lat' dir='ltr'><strong>meus</strong></span> <span class='ocrx_word' id='word_1_798' title='bbox 3395 4613 3598 4666; x_wconf 79' lang='lat' dir='ltr'><strong>caprea:</strong></span> 
     </span>
    </p>
   </div>
   <div class='ocr_carea' id='block_1_104' title="bbox 2010 4687 3597 4758">
    <p class='ocr_par' dir='ltr' id='par_1_104' title="bbox 2010 4687 3597 4758">
     <span class='ocr_line' id='line_1_104' title="bbox 2010 4687 3597 4758; baseline 0.002 -18"><span class='ocrx_word' id='word_1_799' title='bbox 2010 4692 2088 4742; x_wconf 78' lang='lat' dir='ltr'><strong>oet</strong></span> <span class='ocrx_word' id='word_1_800' title='bbox 2122 4689 2343 4744; x_wconf 80' lang='lat' dir='ltr'><strong>hinnulo</strong></span> <span class='ocrx_word' id='word_1_801' title='bbox 2383 4706 2653 4743; x_wconf 77' lang='lat' dir='ltr'><strong>cervorum</strong></span> <span class='ocrx_word' id='word_1_802' title='bbox 2681 4705 2836 4758; x_wconf 81' lang='lat' dir='ltr'><strong>super</strong></span> <span class='ocrx_word' id='word_1_803' title='bbox 2854 4701 3057 4744; x_wconf 72' lang='lat' dir='ltr'><strong>montes</strong></span> <span class='ocrx_word' id='word_1_804' title='bbox 3080 4701 3383 4743; x_wconf 85' lang='lat' dir='ltr'><strong>aromatum</strong></span> <span class='ocrx_word' id='word_1_805' title='bbox 3409 4687 3597 4758; x_wconf 86' lang='lat' dir='ltr'><strong>(Cant.</strong></span> 
     </span>
    </p>
   </div>
   <div class='ocr_carea' id='block_1_105' title="bbox 2009 4781 3598 4849">
    <p class='ocr_par' dir='ltr' id='par_1_105' title="bbox 2009 4781 3598 4849">
     <span class='ocr_line' id='line_1_105' title="bbox 2009 4781 3598 4849; baseline -0.001 -15"><span class='ocrx_word' id='word_1_806' title='bbox 2009 4794 2071 4845; x_wconf 83' lang='lat' dir='ltr'><strong>tt,</strong></span> <span class='ocrx_word' id='word_1_807' title='bbox 2095 4781 2187 4849; x_wconf 85' lang='lat'><strong>9);</strong></span> <span class='ocrx_word' id='word_1_808' title='bbox 2231 4784 2482 4837; x_wconf 63' lang='lat' dir='ltr'><strong>obrittsse</strong></span> <span class='ocrx_word' id='word_1_809' title='bbox 2523 4785 2625 4836; x_wconf 79' lang='lat' dir='ltr'><strong>sibi</strong></span> <span class='ocrx_word' id='word_1_810' title='bbox 2655 4785 2706 4836; x_wconf 90' lang='lat' dir='ltr'><strong>itt</strong></span> <span class='ocrx_word' id='word_1_811' title='bbox 2738 4782 3042 4837; x_wconf 78' lang='lat' dir='ltr'><strong>Jerusalem</strong></span> <span class='ocrx_word' id='word_1_812' title='bbox 3071 4794 3126 4835; x_wconf 83' lang='lat' dir='ltr'><strong>et</strong></span> <span class='ocrx_word' id='word_1_813' title='bbox 3158 4794 3371 4834; x_wconf 86' lang='lat' dir='ltr'><strong>mutuos</strong></span> <span class='ocrx_word' id='word_1_814' title='bbox 3396 4782 3598 4833; x_wconf 79' lang='lat' dir='ltr'><strong>vidisse</strong></span> 
     </span>
    </p>
   </div>
   <div class='ocr_carea' id='block_1_106' title="bbox 2008 4871 3599 4941">
    <p class='ocr_par' dir='ltr' id='par_1_106' title="bbox 2008 4871 3599 4941">
     <span class='ocr_line' id='line_1_106' title="bbox 2008 4871 3599 4941; baseline 0 -19"><span class='ocrx_word' id='word_1_815' title='bbox 2008 4883 2359 4941; x_wconf 86' lang='lat' dir='ltr'><strong>conspectus,</strong></span> <span class='ocrx_word' id='word_1_816' title='bbox 2396 4882 2450 4925; x_wconf 92' lang='lat' dir='ltr'><strong>et</strong></span> <span class='ocrx_word' id='word_1_817' title='bbox 2489 4874 2752 4926; x_wconf 82' lang='lat' dir='ltr'><strong>transisse</strong></span> <span class='ocrx_word' id='word_1_818' title='bbox 2798 4888 2862 4925; x_wconf 86' lang='lat' dir='ltr'><strong>ac</strong></span> <span class='ocrx_word' id='word_1_819' title='bbox 2914 4871 3205 4939; x_wconf 79' lang='lat' dir='ltr'><strong>reliquisse</strong></span> <span class='ocrx_word' id='word_1_820' title='bbox 3252 4885 3397 4932; x_wconf 82' lang='lat' dir='ltr'><strong>eain,</strong></span> <span class='ocrx_word' id='word_1_821' title='bbox 3445 4883 3496 4924; x_wconf 90' lang='lat' dir='ltr'><strong>et</strong></span> <span class='ocrx_word' id='word_1_822' title='bbox 3530 4874 3599 4923; x_wconf 85' lang='lat' dir='ltr'><strong>ad</strong></span> 
     </span>
    </p>
   </div>
   <div class='ocr_carea' id='block_1_107' title="bbox 2007 4961 3600 5033">
    <p class='ocr_par' dir='ltr' id='par_1_107' title="bbox 2007 4961 3600 5033">
     <span class='ocr_line' id='line_1_107' title="bbox 2007 4961 3600 5033; baseline -0.001 -15"><span class='ocrx_word' id='word_1_823' title='bbox 2007 4965 2254 5018; x_wconf 83' lang='lat' dir='ltr'><strong>diversas</strong></span> <span class='ocrx_word' id='word_1_824' title='bbox 2283 4966 2595 5033; x_wconf 82' lang='lat' dir='ltr'><strong>provincias</strong></span> <span class='ocrx_word' id='word_1_825' title='bbox 2631 4965 2958 5032; x_wconf 76' lang='lat' dir='ltr'><strong>porrexisse,</strong></span> <span class='ocrx_word' id='word_1_826' title='bbox 2996 4963 3123 5032; x_wconf 82' lang='lat' dir='ltr'><strong>quia</strong></span> <span class='ocrx_word' id='word_1_827' title='bbox 3148 4961 3410 5016; x_wconf 90' lang='lat' dir='ltr'><strong>Dominus</strong></span> <span class='ocrx_word' id='word_1_828' title='bbox 3444 4979 3600 5016; x_wconf 76' lang='lat' dir='ltr'><strong>nian-</strong></span> 
     </span>
    </p>
   </div>
   <div class='ocr_carea' id='block_1_108' title="bbox 2010 5055 3600 5127">
    <p class='ocr_par' dir='ltr' id='par_1_108' title="bbox 2010 5055 3600 5127">
     <span class='ocr_line' id='line_1_108' title="bbox 2010 5055 3600 5127; baseline -0.001 -16"><span class='ocrx_word' id='word_1_829' title='bbox 2010 5061 2218 5113; x_wconf 77' lang='lat' dir='ltr'><strong>daverit</strong></span> <span class='ocrx_word' id='word_1_830' title='bbox 2243 5062 2320 5113; x_wconf 87' lang='lat' dir='ltr'><strong>eis</strong></span> <span class='ocrx_word' id='word_1_831' title='bbox 2352 5075 2365 5114; x_wconf 88' lang='lat'><strong>:</strong></span> <span class='ocrx_word' id='word_1_832' title='bbox 2395 5057 2481 5113; x_wconf 83' lang='lat' dir='ltr'><strong>Ite</strong></span> <span class='ocrx_word' id='word_1_833' title='bbox 2508 5069 2554 5113; x_wconf 87' lang='lat' dir='ltr'><strong>et</strong></span> <span class='ocrx_word' id='word_1_834' title='bbox 2582 5060 2761 5111; x_wconf 80' lang='lat' dir='ltr'><strong>docete</strong></span> <span class='ocrx_word' id='word_1_835' title='bbox 2784 5056 2952 5127; x_wconf 60' lang='grc'><strong>446</strong></span> <span class='ocrx_word' id='word_1_836' title='bbox 2977 5072 3154 5109; x_wconf 82' lang='lat' dir='ltr'><strong>omnes</strong></span> <span class='ocrx_word' id='word_1_837' title='bbox 3186 5066 3388 5126; x_wconf 73' lang='lat' dir='ltr'><strong>gentes,</strong></span> <span class='ocrx_word' id='word_1_838' title='bbox 3422 5055 3600 5125; x_wconf 84' lang='lat' dir='ltr'><strong>bapti-</strong></span> 
     </span>
    </p>
   </div>
   <div class='ocr_carea' id='block_1_109' title="bbox 2012 5146 3601 5215">
    <p class='ocr_par' dir='ltr' id='par_1_109' title="bbox 2012 5146 3601 5215">
     <span class='ocr_line' id='line_1_109' title="bbox 2012 5146 3601 5215; baseline 0.001 -15"><span class='ocrx_word' id='word_1_839' title='bbox 2012 5160 2190 5203; x_wconf 73' lang='lat' dir='ltr'><strong>zantes</strong></span> <span class='ocrx_word' id='word_1_840' title='bbox 2225 5165 2314 5204; x_wconf 76' lang='lat' dir='ltr'><strong>cas</strong></span> <span class='ocrx_word' id='word_1_841' title='bbox 2349 5152 2406 5203; x_wconf 88' lang='lat' dir='ltr'><strong>in</strong></span> <span class='ocrx_word' id='word_1_842' title='bbox 2441 5150 2650 5203; x_wconf 85' lang='lat' dir='ltr'><strong>nomine</strong></span> <span class='ocrx_word' id='word_1_843' title='bbox 2706 5148 2910 5211; x_wconf 81' lang='lat' dir='ltr'><strong>l’atrts,</strong></span> <span class='ocrx_word' id='word_1_844' title='bbox 2971 5157 3020 5202; x_wconf 80' lang='lat' dir='ltr'><strong>et</strong></span> <span class='ocrx_word' id='word_1_845' title='bbox 3057 5146 3211 5210; x_wconf 72' lang='lat' dir='ltr'><strong>Filii,</strong></span> <span class='ocrx_word' id='word_1_846' title='bbox 3266 5159 3315 5201; x_wconf 88' lang='lat' dir='ltr'><strong>et</strong></span> <span class='ocrx_word' id='word_1_847' title='bbox 3369 5146 3601 5215; x_wconf 75' lang='lat' dir='ltr'><strong>Spiritus</strong></span> 
     </span>
    </p>
   </div>
   <div class='ocr_carea' id='block_1_110' title="bbox 2016 5224 3601 5314">
    <p class='ocr_par' dir='ltr' id='par_1_110' title="bbox 2016 5224 3601 5314">
     <span class='ocr_line' id='line_1_110' title="bbox 2016 5224 3601 5314; baseline 0 -18"><span class='ocrx_word' id='word_1_848' title='bbox 2016 5245 2188 5296; x_wconf 85' lang='lat' dir='ltr'><strong>sancti</strong></span> <span class='ocrx_word' id='word_1_849' title='bbox 2218 5242 2438 5314; x_wconf 73' lang='lat' dir='ltr'><strong>(Matth.</strong></span> <span class='ocrx_word' id='word_1_850' title='bbox 2472 5258 2665 5308; x_wconf 75' lang='lat' dir='ltr'><strong>nun,</strong></span> <span class='ocrx_word' id='word_1_851' title='bbox 2702 5240 2789 5311; x_wconf 85' lang='lat' dir='ltr'><strong>t9)</strong></span> <span class='ocrx_word' id='word_1_852' title='bbox 2820 5259 2833 5306; x_wconf 87' lang='lat'><strong>;</strong></span> <span class='ocrx_word' id='word_1_853' title='bbox 2863 5253 2917 5297; x_wconf 88' lang='lat' dir='ltr'><strong>et</strong></span> <span class='ocrx_word' id='word_1_854' title='bbox 2949 5242 3172 5312; x_wconf 87' lang='lat' dir='ltr'><strong>spiritus</strong></span> <span class='ocrx_word' id='word_1_855' title='bbox 3201 5224 3346 5296; x_wconf 74' lang='lat' dir='ltr'><strong>iliitts</strong></span> <span class='ocrx_word' id='word_1_856' title='bbox 3369 5257 3601 5311; x_wconf 74' lang='lat' dir='ltr'><strong>congre-</strong></span> 
     </span>
    </p>
   </div>
   <div class='ocr_carea' id='block_1_111' title="bbox 2015 5336 3603 5407">
    <p class='ocr_par' dir='ltr' id='par_1_111' title="bbox 2015 5336 3603 5407">
     <span class='ocr_line' id='line_1_111' title="bbox 2015 5336 3603 5407; baseline -0.002 -19"><span class='ocrx_word' id='word_1_857' title='bbox 2015 5343 2224 5407; x_wconf 77' lang='lat' dir='ltr'><strong>gaVerit</strong></span> <span class='ocrx_word' id='word_1_858' title='bbox 2257 5353 2371 5400; x_wconf 88' lang='lat' dir='ltr'><strong>eos,</strong></span> <span class='ocrx_word' id='word_1_859' title='bbox 2422 5336 2744 5404; x_wconf 80' lang='lat' dir='ltr'><strong>dederitque</strong></span> <span class='ocrx_word' id='word_1_860' title='bbox 2796 5336 2876 5391; x_wconf 85' lang='lat' dir='ltr'><strong>eis</strong></span> <span class='ocrx_word' id='word_1_861' title='bbox 2910 5346 3087 5392; x_wconf 86' lang='lat' dir='ltr'><strong>sortes</strong></span> <span class='ocrx_word' id='word_1_862' title='bbox 3135 5347 3299 5407; x_wconf 84' lang='lat' dir='ltr'><strong>atque</strong></span> <span class='ocrx_word' id='word_1_863' title='bbox 3333 5337 3603 5396; x_wconf 74' lang='lat' dir='ltr'><strong>diviserit,</strong></span> 
     </span>
    </p>
   </div>
   <div class='ocr_carea' id='block_1_112' title="bbox 2022 5408 3605 5496">
    <p class='ocr_par' dir='ltr' id='par_1_112' title="bbox 2022 5408 3605 5496">
     <span class='ocr_line' id='line_1_112' title="bbox 2022 5408 3605 5496; baseline -0.004 -14"><span class='ocrx_word' id='word_1_864' title='bbox 2022 5438 2079 5482; x_wconf 89' lang='lat' dir='ltr'><strong>ut</strong></span> <span class='ocrx_word' id='word_1_865' title='bbox 2111 5430 2252 5481; x_wconf 83' lang='lat' dir='ltr'><strong>alius</strong></span> <span class='ocrx_word' id='word_1_866' title='bbox 2291 5434 2358 5481; x_wconf 83' lang='lat' dir='ltr'><strong>ad</strong></span> <span class='ocrx_word' id='word_1_867' title='bbox 2386 5408 2574 5493; x_wconf 73' lang='lat' dir='ltr'><strong>indos,</strong></span> <span class='ocrx_word' id='word_1_868' title='bbox 2608 5430 2752 5481; x_wconf 85' lang='lat' dir='ltr'><strong>alius</strong></span> <span class='ocrx_word' id='word_1_869' title='bbox 2793 5430 2859 5481; x_wconf 86' lang='lat' dir='ltr'><strong>ad</strong></span> <span class='ocrx_word' id='word_1_870' title='bbox 2898 5428 3211 5496; x_wconf 82' lang='lat' dir='ltr'><strong>Hispanias,</strong></span> <span class='ocrx_word' id='word_1_871' title='bbox 3244 5426 3384 5479; x_wconf 84' lang='lat' dir='ltr'><strong>alius</strong></span> <span class='ocrx_word' id='word_1_872' title='bbox 3422 5427 3486 5477; x_wconf 83' lang='lat' dir='ltr'><strong>ad</strong></span> <span class='ocrx_word' id='word_1_873' title='bbox 3529 5423 3605 5478; x_wconf 85' lang='lat' dir='ltr'><strong>ll-</strong></span> 
     </span>
    </p>
   </div>
   <div class='ocr_carea' id='block_1_113' title="bbox 2023 5518 3606 5590">
    <p class='ocr_par' dir='ltr' id='par_1_113' title="bbox 2023 5518 3606 5590">
     <span class='ocr_line' id='line_1_113' title="bbox 2023 5518 3606 5590; baseline -0.001 -18"><span class='ocrx_word' id='word_1_874' title='bbox 2023 5519 2271 5590; x_wconf 71' lang='lat' dir='ltr'><strong>lyticum,</strong></span> <span class='ocrx_word' id='word_1_875' title='bbox 2297 5518 2435 5573; x_wconf 84' lang='lat' dir='ltr'><strong>alius</strong></span> <span class='ocrx_word' id='word_1_876' title='bbox 2465 5521 2529 5572; x_wconf 87' lang='lat' dir='ltr'><strong>ad</strong></span> <span class='ocrx_word' id='word_1_877' title='bbox 2551 5518 2820 5574; x_wconf 77' lang='lat' dir='ltr'><strong>Graeciam</strong></span> <span class='ocrx_word' id='word_1_878' title='bbox 2849 5530 3125 5590; x_wconf 68' lang='lat' dir='ltr'><strong>pergeret;</strong></span> <span class='ocrx_word' id='word_1_879' title='bbox 3152 5532 3205 5573; x_wconf 86' lang='lat' dir='ltr'><strong>et</strong></span> <span class='ocrx_word' id='word_1_880' title='bbox 3229 5518 3606 5587; x_wconf 80' lang='lat' dir='ltr'><strong>unusquisque</strong></span> 
     </span>
    </p>
   </div>
   <div class='ocr_carea' id='block_1_114' title="bbox 398 5704 3606 5779">
    <p class='ocr_par' dir='ltr' id='par_1_114' title="bbox 398 5704 3606 5779">
     <span class='ocr_line' id='line_1_114' title="bbox 398 5704 3606 5779; baseline -0 -15"><span class='ocrx_word' id='word_1_881' title='bbox 398 5708 418 5740; x_wconf 78' lang='grc'>⁸</span> <span class='ocrx_word' id='word_1_882' title='bbox 450 5712 628 5764; x_wconf 53' lang='lat' dir='ltr'><strong>Aratea</strong></span> <span class='ocrx_word' id='word_1_883' title='bbox 663 5704 1133 5778; x_wconf 77' lang='lat' dir='ltr'><strong>eratcongregabil</strong></span> <span class='ocrx_word' id='word_1_884' title='bbox 1161 5720 1183 5770; x_wconf 87' lang='lat'><em>;</em></span> <span class='ocrx_word' id='word_1_885' title='bbox 1214 5713 1303 5779; x_wconf 73' lang='lat' dir='ltr'><strong>iet</strong></span> <span class='ocrx_word' id='word_1_886' title='bbox 1353 5721 1499 5773; x_wconf 73' lang='lat' dir='ltr'><strong>mox,</strong></span> <span class='ocrx_word' id='word_1_887' title='bbox 1540 5722 1730 5761; x_wconf 84' lang='lat' dir='ltr'><strong>manus</strong></span> <span class='ocrx_word' id='word_1_888' title='bbox 1803 5705 1979 5760; x_wconf 82' lang='lat' dir='ltr'><strong>divisit</strong></span> <span class='ocrx_word' id='word_1_889' title='bbox 2020 5706 2225 5778; x_wconf 82' lang='lat' dir='ltr'><strong>absque</strong></span> <span class='ocrx_word' id='word_1_890' title='bbox 2270 5706 2563 5779; x_wconf 86' lang='lat' dir='ltr'><strong>interjecto</strong></span> <span class='ocrx_word' id='word_1_891' title='bbox 2600 5708 2759 5779; x_wconf 82' lang='lat' dir='ltr'><strong>ejus;</strong></span> <span class='ocrx_word' id='word_1_892' title='bbox 2817 5709 2961 5779; x_wconf 89' lang='lat' dir='ltr'><strong>quod</strong></span> <span class='ocrx_word' id='word_1_893' title='bbox 3010 5723 3143 5765; x_wconf 88' lang='lat' dir='ltr'><strong>mss.</strong></span> <span class='ocrx_word' id='word_1_894' title='bbox 3195 5708 3491 5763; x_wconf 84' lang='lat' dir='ltr'><strong>emendant</strong></span> <span class='ocrx_word' id='word_1_895' title='bbox 3536 5719 3606 5764; x_wconf 86' lang='lat' dir='ltr'><strong>ac</strong></span> 
     </span>
    </p>
   </div>
   <div class='ocr_carea' id='block_1_115' title="bbox 330 5778 1389 5850">
    <p class='ocr_par' dir='ltr' id='par_1_115' title="bbox 330 5778 1389 5850">
     <span class='ocr_line' id='line_1_115' title="bbox 330 5778 1389 5850; baseline -0.006 -13"><span class='ocrx_word' id='word_1_896' title='bbox 330 5782 581 5850; x_wconf 71' lang='lat' dir='ltr'><strong>Supplent</strong></span> <span class='ocrx_word' id='word_1_897' title='bbox 614 5780 683 5835; x_wconf 85' lang='lat' dir='ltr'><strong>ad</strong></span> <span class='ocrx_word' id='word_1_898' title='bbox 711 5780 855 5835; x_wconf 84' lang='lat' dir='ltr'><strong>sacri</strong></span> <span class='ocrx_word' id='word_1_899' title='bbox 882 5787 1171 5835; x_wconf 65' lang='lat' dir='ltr'><strong>contextus</strong></span> <span class='ocrx_word' id='word_1_900' title='bbox 1205 5778 1389 5831; x_wconf 81' lang='lat' dir='ltr'><strong>tidem.</strong></span> 
     </span>
    </p>
   </div>
  </div>
