3952 6180
283 354 393 416 339

765 349 1279 413 COMMENTAR.
1325 349 1405 411 IN
1450 348 1724 411 ISAIAM
1765 343 1876 409 Pili

1981 337 2232 406 BETARI
2278 343 2428 406 LIB.
2472 341 2582 416 XI,
2623 343 2782 408 CAP.
2815 345 3048 408 XXXV.
3448 344 3560 412 39d

278 467 391 522 lide
452 464 665 520 DOmiui
737 466 1141 527 centirmantes,
1217 464 1416 519 iaciant
1477 478 1583 518 non
1647 463 1861 526 timere,
1898 471 1936 522 Α
1968 473 2089 529 qua:
2121 468 2308 512 sancta
2344 457 2650 523 vocabitur,
2681 469 2734 512 et
2761 474 2882 528 qua:
2910 461 3040 514 dicit
3067 460 3182 528 ipsa
3211 461 3275 515 de
3305 463 3364 515 Se
3386 479 3411 528 _:
3444 463 3556 536 Ego

277 561 552 629 uulu'sque
569 555 662 611 Dei
682 565 857 611 metus
879 557 1116 610 universi
1137 556 1337 610 erroris
1359 556 1587 625 expellat
1621 555 1866 608 timores.

276 652 454 706 Causa
486 657 669 704 autem
706 649 1130 703 est'securitaiis
1162 663 1324 716 atque
1353 646 1697 711 Constantia},
1742 644 1869 714 quia

271 752 543 796 venturus
598 749 679 792 est
734 737 1003 801 Christus,
1052 741 1136 791 cui
1187 731 1350 790 Pater
1398 738 1544 791 dedit
1586 751 1746 790 omne
1786 735 1869 800 ju-

279 835 484 889 dicium
533 849 548 888 :
589 831 774 898 (Juan.
818 833 937 900 v)et
985 831 1169 884 reddet
1222 830 1516 900 unicuique
1568 829 1868 884 secundum

276 944 440 994 opera
465 941 588 978 sua.
622 923 740 985 Ipse
761 924 927 976 veniet
954 932 1002 976 et
1025 923 1248 976 salvabit
1282 940 1390 986 vos,
1423 923 1621 992 quibus
1649 923 1868 985 dicitur,

276 1019 456 1072 Nolite
489 1020 679 1070 timere
708 1031 726 1073 :
755 1015 866 1070 sive
893 1032 1005 1081 nos,
1031 1027 1088 1069 ut
1113 1017 1343 1069 salutent
1373 1029 1494 1069 cum
1525 1015 1874 1068 credentibus

277 1108 507 1176 apostoli
541 1111 725 1160 dicant
760 1107 859 1160 sibi
893 1123 1011 1160 esse
1037 1111 1401 1160 communem.
1438 1101 1582 1157 Tunc
1615 1106 1872 1172 aperien-

276 1207 364 1250 tur
390 1199 533 1250 oculi
559 1214 813 1251 ca’corum
840 1208 918 1253 :et
946 1213 1098 1250 aures
1129 1187 1407 1250 surdorum
1431 1196 1700 1264 patebunt.
1727 1196 1874 1268 Tunc

273 1286 433 1336 saliet
475 1286 609 1337 sicut
663 1287 864 1350 cer‘v‘us,
911 1285 1130 1338 claudus
1177 1299 1193 1343 :
1235 1283 1285 1337 et
1321 1281 1501 1351 aperta
1549 1286 1649 1338 erit
1692 1287 1873 1355 lingua

276 1385 566 1429 tnutoruni.
634 1377 786 1442 Quod
834 1393 1146 1446 quanquam
1188 1377 1462 1446 signorum
1509 1380 1876 1447 magnitudine

277 1469 722 1536 cmupletnni'sit,
739 1469 956 1538 quando
978 1468 1236 1521 Dominus
1261 1467 1582 1536 loquebatur
1600 1469 1876 1536 discipulis

273 1560 524 1624 Joannis,
553 1563 641 1627 qui
666 1562 730 1613 ad
758 1569 877 1614 euin
901 1559 1052 1614 missi
1070 1559 1281 1612 fuerant
1310 1574 1327 1615 :
1356 1557 1554 1614 Euntes
1577 1569 1876 1614 renuntiate

273 1652 480 1706 Joanni
510 1665 627 1720 quia
644 1651 868 1704 audistis
899 1660 945 1703 et
976 1651 1182 1704 vidistis
1218 1666 1236 1705 :
1270 1652 1397 1704 cruci
1433 1653 1603 1704 rident
1644 1669 1662 1706 :
1695 1651 1876 1705 claudi

273 1743 574 1806 ambulant,
594 1743 789 1811 leprosi
821 1743 1143 1795 mandantur
1171 1758 1190 1796 :
1211 1744 1361 1796 surdi
1387 1741 1608 1796 audiunt
1642 1759 1660 1797 :
1689 1745 1879 1797 mortui

1970 567 2087 603 sum
2138 550 2218 603 via
2279 547 2459 620 (Joan.
2511 551 2750 621 ιιν,-6),
2807 566 2904 621 per
2959 567 3124 622 quam
3172 554 3264 624 qui
3324 555 3560 624 pollutus

1971 654 2071 702 est,
2097 644 2331 696 transire
2365 661 2467 697 non
2494 645 2710 722 pulerit.
2740 644 2893 699 Unde
2922 657 2976 698 et
3007 646 3060 698 in
3091 645 3304 722 Psalmo
3333 647 3558 712 dicitur,

1972 729 2125 784 Beati
2149 731 2477 784 immaculati
2495 735 2547 784 in
2564 735 2644 785 via
2661 717 2832 801 (Psal.
2848 749 3035 796 cxvrtt,
3055 717 3338 803 i)..Ethaec
3357 737 3436 788 via
3462 740 3566 789 erit

1975 823 2149 888 nobis,
2185 822 2234 875 id
2261 833 2364 887 est,
2390 824 2536 880 Deus
2564 837 2767 892 noster,
2802 837 2908 878 tam
2943 837 3088 881 recta
3119 841 3171 882 et
3207 829 3367 896 plana
3403 840 3566 895 atque

1975 914 2320 982 Campestris,
2368 923 2424 965 ut
2473 915 2678 968 nullum
2717 917 2913 971 habeat
2957 932 3198 971 errorem
3245 937 3260 972 :
3303 930 3358 972 et
3412 919 3565 972 stulti

1977 1015 2144 1072 atque
2182 1003 2439 1057 vecordes
2475 1020 2570 1072 per
2605 1021 2724 1059 eam
2760 1007 2966 1076 ingredi
2999 1009 3232 1074 valeant,
3271 1011 3468 1077 quibus
3511 1012 3565 1064 in

1974 1091 2284 1149 Proverbiis
2319 1094 2558 1164 loquitur
2583 1097 2864 1166 Sapientia
2899 1117 2912 1153 :
2945 1099 3003 1154 Si
3029 1103 3144 1169 quis
3175 1111 3253 1154 est
3288 1101 3562 1170 parvulus,

1975 1186 2146 1238 veniat
2199 1187 2268 1238 ad
2319 1202 2422 1241 me.
2479 1185 2548 1239 Et
2607 1189 2972 1252 insipientibus
3018 1191 3197 1246 locuta
3249 1207 3350 1251 est.
3390 1193 3564 1248 Venite

1976 1289 2020 1327 et
2079 1277 2330 1329 concedite
2383 1293 2572 1343 panem
2625 1294 2820 1343 meum,
2875 1291 2924 1333 et
2977 1281 3134 1335 bibite
3191 1285 3367 1336 vinum
3423 1286 3564 1352 quod

1978 1367 2165 1419 miscui
2199 1369 2360 1422 vobis.
2403 1368 2700 1440 lielinquite
2740 1374 3029 1441 infantiam
3069 1385 3116 1428 et
3153 1377 3324 1438 vivite.
3364 1385 3411 1430 et
3448 1392 3568 1427 am-

1979 1457 2153 1509 bulate
2173 1457 2338 1529 5.50
2353 1476 2444 1529 per
2466 1461 2574 1514 vias
2593 1464 2890 1530 prudentie
2911 1461 3092 1534 (Prov.
3117 1482 3192 1529 ts,
3220 1466 3358 1536 4-6).
3390 1468 3566 1520 Stulta

1980 1551 2122 1602 enim
2157 1553 2342 1606 mundi
2372 1553 2535 1623 elegit
2567 1553 2708 1608 Deus
2739 1554 2792 1624 (1
2836 1558 2956 1611 Cor.
2993 1558 3074 1627 t):
3107 1575 3336 1626 quorum
3373 1562 3570 1615 stulto-

1985 1633 2104 1694 runi
2131 1641 2382 1712 princeps
2417 1644 2659 1713 loquitur
2691 1648 2739 1699 in
2768 1643 3004 1714 Psalmo,
3036 1651 3194 1714 Deus,
3223 1661 3280 1702 tu
3308 1653 3406 1704 scis
3436 1653 3568 1704 insi-

1983 1739 2233 1804 pientiam
2267 1757 2434 1794 meum
2466 1743 2640 1811 (Psal.
2665 1759 2852 1810 vaut,
2885 1745 2960 1815 ti).
2993 1743 3058 1797 Et
3091 1748 3311 1798 stultum
3354 1744 3447 1797 Dei
3479 1763 3568 1798 sa-

280 1846 568 1904 iesurguut
607 1851 627 1890 :
668 1845 918 1902 pauperes
961 1833 1389 1903 evangeliz'aiitur
1419 1834 1570 1904 (Luc.
1609 1850 1704 1899 Vll,
1744 1836 1874 1905 ‘22);
1915 1823 1953 1876 8
1981 1831 2202 1897 pientius
2236 1843 2310 1886 est
2339 1837 2634 1889 hominibus
2667 1835 2718 1903 (Ι
2749 1836 2874 1890 Cor.
2915 1844 2996 1905 ιι).
3032 1824 3186 1890 Unde
3215 1821 3354 1889 LXX
3381 1848 3568 1891 trans-'

277 1939 465 1980 tamen
509 1925 757 1994 quotidie
806 1925 1051 1994 exliletur
1096 1927 1151 1979 in
1191 1927 1460 1994 gentibus,
1511 1928 1730 1995 quando
1782 1928 1874 1996 qui

276 2022 432 2089 prius
449 2017 588 2072 ‘Caeci
620 2025 799 2082 erant,
829 2028 886 2071 et
909 2018 964 2070 in
999 2017 1143 2088 ligna
1173 2028 1222 2070 et
1247 2018 1452 2086 lapides
1481 2016 1874 2088 impingebaut,

278 2111 534 2165 veritatis
589 2110 769 2163 lumen
821 2109 1116 2177 aspiciunt.
1175 2107 1244 2163 Et
1305 2111 1395 2178 qui
1467 2111 1874 2180 Scripturarum

277 2207 449 2257 verba
471 2203 663 2257 'surdis
699 2203 923 2256 auribus
958 2201 1154 2256 audire
1179 2211 1287 2254 non
1319 2211 1594 2271 poterant,
1628 2217 1774 2256 nunc
1807 2199 1875 2256 ad

277 2294 378 2349 Dei
437 2297 712 2364 praecepta
765 2293 1047 2358 hetantur;
1096 2292 1313 2361 quando
1356 2295 1446 2362 qui
1497 2294 1647 2363 prius
1696 2293 1876 2348 claudi

277 2394 465 2447 erant,
506 2393 564 2438 et
598 2385 802 2436 rectam
839 2384 982 2435 viam
1022 2391 1131 2435 nbn
1178 2383 1453 2446 tenebant,
1492 2384 1696 2436 saliunt
1739 2385 1879 2437 sicut

281 2478 461 2541 cervi,
495 2475 773 2528 imitantes
802 2474 1054 2528 doctores
1085 2487 1234 2539 suos,
1268 2484 1323 2528 et
1353 2483 1538 2543 aperta
1570 2474 1674 2528 erit
1696 2474 1875 2542 lingua

280 2577 587 2632 uictorum,
626 2581 854 2635 quorum
895 2549 1059 2637 449
1096 2567 1330 2620 Satanas
1368 2581 1461 2620 ora
1508 2569 1874 2631 concluserat,

281 2682 352 2719 ne
379 2671 609 2735 possent
636 2678 799 2716 unum
830 2661 1116 2715 Dominum
1149 2664 1421 2717 conliteri.
1451 2662 1662 2716 Idcirco
1695 2673 1876 2717 autem

279 2760 602 2827 aperientur
643 2756 808 2820 oculi,
856 2761 1018 2810 aures
1061 2757 1301 2822 audient,
1350 2757 1544 2811 salient
1585 2756 1786 2817 claudi,
1825 2763 1880 2808 et

279 2862 474 2918 aperta
509 2849 614 2903 erit
650 2848 827 2918 lingua
862 2858 1159 2913 mutorum,
1195 2849 1321 2920 quia
1353 2851 1540 2904 scissae
1582 2859 1732 2911 sunt,
1764 2849 1879 2902 sive

281 2950 585 3010 eruperunt
614 2944 667 2995 in
699 2944 916 2998 deserto
941 2941 1211 3011 quondam
1239 2941 1494 2996 Ecclesiae
1519 2957 1672 3010 aquas
1705 2943 1880 3012 bapti-

225 3091 238 3100 ι
281 3036 384 3086 snii
411 3033 672 3087 salutaris
699 3033 739 3097 ’,
769 3043 822 3086 et
853 3045 1122 3088 torrentes
1147 3050 1210 3088 ac
1241 3034 1338 3088 rivi
1367 3033 1422 3088 iu
1441 3034 1756 3102 solitudine,
1793 3037 1877 3089 di-

281 3139 459 3179 versae
492 3126 702 3180 scilicet
735 3129 918 3197 gratiae
957 3127 1260 3197 Spirituales
1288 3125 1516 3196 :etqua:
1542 3137 1658 3182 erat
1696 3128 1869 3192 arida,
1897 3156 1941 3214 ο

280 3218 334 3270 in
357 3221 623 3284 stagnum
663 3218 991 3286 paludesque
1025 3229 1286 3272 conversa
1327 3229 1430 3282 est,
1457 3230 1515 3272 ut
1559 3235 1663 3272 non
1697 3219 1872 3274 solum

280 3318 501 3360 Careret
533 3307 728 3360 ardore
757 3307 874 3362 sitis
904 3309 999 3362 sed
1037 3310 1355 3378 navigabilis
1386 3318 1533 3363 esset
1563 3313 1617 3364 et
1652 3313 1875 3380 irrigua,

283 3412 338 3453 et
380 3401 612 3453 haberet
653 3399 830 3454 fontes
869 3401 1148 3469 plurimus,
1185 3415 1322 3470 quos
1356 3417 1548 3458 cervus
1583 3404 1874 3468 desiderat,

281 3505 427 3561 quos
463 3493 560 3560 qui
598 3493 816 3559 biberit,
855 3503 1031 3562 potest
1071 3494 1398 3550 benedicere
1433 3496 1684 3564 Domino,
1722 3497 1878 3567 juxta

285 3581 421 3634 illud
472 3584 619 3649 qhbd
661 3584 922 3653 scriptum
981 3595 1063 3638 est
1116 3603 1130 3639 :
1190 3584 1488 3642 Benedicite
1541 3589 1767 3645 Domino
1817 3595 1880 3644 de

284 3672 528 3742 [antibus
548 3671 720 3727 Israel
741 3674 912 3744 (Psal.
943 3676 1249 3747 uvit,27).
1282 3679 1339 3732 In
1375 3681 1640 3736 cubilibus
1671 3682 1878 3736 anima-

287 3782 412 3820 rum
429 3767 748 3835 gentilium,
765 3769 822 3821 in
845 3770 1040 3838 quibus
1066 3771 1218 3836 prius
1242 3771 1508 3829 dracones
1537 3773 1875 3839 habitabant,

285 3867 456 3910 ernt
505 3858 744 3911 calamus
798 3867 853 3911 et
894 3858 1116 3926 juncus,
1171 3862 1370 3930 quibus
1425 3861 1694 3918 scribatur
1747 3864 1880 3920 ﬁdes

291 3949 536 4014 Domini,
563 3959 630 4003 'et
665 3950 718 4004 ln
749 3951 950 4021 quibus
990 3951 1129 4008 fessa
1166 3956 1318 4022 prius
1358 3956 1600 4010 membra
1663 3959 1880 4026 requie-

289 4049 490 4106 scant;
523 4041 642 4096 sive
671 4045 772 4097 erit
803 4043 986 4099 latitia
1020 4047 1225 4112 avium,
1247 4057 1298 4100 et
1329 4049 1496 4102 Canite
1527 4063 1748 4120 gregum
1783 4066 1798 4103 :
1827 4057 1883 4104 ut

289 4145 582 4189 assumant
631 4136 748 4191 alas
795 4138 1076 4206 columbae,
1124 4149 1177 4194 et
1227 4140 1450 4194 humilia
1489 4142 1879 4212 relinquentes,

291 4229 361 4283 ad
405 4229 637 4283 excelsa
673 4229 968 4299 ‘l'estinent,
1037 4235 1352 4303 possintque
1420 4249 1540 4288 cum
1597 4233 1885 4292 Psalmista

293 4325 505 4386 dicere,
559 4323 812 4376 Dominus
861 4326 1027 4392 pascit
1075 4341 1174 4389 nte,
1215 4336 1262 4379 et
1318 4329 1448 4380 nihil
1505 4328 1632 4381 mihi
1681 4329 1884 4394 deerit,

291 4433 346 4487 in
379 4417 498 4466 loco
513 4429 723 4479 pascua:
745 4415 814 4468 ibi
832 4432 913 4469 me
934 4416 1242 4471 collocavit:
1261 4429 1417 4488 super
1441 4435 1608 4489 aquas
1645 4423 1886 4488 refectio-

293 4509 381 4560 nis
414 4509 655 4560 educavit
679 4521 779 4560 me.
811 4505 884 4561 lbi
921 4513 1029 4568 erit
1053 4511 1269 4577 semita,
1302 4521 1359 4567 et
1392 4511 1476 4566 via
1505 4512 1888 4585 mundissima,

390 4673 408 4704 ι
435 4669 548 4722 Duo
584 4683 717 4724 mss.
753 4668 1013 4738 Baptismi
1043 4671 1361 4729 Saluatoris.

1982 1923 2265 1981 tulerunt:
2304 1923 2363 1977 Et
2394 1929 2482 1995 qui
2549 1930 2771 1996 dispersi
2823 1929 3072 1998 fuerant,
3115 1939 3170 1983 et
3225 1948 3252 1981 a
3310 1929 3570 1986 societate

1982 2010 2190 2067 Domini
2238 2017 2496 2083 separati,
2549 2032 2894 2087 nequaquam
2941 2021 3223 2073 errabunt.
3282 2017 3560 2087 Sequitur,

1981 2102 2105 2158 Non
2141 2107 2240 2158 erit
2283 2107 2356 2160 ibi
2397 2114 2476 2161 leo
2501 2121 2520 2159 :
2550 2111 2894 2165 adversarius
2937 2120 3122 2166 noster
3161 2111 3428 2176 diabolus,
3469 2113 3561 2178 qui

1979 2196 2174 2252 circuit
2199 2201 2440 2268 rugiens,
2476 2201 2750 2269 quomodo
2767 2203 2910 2257 ovile
2936 2203 3142 2257 Douini
3169 2203 3340 2272 possit
3365 2203 3573 2256 intrare

1981 2287 2030 2358 (Ι
2085 2283 2233 2343 Petr.
2289 2291 2459 2360 \').Et
2508 2293 2661 2345 mala:
2697 2295 2906 2358 bestiae,
2958 2295 3219 2347 satellites
3266 2297 3406 2363 ejus,
3458 2311 3569 2348 non

1981 2382 2274 2436 ascendent
2298 2399 2393 2452 per
2419 2400 2560 2438 eam.
2585 2384 2773 2454 Neque
2795 2387 2940 2441 enim
2963 2389 3247 2458 vestigium
3272 2387 3488 2441 colubri
3515 2401 3570 2440 iu

1982 2484 2131 2540 petra
2168 2474 2402 2526 inveniri
2441 2486 2635 2542 pctest.
2680 2477 3054 2530 Ambulabuut
3087 2489 3266 2532 autem
3307 2492 3403 2546 per
3448 2492 3570 2529 eam

1980 2565 2071 2632 qui
2133 2564 2345 2619 liberati
2410 2566 2611 2619 iuerint
2675 2569 2740 2620 de
2799 2568 3028 2622 vinculis
3084 2577 3455 2636 peccatorum,
3515 2575 3578 2624 et

1983 2655 2251 2727 redempti
2292 2659 2558 2728 sanguine
2596 2659 2920 2724 Salvatoris,
2957 2672 3012 2715 et
3047 2666 3260 2733 egerint
3293 2663 3570 2732 paeniten-

1983 2748 2149 2812 tiam;
2182 2758 2235 2802 et
2266 2753 2510 2804 venerint
2539 2751 2594 2804 in
2627 2750 2780 2816 Sion,
2811 2753 2879 2806 de
2907 2770 3010 2823 qua
3051 2757 3250 2825 saepius
3280 2756 3517 2810 diximus
3550 2771 3565 2810 :

1979 2842 2282 2894 Accessistis
2306 2842 2374 2894 ad
2405 2841 2533 2895 Sion
2566 2855 2813 2907 montem,
2849 2855 2899 2898 et
2933 2848 3202 2900 civitatem
3236 2847 3329 2901 Dei
3355 2850 3572 2903 viventis

1979 2930 2274 2984 Jerusalem
2299 2935 2553 2986 caelestem
2582 2934 2766 3006 (Hebr.
2800 2951 2896 3003 xu,
2917 2936 3009 3006 2:!)
3036 2953 3052 3004 ;
3079 2953 3147 2992 ne
3176 2938 3573 2995 moreludaico

1981 3039 2200 3078 auream
2242 3042 2551 3094 quaeramus
2592 3028 2744 3095 Sion,
2782 3040 2835 3083 et
2870 3040 3194 3097 gemmatatn
3241 3028 3568 3100 Jerusalem,

1982 3134 2100 3188 qua-
2125 3118 2277 3186 justa
2309 3121 2650 3189 prophetiam
2689 3121 2954 3190 Dauietis,
2987 3124 3039 3176 in
3069 3135 3305 3179 aeternos
3355 3127 3569 3180 cineres

1979 3209 2237 3264 dissoluta
2282 3224 2364 3266 est
2394 3205 2557 3282 (Dan.
2594 3217 2692 3283 ix).
2728 3214 2951 3286 Eritque
2999 3217 3186 3272 laetitia
3233 3221 3567 3289 sempiterna

1978 3306 2316 3361 laudantium
2357 3307 2642 3363 Domitium
2678 3325 2841 3380 super
2868 3324 3028 3380 caput
3062 3329 3275 3381 eorum,
3311 3326 3370 3370 ut
3411 3327 3561 3386 post-

1979 3409 2141 3468 quam
2182 3402 2441 3455 sarculum
2491 3404 2739 3470 vicerint,
2785 3409 2992 3474 possint
3038 3422 3164 3462 cum
3205 3411 3466 3478 Apostolo
3510 3423 3567 3466 et

1979 3489 2248 3560 PrOpIieta
2272 3497 2450 3547 dicere
2475 3491 2738 3548 :Cursum
2763 3499 3136 3562 consummavi,
3161 3499 3319 3565 [idem
3340 3504 3565 3568 servavi,

1979 3586 2042 3638 de
2072 3595 2259 3640 caetero
2294 3587 2524 3656 reposita
2556 3597 2634 3641 est
2672 3589 2801 3641 mihi
2835 3605 3028 3642 corona
3054 3591 3279 3660 iustitia
3307 3593 3391 3663 (11
3429 3594 3571 3652 Tin.

1981 3693 2058 3744 tv,
2079 3679 2218 3750 7,8);
2250 3690 2324 3744 et,
2354 3679 2595 3745 Domine,
2627 3690 2683 3734 ut
2704 3693 2851 3736 scuto
2874 3682 3022 3736 bona:
3059 3683 3340 3739 voluntatis
3361 3697 3465 3740 tute
3483 3704 3573 3741 co-

1983 3775 2185 3825 ronasti
2237 3789 2328 3825 nos
2367 3771 2543 3842 (l’sal.
2573 3775 2763 3844 v.13).
2828 3774 2982 3831 Tunc
3009 3778 3337 3833 succedente
3373 3784 3580 3847 gaudio

1984 3878 2150 3936 atque
2211 3867 2418 3928 latitia,
2479 3868 2648 3935 fugiet
2705 3869 2862 3922 dolor
2915 3879 2966 3923 et
3032 3871 3288 3942 gemitus,
3351 3874 3579 3943 qttaudo.

1984 3959 2192 4012 venerit
2230 3973 2294 4010 ex
2347 3957 2478 4012 Sion
2523 3961 2615 4027 qui
2651 3973 2828 4015 eruat.
2871 3961 3002 4028 Quae
3041 3967 3225 4019 omnia
3271 3980 3369 4019 nos
3413 3967 3577 4036 juxta

1985 4050 2285 4121 apostolum
2308 4051 2534 4106 Paulum
2555 4055 2606 4106 in
2628 4054 2800 4123 primo
2827 4053 3125 4112 Salvatoris
3147 4060 3583 4128 interpretamur

1986 4146 2218 4200 adventu
2252 4163 2268 4201 ;
2299 4145 2468 4200 ιιιόωὶ
2501 4156 2683 4201 autem
2717 4159 2769 4202 et
2799 4152 2974 4204 nostri
3000 4149 3343 4220 judaizantes
3367 4156 3434 4206 ad
3483 4169 3571 4207 se-

1985 4239 2220 4293 cundum
2249 4238 2513 4306 referunt,
2530 4241 2694 4294 unius
2715 4241 3008 4298 occasione
3029 4243 3285 4299 versiculi
3342 4244 3581 4299 Conven

1987 4343 2160 4386 tentur
2179 4341 2227 4385 et
2247 4333 2450 4386 venient
2473 4333 2528 4386 in
2551 4333 2685 4388 Sion
2709 4334 2884 4398 laude,
2904 4336 3203 4390 hostiarum
3222 4339 3582 4409 sanguinein,

1998 4433 2427 4493 cunctarumque
2457 4428 2698 4497 gentium
2733 4429 3078 4494 servitutem,
3110 4440 3163 4482 et
3193 4444 3422 4484 uxorum
3453 4431 3579 4502 puis

2000 4515 2363 4571 chritudinem
2395 4517 2794 4578 desiderantes.

879 4876 3560 4906 Ἢ

1349 5049 1716 5138 LIBER
1794 5049 2342 5142 UNDECIM
2371 5052 2542 5142 US.

381 5365 743 5440 εει-⁸462
771 5367 1017 5436 Diﬂicile,
1075 5371 1186 5426 imo
1235 5371 1570 5443 impossibile
1635 5388 1719 5433 est
1757 5380 1884 5450 pla-
1918 5380 2266 5453 Doportuit;
2295 5394 2352 5439 et
2402 5385 2472 5440 ob
2527 5384 2668 5439 hanc
2715 5399 2940 5442 causam
2987 5387 3042 5442 in
3105 5387 3589 5446 Commentariolis

307 5459 438 5514 cere
463 5461 719 5515 omnibus
751 5475 767 5514 :
805 5473 902 5518 nec
925 5469 1074 5518 tanta
1102 5465 1371 5531 vultuum,
1409 5479 1610 5537 quanta
1651 5481 1886 5526 senten-

310 5553 517 5605 tiarum
579 5553 868 5608 diversitas
909 5564 1012 5609 est.
1042 5555 1102 5609 In
1135 5557 1514 5624 explanatione
1585 5561 1876 5617 duodecim

289 5644 702 5715 prophetarum
737 5648 946 5718 longior
972 5651 1296 5720 quibusdam
1339 5652 1488 5707 visus
1542 5669 1684 5720 sum,
1721 5673 1885 5728 quam

1995 5475 2227 5530 Dauielis
2252 5476 2504 5531 brevitati
2549 5475 2752 5542 studui,
2791 5491 2988 5547 praeter
3005 5479 3246 5536 ultimam
3268 5492 3319 5536 et
3341 5483 3580 5553 penulti-

1995 5580 2120 5619 nam
2147 5567 2429 5632 visionem,
2462 5567 2514 5622 in
2543 5569 2744 5638 quibus
2770 5585 2855 5624 me
2897 5587 3122 5629 necesse
3147 5575 3246 5626 fuit
3271 5574 3340 5627 ob
3383 5573 3582 5627 obscu-

1996 5658 2176 5714 ritatis
2222 5662 2699 5732 magnitudiuem'
2740 5677 3052 5720 sermonem
3115 5665 3340 5722 tendere
3373 5681 3579 5736 τρι-εε-

396 5804 412 5835 ¹
439 5803 775 5865 Concinnius
801 5811 908 5868 duo
971 5813 1138 5870 Vatic.
1171 5853 1186 5879 ,
1220 5832 1314 5885 pro
1369 5816 1708 5872 obscuritatis
1750 5817 2146 5888 magnitudine.
