3898 6184
2070 158 2157 233 ’1ἲέ

2132 236 2165 257 ιθ

1640 301 1702 359 S.
1749 299 2065 359 EUSEBH
2104 299 2533 363 HIERONYMI
2844 346 2861 359 .
3014 299 3017 301 ’
3617 306 3703 367 3‘2

472 416 739 481 cipueqne
767 410 820 465 in
843 410 1182 481 expositione
1200 416 1405 481 septem
1425 421 1479 466 et
1507 412 1787 482 sexaginta
1818 414 2046 465 duarum
2077 420 2126 479 Α
2154 413 2317 465 habes
2354 413 2629 477 ﬁduciam,
2659 412 2780 479 quia
2815 412 3087 466 recessisti
3146 426 3177 465 a
3210 416 3341 466 me?
3369 415 3509 469 Ecce
3560 424 3707 473 cunti-

471 514 528 560 e'.
564 503 726 557 unius
784 501 1271 566 hebdomadarum,
1337 504 1388 554 in
1458 501 1659 571 quibus
1719 501 2071 555 disserendis
2160 505 2242 558 dis
2272 502 3096 571 superhaculumarundinenm
3152 502 3495 559 confractum
3540 507 3701 574 istum,

481 596 609 665 quid
638 595 933 648 Africanus
958 604 1256 662 temporum
1291 594 1547 662 scriptar,
1584 594 1714 664 quid
1770 592 2053 660 Origenes,
2157 611 2320 663 super
2345 593 2634 665 Λευ-11111111
2670 597 2797 650 :cui
2825 594 2871 647 si
2896 595 3119 650 innixus
3151 595 3325 650 fuerit
3362 597 3545 663 homo,
3569 599 3711 655 intra.

474 700 528 743 et
556 684 914 741 Caesariensis
956 686 1245 749 Eusebius,
1272 676 1521 738 Clemens
1554 698 1773 753 quoque
1817 684 2055 736 Alexan-
2159 687 2234 738 hit
2272 687 2322 738 111
2354 701 2567 738 inanum
2610 687 2748 755 ejus,
2773 695 2827 738 et
2854 685 3156 752 perforabit
3198 704 3319 741 eam
3352 704 3369 755 ;
3398 691 3473 741 sic
3499 701 3573 745 est
3595 691 3712 745 Pha-

477 781 648 834 drinae
675 777 934 834 Ecclesia:
969 778 1361 848 presbyter,et
1416 775 2057 857 Apollitiaris.Laotlice-
2161 792 2252 829 rao
2308 792 2398 829 rex
2455 775 2672 847 :Egypti
2722 776 2978 832 omnibus
3042 777 3134 846 qui
3194 781 3481 832 conlidunt
3543 781 3592 834 in
3641 798 3710 840 eo.

476 888 600 933 nus,
639 866 1088 939 Hippolytusque,
1125 878 1178 922 et
1203 867 1438 931 llebrci,
1468 867 1907 920 etTe‘rtulliauus
1930 881 2057 920 sen-
2159 864 2378 930 Quodsi
2413 865 2761 935 reSpondcris
2786 867 2941 929 mihi,
2979 868 3032 917 in
3091 866 3326 920 Domino
3384 869 3493 923 Deo
3532 874 3712 925 ‘nostro

477 964 669 1025 serint,
699 936 946 1015 brevitei‘
974 960 1366 1029 comprehendi
1404 978 1417 1012 :
1457 958 1680 1011 lectoris
1704 956 1933 1031 arbitrio
1965 955 2059 1010 de-
2160 956 2502 1021 confidimus,
2525 974 2701 1010 nonne
2734 958 2850 1027 ipse
2876 969 2976 1031 est.
3002 958 3164 1026 cujus
3218 961 3446 1014 abstulit
3478 961 3714 1018 Ezechias

482 1056 793 1123 relinquens
823 1056 951 1123 quid
982 1055 1047 1106 de
1078 1054 1322 1121 pluribus
1345 1053 1597 1122 eligeret.
1666 1049 1854 1117 itaque
1912 1048 2059 1117 quod
2112 1052 2125 1065 ’
2160 1048 2374 1121 excelsa
2409 1057 2461 1101 et
2493 1049 2686 1101 altaria
2756 1065 2770 1112 ;
2800 1059 2851 1102 et
2902 1022 3037 1102 dixit
3088 1048 3243 1104 Judaa
3281 1060 3338 1104 et
3392 1049 3714 1107 Jerusalem:

479 1164 579 1201 nos
616 1147 944 1200 verecundia
975 1146 1201 1199 fecimus
1224 1143 1525 1212 jndicandi,
1551 1153 1605 1195 et
1638 1159 1825 1196 eorum
1856 1124 2061 1197 lintiure
2161 1134 2354 1190 Coram
2390 1137 2546 1190 altari
2576 1139 2681 1191 ism
2703 1136 3004 1192 adorabitis
3027 1138 3147 1205 ?_Et
3187 1157 3337 1194 nunc
3387 1142 3539 1195 trade
3569 1153 3614 1196 te
3642 1147 3717 1196 da-

479 1241 568 1310 ηας
600 1238 792 1294 [ecum
817 1247 996 1301 erant,
1031 1237 1356 1308 quibusdam
1385 1234 1523 1289 forte
1556 1245 1660 1288 non
1700 1235 1933 1302 placeat,
1964 1234 2059 1303 qui
2167 1232 2310 1283 mino
2341 1245 2461 1287 meo
2492 1233 2999 1310 regiAssyriorumA
3018 1243 3071 1285 et
3099 1230 3238 1286 dabo
3267 1233 3367 1285 tibi
3420 1234 3528 1288 duo
3567 1235 3714 1291 millia

482 1351 588 1386 non
617 1332 1311 1401 Antiquorumnpinioues,
1338 1333 1431 1383 sed
1462 1326 1706 1383 nostram
1728 1329 2059 1383 sententiam
2164 1334 2449 1388 equorum.
2488 1338 2586 1375 nec
2620 1323 2823 1391 ροιετίε

2966 1390 2973 1396 δ
3024 1333 3074 1374 te
3136 1328 3385 1392 praebere
3432 1340 3719 1382 ascensum

484 1423 1220 1487 sciit:desiderant.‘Qnibns
1272 1422 1446 1476 facilis
1475 1421 1758 1489 responsio
1788 1432 1897 1485 est,
1967 1436 2063 1474 nu-

487 1516 656 1569 luisse
693 1532 775 1569 me
803 1516 881 1569 sic
918 1531 1083 1568 unum
1128 1514 1392 1582 recipere,
1435 1524 1492 1567 ut
1526 1514 1739 1567 viderer
1766 1513 1902 1566 alios
1931 1528 2061 1567 con-

486 1608 765 1662 damnare.
804 1607 869 1661 Et
897 1615 1048 1662 certe
1081 1608 1126 1660 si
1164 1607 1301 1660 tanti
1338 1616 1391 1661 et
1425 1616 1531 1658 tam
1567 1603 1763 1658 eruditi
1805 1604 1906 1658 viri
1954 1605 2064 1657 fas-

486 1699 699 1753 tidiosis
736 1699 1026 1754 lectoribus
1055 1698 1371 1768 displicent,
1424 1696 1555 1766 quid
1606 1696 1674 1750 de
1725 1711 1812 1750 me
1865 1695 2063 1750 facturi

2164 1429 2378 1469 eorum.
2408 1415 2473 1466 Et
2505 1417 2779 1484 quomodo
2804 1404 3101 1471 sustinebis
3132 1418 3328 1472 faciem
3347 1418 3553 1486 judicia
3584 1422 3717 1473 unius

2165 1504 2270 1558 luci
2298 1521 2361 1558 ex
2387 1506 2561 1561 servis
2598 1508 2809 1562 Domini
2836 1510 2941 1562 mei
2976 1509 3328 1565 minoribus?
3349 1509 3508 1575 Quod
3547 1512 3589 1567 si
3608 1528 3721 1567 con-

2167 1594 2295 1650 lidis
2336 1596 2388 1649 in
2418 1595 2673 1667 Egypto,
2696 1607 2748 1653 et
2774 1598 2824 1652 in
2854 1600 3155 1668 quadrigis,
3187 1611 3242 1653 et
3264 1599 3321 1654 in
3355 1601 3621 1672 equitibus
3643 1612 3720 1667 ;et

2168 1704 2309 1743 nunc
2334 1689 2593 1761 numquid
2612 1692 2727 1744 sine
2752 1691 2983 1745 Domino
3007 1692 3227 1746 ascendi
3254 1694 3322 1746 ad
3348 1703 3546 1748 terram
3564 1696 3718 1757 istam,

486 1802 664 1853 erant,
690 1792 780 1861 qui
813 1806 911 1860 pro
942 1792 1201 1845 tenuitate
1234 1790 1489 1863 ingenioli
1553 1788 1859 1841 invidorum
1917 1802 2063 1841 mor-
2094 1769 2139 1830 Β
2171 1792 2227 1833 111
2259 1781 2762 1849 disperderemeam
2796 1781 3099 1839 ?Dominus
3123 1784 3342 1837 dixitad
3372 1800 3463 1839 me
3498 1824 3514 1849 ,
3543 1786 3725 1839 Ascen-

487 1885 637 1938 sihus
663 1894 821 1951 pateo
849 1882 873 1938 ἲ
906 1882 999 1937 Sin
1032 1894 1213 1936 autent
1266 1882 1616 1950 supradictus
1653 1883 1799 1935 viros
1871 1881 2067 1950 magis-

489 1986 602 2028 tros
627 1976 884 2029 Ecclesia:
908 1975 1211 2038 nominavi,
1276 1975 1403 2028 illud
1465 1974 1789 2042 intelligant,
1846 1989 1931 2028 me
1957 1990 2061 2027 non

490 2068 731 2119 omnium
767 2068 997 2134 probare
1028 2065 1211 2131 ﬁdem,
1241 2068 1334 2136 qui
1367 2077 1515 2120 certe
1547 2068 1688 2119 inter
1708 2082 1766 2120 se
1804 2068 2063 2121 contrarii

492 2167 656 2218 sunt;
689 2158 779 2206 sed
815 2154 880 2206 ad
946 2155 1350 2207 distim-tioncm
1412 2152 1635 2221 Josepbi
1665 2154 1707 2217 ¹,
1743 2152 2065 2222 Porphyrii-

491 2258 597 2313 qne
632 2244 861 2307 dixisse,
892 2244 1069 2311 quide
1098 2243 1201 2297 hac
1235 2244 1537 2313 quastione
1592 2243 1830 2313 plurima
1884 2225 2065 2311 dispu-

495 2346 698 2391 tarunt.
743 2336 895 2402 Quod
927 2336 972 2390 si
1024 2336 1078 2389 in
1129 2334 1471 2404 eXpusitioue
1523 2343 1716 2387 statua:
1766 2333 2067 2404 pedumque

440 2468 467 2483 ο
492 2432 630 2497 ejus,
658 2439 712 2482 et
740 2430 1027 2499 digitorum
1057 2426 1448 2496 discrepantia,
1509 2424 1714 2480 ferrum
1763 2434 1819 2478 et
1868 2434 2061 2478 testam

493 2536 651 2590 super
685 2522 932 2574 Romano
956 2532 1121 2589 regno
1150 2520 1538 2586 interpretatus
1575 2532 1716 2578 sum,
1780 2516 1920 2586 quod
1953 2517 2062 2584 pri-

495 2627 643 2667 mum
683 2612 844 2676 forte,
878 2613 1002 2666 dein
1048 2612 1375 2665 imbecillum
1413 2612 1698 2680 Scriptura
1760 2610 2062 2679 portendit,

497 2720 602 2758 non
637 2704 764 2757 mihi
790 2705 1081 2773 imputem,
1110 2703 1202 2757 sed
1230 2684 1534 2772 Propheta.
1564 2699 1747 2769 Neque
1779 2701 1922 2753 enim
1985 2700 2066 2754 sic

492 2797 822 2850 adulantium
851 2803 935 2848 est
955 2795 1315 2864 principibus,
1351 2806 1407 2847 ut
1438 2803 1750 2847 sanctarum
1813 2791 2064 2859 Scriptu-

496 2904 677 2943 rarum
711 2888 909 2942 veritas
931 2888 1253 2955 negligatur,
1287 2899 1385 2939 nec
1439 2884 1708 2953 generalis
1774 2883 2066 2952 disputatio

494 2981 655 3035 unius
679 2992 922 3050 persona:
947 2982 968 3011 ¹
1001 2979 1197 3048 injuria
1230 2987 1334 3031 est.
1356 2976 1487 3043 Qua:
1515 2992 1634 3031 cum
1658 2978 1892 3047 benigno
1917 2993 2066 3031 meo-

493 3089 613 3126 rum
650 3073 828 3125 studio
848 3079 1150 3135 caveretur,
1191 3070 1285 3123 Dei
1319 3069 1523 3139 judicio
1570 3080 1794 3139 repente
1850 3071 2062 3124 sublata

493 3175 571 3217 est
602 3181 617 3219 :
647 3173 707 3217 ut
730 3163 1029 3217 amicorum
1059 3164 1110 3215 in
1149 3176 1234 3215 me
1259 3162 1459 3225 studia,
1480 3170 1535 3217 et
1562 3164 1878 3216 aemulorum
1937 3162 2064 3217 insi-
2091 3162 2138 3185 “

494 3260 598 3314 diae
626 3269 1079 3313 monstrarentur.
1112 3258 1218 3312 Sed
1255 3260 1367 3313 haec
1389 3258 1526 3309 alias
1555 3271 1571 3312 :
1607 3270 1748 3309 nunc
1783 3256 1926 3324 Quod
1955 3269 2068 3311 co:-

496 3354 673 3421 pimus
722 3348 1096 3421 exsequamur.
1128 3349 1456 3405 Undecimus
1499 3349 1551 3402 111
1611 3348 1807 3403 Isaiam
1841 3349 1995 3415 liber,
2032 3362 2066 3401 0

494 3444 647 3512 virgo
668 3441 872 3495 Christi
922 3440 1295 3505 Eustochium,
1358 3441 1485 3510 quia
1544 3453 1793 3507 magnam
1853 3446 2064 3507 partem

499 3534 739 3587 historiae
768 3533 1103 3587 disserturus
1123 3544 1228 3597 est,
1271 3531 1481 3586 facilior
1505 3532 1610 3585 erit
1649 3535 1701 3584 in
1758 3529 2063 3599 principiis,

494 3634 548 3677 et
574 3610 748 3694 usque
769 3624 834 3676 ad
861 3625 991 3677 duas
1024 3625 1103 3677 sui
1161 3632 1361 3692 partes,
1419 3624 1623 3690 reliqua
1676 3622 1837 3677 simili
1917 3635 2066 3675 more

496 3718 742 3771 dictanda
779 3728 904 3770 sunt
938 3734 951 3770 :
988 3727 1042 3769 et
1074 3718 1152 3771 sic
1181 3716 1505 3771 studendum
1527 3716 1801 3782 brevitati,
1860 3723 1915 3767 ut
1942 3714 2063 3767 nul-

497 3808 607 3863 lum
648 3811 922 3863 dammmn
956 3810 1049 3862 liat
1108 3809 1491 3876 intelligentiae.

569 3902 740 3973 (Cap.
770 3900 1012 3954 XXXVI.
1047 3930 1116 3940 —
1150 3899 1304 3953 Vers.
1341 3900 1364 3953 1
1394 3899 1591 3969 seqq.)
1627 3917 1644 3949 1
1677 3897 1738 3951 Et
1760 3897 1962 3952 factum
1982 3909 2065 3952 est

492 3993 549 4048 in
579 4007 775 4062 quarto
828 3994 1039 4047 decimo
1096 4007 1237 4067 anno
1291 3994 1435 4062 regis
1499 3993 1761 4056 Ezeehize,
1821 3991 2066 4044 ascendit

494 4084 863 4139 Seunacberib
892 4100 992 4158 rex
1015 4085 1357 4154 Assyriorum
1414 4098 1576 4152 super
1635 4092 1824 4137 omnes
1873 4083 2064 4137 civita-

496 4186 578 4232 tes
610 4175 746 4231 Juda
779 4179 1016 4231 munitas
1046 4186 1097 4230 et
1130 4177 1273 4244 cepit
1297 4190 1411 4231 eas.
1434 4174 1501 4229 Et
1533 4176 1679 4229 misit
1741 4190 1832 4229 rex
1900 4178 2065 4246 Assy-

496 4271 702 4323 riorum
733 4269 1012 4343 ltabsacen
1049 4272 1113 4324 de
1146 4269 1337 4323 Lachis
1363 4270 1413 4322 in
1444 4266 1744 4324 Jerusalem
1777 4270 1841 4323 ad
1883 4283 2062 4338 regem

500 4361 867 4415 Καί-111³111111
920 4378 1083 4415 manu
1112 4365 1284 4431 gravi,
1316 4371 1370 4415 et
1421 4366 1573 4415 stetit
1630 4362 1681 4414 in
1743 4365 2059 4431 aquaeductu

499 4453 723 4525 piscina:
753 4456 1071 4524 superioris,
1104 4457 1265 4515 invia
1296 4456 1409 4524 agri
1430 4455 1671 4508 fullonis.
1700 4454 1762 4507 Et
1814 4466 2067 4523 egressus

501 4549 669 4603 estad
698 4562 821 4601 eum
869 4547 1092 4601 Eliacim
1146 4549 1288 4601 illius
1322 4548 1542 4611 llelcizr,
1587 4550 1676 4615 qui
1733 4559 1852 4602 erat
1906 4563 2069 4616 super

500 4644 746 4706 dormtin.
778 4641 843 4695 Et
868 4642 1045 4695 Sobna
1074 4643 1339 4707 scriba,et
1365 4639 1535 4693 Joahe
1558 4638 1869 4711 1111118453
1890 4643 2067 4708 Asapn

498 4752 527 4789 a
560 4732 986 4800 commentariis,
1012 4743 1066 4788 et
1097 4733 1230 4787 dixit
1265 4734 1333 4786 ad
1377 4747 1473 4787 eos
1524 4731 1801 4784 Rabsaees
1834 4747 1847 4782 :
1894 4730 2067 4784 Dicite

501 4829 745 4884 lﬁzeehite
772 4845 789 4883 :
818 4827 941 4881 lla'c
968 4829 1103 4885 dicit
1136 4842 1229 4879 rex
1254 4841 1504 4894 magnus,
1537 4840 1632 4878 rex
1675 4824 2016 4896 Assyriorum
2054 4838 2067 4875 :

498 4927 627 4989 Quae
655 4935 736 4979 est
767 4927 867 4979 ista
894 4922 1088 4977 ﬁducia
1119 4937 1224 4991 qua
1258 4918 1486 4973 confidis
1512 4918 1535 4969 ?
1602 4929 1695 4972 aut
1726 4934 1833 4985 quo
1892 4919 2071 4973 consi-

501 5018 592 5083 im,
627 5030 677 5072 et
711 5019 1024 5073 fortitudine
1058 5016 1323 5071 rebellare
1373 5012 1614 5081 disponis
1642 5012 1665 5064 ’ἶ
1692 5027 1856 5079 super
1908 5026 2067 5079 quem

577 5169 800 5224 ‘Nullus
831 5188 957 5227 vero
1001 5170 1219 5238 Jusephi
1247 5170 1314 5222 de
1362 5184 1467 5223 Lxx
1494 5166 1923 5221 helnlouiadihus
1974 5179 2070 5223 aut

502 5253 681 5296 exstat
719 5244 872 5303 liber,
904 5257 996 5295 ant
1047 5243 1351 5295 exstitisse’
1377 5253 1609 5307 unquam
1686 5240 1916 5299 videtur,
1964 5244 2079 5293 nisi

500 5317 627 5380 quid
668 5312 843 5363 simile
870 5317 992 5366 inde
1032 5319 1097 5365 ab
1127 5329 1193 5363 eo
1210 5312 1430 5378 colligas
1466 5311 1630 5361 tuisse
1675 5320 2067 5379 conscriptum,

502 5385 645 5452 quod
674 5383 739 5433 de
773 5387 938 5449 gestis
964 5384 1239 5436 .ilunobazi
1272 5383 1565 5434 Adiabenae
1604 5382 1744 5448 regis
1786 5396 1845 5433 se
1899 5385 2070 5434 dictu-

498 5472 614 5507 rum
651 5459 931 5519 pttlltt'etttr
969 5460 1062 5505 1111.
1101 5470 1165 5505 xx
1204 5454 1465 5518 Antiqtttl.
1497 5465 1581 5515 ,c.
1614 5452 1671 5515 2,
1713 5460 1803 5502 aut
1841 5456 1983 5517 quod
2016 5455 2068 5505 ill

499 5543 548 5591 pi
583 5540 786 5587 ttL‘utltt,
807 5534 859 5576 et
892 5527 981 5576 1111.
1005 5539 1073 5585 tv,
1106 5544 1152 5574 c.
1178 5528 1230 5588 ὅ,
1257 5535 1311 5576 ct
1338 5519 1423 5587 Mi,
1460 5543 1507 5577 c.
1531 5521 1584 5587 9,
1609 5540 1666 5575 se
1698 5522 1827 5573 velle
1848 5530 1942 5585 ait,
1968 5524 2070 5576 hoc

497 5610 661 5661 upme
695 5604 963 5657 ansotuto,
989 5596 1338 5659 alleget-team
1372 5597 1636 5645 theurtam
1678 5593 1849 5660 legum
1876 5592 2068 5644 Judai-

499 5684 683 5717 catum
718 5670 1214 5735 singutatiscrtpto
1268 5668 1322 5718 in
1378 5675 1611 5734 quatuor
1683 5665 1809 5719 libr.
1862 5668 2068 5717 tributo

500 5752 770 5804 pelmqut.

2090 3122 2135 3183 C

2171 1874 2240 1928 de
2260 1887 2421 1943 super
2445 1884 2642 1929 terram
2670 1874 2849 1939 istam,
2875 1887 2928 1929 et
2958 1875 3212 1944 disperde
3246 1890 3415 1949 .eam.
3449 1894 3467 1927 1
3510 1874 3717 1930 Historia

2174 1966 2463 2021 manilesta
2491 1976 2603 2030 est,
2627 1976 2683 2020 et
2707 1968 3161 2035 interpretatione
3183 1982 3296 2021 non
3342 1967 3551 2038 indiget
3587 2008 3603 2033 ,
3626 1970 3718 2037 ple-

2173 2059 2403 2127 niusque
2439 2059 2492 2112 in
2533 2058 2743 2128 Regum
2805 2069 2859 2113 et
2930 2060 3145 2113 Dierum
3213 2059 3586 2115 voluminibus
3622 2060 3717 2115 hac

2173 2152 2362 2204 eadem
2396 2149 2683 2220 Scriptura
2717 2152 3052 2215 referuntur,
3078 2152 3225 2221 quod
3259 2167 3407 2206 anno
3426 2153 3584 2206 tertio
3604 2150 3718 2206 Osee

2172 2242 2266 2295 ﬁlii
2323 2240 2451 2297 llela
2507 2243 2646 2311 regis
2696 2242 2859 2297 Israel
2930 2244 3238 2312 regnaverit
3292 2242 3555 2300 Ezechias
3601 2244 3718 2297 tilias

2171 2335 2353 2389 Aehaz
2379 2334 2521 2403 regis
2550 2333 2710 2389 Juda.
2744 2334 2933 2403 Viginti
2958 2336 3204 2402 quinque,
3233 2335 3434 2403 inquit,
3489 2352 3718 2388 annorum

2171 2437 2282 2482 erat
2315 2442 2430 2481 cum
2460 2443 2677 2496 regnare
2708 2429 2968 2497 cmpisset,
3000 2434 3050 2478 et
3082 2427 3269 2494 viginti
3299 2439 3349 2480 et
3379 2443 3559 2481 novem
3591 2428 3717 2481 annis

2175 2523 2403 2589 regnavit
2436 2523 2486 2573 in
2516 2518 2843 2582 Jerusalem,
2879 2528 2930 2571 et
2969 2518 3093 2586 fecit
3116 2518 3256 2585 quod
3284 2530 3399 2574 erat
3452 2521 3631 2576 bonum
3646 2538 3717 2574 co-

2173 2625 2285 2662 ram
2323 2609 2567 2673 Domino,
2590 2610 2750 2677 juxta
2782 2610 2957 2662 omnia
2992 2625 3108 2677 qua'
3129 2612 3330 2676 [ecerat
3389 2610 3558 2665 Dauid
3595 2621 3717 2678 pater

2172 2702 2306 2770 ejus.
2349 2702 2438 2755 Est
2470 2713 2587 2771 post
2631 2701 2906 2772 paululum
2951 2716 2964 2753 :
3010 2698 3075 2753 In
3127 2701 3356 2756 Domino
3405 2703 3515 2758 Deo
3570 2702 3716 2758 Israel

2170 2797 2419 2861 speravit,
2460 2808 2507 2847 et
2536 2803 2650 2860 post
2717 2810 2835 2847 eum
2888 2793 2989 2862 fuit
3038 2794 3229 2847 similis
3288 2796 3390 2858 illi,
3434 2798 3498 2851 de
3547 2798 3716 2853 unctis

2173 2892 2377 2959 regibus
2402 2888 2567 2954 Juda,
2590 2888 2678 2942 sed
2708 2905 2869 2958 neque
2886 2890 2940 2943 in
2977 2888 3058 2942 Itis
3086 2891 3317 2959 quiante
3350 2908 3467 2945 eum
3494 2894 3712 2960 fuerunt;

2169 2983 2387 3036 adiuerit
2421 2982 2645 3036 Domino
2675 2992 2721 3036 et
2746 2999 2847 3036 non
2871 2984 3075 3036 recessit
3105 2999 3138 3036 α
3161 2984 3401 3054 vestigiis
3423 2985 3537 3056 ejus
3556 3026 3569 3049 ,
3592 2986 3717 3054 {ecit-

2169 3093 2266 3145 que
2289 3089 2544 3129 mandata
2600 3076 2712 3142 eius
2743 3091 2861 3144 quae
2886 3089 3201 3143 prtecepernt
3242 3075 3507 3134 Dominus
3551 3079 3712 3148 Moysi.

2175 3169 2323 3224 Unde
2352 3181 2399 3225 et
2417 3180 2530 3225 erat
2560 3169 2817 3225 Dominus
2834 3187 2948 3229 cum
2981 3185 3067 3233 eo.
3103 3184 3151 3223 et
3180 3171 3234 3224 in
3276 3174 3479 3226 cunctis
3521 3173 3585 3226 ad
3617 3187 3714 3241 quc

2165 3261 2495 3329 procedebat,
2520 3264 2782 3328 sapienter
2814 3279 2869 3317 se
2898 3266 3080 3333 agebat
3107 3261 3154 3331 (Ι
3174 3264 3213 3313 γ
3232 3261 3365 3331 Reg.
3402 3277 3563 3328 xvtu,
3587 3261 3710 3323 2-1).

2169 3351 2667 3408 ltebellavitautem
2700 3364 2888 3407 contra
2927 3369 3104 3424 regem
3131 3355 3574 3424 Assyriorum.et
3623 3367 3711 3406 non

2167 3443 2482 3508 εει-1111101,
2515 3444 2570 3498 111
2622 3445 2775 3513 cujus
2808 3454 2963 3498 sexto
3001 3459 3147 3499 anno
3198 3446 3416 3514 imperii
3466 3445 3715 3499 Salmans-

2167 3556 2258 3597 sar
2295 3556 2388 3596 rex
2410 3540 2753 3611 Assyriorum
2783 3543 2930 3610 cepit
2964 3542 3295 3606 Samariam,
3347 3552 3405 3598 ct
3430 3544 3605 3598 decem
3629 3541 3710 3596 tri-

2168 3635 2268 3689 bus
2310 3650 2428 3704 qua:
2491 3635 2906 3704 appellabantur
2967 3633 3168 3701 Israel;
3225 3646 3281 3689 et
3328 3637 3594 3692 transtullt
3638 3646 3713 3687 eas

2169 3729 2219 3782 in
2238 3727 2513 3797 Assyrios,
2542 3729 2942 3797 collocavitque
2963 3729 3014 3781 in
3044 3728 3179 3784 Hala
3202 3738 3261 3783 et
3324 3729 3508 3785 [labor
3561 3727 3711 3783 ﬂuviis

2167 3820 2369 3885 Guzan,
2408 3824 2458 3874 in
2510 3820 2820 3875 civitatibus
2876 3820 3149 3876 MedOrum
3200 3820 3254 3886 (Ι
3276 3822 3314 3877 1⁷
3356 3821 3487 3892 Reg.
3532 3836 3632 3877 xm
3670 3829 3715 3874 et

2167 3924 2343 3984 mu).
2367 3913 2493 3967 Post
2514 3929 2687 3967 annos
2722 3924 2904 3968 autem
2931 3924 3167 3984 septem,
3193 3916 3248 3970 id
3274 3927 3383 3981 est,
3428 3928 3614 3985 quarto
3637 3914 3713 3967 de-

2168 4007 2311 4061 ciu.o
2340 4022 2483 4059 anno
2507 4003 2774 4070 Ezechiaa,
2801 4020 2896 4060 ret
2951 4006 3307 4076 Assyriorum
3373 4005 3713 4064 Sennaeherib

2168 4099 2446 4168 ingressus
2465 4095 2727 4164 Jud'ram,
2756 4101 2967 4154 obsedit
2997 4102 3249 4156 civitates
3307 4102 3428 4171 ejus
3485 4103 3710 4163 munitas,

2171 4192 2356 4242 volens
2385 4205 2477 4243 eas
2514 4204 2726 4259 capere.
2750 4190 2993 4259 Cumque
3029 4193 3304 4249 obsideret
3336 4194 3547 4260 Laebis,
3591 4196 3715 4249 misit

2168 4284 2232 4334 ad
2269 4297 2389 4336 eum
2420 4280 2682 4336 Ezechias
2708 4285 2953 4349 nuntios,
2978 4284 3167 4341 dicens
3199 4303 3212 4338 ε
3248 4287 3468 4343 Peccavi
3496 4291 3659 4343 recede
3686 4302 3714 4338 α

2167 4393 2268 4443 me,
2302 4389 2348 4429 et
2375 4393 2525 4429 unane
2568 4378 2706 4445 quod
2749 4380 3067 4445 imposueris
3091 4381 3241 4444 1111111,
3269 4381 3465 4449 (erant.
3497 4379 3715 4450 Cumque

2104 4460 2143 4512 ί)
2173 4479 2407 4523 trecenta
2430 4471 2623 4525 talenta
2647 4474 2874 4543 argenti,
2895 4484 2950 4528 et
2965 4477 3183 4544 triginta
3202 4477 3321 4529 auri
3340 4479 3405 4531 ad
3426 4473 3714 4548 regism

2175 4565 2458 4634 inperium
2493 4569 2865 4637 persolvisset,
2900 4568 3085 4623 fractis
3119 4567 3298 4638 januis
3344 4570 3524 4640 templi
3557 4569 3712 4622 Domi-

2173 4661 2225 4710 ni
2253 4669 2307 4711 et
2338 4659 2549 4712 laminis
2567 4660 2686 4728 ejus
2706 4662 2990 4725 detractis,
3009 4675 3149 4730 quas
3170 4662 3284 4730 ipse
3303 4658 3559 4726 atﬂxerat,
3588 4661 3716 4714 misit

2179 4766 2267 4803 rex
2303 4751 2646 4821 Assyriorum
2675 4750 2878 4807 Tartan
2903 4762 2957 4807 et
2990 4752 3267 4808 ltabsacen
3313 4755 3377 4809 de
3445 4754 3628 4809 Lachis
3659 4751 3714 4804 ad

2176 4855 2351 4906 regem
2382 4838 2667 4895 Ezechiam
2703 4857 2826 4897 cum
2854 4858 3015 4897 manu
3047 4843 3226 4897 valida
3259 4843 3593 4906 Jerusalem;
3635 4845 3713 4911 qui
3802 4900 3803 4905 η

2172 4932 2717 4997 ('tttttasceudissetll,
2755 4918 3434 5001 veneruntinlerusalem,
3466 4946 3516 4991 et
3562 4941 3715 4989 stete-

2173 5034 2296 5076 runt
2327 5036 2513 5077 contra
2548 5029 2924 5092 aquaeducmtn
2976 5029 3200 5097 piscina:
3250 5028 3566 5098 superioris,
3608 5038 3714 5096 qua

2243 5184 2262 5212 ²
2285 5181 2547 5249 Apposite
2583 5184 2807 5251 conjicit
2842 5184 3218 5241 'l‘illemontius
3251 5187 3361 5241 dici
3424 5188 3492 5242 ab
3539 5185 3712 5240 Hiero-

2174 5267 2364 5320 nyme,
2388 5254 2525 5305 hanc
2561 5256 2660 5305 sibi
2696 5255 2931 5308 Voluisso:
2965 5270 3152 5309 creare
3182 5259 3442 5311 invidiam
3485 5261 3714 5311 adversa-

2173 5338 2283 5396 rius
2320 5336 2466 5386 suus,
2495 5333 2551 5375 ut
2580 5339 2706 5396 eum
2764 5327 3016 5396 Stiliconi
3077 5329 3312 5381 barbaro
3373 5328 3615 5396 principi,
3662 5331 3711 5396 et

2171 5391 2532 5464 Barnaiorum
2602 5395 2653 5445 in
2680 5394 3013 5464 occidentale
3093 5391 3389 5464 imperium'
3465 5391 3709 5464 invelieuti

2171 5463 2377 5527 cupias,
2415 5464 2673 5530 injurium
2730 5463 2990 5517 lacerent.
3049 5460 3220 5530 Quam
3268 5467 3581 5520 calumniam
3628 5460 3712 5514 υιί

2162 5532 2369 5600 judicw
2430 5544 2638 5598 repente
2696 5534 2960 5587 sublatam
3031 5538 3166 5588 dixrt
3206 5536 3269 5591 S.
3324 5538 3511 5591 doctor
3557 5542 3711 5588 morte

2172 5618 2370 5673 ipsnts
2396 5602 2682 5673 Sutieonis
2709 5642 2724 5666 ,
2789 5620 2947 5671 quem
3006 5605 3312 5660 Honoratus
3357 5610 3517 5673 jussit
3556 5599 3710 5659 umidi

2172 5687 2313 5725 11111111
2349 5670 2603 5738 408,›1111
2652 5670 2877 5743 Augusti
2935 5690 3133 5730 1116115ιὸ
3181 5670 3362 5730 linem.
