3952 6180
238 294 343 361 393
404 296 407 301 .

723 291 1218 358 COMMENTAR.
1260 294 1343 356 IN
1387 291 1655 355 ISAIAM
1695 294 2158 356 PROPHETAM
2207 294 2354 356 LIB.
2393 293 2498 365 XI,
2538 292 2696 355 CAP.
2738 287 3010 353 XXXVI.

3409 286 3518 354 39‘

242 424 326 469 est
358 414 412 468 in
440 412 525 468 via
558 411 674 481 agri
711 411 951 478 fullonis,
987 422 1434 482 vocaveruntque
1458 412 1605 468 adse
1633 428 1841 482 regem.
1873 427 1916 475 Α
1950 412 2137 467 volens
2171 412 2788 478 ostendere,cquornm
2828 407 2936 462 duo
2984 403 3150 461 millia
3204 402 3512 474 pollicetur,

239 507 505 577 Egressus
525 514 607 560 est
636 514 819 558 autem
842 492 911 558 ad
931 518 1024 558 eos
1044 502 1270 559 Eliacim
1303 504 1445 560 ﬁlius
1466 503 1663 560 Ilelcim
1689 521 1827 574 pra:-

239 601 454 669 positus
470 601 686 665 domus,
706 596 959 661 etSobna
973 597 1178 661 scriba,
1198 605 1253 651 et
1264 595 1435 652 Joahe
1456 597 1599 651 Illius
1621 596 1827 666 Asaph,

240 707 268 746 a
286 689 701 747 commentariis
729 705 746 756 ;
770 689 1011 757 dixitque
1028 690 1093 741 ad
1113 704 1208 743 eos
1227 689 1524 751 Rabsaces,
1560 687 1830 758 Loquimi-
1845 752 1857 760 .

243 784 297 836 ni
323 782 581 837 Ezechiae
603 798 621 837 :
645 780 767 836 Haec
782 781 916 835 dixit
944 797 1035 835 rea:
1053 796 1298 851 magnus,
1330 797 1422 835 rex
1465 781 1827 850 Assyriorum,

245 882 509 927 etczetera
528 887 649 942 qua:
670 873 723 926 in
747 872 978 926 historia
1000 872 1369 927 continentur.
1399 871 1457 926 In
1500 884 1610 942 quo
1671 885 1826 923 arro-

244 967 429 1036 gantia
448 964 849 1020 consideranda
902 964 1347 1034 Rabsacis,quod
1375 964 1520 1018 velut
1581 965 1828 1034 Quadam

245 1058 524 1112 contraria
553 1055 839 1120 fortitudo,
899 1056 1146 1110 imitatur
1201 1055 1659 1111 consuetudinem
1698 1055 1831 1110 Pro-

246 1150 559 1219 pbetarum,
591 1159 650 1203 ut
672 1148 816 1218 quod
859 1147 936 1202 illi
970 1147 1149 1203 solent
1184 1148 1237 1202 in
1294 1149 1534 1219 prologis
1581 1163 1784 1218 ponere
1814 1166 1828 1202 :

246 1234 371 1296 ιιωέ
395 1243 537 1295 dixit
567 1240 849 1301 Dominus,
880 1254 991 1308 quo
1045 1240 1426 1294 auctoritatem
1453 1250 1507 1295 et
1561 1240 1833 1311 magnitu—

242 1336 425 1391 dinem
455 1334 728 1405 loquentis
753 1331 1023 1398 ostendat,
1053 1332 1159 1385 iste
1218 1348 1362 1388 nunc
1415 1334 1620 1390 dixerit
1653 1353 1668 1391 :
1699 1335 1830 1390 llaec

244 1429 382 1481 dixit
424 1443 519 1481 rea:
551 1442 796 1494 magnus,
850 1443 946 1481 rea:
1010 1424 1374 1496 Assyriorum.
1429 1426 1697 1496 Egressus
1747 1438 1833 1483 est

244 1530 431 1574 autem
465 1520 532 1572 ad
564 1533 689 1572 eum
752 1517 980 1573 Eliacim
1010 1519 1151 1572 [ilius
1184 1517 1382 1573 Helcim
1409 1521 1639 1587 quierat
1694 1533 1837 1586 pra:-

246 1612 464 1682 positus
492 1611 711 1687 domus,
751 1619 806 1665 et
853 1610 1034 1664 Sobna
1096 1609 1297 1672 scriba,
1357 1619 1412 1663 et
1458 1606 1631 1662 Joahe
1688 1608 1833 1663 ﬁlius

245 1703 460 1772 Asaph,
491 1716 519 1754 a
552 1702 984 1756 commentariis.
1015 1700 1121 1755 Iste
1143 1712 1226 1754 est
1265 1699 1488 1754 Eliacim
1528 1698 1667 1752 (ilius
1701 1696 1832 1752 Hel—

244 1797 383 1859 cim,
419 1796 489 1849 de
544 1809 652 1863 quo
684 1791 966 1847 inVisione
996 1780 1151 1846 vailis
1175 1792 1306 1846 Sion
1356 1807 1517 1859 supra
1550 1793 1570 1859 (
1597 1791 1666 1843 ad
1710 1806 1830 1857 cap.
1866 1775 1908 1831 Β

243 1904 381 1952 ms,
405 1886 499 1949 20,
524 1885 588 1938 2|
630 1886 649 1953 )
676 1884 903 1950 legimus
933 1902 947 1938 :
993 1882 1195 1938 Vocabo
1222 1897 1427 1936 servum
1451 1897 1624 1935 meum
1682 1880 1834 1934 Elia-

246 1984 352 2036 cim
376 1980 557 2048 ﬁlium
588 1976 806 2042 Helciat,
844 1986 894 2031 et
924 1978 1141 2031 induam
1174 1974 1325 2029 illum
1368 1976 1549 2028 tunica
1606 1982 1720 2036 tua,
1782 1981 1832 2028 et

244 2076 457 2145 cingulo
486 2087 576 2130 tuo
596 2070 906 2141 confortabo
936 2086 1077 2135 eum,
1102 2076 1151 2122 et
1171 2076 1481 2135 potestatem
1524 2076 1670 2119 tuam
1698 2064 1835 2118 dabo

246 2169 299 2220 in
334 2184 496 2222 manu
518 2168 727 2234 ejus,et
747 2153 849 2218 erit
869 2162 1022 2233 quasi
1047 2158 1565 2226 pater/tabitantium
1595 2158 1650 2211 in
1679 2156 1838 2210 leru-

248 2258 439 2325 salem,
466 2270 516 2314 et
535 2259 717 2313 domui
742 2256 912 2319 Iuda,
947 2262 1001 2311 et
1033 2263 1252 2309 caetera.
1282 2251 1412 2306 Ilaec
1504 2259 1689 2306 autem
1751 2251 1837 2305 di-

246 2364 449 2407 cuntur
477 2354 545 2407 ad
580 2352 840 2414 Sobnam,
869 2348 963 2419 qni
997 2359 1123 2403 ante
1149 2362 1269 2400 eum
1303 2344 1632 2415 praepositus
1696 2351 1837 2397 tem-

247 2448 319 2518 pli
348 2446 472 2509 fuit,
502 2446 570 2500 de
598 2459 706 2515 quo
739 2444 795 2498 in
853 2442 1042 2498 eadem
1103 2434 1371 2511 scriptum
1424 2447 1509 2492 est
1569 2436 1782 2492 visione
1820 2452 1835 2489 :

258 2537 407 2591 Vade
433 2549 479 2592 et
505 2537 777 2608 ingredere
796 2534 866 2587 at!
896 2550 1017 2589 eum
1040 2532 1130 2603 qui
1162 2531 1370 2585 habitat
1390 2529 1446 2584 in
1472 2527 1836 2593 tabernaculo,

249 2633 320 2682 ad
371 2630 610 2686 Sobuam
654 2626 991 2698 praepositum
1020 2624 1231 2692 'templi
1273 2620 1448 2694 (Ibid.
1498 2621 1625 2688 I5),
1679 2634 1838 2688 quem

249 2725 479 2777 tradunt
511 2721 720 2777 llebraai
745 2718 1009 2774 Rabsacis
1030 2715 1455 2773 comminatione
1476 2712 1836 2783 perterritum

252 2819 552 2872 tradidisse
585 2831 779 2871 manus
831 2812 1099 2885 Assyriis,
1153 2819 1209 2866 et
1263 2809 1579 2863 inferiorem
1626 2814 1839 2877 partem

251 2910 565 2966 Jerusalem
586 2902 1257 2973 adversariisprodidisse,
1325 2908 1664 2969 exceptaque
1715 2911 1843 2952 arce

252 3001 391 3058 Sion
422 3008 480 3055 et
507 2998 760 3067 Temple,
794 2996 931 3050 nihil
965 2993 1111 3049 aliud
1141 2991 1475 3047 remansisse
1531 2987 1676 3059 quod
1732 3002 1840 3042 non

252 3096 497 3151 tenuerit
532 3089 817 3162 Assyrius.
867 3087 1019 3143 Unde
1044 3092 1231 3142 errant
1284 3084 1378 3154 qui
1438 3081 1699 3150 Sobnam,
1749 3082 1842 3152 qui

253 3204 402 3242 nunc
435 3201 560 3240 cum
593 3177 852 3245 Eliacim,
874 3189 930 3236 et
955 3177 1127 3235 Joahe
1149 3178 1215 3232 ad
1240 3176 1520 3233 Rabsacen
1540 3173 1841 3245 egreditur,

251 3281 508 3336 eumdem
540 3284 733 3345 putant
757 3289 920 3344 quem
969 3282 1024 3327 et
1082 3285 1268 3341 supra.
1329 3267 1406 3323 Ibi
1460 3269 1607 3324 enim
1662 3267 1845 3323 Sobna

253 3370 590 3443 praepositus
611 3366 821 3437 Templi
853 3366 1101 3437 ponitur,
1136 3365 1226 3433 qui
1260 3363 1330 3417 ab
1348 3361 1591 3432 Assyriis
1642 3361 1845 3415 dicitur

252 3478 377 3517 esse
391 3460 695 3530 capiendus
728 3476 741 3511 :
793 3458 880 3512 hic
907 3468 1088 3511 antem
1134 3453 1315 3509 Solma
1348 3454 1549 3519 scriba,
1615 3453 1719 3508 hoc
1741 3461 1846 3515 est,

252 3550 656 3627 γραμματεὺς,
692 3550 780 3620 qui
811 3548 1075 3603 llebraice
1100 3546 1402 3616 appellatur
1448 3559 1650 3600 seruas
1669 3552 1847 3611 πεπυ,

254 3656 423 3701 etest
449 3643 721 3713 superiori
763 3641 1080 3712 ὁμώνυμος.
1122 3629 1425 3693 ’Βιιὺεειεθιι
1477 3650 1700 3702 autem,
1753 3638 1848 3706 qui

256 3740 486 3795 Ilelr.ea
532 3738 714 3806 lingua
744 3735 957 3789 locutus
989 3733 1082 3796 sit,
1139 3730 1307 3785 lilium
1364 3729 1518 3787 Isaia:
1576 3730 1851 3798 prephetge

254 3830 435 3885 Jndazi
468 3835 775 3892 autumant,
806 3826 894 3895 qui
924 3835 979 3880 et
1000 3824 1116 3891 ipse
1140 3823 1392 3894 proditor
1440 3822 1607 3878 fuerit
1641 3842 1654 3878 :
1689 3822 1853 3878 relic-

257 3935 490 3993 tumque
520 3920 686 3975 ﬁlium
720 3919 873 3974 Isaiae
905 3918 1161 3983 alterum,
1210 3915 1474 3988 appellari
1514 3915 1704 3981 Jasub,
1756 3913 1853 3984 qui

258 4018 314 4070 in
340 4016 534 4086 lingua
566 4023 753 4067 nostra
807 4010 1053 4065 relictum
1098 4020 1278 4065 sonet.
1338 4008 1509 4064 Porro
1559 4010 1653 4064 alii
1704 4008 1852 4063 arbi-

259 4117 484 4162 trantur
516 4122 641 4162 eum
666 4104 835 4160 fuisse
872 4103 1277 4167 Samariten,et
1316 4102 1481 4175 455
1508 4103 1714 4158 idcirco
1744 4101 1850 4157 fle-

258 4200 515 4255 braicum
541 4197 716 4253 scisse
745 4210 1074 4262 sermonem,
1104 4204 1158 4250 et
1176 4204 1284 4250 tam
1313 4198 1579 4251 audacter
1607 4205 1663 4250 et
1686 4197 1854 4264 impie

264 4293 564 4347 Dominum
584 4290 987 4361 blasphemare.
1041 4287 1468 4344 Consideremns
1519 4303 1652 4359 ergo
1692 4289 1854 4343 verba

263 4386 539 4443 Rabsacis
574 4399 593 4451 ;
625 4398 689 4439 ac
734 4382 973 4453 primum
1027 4381 1175 4450 quod
1211 4380 1344 4436 dicit
1377 4420 1394 4446 ,
1433 4379 1675 4450 Confidis
1698 4398 1854 4452 super

1932 516 2161 571 quorum
2184 503 2442 557 Ezechias
2458 516 2782 557 ascensores
2812 499 3053 570 praebere
3066 514 3182 557 non
3199 499 3393 569 possit,
3413 517 3516 555 non

1930 593 1999 648 de
2020 593 2389 648 imbecillitate
2413 594 2561 648 venit
2584 593 2762 663 populi
2780 591 3087 647 Judaeorum
3118 591 3208 659 qui
3236 591 3519 659 equitandi

1932 685 2157 739 carebat
2177 685 2402 740 scientia
2432 702 2447 751 ;
2473 686 2567 740 sed
2592 685 2975 740 observatione
2996 684 3374 737 mandatorum
3405 684 3518 748 Dei,

1933 779 2024 846 qui
2057 792 2152 847 per
2175 775 2397 847 Moysen
2423 793 2588 846 super
2618 792 2743 848 rege
2783 787 3118 846 praeceperat
3143 775 3355 832 Israel:
3396 774 3523 830 Non

1937 867 2307 935 multiplicabit
2337 866 2359 941 [
2383 869 2468 923 Al.
2493 869 2874 937 multiplicant
2905 866 2925 939 ]
2951 869 3053 923 sibi
3077 883 3241 939 equos
3264 886 3279 922 :
3313 878 3363 923 et
3390 884 3525 922 uxo-

1933 977 2017 1015 res
2044 962 2306 1030 plurimas
2341 978 2445 1016 non
2479 962 2689 1017 habebit
2738 963 2928 1035 (Deut.
2962 979 3101 1028 xvn,
3123 962 3211 1031 16,
3246 962 3378 1028 Π).
3421 962 3519 1018 Sin

1935 1061 2114 1107 autem
2142 1068 2248 1117 me,
2286 1053 2481 1123 inquit,
2518 1069 2738 1108 senum
2773 1055 3170 1121 Sennacherib,
3231 1055 3325 1124 qui
3396 1070 3520 1109 sum

1936 1145 2195 1200 minimus
2233 1145 2557 1201 famulorum
2584 1146 2728 1215 ejus,
2751 1164 2856 1201 non
2888 1148 3034 1204 vales
3055 1148 3349 1212 sustinere,
3386 1162 3523 1215 quo-

1936 1237 2096 1290 modo
2150 1244 2355 1291 tantam
2409 1238 2548 1306 regis
2597 1240 2893 1306 potentiam
2950 1239 3302 1294 sustinebis?
3366 1240 3521 1294 Adid

1937 1337 2118 1380 autem
2135 1329 2277 1396 quod
2309 1328 2518 1383 dixerat
2541 1347 2556 1387 :
2576 1330 2637 1385 Si
2661 1331 2995 1397 responderis
3018 1331 3173 1398 mihi,
3199 1329 3262 1384 In
3294 1329 3521 1383 Domino

1940 1418 2050 1474 Deo
2104 1419 2451 1489 conﬁdimus,
2502 1425 2697 1479 callide
2747 1425 3158 1495 prudenterque
3217 1424 3522 1493 respondit,

1937 1528 1998 1569 se
2029 1527 2135 1566 non
2166 1529 2264 1568 sua
2291 1516 2594 1582 voluntate,
2637 1518 2731 1572 sed
2782 1517 2994 1572 Domini
3054 1518 3274 1572 ven’sse
3323 1531 3524 1587 praece-

1937 1605 2048 1676 ptis
2070 1621 2086 1659 :
2106 1605 2374 1662 Dominus
2405 1609 2542 1660 dixit
2567 1613 2637 1662 ad
2656 1624 2761 1672 me,
2783 1608 3021 1661 Asceude
3052 1623 3211 1676 super
3236 1616 3432 1661 terram
3451 1607 3526 1660 is-

1938 1708 2068 1764 tam,
2098 1711 2147 1755 et
2170 1703 2413 1772 disperde
2471 1717 2610 1754 eam.
2658 1699 2725 1754 Et
2786 1709 2873 1755 est
2921 1708 3524 1768 argumentummerte

1937 1793 2056 1848 sine
2106 1793 2322 1849 Domini
2366 1793 2643 1848 voluntate
2691 1792 2800 1845 huc
2847 1792 3033 1846 venire
3088 1807 3197 1846 non
3247 1799 3519 1862 poteram.

1936 1884 2079 1939 Cum
2098 1892 2281 1939 autem
2317 1885 2559 1939 venerim
2600 1891 2656 1938 et
2704 1884 2905 1937 multas
2949 1884 3188 1953 ceperim
3242 1884 3519 1945 civitates,

1939 1986 1994 2032 et
2027 1977 2471 2052 parsJerusplem
2507 1984 2724 2032 maneat
2760 1977 2986 2041 intacta,
3023 1974 3377 2052 manifestum
3437 1986 3523 2030 est

1941 2085 2028 2125 me
2052 2071 2170 2140 ejus
2208 2071 2484 2127 voluntate
2512 2072 2748 2126 venisse.
2773 2069 2902 2139 Legi
2929 2069 2981 2123 in
3020 2068 3307 2140 cujusdam
3334 2046 3525 2125 ’(Σοιιιο

1939 2165 2210 2220 meutario
2231 2166 2484 2220 eumdem
2500 2178 2625 2219 esse
2660 2162 3036 2218 Sennacherib
3090 2163 3181 2231 qui
3212 2170 3268 2216 et
3332 2160 3527 2217 Sama-

1941 2257 2075 2311 riam
2115 2257 2343 2326 ceperit,
2364 2256 2750 2327 quodomnino
2772 2254 2968 2311 falsum
2993 2261 3100 2310 est.
3158 2253 3326 2309 Sacra
3380 2257 3527 2310 enim

1939 2359 2129 2405 narrat
2154 2348 2395 2405 Historia
2446 2350 2683 2417 primum
2720 2345 2861 2401 Phul
2922 2360 3105 2417 regem
3152 2346 3527 2417 Assyriorum,

1939 2444 2043 2502 sub
2079 2443 2365 2498 Manahem
2400 2457 2531 2512 rege
2559 2439 2753 2505 Israel,
2794 2448 3045 2494 vastasse
3107 2437 3296 2494 decem
3331 2441 3528 2496 tribus.

1944 2536 2261 2594 Secundum
2295 2533 2830 2605 Theglathphalasar
2854 2532 2959 2588 sub
3000 2529 3215 2586 Phacee
3241 2532 3353 2586 lilio
3417 2531 3529 2587 Ro-

1941 2632 2121 2688 melite
2148 2628 2314 2685 Israel
2344 2628 2561 2683 venisse
2592 2625 2921 2681 Samariam.
2951 2624 3196 2680 Tertium
3242 2623 3532 2680 Salmana-

1944 2741 2033 2779 sar
2063 2723 2164 2776 sub
2194 2720 2335 2777 Osee
2367 2734 2495 2789 rege
2529 2718 2691 2774 Israel
2724 2726 2895 2772 totam
2949 2716 3163 2787 cepisse
3224 2716 3531 2773 Samariam

1945 2816 1995 2886 (1
2015 2815 2054 2870 V
2084 2817 2215 2886 Reg.
2250 2828 2383 2878 xvn,
2417 2813 2599 2883 svnt).
2629 2810 2899 2878 Quartum
2931 2809 3101 2865 luisse
3124 2806 3331 2878 Sargon
3359 2810 3401 2877 ³,
3437 2811 3531 2882 qui

1944 2909 2281 2981 expugnavit
2298 2907 2528 2963 Azotum
2554 2902 2704 2977 (lsa.
2724 2919 2797 2959 xx
2827 2904 2870 2975 ).
2898 2902 3065 2976 456
3100 2902 3362 2970 Quintum
3388 2905 3532 2959 Asa-

1945 3005 2153 3060 raddon
2185 3004 2279 3071 qui
2311 3002 2582 3057 translato
2608 2999 2799 3063 Israel,
2822 2998 3201 3054 Samaritanos
3226 2999 3278 3052 in
3319 3007 3526 3052 terram

1870 3114 1915 3174 α
1948 3096 2193 3155 Judaeum
2221 3095 2477 3152 custodes
2501 3092 2712 3148 miserit
2763 3090 2886 3162 (IV
2915 3089 3043 3162 Reg.
3074 3106 3185 3146 xvn
3206 3091 3248 3162 ).
3302 3089 3531 3145 Sextum

1949 3188 2321 3248 Sennacberib
2337 3188 2429 3258 qui
2444 3187 2544 3243 sub
2559 3184 2793 3240 Ezccbia
2817 3184 3126 3255 regeJudaa,
3147 3190 3303 3254 capta
3332 3183 3531 3239 Lacltis

1947 3292 2004 3341 et
2030 3284 2241 3338 caeteris
2262 3278 2466 3335 Judtea:
2498 3278 2751 3341 urbibus,
2778 3275 3055 3332 obsederit
3083 3275 3390 3332 Jerusalem
3418 3275 3466 3348 (l
3488 3274 3528 3328 ι’

1952 3375 2084 3446 Reg.
2120 3388 2254 3430 xvrtt
2278 3374 2323 3441 ).
2351 3371 2455 3427 Alii
2484 3381 2666 3425 autem
2698 3384 2866 3424 unum
2898 3378 3062 3438 atque
3083 3369 3335 3426 eumdem
3392 3368 3535 3423 mul-

1950 3469 2021 3523 tis
2043 3474 2239 3538 putant
2276 3465 2591 3521 nominibus
2610 3463 2893 3533 appellari.

2024 3561 2205 3633 (Vers.
2235 3559 2297 3614 Il
2331 3556 2511 3629 seqq.)
2547 3576 2566 3611 ί
2603 3556 2667 3610 Ει
2713 3555 2852 3611 dixit
2879 3554 3098 3610 Eliacim
3142 3565 3198 3610 et
3254 3555 3442 3610 Sobna
3478 3569 3536 3612 et

1948 3650 2121 3707 Joahe
2153 3651 2222 3705 ad
2256 3650 2544 3707 Rabsacen
2569 3666 2588 3706 :
2618 3649 2864 3717 Loquere
2893 3646 2961 3701 ad
2991 3662 3185 3703 servos
3236 3658 3360 3703 tuos
3391 3648 3534 3720 Syra

1934 3744 2157 3812 lingua,
2184 3740 2540 3812 intelligimus
2572 3740 2716 3796 enim
2743 3757 2758 3796 :
2792 3755 2860 3796 ne
2890 3739 3134 3810 loquaris
3160 3740 3228 3794 ad
3271 3756 3372 3796 nos
3438 3740 3537 3796 Ju-

1957 3842 2113 3895 daice
2141 3840 2193 3893 in
2230 3839 2457 3893 auribus
2491 3836 2673 3907 populi
2702 3837 2793 3904 qui
2829 3843 2914 3889 est
2959 3848 3122 3903 super
3179 3851 3414 3889 murum.
3468 3834 3537 3890 Et

1951 3933 2089 3987 dixit
2149 3931 2217 3985 ad
2276 3944 2374 3985 eos
2417 3927 2740 3983 Rabsaces:
2798 3923 3081 3995 Numquid
3147 3924 3213 3979 ad
3243 3925 3535 3979 Dominum

1955 4033 2132 4087 tuum,
2155 4031 2211 4077 et
2237 4021 2303 4075 ad
2337 4030 2388 4075 te
2414 4018 2568 4074 misit
2590 4032 2677 4073 me
2702 4016 2965 4072 Dominus
2984 4030 3170 4083 lmeus,
3205 4024 3260 4069 ut
3278 4014 3532 4085 loquerer

1952 4115 2135 4170 omnia
2170 4115 2334 4170 verba
2370 4114 2497 4179 ista,
2528 4120 2589 4184 et
2610 4125 2714 4167 non
2747 4110 2924 4180 potius
2948 4111 3014 4163 ad
3048 4108 3192 4162 viros
3213 4109 3304 4176 qui
3338 4109 3535 4164 sedent

1955 4207 2009 4261 in
2041 4221 2233 4261 muro:
2259 4216 2319 4260 ut
2344 4205 2633 4261 comedant
2662 4209 2909 4265 stercora
2933 4215 3070 4265 'sua,
3099 4210 3155 4256 et
3183 4199 3371 4255 bibant
3419 4201 3532 4256 uri-

1956 4314 2081 4352 nam
2119 4300 2312 4367 pedmn
2347 4312 2574 4353 suorum
2606 4294 2931 4351 vobiscum?
2977 4293 3047 4348 Et
3117 4294 3271 4348 stetit
3320 4293 3536 4349 Rabsa-

1956 4405 2069 4455 ces,
2099 4400 2155 4444 et
2176 4390 2433 4445 clamavit
2462 4404 2596 4445 voce
2618 4402 2812 4460 magna
2840 4385 3100 4453 Judaicc,
3130 4395 3185 4442 et
3213 4386 3387 4443 dixit:
3424 4388 3536 4441 Au-

259 4466 519 4532 baculu’m
535 4474 889 4529 aruudineum
910 4473 1244 4543 confractum
1262 4474 1445 4536 istum,
1467 4489 1626 4542 super
1667 4473 1812 4545 .Egy
1872 4462 1925 4522 D
1953 4483 2064 4537 due
2098 4485 2263 4538 verba
2291 4483 2433 4551 regis
2467 4482 2671 4550 magni,
2705 4482 2847 4551 regis
2877 4481 3258 4552 Assyriorum,
3289 4478 3414 4534 ιιςνο
3437 4480 3538 4533 ιιι..

255 4582 439 4640 ptum,
477 4569 678 4624 falsum
712 4576 798 4622 est
834 4582 851 4633 ;
883 4567 1027 4620 nulla
1051 4566 1200 4620 enim
1232 4576 1426 4621 narrat
1454 4567 1678 4622 historia
1711 4566 1857 4637 quod

258 4662 543 4719 Ezechias
572 4661 639 4716 ad
664 4656 951 4731 Egyptios
984 4659 1220 4722 miserit,
1253 4668 1309 4714 et
1340 4657 1648 4714 Pharaonis
1702 4660 1858 4714 auxi-

254 4757 398 4812 Iiurn
457 4753 767 4825 postularit.
825 4752 1094 4822 Quodque
1139 4750 1347 4807 infert:
1383 4751 1445 4807 Si
1521 4754 1856 4822 responderis

256 4849 418 4906 mihi.
458 4845 523 4899 In
560 4844 785 4898 Domino
828 4843 933 4898 Deo
964 4855 1142 4897 nostro
1170 4843 1506 4908 confidimus,
1540 4860 1726 4898 verum
1753 4853 1856 4900 est.

258 4940 372 4993 Sed
399 4954 616 4993 rursum
644 4937 825 5006 jungit
865 4935 1203 4989 mendacium
1235 4935 1473 4997 veritati,
1505 4937 1647 5003 quod
1677 4935 1863 4988 abstn-

258 5032 398 5084 lerit
433 5029 700 5083 Ezechias
730 5026 945 5083 excelsa
969 5028 1112 5082 illius
1146 5038 1201 5081 et
1258 5028 1471 5082 altaria.
1507 5018 1523 5036 ’
1551 5028 1665 5084 lloc
1713 5030 1860 5083 enim

261 5138 378 5174 non
413 5128 607 5174 contra
629 5120 818 5185 Deum,
852 5118 944 5171 sed
969 5134 1067 5186 pro
1095 5116 1207 5171 Deo
1243 5117 1469 5185 fecerat,
1525 5130 1582 5173 ut
1639 5120 1863 5174 idolola-

263 5216 378 5266 tria
410 5222 469 5266 et
500 5212 669 5264 Veteri
698 5224 887 5264 errore
909 5210 1209 5273 destructo,
1243 5209 1465 5279 juberct
1532 5210 1697 5264 Deum
1730 5213 1861 5264 ado-

264 5304 379 5357 rari
431 5305 484 5356 in
515 5299 840 5367 Jerusalem,
874 5302 964 5354 ubi
1000 5314 1121 5353 erat
1164 5302 1422 5370 templum
1470 5301 1588 5371 ejus
1614 5341 1629 5368 ,
1690 5318 1864 5371 quan-

262 5410 443 5466 quam
468 5397 715 5464 legamus
744 5394 982 5463 pessima
1015 5395 1435 5456 consuetudine,
1490 5396 1540 5447 in
1588 5395 1863 5449 montibus

264 5487 613 5555 collibusque
638 5496 920 5540 exstructo
948 5488 1056 5554 jam
1089 5487 1270 5552 altari,
1297 5486 1555 5556 populum
1587 5484 1696 5539 Deo
1747 5486 1865 5542 vic-

271 5581 447 5635 timas
479 5578 828 5634 immolasse.
853 5580 1115 5649 Quodque
1147 5581 1475 5649 paucitatem
1506 5580 1856 5634 obsessorum

344 5744 364 5775 ⁸
400 5741 588 5800 Nostri
616 5758 750 5798 mss.
778 5741 975 5812 Sergon
998 5752 1051 5797 et
1081 5740 1379 5797 lz'seretldou
1408 5743 1616 5813 legunt.

648 5838 917 5899 PATROL.
949 5836 1175 5897 XXIV.

1959 4577 2035 4631 cit
2104 4591 2234 4630 rex:
2297 4572 2417 4629 Non
2481 4573 2713 4629 seducat
2777 4588 2876 4628 vos
2923 4573 3214 4636 Ezechias,
3277 4573 3405 4639 quia
3428 4587 3536 4624 nun

1960 4668 2273 4739 poteritvos
2294 4674 2592 4731 eruere,et
2645 4680 2754 4720 non
2798 4663 2958 4718 vobis
3020 4662 3228 4716 tribuat
3280 4660 3536 4714 ﬁduciam

1960 4760 2222 4816 Ezechias
2253 4774 2421 4830 super
2451 4758 2678 4813 Domino
2704 4796 2720 4821 ,
2754 4758 2974 4811 dicens:
3032 4753 3245 4807 Eruens
3285 4749 3541 4805 liberabit

1967 4869 2066 4909 nos
2122 4851 2406 4914 Dominus,
2444 4865 2549 4904 non
2595 4849 2817 4904 dabitur
2873 4850 3064 4901 civitas
3118 4846 3218 4898 ista
3272 4843 3327 4899 in
3374 4855 3536 4893 manu

1964 4945 2107 5015 regis
2133 4942 2506 5014 Assyriorum.
2562 4940 2742 4996 Nolite
2794 4940 2982 4992 audire
3036 4935 3349 4989 Ezechiam.
3409 4931 3541 4985 Ilatc

1963 5039 2111 5093 enim
2143 5037 2275 5093 dicit
2306 5052 2402 5092 rex
2431 5035 2791 5105 Assyriorum
2825 5049 2840 5086 :
2883 5050 2902 5083 ι
2944 5027 3236 5082 Accusatio
3271 5024 3535 5079 Rabsaris
3634 5096 3637 5101 _

1967 5129 2212 5184 Ezechiae
2239 5129 2611 5183 testimonium
2650 5138 2763 5190 e51;
2802 5122 2945 5192 quod
2975 5120 3150 5190 captis
3187 5116 3542 5172 cunctis'Ju-

1967 5222 2095 5277 datae
2127 5222 2354 5293 urbibus
2386 5217 2627 5274 conﬁsus
2662 5216 2714 5269 in
2775 5214 3002 5267 Domino
3073 5211 3167 5276 sit,
3238 5210 3544 5278 dixeritque

1968 5315 2036 5369 ad
2082 5314 2387 5384 populum:
2438 5309 2616 5364 Nolite
2650 5309 2861 5372 timere,
2886 5320 2986 5360 nec
3044 5304 3289 5370 pavealis
3360 5316 3545 5370 regem

1966 5406 2339 5477 Assyriorum,
2382 5413 2438 5458 et
2486 5404 2800 5456 universam
2839 5398 3245 5452 multitudinem
3284 5409 3403 5464 qua:
3454 5402 3543 5448 cst

1969 5512 2095 5552 cum
2135 5511 2231 5560 eo;
2265 5495 2434 5548 multo
2465 5494 2609 5547 enim
2649 5491 2833 5562 plures
2887 5489 3172 5544 nobiscum
3225 5495 3350 5540 sunt
3377 5498 3544 5554 quam

1970 5604 2091 5645 cum
2131 5589 2248 5643 illo.
2280 5586 2415 5642 Cum
2452 5586 2545 5641 illo
2573 5597 2653 5642 cst
2693 5585 2973 5639 brachium
3004 5594 3303 5648 carneunt;
3356 5578 3546 5634 nobis-

3160 5828 3233 5888 13
