3952 6180
388 308 497 374 395

1569 305 1642 365 'S.
1685 303 2001 364 EUSEBII
2038 302 2479 363 IIIERONYMI

3566 308 3665 371 3‘6

388 436 512 479 cum
546 426 631 477 εει
670 418 934 477 Dominus
970 419 1112 476 Deus
1133 426 1345 487 noster,
1378 417 1474 488 qui
1546 417 1836 472 auxiliator
1898 424 1985 471 est
2012 425 2053 482 Α
2091 424 2289 471 verunt
2329 415 2635 470 Samariam
2668 414 2735 470 de
2768 430 2934 470 manu
2962 417 3128 472 mea?
3162 416 3294 484 Quis
3318 429 3403 475 est
3435 434 3500 475 ex
3553 436 3669 476 om-

387 520 599 580 nostcr,
638 523 953 584 pugnatque
1005 527 1104 583 pro
1149 511 1326 566 nobis.
1361 510 1428 565 Et
1479 508 1821 566 confortatus
1870 515 1974 573 est,

388 606 593 676 inquit,
625 604 858 676 populus
893 605 1272 674 hujuscemodi
1310 603 1493 659 verbis
1524 602 1772 657 Ezechim
1833 600 1978 670 regis

390 697 572 752 Judae.
629 695 784 750 Unde
836 694 1111 750 Rabsaces
1174 696 1462 748 destruere
1510 692 1646 757 vult,
1704 689 1847 761 quod
1890 689 1979 743 ille

389 795 769 845 consmixerat
800 804 814 855 ;
847 797 902 842 et
923 788 1167 858 loquitur
1192 786 1261 843 ad
1282 786 1577 858 populum,
1608 783 1731 838 Non
1758 782 1976 838 seducat

388 903 476 941 vos
508 885 760 939 Ezechias
782 900 801 939 :
835 891 890 939 et
922 899 1027 938 non
1054 883 1209 939 vobis
1254 883 1459 938 tribuat
1504 880 1759 936 ﬁduciam
1811 892 1979 947 super

391 976 628 1031 Domino
660 976 799 1031 Deo.
856 974 1013 1042 Quod
1046 985 1230 1031 autem
1274 974 1511 1030 'Eliaclm
1537 983 1591 1029 et
1638 972 1845 1039 Sobna,
1921 976 1979 1026 et

388 1069 565 1126 Joahe
623 1068 907 1123 humiliter
967 1068 1368 1138 deprecantur:
1409 1066 1644 1135 Loquere
1700 1064 1769 1119 ad
1802 1077 1977 1119 servos

393 1172 510 1217 tuos
535 1161 672 1231 Syra
703 1162 911 1231 lingua,
943 1161 1285 1229 intelligimus
1310 1161 1489 1225 enim;
1524 1168 1571 1214 et
1609 1175 1709 1213 non
1732 1155 1975 1228 loquaris

391 1255 461 1308 ad
497 1272 589 1308 nos
613 1254 842 1309 Judaice
867 1256 923 1309 in
950 1254 1173 1309 auribus
1199 1255 1380 1321 populi
1434 1254 1522 1322 qui
1548 1260 1623 1306 est
1652 1266 1811 1320 super
1858 1263 1978 1302 mu-

391 1362 533 1411 rum,
560 1346 705 1399 hunc
728 1360 953 1401 sensum
981 1345 1150 1401 habet
1180 1362 1194 1400 :
1228 1343 1368 1411 Quid
1408 1357 1634 1400 necesse
1669 1350 1755 1397 est
1803 1352 1975 1409 popu-

393 1438 506 1492 lum
547 1437 701 1492 falsis
734 1437 1043 1492 terroribus
1066 1435 1507 1502 commoveri,et
1538 1448 1731 1489 vanam
1762 1431 1977 1502 jactare

391 1530 684 1586 virtutem?
717 1530 940 1599 loquere
974 1529 1218 1601 linguam
1250 1542 1418 1599 quam
1450 1527 1685 1598 populus
1728 1539 1835 1581 non
1887 1522 1971 1577 in-

396 1622 613 1691 telligit.
646 1620 702 1675 Si
737 1620 959 1690 quidem
991 1635 1091 1675 nos
1118 1620 1385 1675 habemus
1411 1618 1613 1690 lingua:
1636 1623 1746 1672 tuae
1794 1614 1975 1670 scien-

390 1715 555 1781 tiam;
596 1713 965 1781 novimusque
990 1727 1298 1768 sermonem
1336 1709 1559 1783 Syrum,
1585 1710 1680 1781 qui
1731 1708 1977 1776 utrisque

2085 509 2249 566 nibus
2275 509 2382 567 diis
2445 520 2715 565 terrarum
2755 510 3013 577 istarum,
3050 511 3143 582 qui
3194 515 3403 569 eruerit
3467 522 3668 570 terram

2085 614 2240 655 suam
2264 598 2333 654 de
2365 613 2529 654 manu
2570 613 2715 667 mea,
2745 608 2805 655 ut
2835 610 2996 656 eruat
3054 601 3320 658 Dominus
3357 603 3667 661 Jerusalem

2085 694 2152 749 de
2176 708 2341 747 manu
2368 693 2525 749 mea?
2555 691 2619 747 EI.
2645 678 2943 763 siluerunt,
2990 704 3044 749 et
3092 710 3199 751 non
3262 698 3671 768 responderunt

2086 786 2136 841 ei
2169 786 2414 841 verbum.
2451 786 2800 841 Mandaverat
2824 787 2976 842 enim
3007 786 3090 845 eis
3114 801 3213 843 rex
3242 787 3469 845 dicens:
3499 787 3674 861 458

2084 875 2165 931 Ne
2197 876 2577 946 respondeatis
2607 876 2657 933 ei
2692 894 2707 936 :
2745 894 2766 932 ι
2797 877 2902 934 hoc
2959 880 3198 937 ostendit
3227 882 3372 950 quod
3414 884 3673 939 omnibus

2086 969 2173 1024 his
2212 968 2317 1025 diis
2348 968 2595 1024 Samaria
2622 972 2901 1039 servierit,
2936 979 2991 1028 et
3024 972 3230 1029 idcirco
3259 984 3419 1045 capta
3450 975 3545 1032 sit.
3572 974 3672 1030 Sin

2085 1070 2289 1127 autem,
2324 1061 2420 1127 ait,
2450 1063 2615 1118 tantis
2636 1062 2742 1117 diis
2774 1062 3221 1133 praesidentibus,
3254 1065 3445 1122 decem
3493 1066 3673 1122 tribus

2086 1151 2245 1208 facile
2275 1152 2676 1221 superavimus,
2705 1163 2907 1224 quanto
2936 1155 3112 1227 magis
3159 1171 3279 1221 vos,
3330 1156 3441 1214 imo
3494 1158 3672 1213 solam

2058 1243 2412 1313 Jerusalem,
2478 1260 2587 1300 uno
2628 1245 2739 1301 Deo
2773 1247 3026 1318 praesule,
3063 1248 3349 1304 vincemus
3406 1248 3676 1306 facilius?

2084 1336 2389 1406 Tacuitque
2411 1339 2590 1394 omnis
2620 1340 2871 1409 populus,
2899 1349 3083 1395 etnon
3108 1341 3392 1412 respondit
3416 1344 3468 1397 ei
3508 1342 3675 1413 quid-

2083 1443 2269 1499 quam.
2299 1428 2580 1499 Siquidem
2622 1440 2953 1500 praeeeptum
3010 1430 3155 1503 regis
3208 1444 3555 1504 acceperant,
3609 1442 3674 1489 ut

2085 1537 2193 1576 non
2223 1522 2617 1591 responderent
2648 1522 2721 1579 ei.
2760 1521 3099 1594 Verejustus
3142 1525 3433 1592 Ezechias,
3497 1542 3672 1597 agens

2084 1622 2284 1669 cuncta
2312 1612 2544 1669 ﬁdeliter
2568 1613 2935 1685 universaque
2975 1617 3227 1674 consilio.
3282 1620 3410 1675 Ideo
3473 1633 3667 1675 autem

2078 1708 2316 1776 jusserat
2352 1706 2754 1777 blaspbetnanti
2784 1707 3013 1780 Assyrio
3040 1726 3147 1766 non
3184 1713 3529 1783 responderi,
3592 1729 3668 1769 ne

388 1806 551 1878 457
577 1806 999 1862 communisest.
1025 1806 1104 1860 Ad
1134 1806 1276 1875 quod
1301 1804 1581 1860 ltahsaces
1612 1808 1931 1873 arroganter
1955 1836 1972 1864 ,
2009 1826 2051 1883 Β
2084 1815 2207 1856 eum
2266 1801 2332 1854 ad
2380 1800 2617 1870 majores
2667 1802 3037 1872 blasphemiae
3111 1816 3456 1875 provocaret.
3510 1805 3672 1861 Unde

393 1898 565 1963 Num,
599 1905 697 1967 ait,
723 1900 791 1952 ad
828 1899 1107 1952 Dominum
1138 1908 1307 1961 tuum,
1359 1906 1408 1950 et
1464 1897 1533 1951 ad
1588 1906 1637 1951 te
1698 1896 1843 1951 misit
1893 1915 1976 1955 me

392 1991 652 2053 Dominus
679 2007 847 2056 meus,
876 2000 925 2044 et
957 2006 1061 2044 non
1088 1988 1268 2059 potius
1300 1988 1368 2042 ad
1396 1988 1529 2043 viros
1557 1988 1650 2059 qui
1682 1991 1861 2044 sedent
1918 1992 1974 2045 in

393 2099 546 2137 muro
569 2084 593 2137 ?
613 2081 972 2152 Rursumque
1014 2096 1220 2152 augens
1239 2082 1661 2137 comminatione
1692 2091 1974 2149 terrorem,

404 2178 469 2234 Ut
493 2176 793 2243 comedunt,
831 2176 1007 2245 inquit
1035 2213 1049 2239 ,
1080 2183 1315 2229 stercora
1344 2190 1465 2240 sua,
1491 2184 1537 2228 et
1564 2174 1735 2229 bibant
1766 2176 1978 2230 urinam

390 2271 585 2341 pedum
613 2286 833 2324 suorum
866 2269 1179 2325 vobiscum?
1228 2282 1325 2338 per
1360 2284 1479 2338 qua:
1537 2268 1776 2323 ostendit
1836 2266 1979 2322 fame

392 2379 489 2419 eos
510 2374 563 2418 et
591 2363 844 2431 penuria,
890 2362 1090 2432 sitique
1143 2376 1264 2417 esse
1317 2360 1634 2431 capiendos.
1697 2359 1980 2431 Simulque

391 2456 703 2512 illecebram
731 2455 911 2527 jungit
930 2454 1208 2510 formidini
1237 2470 1252 2511 :
1280 2464 1337 2510 ut
1359 2471 1494 2526 quos
1522 2467 1731 2511 terrore
1758 2471 1861 2510 non
1896 2454 1978 2509 vi-

391 2557 563 2614 cerat,
587 2546 1107 2617 repromissionibus
1141 2555 1195 2601 et
1226 2548 1579 2617 persuasione
1613 2549 1871 2618 decipiat,
1896 2547 1977 2601 di-

391 2654 523 2696 cens
548 2655 613 2695 ex
645 2656 901 2697 sermone
936 2641 1081 2707 regis
1115 2641 1465 2710 Assyriorum
1502 2659 1518 2697 :

468 2728 652 2800 (Vers.
680 2730 867 2785 1648.
898 2730 917 2799 )
968 2748 986 2781 ι
1023 2728 1215 2785 Facite
1246 2745 1462 2785 mecum
1513 2730 1977 2798 benedictionem,

391 2829 449 2876 et
470 2820 795 2889 egredimini
822 2821 890 2875 ad
924 2836 1033 2886 me,
1068 2830 1122 2875 et
1147 2822 1421 2876 comedite
1477 2822 1861 2891 unusquisque
1895 2823 1981 2878 vi-

393 2926 751 2979 neamsuam,
780 2923 832 2966 et
857 2913 1231 2982 unusquisque
1258 2911 1423 2967 ﬁcum
1457 2928 1637 2981 suam,
1704 2925 1758 2969 et
1814 2915 1983 2970 bibite

393 3003 772 3074 unusquisque
816 3017 1011 3074 aquam
1042 3004 1290 3059 cisterna:
1312 3019 1445 3071 suae,
1483 3005 1653 3060 donec
1667 3005 1900 3071 veniam,
1928 3015 1983 3063 et

394 3096 581 3152 Iollam
605 3111 701 3151 vos
722 3096 789 3149 ad
819 3106 1041 3161 terram,
1068 3112 1191 3166 quae
1214 3106 1297 3151 est
1329 3097 1527 3152 similis
1561 3107 1716 3152 terra:
1740 3110 1975 3165 vestrae;

397 3198 595 3244 terram
631 3188 891 3255 frumenti
931 3200 985 3245 et
1022 3190 1153 3254 vini,
1204 3198 1404 3244 terram
1442 3205 1638 3260 panum
1674 3200 1730 3245 et
1790 3190 1978 3245 viuea-
2002 3164 2048 3228 (ἶ

395 3298 536 3338 rum.
570 3281 650 3337 Ne
678 3282 972 3337 conturbet
1012 3296 1110 3337 vos
1146 3279 1430 3346 Ezechias,
1465 3281 1687 3337 dicens:
1715 3281 1979 3338 Dominus

395 3376 653 3431 liberabit
705 3388 830 3430 nos.
891 3374 1170 3445 Numquid
1202 3373 1569 3429 liberaverunt
1617 3374 1693 3428 dii
1739 3376 1979 3444 gentium

397 3470 771 3538 unusquisque
799 3476 1006 3523 terrain
1040 3482 1196 3522 suam
1223 3468 1290 3522 de
1317 3482 1479 3520 manu
1514 3467 1657 3535 regis
1726 3468 1981 3536 Assyrio-

393 3560 558 3615 rum?
594 3579 613 3613 ι
652 3560 755 3615 Pro
777 3577 886 3630 quo
921 3560 973 3613 in
994 3560 1202 3627 Regum
1228 3558 1503 3613 volumine
1537 3558 1741 3628 legitur
1780 3575 1798 3614 :
1870 3558 1982 3611 Fa-

392 3653 495 3708 cite
521 3669 718 3707 mccum
745 3653 887 3724 quod
931 3661 1009 3706 est
1041 3640 1188 3720 utile,
1224 3660 1269 3705 et
1305 3651 1613 3723 egredimini
1636 3651 1706 3704 ad
1756 3667 1838 3706 me
1872 3649 1924 3723 (Ι
1942 3649 1983 3705 γ

392 3741 520 3812 Reg.
550 3759 704 3808 xvni,
738 3744 853 3815 5i).
896 3743 1033 3812 Ergo
1061 3757 1256 3797 sensus
1283 3742 1421 3796 idem
1446 3752 1547 3796 est.
1612 3739 1823 3807 Facite,
1893 3743 1982 3795 in-

393 3837 533 3901 quit,
570 3835 711 3904 quod
748 3835 906 3889 vobis
941 3835 1134 3903 prosit,
1169 3846 1224 3889 et
1278 3835 1332 3889 in
1378 3832 1818 3891 benedictionem
1895 3846 1985 3887 ve-

395 3936 571 3980 stram
626 3926 900 3995 proficiat.
938 3924 1061 3980 Sive
1113 3925 1217 3981 hoc
1275 3925 1457 3981 dicit:
1493 3925 1800 3981 Bcnedicite
1870 3924 1982 3995 regi

392 4019 641 4088 Assyrio,
685 4027 738 4072 et
762 4019 977 4077 laudate
1009 4032 1152 4081 eum,
1185 4029 1239 4073 et
1276 4018 1565 4073 Dominum
1614 4017 1978 4083 conﬁtemini,

396 4122 459 4166 ut
520 4113 741 4180 praemia
787 4106 1218 4180 consequaniiui,
1270 4123 1326 4165 et
1382 4110 1555 4165 donec
1619 4120 1866 4166 revertar
1915 4111 1984 4167 de

408 4204 672 4275 Aigypto,
706 4205 821 4258 sive
866 4214 1021 4274 capta
1084 4204 1293 4270 Lobna,
1345 4202 1589 4270 redeam,
1650 4204 1888 4260 habitate
1928 4205 1981 4261 in

393 4296 527 4350 urbe
561 4304 773 4359 vestra;
807 4304 861 4349 et
884 4296 1048 4349 rebus
1101 4294 1300 4349 vestris
1327 4293 1591 4349 lruimini.
1643 4291 1840 4350 Postea
1886 4310 1983 4349 au-

396 4397 504 4442 tem
533 4389 777 4453 veniam,
804 4398 860 4441 et
886 4389 1210 4441 transferam
1239 4401 1332 4441 vos
1360 4388 1411 4440 in
1449 4396 1649 4440 terram
1680 4402 1800 4456 quae
1830 4386 1983 4441 simi-

2082 1894 2349 1964 ‘scriptum
2394 1902 2520 1949 est:
2586 1891 2669 1949 Ne
2718 1898 3003 1952 succendas
3062 1899 3315 1953 carbones
3370 1901 3671 1967 peccatoris

2082 1982 2271 2053 (Eccli.
2295 1999 2413 2049 vm,
2438 1983 2549 2054 l5);
2565 1993 2615 2038 et
2639 1986 2687 2039 in
2711 1987 2912 2056 psalmo
2929 1989 3190 2055 legimus:
3212 1980 3340 2047 Cum
3361 1993 3671 2047 consisteret

2080 2075 2354 2130 adversum
2372 2092 2451 2131 me
2468 2086 2730 2145 peccator,
2761 2078 3020 2147 obmutui,
3050 2090 3096 2133 et
3119 2083 3431 2137 humiliatus
3448 2099 3589 2148 sum,
3623 2094 3674 2137 et

2082 2168 2226 2222 tacui
2257 2169 2319 2221 de
2371 2168 2518 2223 bonis
2570 2169 2749 2240 (Psal.
2806 2186 3039 2238 xxxvm,
3081 2173 3140 2239 2,
3174 2175 3273 2245 3);
3324 2183 3381 2229 et
3428 2176 3672 2230 iterum:

2084 2259 2250 2327 Pone,
2280 2259 2523 2327 Domine,
2561 2262 2859 2315 custodiam
2882 2264 2964 2317 ori
2996 2280 3129 2329 meo,
3163 2274 3213 2320 et
3248 2266 3445 2320 ostium
3496 2269 3676 2321 niuui-

2083 2358 2193 2404 tum
2225 2351 2383 2405 labiis
2407 2352 2566 2417 meis;
2594 2368 2657 2405 ne
2697 2352 2921 2407 declines
2956 2370 3048 2409 cor
3074 2371 3246 2410 meum
3276 2356 3331 2410 in
3364 2356 3517 2410 verba
3552 2374 3675 2411 ma-

2082 2444 2213 2498 litia:
2254 2442 2424 2515 (Psal.
2461 2459 2585 2508 CXL,
2618 2445 2696 2515 5).

2155 2537 2303 2607 (Cap.
2344 2536 2613 2593 XXXVII.
2670 2536 2832 2594 Vers.
2891 2538 3156 2610 lseqq.)
3209 2557 3230 2593 ι
3266 2540 3333 2595 Et
3382 2542 3674 2614 ingressus

2083 2640 2166 2685 est
2201 2632 2218 2662 ⁸
2257 2629 2482 2686 Eliacim
2508 2633 2652 2687 filius
2685 2632 2907 2701 Helene,
2944 2636 3173 2705 quierat
3218 2651 3385 2706 super
3417 2638 3672 2705 domum,

2082 2733 2138 2779 et
2168 2721 2379 2779 Sobnas
2409 2724 2592 2780 scriba
2619 2737 2673 2782 et
2701 2725 2873 2782 Joahe
2911 2728 3055 2783 filius
3088 2730 3268 2799 Asaph
3325 2746 3355 2784 a
3386 2746 3677 2787 connncn-

2082 2815 2235 2871 tariis
2260 2817 2326 2871 ad
2362 2814 2651 2874 Ezechiam
2677 2820 2866 2876 scissis
2902 2821 3173 2887 vestibus,
3226 2831 3285 2877 et
3336 2825 3677 2879 nuntiarunt

2084 2909 2131 2964 ei
2156 2910 2323 2966 verba
2358 2911 2645 2970 Rabsacis.
2676 2912 2743 2969 Et
2769 2912 2970 2969 factum
2996 2925 3079 2971 est
3115 2931 3241 2970 cum
3294 2917 3534 2971 audisset
3570 2932 3679 2972 rex

2084 2999 2371 3070 Ezechias,
2407 3005 2568 3059 scidit
2598 3007 2923 3061 vestimenta
2948 3021 3074 3074 sua,
3128 3017 3186 3064 et
3247 3009 3536 3064 obvolutus
3581 3021 3679 3066 est

2086 3108 2267 3159 sacco,
2294 3102 2348 3151 et
2377 3095 2599 3150 intravit
2625 3097 2677 3151 in
2711 3097 2927 3152 domum
2960 3097 3081 3153 Dei.
3139 3098 3209 3154 Et
3242 3100 3391 3155 misit
3438 3102 3677 3156 Eliacim

2081 3187 2170 3256 qui
2198 3195 2313 3243 erat
2337 3203 2505 3256 super
2539 3189 2782 3252 domum,
2817 3189 3128 3246 etSobnam
3182 3193 3445 3258 scribam,
3486 3205 3537 3249 et
3576 3210 3678 3249 se-

2083 3275 2265 3331 niores
2293 3277 2358 3331 de
2408 3278 2792 3334 sacerdotibus
2854 3291 3073 3351 Opertos
3124 3284 3301 3338 saccis
3350 3285 3416 3339 ad
3466 3285 3677 3340 Isaiam

2084 3366 2255 3420 lilium
2282 3366 2448 3422 Amos
2479 3371 2774 3439 prophetzc,
2815 3382 2869 3426 et
2910 3373 3170 3429 dixerunt
3230 3376 3295 3430 ad
3344 3390 3463 3431 eum
3492 3396 3506 3431 :
3538 3374 3679 3435 ":ec

2083 3458 2545 3516 dicithechias:
2592 3462 2715 3518 Dies
2745 3464 3114 3522 tribulationis
3160 3475 3215 3521 et
3269 3468 3675 3538 correptionis,

2082 3560 2137 3605 et
2168 3551 2517 3622 blasphemia:
2546 3555 2660 3611 dies
2691 3558 2827 3624 hwc,
2876 3560 2999 3629 quia
3038 3569 3304 3615 venerunt
3339 3562 3430 3616 filii
3491 3579 3678 3633 usque

2085 3644 2149 3697 ad
2172 3656 2407 3714 partum,
2436 3656 2489 3702 et
2516 3647 2691 3704 virtus
2722 3665 2825 3705 non
2856 3661 2940 3706 est
2972 3653 3215 3721 pariendi
3243 3654 3355 3726 [Αἰ.
3380 3655 3673 3730 parienti].

2088 3732 2145 3788 Si
2183 3739 2455 3804 quomodo
2488 3741 2675 3795 audiat
2708 3741 2970 3798 Dominus
2998 3744 3140 3801 Deus
3174 3758 3297 3801 tuus
3325 3748 3489 3803 verba
3519 3747 3678 3803 itab-

2086 3829 2251 3897 Sacis,
2284 3845 2442 3899 quem
2474 3832 2625 3888 misit
2651 3844 2745 3888 rex
2794 3838 3148 3908 Assyriorum
3215 3840 3464 3897 dominus
3532 3858 3678 3900 suns

2085 3920 2152 3973 ad
2179 3920 2672 3990 blasphemandum
2706 3924 2874 3980 Deum
2912 3931 3202 3998 viventem,
3255 3943 3308 3989 et
3332 3936 3678 4002 exprobran-

2086 4012 2216 4067 dum
2248 4014 2620 4083 sermonibus,
2659 4033 2794 4087 quos
2818 4020 3024 4075 audivit
3058 4024 3321 4080 Dominus
3351 4026 3491 4081 Deus
3516 4037 3675 4082 tuus.

2082 4101 2227 4159 Leva
2257 4120 2389 4175 ergo
2425 4108 2729 4164 orationem
2793 4128 2889 4182 pro
2942 4115 3189 4184 reliquiis
3246 4134 3363 4188 qua:
3438 4130 3676 4187 reperta:

2084 4206 2234 4252 sunt.
2272 4196 2339 4253 Et
2369 4211 2638 4257 venerunt
2672 4206 2814 4259 servi
2850 4207 2989 4276 regis
3034 4207 3278 4265 Ezechiae
3314 4211 3380 4266 ad
3413 4214 3614 4267 isaiam
3652 4254 3672 4280 ,

2084 4300 2140 4347 et
2168 4292 2305 4347 dixit
2330 4294 2395 4348 ad
2431 4308 2525 4349 eos
2546 4294 2714 4351 Isaias
2740 4314 2753 4352 :
2810 4295 2934 4352 llaec
2965 4297 3159 4355 dicetis
3187 4302 3411 4360 domino
3441 4315 3672 4362 vestro:

2087 4382 2213 4439 Haec
2237 4385 2368 4439 dicit
2407 4386 2701 4444 Dominus:
2732 4387 2811 4444 Ne
2842 4392 3035 4446 timeas
3087 4408 3116 4446 a
3174 4394 3316 4450 facie
3366 4398 3675 4454 verborum

393 4479 461 4535 lis
489 4489 575 4535 est
612 4492 770 4534 terrae
800 4491 1015 4543 vestrae,
1086 4478 1367 4543 frumenti,
1424 4479 1536 4533 vini
1597 4488 1652 4534 et
1708 4478 1973 4535 olearum.
2009 4506 2053 4562 υ
2084 4493 2204 4547 qua:
2261 4479 2458 4534 audisti
2496 4481 2705 4549 quibus
2748 4483 3267 4554 blasphemavcrunt
3314 4492 3465 4560 pueri
3520 4496 3673 4562 regis

390 4573 505 4629 Nec
535 4574 666 4628 dicit
706 4586 898 4627 nomen
942 4572 1199 4642 regionis,
1235 4572 1361 4641 quia
1389 4572 1652 4640 aequalem
1686 4582 1847 4628 terra:
1890 4587 1978 4627 re-

391 4660 781 4739 promissionis
816 4667 1062 4721 invenire
1084 4680 1188 4721 non
1215 4674 1465 4735 poterat;
1504 4666 1599 4722 sed
1657 4666 1976 4721 similitudi-

391 4775 517 4815 nem
553 4758 863 4829 pollicetur.
912 4756 1025 4812 lioc
1068 4757 1213 4811 enim
1252 4758 1629 4827 unusquisque
1679 4757 1977 4824 desiderat,

393 4851 457 4907 in
476 4866 583 4921 quo
617 4863 776 4906 natus
798 4860 905 4906 est.
951 4850 1179 4918 Quidam
1209 4859 1401 4921 putant
1427 4859 1628 4906 terram
1656 4851 1737 4907 eis
1789 4849 1979 4907 Mediae

392 4945 718 5012 repromilti,
783 4960 906 5015 quae
953 4943 1190 4999 habebat
1246 4956 1404 4998 terra:
1470 4944 1670 4998 iudica:
1725 4945 1981 4999 similitu-

394 5036 598 5103 dinem,
628 5046 733 5092 tam
758 5038 810 5093 in
842 5038 947 5093 situ
980 5052 1140 5108 quam
1174 5038 1227 5091 in
1282 5036 1554 5107 frugibus.
1590 5036 1854 5108 Quodque
1886 5037 1975 5091 in-

394 5128 551 5184 fert:

469 5222 645 5292 (Vers.
675 5222 743 5276 19
773 5237 927 5293 seqq.
963 5222 980 5294 >
1009 5241 1029 5276 ‹
1060 5221 1161 5280 Ubi
1196 5233 1280 5278 est
1318 5223 1459 5279 Deus
1498 5224 1732 5283 Hemath
1789 5240 1845 5285 et
1874 5229 1978 5287 Ar-

390 5313 579 5383 phad?
620 5313 712 5369 ubi
742 5324 825 5368 est
856 5315 999 5369 Deus
1033 5316 1423 5383 Srpharvaim?
1476 5315 1751 5389 Numquid
1778 5320 1979 5378 libera-

459 5498 479 5527 ¹
513 5495 671 5549 Prior
725 5494 826 5548 iste
854 5493 1176 5559 versiculus,
1200 5496 1289 5565 qui
1320 5495 1473 5564 juxta
1514 5494 1764 5565 Vulgata:
1825 5498 1970 5553 divi-

387 5566 601 5621 sionem
620 5566 1036 5639 capitisuxxvr,
1057 5578 1365 5634 postremus
1396 5575 1503 5639 est,
1536 5570 1605 5621 ab
1631 5567 1969 5639 Hieronymo

392 5647 598 5701 autem,
625 5635 767 5704 quod
807 5636 879 5689 illi
923 5639 1124 5703 passim
1157 5639 1431 5699 usuvenit,
1464 5638 1588 5691 huic
1632 5640 1791 5706 capiti
1845 5635 1974 5704 jun-

389 5706 552 5776 gitur,
591 5715 747 5759 autea
780 5721 845 5759 co
864 5707 1079 5772 quidem
1107 5706 1224 5759 loco
1252 5709 1551 5776 superioris
1591 5709 1807 5775 capituli
1862 5713 1974 5762 lau-

389 5775 625 5834 dabatur
650 5790 719 5830 ex
756 5776 915 5847 vulgo
947 5787 1160 5847 recepta
1195 5777 1485 5844 divisione,
1510 5779 1601 5833 sed
1629 5789 1814 5833 contra
1837 5795 1969 5834 mss.

2082 4570 2431 4639 Assyriorum
2472 4588 2580 4627 me.
2615 4572 2754 4628 Ecce
2798 4590 2896 4645 ego
2930 4578 2977 4631 ei
3038 4578 3193 4637 dabo.
3232 4579 3321 4652 [ill
3372 4581 3515 4637 dabo
3555 4585 3672 4658 eis]

2085 4662 2360 4730 spiritum,
2386 4673 2440 4717 et
2462 4665 2645 4719 audiet
2673 4667 2949 4730 nuntium,
2969 4683 3017 4722 et
3044 4685 3348 4727 revertetur
3367 4678 3432 4729 ad
3459 4686 3671 4735 terrain

2083 4769 2259 4818 suam,
2279 4764 2607 4824 etcon'nere
2636 4773 2762 4813 eum
2797 4760 2987 4815 faciam
3016 4764 3195 4834 gladio
3223 4767 3271 4819 in
3306 4776 3448 4822 terra
3480 4787 3613 4831 sua.
3649 4796 3668 4827 ι

2083 4846 2380 4916 Perspicua
2408 4851 2801 4920 relinquentes,
2824 4869 2885 4907 ea
2919 4865 3125 4909 tantum
3165 4860 3217 4911 in
3259 4860 3456 4928 quibus
3486 4862 3674 4921 latens
3718 4926 3721 4927 ν

2082 4951 2277 4992 sensus
2337 4950 2439 5005 est,
2501 4942 2859 4999 disseramus.
2896 4945 3061 5017 459
3128 4950 3398 5006 Scinduut
3457 4967 3671 5022 vestes,

2082 5031 2207 5100 quia
2246 5030 2529 5088 Rahsacen
2594 5035 2822 5090 audiunt
2878 5036 2988 5109 [AL
3053 5042 3362 5117 audierant]
3414 5046 3676 5116 blasphe-

2082 5133 2348 5178 mantem.
2385 5123 2598 5181 Scindit
2635 5139 2690 5183 et
2716 5129 2831 5197 ipse
2854 5146 2948 5185 rex
2983 5135 3313 5189 vestimenta
3374 5150 3495 5201 sua,
3535 5140 3673 5207 quia

2081 5227 2429 5288 peccatorum
2462 5236 2710 5287 suorum,
2746 5232 2800 5278 et
2828 5226 3010 5293 pepuli
3031 5242 3152 5282 esse
3184 5230 3443 5286 credebat
3468 5273 3485 5298 ,
3519 5235 3673 5301 quod

2083 5308 2360 5368 Rabsaces
2385 5328 2554 5385 usque
2583 5316 2650 5370 ad
2688 5328 2905 5386 portum
2959 5316 3267 5377 Jerusalem
3321 5327 3553 5393 venerit,
3614 5339 3675 5382 et

2078 5497 2325 5577 codicum
2348 5497 2529 5564 fidem,
2565 5499 2849 5577 ipsamque
2881 5502 3315 5577 llieronymianaa
3350 5511 3670 5577 expositio-

2080 5570 2163 5650 nis
2191 5570 2451 5650 subnexus
2470 5573 2688 5636 seriem,
2720 5570 2926 5650 esqua
2979 5570 3330 5645 perSpicuum
3357 5570 3515 5650 plane
3546 5596 3663 5644 est,

2080 5638 2185 5692 huc
2225 5639 2397 5717 altero
2442 5640 2560 5717 loco
2606 5656 2726 5717 eum
2758 5638 2994 5717 Ala'udar'i
3055 5638 3200 5703 a'S.
3261 5638 3509 5717 Doctore,
3574 5638 3667 5709 his

2078 5711 2350 5790 praecipue
2372 5710 2578 5790 verbis,
2617 5712 2867 5767 scindunt
2923 5726 3135 5785 restem,
3198 5723 3325 5790 quia
3386 5710 3667 5779 [labantem

2080 5781 2306 5833 audiunt
2332 5778 2806 5849 blasphcmautem.
