3952 6180
295 294 406 360 397

766 295 984 358 COMM
1002 295 1284 356 ENTAR.
1335 295 1415 358 1N
1459 295 1730 356 ISAIAM
1777 292 2247 358 PRUPH-ETAM
2281 296 2435 357 LIB.
2478 294 2588 356 XI.
2627 293 2786 357 CAP.
2829 293 3136 357 XXXVII.

3466 291 3574 356 398

295 421 492 466 contra
528 409 819 470 Dominum
854 412 982 465 talia
1016 411 1092 466 sit
1114 412 1353 466 locutus.
1419 409 1576 466 Unde
1635 410 1880 480 pontifex
1911 416 1953 474 Α
1986 409 2174 464 videar
2191 412 2401 480 jactare
2437 411 2777 479 potentiam;
2805 408 2898 465 sed
2925 407 3072 478 quod
3122 405 3340 460 dandus
3411 406 3482 458 sit
3520 400 3569 458 ei

297 505 427 572 quia
475 501 820 559 Salvatorem
876 505 1294 574 blasphemasse
1354 503 1663 568 credebat,
1719 504 1884 558 scidit

296 596 626 651 vestimenta
667 611 766 652 sua
797 594 1023 665 (Matth.
1059 596 1208 664 xxvi)
1235 636 1250 660 ,
1277 605 1331 649 et
1369 593 1572 650 Paulus
1595 610 1658 650 ac
1682 594 1886 648 Barna-

295 691 418 752 bas,
470 687 844 744 deferentibus
916 687 1022 744 sibi
1085 685 1178 742 Dei
1236 687 1444 742 cultum
1503 685 1876 756 Lycaonibus,

292 783 579 838 sciderunt
626 783 957 852 vestimenta
983 796 1082 837 sua
1132 781 1274 852 (Act.
1301 783 1439 850 xiv).
1457 779 1564 835 Pro
1584 780 1735 850 regio
1751 795 1884 851 ergo

294 879 448 933 cultu
473 878 765 936 obvolutus
805 887 891 934 est
917 892 1119 945 sacco;
1160 885 1217 933 et
1246 877 1314 932 de
1369 877 1570 947 palatio
1614 877 1682 932 ad
1714 875 1881 932 Tem-

295 967 443 1036 plum
467 967 992 1039 gradiens.Eliacim
1013 969 1436 1040 pontiﬁcem,.et
1474 966 1712 1028 Sobnam
1746 968 1881 1024 scri-

294 1060 447 1124 bam.
478 1071 534 1116 et
561 1061 897 1130 senioresde
925 1061 1308 1124 sacerdotibus
1350 1061 1505 1118 misit
1555 1061 1623 1117 ad
1681 1059 1878 1120 Isaiam

293 1153 468 1210 lilium
501 1155 667 1210 Amos
693 1153 995 1225 prophetat.
1050 1153 1110 1208 lu
1133 1169 1243 1225 quo
1278 1155 1426 1224 regis
1466 1152 1876 1210 consideranda

293 1244 578 1300 humilitas
599 1255 760 1315 atque
777 1245 1090 1314 prudentia.
1109 1245 1229 1316 Ipse
1248 1243 1424 1315 pergit
1458 1247 1526 1300 ad
1560 1243 1873 1314 Templum;

289 1334 575 1402 principes
605 1334 792 1403 papuli
831 1341 886 1388 et
931 1334 1184 1388 seniores
1223 1329 1592 1401 sacerdotum,
1625 1349 1734 1388 non
1763 1341 1874 1389 sto-

287 1423 361 1477 lis
393 1423 848 1497 sacerdotalibus,
870 1422 1177 1492 sed,ciliciis
1188 1435 1408 1493 opertos
1425 1423 1576 1480 ntisit
1593 1425 1660 1478 ad
1680 1424 1874 1479 lsaiant

287 1515 463 1572 tilium
491 1515 659 1570 Amos
689 1515 985 1586 prophetae.
1019 1516 1123 1571 Pro
1147 1515 1330 1586 quoin
1355 1515 1566 1586 Regum
1596 1515 1876 1572 volumine

280 1605 524 1677 legitur:
550 1605 670 1675 Ipse
709 1616 994 1676 coopertus
1030 1615 1109 1662 est
1149 1624 1328 1673 sacco,
1359 1617 1409 1661 et
1466 1608 1730 1678 ingressus
1777 1610 1876 1661 do-

279 1715 436 1752 mum
474 1698 708 1765 Domini,
732 1699 958 1754 Eliacim
987 1700 1328 1769 pra'posimm
1375 1681 1585 1764 domus,
1618 1709 1670 1753 et
1740 1698 1876 1755 Sob-

1994 503 2222 573 spiritus
2248 502 2497 568 H0".Dt.‘i,
2535 504 2631 558 sed
2660 502 3045 568 adversarius,
3081 502 3377 569 auditoque
3434 516 3572 552 nun-

1997 594 2094 659 tio,
2128 604 2433 652 revertatur
2469 596 2536 648 ad
2576 604 2774 656 terram
2815 610 2992 660 suam,
3045 602 3100 649 et
3141 601 3361 646 cotruat
3397 595 3450 645 in
3509 609 3572 646 ea

1991 684 2193 751 gladio,
2224 694 2282 739 ut
2313 685 2420 740 duo
2457 685 2660 754 pariter
2684 699 2806 755 qua:
2867 683 3093 752 optabat
3155 682 3437 760 Esecbias,
3481 697 3574 736 au-

1990 777 2154 843 diret,
2185 791 2245 833 se
2273 778 2558 838 obsidione
2588 785 2644 832 et
2677 777 2922 848 periculo
2949 775 3317 838 liberandum,
3381 783 3436 828 et
3468 772 3571 830 ini-

1992 869 2194 936 unicum
2219 870 2524 938 iratutnque
2552 885 2735 940 regem
2777 869 2830 923 in
2855 884 2952 925 sua
2995 877 3139 922 terra
3171 881 3293 924 esse
3339 864 3578 930 moritu~

1991 975 2136 1022 rum.
2169 959 2225 1018 Si
2257 963 2383 1030 quis
2410 968 2620 1030 quierat
2651 975 2749 1022 cur
2783 959 2835 1014 in
2861 959 3002 1016 libro
3029 956 3354 1028 propltetire,
3392 956 3570 1010 Ιιίειοε⁵

1989 1049 2067 1106 ria
2102 1065 2223 1120 qua:
2254 1047 2552 1119 inIRegum
2583 1049 2890 1110 etDierum
2933 1046 3306 1108 voluminibus
3367 1047 3569 1116 scripta

1985 1152 2092 1209 est,
2117 1143 2284 1210 mixta
2313 1142 2582 1207 videatur,
2621 1141 2932 1200 consideret
2978 1142 3118 1210 quod
3149 1138 3392 1195 historia:
3441 1155 3570 1209 pro-

1986 1235 2168 1304 phetia
2197 1235 2268 1290 sit
2293 1237 2564 1305 copulata,
2593 1242 2703 1296 tam
2733 1234 2799 1292 de
2822 1233 3144 1290 liberatione
3174 1231 3348 1301 ttrbis,
3405 1247 3569 1302 quant

1987 1329 2056 1382 de
2088 1328 2296 1398 Assyrii
2335 1327 2669 1390 interitu,iet
2717 1326 2785 1380 de
2841 1325 3153 1380 reversione
3204 1323 3340 1380 solis
3404 1323 3570 1378 hora-

1989 1435 2107 1477 rum
2143 1420 2355 1485 decem,
2382 1429 2436 1475 et
2465 1419 2780 1490 quindecim
2801 1431 3073 1478 annorum
3112 1415 3306 1487 spatiis
3336 1414 3570 1484 protela-

1987 1513 2080 1579 tis,
2104 1513 2250 1582 quod
2281 1511 2667 1585 etlpropltetia:
2689 1517 2853 1566 estet
2886 1509 3154 1565 historia}.

2058 1603 2241 1676 (Vers.
2274 1591 2515 1672 8'seqq.)
2561 1600 2873 1658 alterorsus
2903 1608 3084 1654 autem
3111 1598 3419 1666 ltabsaces,
3479 1598 3564 1652 in-

1983 1697 2136 1752 venit
2213 1709 2397 1765 regem
2464 1693 2816 1765 Assyriorum
2866 1692 3204 1760 praeliantem
3268 1691 3562 1746 adversum

281 1808 418 1847 nam
443 1792 698 1858 scribant,
736 1802 785 1848 et
819 1808 967 1848 senes
991 1793 1055 1848 de
1073 1793 1442 1848 sacerdotibus
1493 1793 1637 1848 misit
1670 1808 1878 1862 cooper-
1911 1773 1954 1829 Β
1980 1792 2221 1848 Lobnam
2263 1807 2276 1844 :
2312 1790 2567 1846 audierat
2595 1789 2739 1844 enim
2771 1787 2903 1857 quia
2941 1785 3223 1857 profectus
3282 1796 3430 1843 esset
3497 1787 3565 1840 tle

279 1896 370 1940 tos
392 1887 563 1940 saccis
599 1887 668 1939 ad
686 1883 891 1940 Isaiam
913 1885 1216 1956 prophetam
1239 1885 1412 1954 ﬁlium
1431 1885 1593 1940 Amos
1615 1885 1665 1955 (Ι
1687 1885 1726 1940 γ
1745 1885 1872 1957 Reg.

282 1994 402 2045 xix,
430 1978 484 2045 1,
513 1979 589 2046 Ξ).
636 1976 733 2032 llic
767 1978 893 2048 quia
935 1978 1049 2046 ipse
1069 1979 1136 2032 de
1165 1992 1226 2032 se
1252 1977 1423 2033 lsaias
1452 1977 1731 2034 scribebat
1759 1978 1875 2034 his-

282 2073 511 2138 toriam,
547 2085 651 2126 non
702 2087 762 2128 se
796 2070 1092 2142 appellavit
1141 2069 1470 2141 Prophetam
1499 2086 1514 2137 ;
1547 2070 1644 2125 sed
1687 2070 1871 2126 ﬁlium

281 2165 620 2235 Prophetas:
657 2164 729 2220 ibi
771 2179 902 2219 vero
931 2163 1060 2234 quia
1085 2162 1225 2218 alter
1255 2173 1377 2218 erat
1403 2162 1654 2233 Scriptor
1697 2164 1872 2222 histo-

286 2259 409 2322 τίω,
451 2257 630 2328 ipsum
649 2255 841 2312 scribit
869 2254 1219 2326 PrOphetam.
1259 2253 1414 2321 Quod
1445 2255 1665 2325 quidem
1719 2267 1775 2312 et
1805 2257 1874 2314 de

281 2347 546 2404 Ilattbaeo
570 2347 912 2419 Evattgelista
952 2347 1200 2416 legimus,
1235 2346 1379 2417 quod
1432 2347 1550 2416 ipse
1585 2346 1874 2405 Mattheus

279 2456 349 2496 se
379 2439 583 2495 dixerit
620 2439 967 2510 publicanum
995 2436 1214 2509 (Matth.
1240 2438 1346 2509 7x),
1374 2437 1464 2492 alii
1527 2453 1656 2493 vero
1698 2439 1877 2494 Evan-

281 2529 500 2599 gelistae
547 2543 743 2586 nomen
762 2527 1046 2599 publicani
1078 2531 1376 2592 tacuerint,
1419 2530 1869 2600 etApostolicam

283 2629 500 2680 tantum
533 2620 817 2690 posuerint
854 2617 1209 2686 dignitatem;
1243 2626 1298 2672 et
1327 2615 1472 2687 quod
1508 2617 1561 2671 itt
1605 2617 1872 2688 conjunc-

283 2714 536 2771 tionibus
584 2710 998 2782 Apostolorum,
1053 2710 1196 2782 apud
1247 2724 1307 2764 se
1352 2709 1655 2774 secundus,
1727 2709 1870 2778 apud

280 2808 424 2862 alios
448 2807 661 2877 primus
686 2805 778 2860 sit.
801 2803 1196 2872 .Dixeruntque,
1214 2801 1413 2870 inquit,
1439 2801 1506 2854 ad
1538 2817 1656 2855 eunt
1686 2815 1704 2853 :
1733 2799 1866 2854 [lico

276 2899 413 2954 dicit
441 2898 838 2961 Ezechias,non
863 2911 982 2962 rex,
1007 2910 1114 2950 non
1137 2904 1353 2950 tumens
1375 2895 1600 2950 nomine
1629 2895 1868 2964 imperii,

279 2993 408 3050 Dies
432 2991 824 3057 tribulationis,
883 2999 934 3045 et
966 2988 1378 3062 _‘_corruptionis,
1426 2999 1475 3042 et
1533 2987 1870 3057 blasphemus

277 3088 392 3140 dies
441 3087 589 3140 hac:
635 3083 1008 3140 tribulationis
1052 3093 1274 3147 nostrai,
1320 3079 1686 3150 correptionis
1740 3080 1859 3148 Dei,
1896 3117 1939 3176 ο

278 3177 639 3248 blasphemia:
663 3176 922 3230 hostium.
942 3173 1210 3248 Ponitque
1236 3174 1651 3230 similitudinem
1672 3184 1865 3242 partu-

279 3269 483 3326 rientis
511 3269 838 3322 mulierisel
867 3267 1123 3332 dolentis,
1156 3267 1300 3334 quod
1340 3267 1407 3320 ad
1451 3275 1667 3334 partum
1693 3281 1867 3334 usque

279 3361 616 3431 pervenerit,
641 3368 695 3415 et
727 3374 988 3427 generare
1027 3375 1135 3412 non
1166 3359 1356 3427 possit.
1404 3373 1504 3413 nec
1551 3357 1771 3412 dicere:
1824 3358 1867 3411 Λ

279 3454 477 3510 timore
517 3461 636 3525 tuo,
676 3451 916 3517 Domine,
975 3452 1328 3518 concepimus,
1373 3461 1421 3505 et
1479 3451 1768 3512 doluimus,
1822 3463 1870 3504 et

278 3547 581 3615 peperimus
608 3546 854 3613 spiritum
885 3543 1075 3598 salutis
1093 3541 1230 3615 (Isa.
1257 3559 1402 3608 xxvt,
1431 3543 1516 3606 l8,
1537 3560 1638 3598 sec.
1656 3542 1866 3615 LXX).

283 3640 600 3710 Sequitur:
647 3636 708 3692 Si
733 3635 992 3706 quomodo
1037 3635 1225 3690 audiat
1263 3635 1516 3690 Dominus
1548 3635 1688 3692 Deus
1747 3648 1869 3691 tuus

281 3731 446 3784 uerba
514 3725 968 3795 Rabsacis..ﬂon
1047 3725 1192 3780 enim
1259 3727 1520 3781 audemus
1582 3724 1870 3782 Dotninum

281 3821 561 3888 omnium,
586 3828 834 3876 nostrum
872 3817 1163 3874 Dominum
1192 3817 1376 3874 dicere
1400 3861 1416 3885 ,
1463 3834 1571 3889 quo
1600 3819 1870 3874 irascente

286 3924 442 3970 tanta
474 3911 846 3984 perpetimur;
875 3910 972 3967 sed
1003 3919 1160 3966 tuum
1189 3909 1423 3966 dicimus
1452 3910 1764 3966 Dominum.
1803 3912 1870 3966 Et

281 4008 432 4063 hanc
461 4005 726 4062 habemus
777 4004 1001 4060 ultionis
1045 4003 1294 4059 ﬁduciam
1324 4046 1342 4071 ,
1401 4001 1568 4075 460
1609 4004 1866 4074 quoniam

285 4102 480 4155 vivens
521 4099 660 4154 Deus
681 4097 1093 4167 blasphematur
1121 4111 1152 4152 a
1178 4097 1385 4152 cultore
1415 4097 1683 4152 idolorum
1721 4113 1866 4153 mor-

280 4203 534 4248 tuorum.
569 4187 640 4244 Et
667 4191 1110 4258 exprobrauerunt
1142 4190 1486 4256 sermonibus,
1514 4205 1642 4258 quos
1665 4190 1866 4246 audivit

281 4285 548 4338 Dominus
581 4281 720 4337 Deus
754 4292 893 4336 tuus.
942 4279 1077 4336 Leva
1106 4296 1229 4349 ergo
1259 4281 1579 4345 orationem,
1622 4291 1863 4337 nostram

275 4375 557 4446 iacentem
584 4389 600 4438 ;
630 4389 739 4429 non
770 4388 868 4444 pro
895 4381 1090 4428 cuncto
1145 4371 1342 4444 populo
1374 4371 1467 4442 qui
1508 4372 1620 4442 jam
1677 4374 1860 4442 periit,

1978 1885 2198 1941 Lachis.
2231 1883 2298 1938 Et
2332 1883 2541 1938 audivit
2571 1883 2639 1939 de
2699 1883 2944 1950 Taracha
2978 1896 3107 1951 rege
3163 1880 3459 1952 Ethiopian
3481 1880 3563 1934 di-

1973 1988 2202 2046 centes:
2242 1977 2511 2047 Egressus
2549 1986 2659 2041 est,
2691 1984 2752 2030 ut
2801 1983 3001 2046 pugnet
3037 1983 3232 2028 contra
3288 1981 3362 2026 te.
3408 1971 3562 2037 Quod

1976 2084 2102 2126 cum
2125 2070 2394 2131 audisset,
2431 2068 2584 2125 misit
2615 2068 2836 2124 nuntios
2877 2067 2946 2122 ad
2982 2065 3274 2120 Ezechiam
3334 2063 3560 2119 dice-us;

1976 2162 2106 2219 Haac
2125 2163 2318 2230 dicetis
2336 2160 2584 2220 Ezechiae
2609 2159 2890 2231 regiluda:
2911 2159 3192 2228 loquentes
3217 2174 3232 2216 :
3252 2155 3369 2212 Non
3399 2165 3454 2214 te
3473 2159 3564 2211 de-

1977 2255 2144 2326 cipiat
2166 2254 2469 2318 Deustuus.
2497 2254 2674 2324 inquo
2693 2253 2991 2310 tncontidis
3009 2252 3197 2308 dicens
3220 2267 3238 2306 :
3262 2250 3380 2308 Non
3405 2250 3563 2307 dabi-

1979 2358 2070 2403 tur
2097 2347 2400 2404 Jerusalem
2427 2348 2482 2403 in
2524 2361 2740 2404 manum
2801 2346 2944 2416 regis
2993 2345 3368 2416 Assyriorum.
3424 2342 3564 2398 Ecce
3615 2365 3624 2371 -

1976 2450 2033 2496 tu
2063 2441 2265 2496 audisti
2297 2441 2482 2496 omnia
2513 2454 2637 2510 qua:
2685 2437 2937 2496 fecerunt
2987 2454 3144 2509 reges
3206 2439 3560 2508 Assyriorum

1973 2533 2227 2598 otttnibus
2267 2530 2431 2587 terris
2454 2545 2593 2600 quas
2619 2530 3028 2592 snbverterunt.
3053 2537 3107 2584 et
3142 2537 3199 2582 ttt
3241 2528 3454 2597 poteris
3491 2530 3560 2584 li-

1974 2623 2198 2679 berari?
2254 2622 2514 2693 Nunquid
2545 2631 2809 2680 eruerunt
2833 2636 2928 2680 eos
2974 2621 3048 2678 dii
3095 2623 3362 2692 gentium,
3419 2635 3556 2693 quos

1973 2716 2363 2782 Bubverterunt
2395 2727 2579 2788 patres
2610 2715 2718 2772 mei
2751 2715 2938 2771 Gozan
2965 2723 3021 2771 et
3063 2712 3288 2781 Harant,
3330 2726 3384 2770 et
3446 2715 3556 2768 lie-

1972 2809 2130 2878 seplt,
2159 2819 2215 2865 et
2250 2810 2391 2868 lilios
2431 2810 2619 2876 Edem,
2645 2810 2737 2879 qui
2767 2818 2927 2864 erant
2961 2808 3013 2862 in
3064 2807 3398 2864 Thalassar?
3455 2806 3559 2864 Ubi

1971 2913 2057 2959 est
2088 2919 2178 2958 rex
2206 2901 2462 2967 llematlt,
2487 2913 2543 2956 et
2575 2918 2666 2958 rex
2692 2902 2936 2972 Arpbad,
2967 2900 3127 2973 561
3191 2909 3246 2956 et
3273 2916 3367 2956 rex
3409 2900 3558 2955 urbis

1973 2995 2334 3065 Sapharvaim
2367 2997 2483 3050 Ana
2517 2993 2633 3068 [ΑΙ.
2663 2993 3018 3066 Sepharvaitn
3049 2992 3225 3066 Anea]
3257 3002 3309 3047 et
3361 2995 3474 3047 Ava
3497 2993 3550 3047 is

1974 3087 2198 3143 Eisdem
2234 3089 2413 3143 vetbis
2451 3089 2754 3156 eademque
2789 3089 3060 3144 sententia
3091 3088 3354 3158 scriptum
3383 3098 3465 3143 est
3497 3088 3553 3142 in

1965 3179 2184 3252 .chnm
2209 3191 2263 3236 et
2291 3180 2512 3237 Dierum
2542 3181 2838 3248 volumine,
2875 3182 3018 3252 quod
3068 3180 3348 3239 Rabsnces
3395 3184 3551 3251 juxta

1975 3271 2192 3328 Domini
2224 3275 2588 3337 voluntatem,
2612 3273 2952 3328 obsidionem
2985 3273 3291 3330 deseruerit
3327 3271 3553 3327 Jerusa-

1975 3367 2100 3435 letn,
2132 3375 2188 3422 et
2211 3368 2514 3437 perrexerit
2535 3365 2601 3420 ad
2634 3365 2913 3422 dominum
2941 3379 3125 3430 suum,
3145 3382 3330 3436 quem,
3357 3367 3436 3421 vel
3459 3367 3555 3422 deo

1975 3470 2144 3525 serta,
2187 3458 2270 3514 vel
2305 3467 2462 3527 capta
2487 3455 2708 3524 Lacbis,
2751 3459 2816 3511 ad
2852 3460 3268 3528 oppugnandam
3309 3457 3551 3513 Lobnam

1977 3555 2057 3608 ire
2085 3559 2437 3622 cognoverat.
2467 3553 2587 3622 Ipse
2617 3565 2833 3622 quoque
2870 3548 3245 3608 Senuacberib
3317 3555 3547 3610 audiens

1969 3643 2274 3697 .Taracbam
2301 3627 2480 3712 regem
2540 3640 2862 3711 Ethiopum
2916 3643 3116 3704 inferre
3162 3644 3264 3699 sibi
3324 3644 3550 3710 bellum,

1973 3735 2212 3789 occurrit
2243 3735 2505 3801 venienti,
2533 3747 2587 3791 et
2615 3735 2971 3794 nihilominus
3007 3736 3176 3790 mittit
3235 3737 3456 3792 nuntios
3483 3741 3550 3790 ad

1961 3822 2287 3890 .Etecbiam,
2323 3832 2379 3878 et
2400 3823 2694 3893 epistolas,
2725 3835 2935 3893 utquos
2959 3824 3186 3878 necdum
3222 3823 3431 3879 vitibus
3460 3839 3548 3879 cc-

1969 3925 2151 3986 .perat,
2191 3930 2443 3972 sermone
2478 3917 2829 3971 terreret..Et
2854 3916 3127 3985 quomodo
3147 3918 3346 3986 populo
3400 3919 3550 3970 dixe-

1958 4019 2055 4072 ,rat
2076 4046 2091 4074 ,
2125 4005 2250 4062 Non
2283 4017 2331 4062 te
2370 4007 2881 4076 decipiatlfzecltias
2913 4005 3019 4076 (IV
3052 4006 3171 4077 Reg.
3209 4021 3364 4071 xvm,
3420 4007 3511 4076 29)
3532 4047 3546 4072 ,

1971 4101 2162 4155 eadem
2181 4097 2526 4171 blasphemia
2561 4100 2804 4169 loquitur
2842 4101 2908 4153 ad
2940 4114 3154 4169 regem,
3198 4097 3321 4152 Non
3377 4108 3424 4154 te
3459 4101 3549 4153 de-

1969 4193 2135 4262 cipiat
2154 4193 2312 4254 .Deus
2345 4205 2466 4247 tuus
2495 4190 2601 4261 (ιγ
2631 4192 2756 4263 Reg.
2793 4208 2903 4258 xix,
2927 4193 3052 4261 ΑΟ).
3076 4192 3340 4262 ponitque
3367 4207 3548 4247 excutc

1971 4283 2057 4352 pla
2087 4283 2535 4353 majorum,qnod
2551 4282 2825 4354 quomodo
2853 4293 3078 4338 caeteras
3111 4289 3289 4337 terras
3313 4297 3420 4337 non
3447 4297 3548 4350 po-

1973 4374 2177 4430 tueriut
2206 4375 2436 4429 liberare
2467 4374 2540 4429 dii
2571 4374 2656 4432 sui
2692 4374 2760 4429 de
2817 4373 3072 4436 manibus
3101 4387 3314 4438 eorum,
3339 4373 3418 4427 sic
3447 4389 3546 4428 nec

272 4466 374 4521 sed
397 4478 501 4534 pro
527 4463 931 4533 reliquiis,qu:n
953 4461 1295 4517 obsidentur.
1327 4459 1560 4530 Cumque
1594 4463 1856 4518 venissent
1883 4459 1936 4515 ὀ
1959 4463 2263 4520 Jerusalem
2293 4465 2579 4521 liberetur.
2627 4466 2690 4521 ln
2715 4466 3128 4522 enumeratione
3183 4472 3364 4518 autem
3412 4479 3547 4533 geu-

273 4557 414 4613 servi
463 4556 599 4626 regis
658 4551 904 4609 Esca/tia:
961 4551 1031 4606 ad
1090 4551 1296 4608 Isaiam
1338 4568 1360 4607 :
1405 4567 1626 4608 rursum
1659 4569 1858 4624 nomen

275 4649 562 4720 prophetae
593 4647 857 4710 tacuit,ut
890 4654 1125 4715 coeptam
1159 4654 1409 4701 servaret
1458 4645 1856 4700 humilitatem.

274 4742 661 4810 Prazvenitque
695 4754 790 4796 eos
830 4737 1033 4794 Isaias:
1071 4738 1260 4793 eodem
1319 4737 1462 4794 enim
1529 4739 1722 4808 spiritu
1756 4754 1862 4810 quo

275 4834 464 4892 futura
499 4833 783 4897 noscebat,
815 4830 980 4886 etiam
1023 4828 1304 4888 absentem
1330 4843 1510 4898 regem
1572 4831 1857 4898 attdietat;

277 4938 329 4981 et
356 4927 495 4981 dicit
519 4925 648 4995 quid
676 4924 1006 4993 respondere
1042 4923 1304 4978 deberent
1341 4920 1573 4976 Domitio
1605 4938 1730 4987 suo,
1765 4924 1864 4976 btt-

278 5019 478 5076 miliati
514 5019 565 5072 in
604 5017 705 5074 ista
736 5017 932 5072 ﬁducia
977 5016 1328 5076 conscientiae.
1354 5015 1396 5067 ‘.
1431 5013 1633 5081 Dicite,
1666 5015 1857 5084 inqttit,

275 5113 509 5168 Domino
557 5119 750 5175 uestro,
787 5108 902 5178 .qni
960 5117 1144 5164 vester
1201 5115 1284 5162 est
1345 5105 1640 5170 dominus;
1705 5122 1861 5161 meus

275 5208 421 5262 enim
455 5206 571 5259 haec
601 5201 1044 5258 dicitDominus:
1085 5199 1201 5255 Noli
1237 5199 1430 5254 timere
1460 5201 1622 5254 verba
1658 5201 1859 5268 quibus

274 5316 380 5356 non
421 5307 500 5364 tu,
535 5297 633 5354 sed
661 5310 758 5366 ego
799 5309 921 5349 sum
948 5293 1380 5362 blasphematus.
1424 5289 1540 5346 Nec
1577 5291 1697 5347 dico
1734 5293 1856 5350 uni-

277 5409 432 5449 versa
467 5389 722 5460 qurercgi
752 5387 1102 5458 Assyriorum
1131 5387 1235 5442 sim
1266 5386 1510 5442 facturus
1571 5401 1641 5441 ne
1680 5402 1855 5442 meam

348 5556 366 5587 ⁸
389 5553 507 5608 Duo
532 5561 668 5616 vat.,
693 5549 985 5604 humilitati
1027 5547 1193 5599 mixta
1224 5545 1427 5614 ﬁducia
1493 5546 1852 5601 consrientiw.

274 5623 503 5693 Leviora
537 5622 785 5693 quaedam
814 5619 1352 5685 inlraetnett'lantns.

345 5692 456 5748 ’.ιιι
505 5686 613 5748 uno
666 5691 838 5746 Vatic.
901 5699 984 5742 est
1037 5702 1355 5757 uneagara:
1404 5692 1621 5742 codices
1675 5686 1848 5740 Cia-ci

277 5764 648 5836 ὰναγουγὰνα,
709 5773 1025 5832 anaguguna
1061 5775 1079 5812 .'
1116 5764 1306 5829 sicque
1375 5760 1504 5830 legit
1557 5758 1846 5816 Eusebius.

1968 4557 2101 4622 tium
2131 4565 2460 4614 exterarum
2495 4557 2650 4626 ponit
2675 4556 2935 4628 suumn)
2961 4566 3016 4614 et
3059 4571 3160 4610 Ανι
3195 4557 3380 4625 (τινι),
3406 4572 3544 4626 quas

1961 4647 2106 4703 LXX
2128 4649 2466 4708 miscuerunt
2495 4651 2759 4717 dicentes,
2788 4665 3093 4720 anaregaua
3118 4649 3162 4714 ',
3201 4647 3544 4718 conjunctio-

1963 4755 2337 4812 nemque,.et,
2369 4745 2419 4797 id
2447 4756 2551 4810 est,
2585 4760 2684 4797 van
2731 4743 2890 4798 inter
2925 4746 3058 4799 duas
3086 4752 3278 4812 gentes
3324 4741 3440 4794 Atta
3487 4752 3543 4796 et

1961 4836 2096 4902 Ara,
2131 4835 2314 4906 lingua
2346 4852 2580 4905 posuere
2607 4834 2856 4899 Hebraea,
2894 4846 2950 4890 ut
2994 4832 3374 4905 ignorantibus
3434 4847 3541 4886 una

1963 4940 2096 4997 gens
2137 4927 2386 4980 videatur
2417 4928 2745 4981 autcivitas.
2771 4926 3057 4980 Manifesta
3086 4926 3538 4990 transcurrimus,

1961 5029 2022 5082 ut
2052 5018 2306 5076 iudubiis
2339 5021 2719 5077 immorentur.
2773 5017 3055 5086 Pugnasse
3088 5025 3268 5071 autem
3321 5014 3539 5070 Setina-

1961 5113 2155 5167 cherib
2201 5127 2382 5182 regem
2416 5113 2792 5184 'Assyriorum
2844 5123 3038 5166 contra
3101 5109 3410 5180 Egyptios,
3485 5120 3541 5166 et

1963 5201 2243 5260 obsedisse
2279 5204 2838 5272 l’e‘usium,ja.nque
2886 5202 3184 5256 exstructis
3246 5201 3538 5270 aggeribus

1959 5297 2078 5352 urbi
2112 5297 2424 5365 capienda},
2439 5297 2652 5352 venisse
2677 5296 2976 5350 'l‘aracltam
3010 5311 3188 5366 regem
3211 5293 3534 5363 rEtbiopunt

1959 5387 2012 5441 itt
2043 5389 2329 5454 auxilium,
2357 5401 2413 5442 ct
2439 5405 2544 5444 una
2576 5399 2739 5443 nocte
2768 5387 2921 5458 juxta
2950 5386 3257 5444 Jerusalem
3312 5396 3536 5444 centum

1960 5550 2136 5617 Atque
2164 5548 2420 5602 haberem
2447 5550 2584 5604 unde
2605 5550 2891 5618 probarem
2914 5550 3225 5614 lectionem,
3249 5547 3294 5602 si
3327 5545 3535 5618 diceret

1959 5635 2290 5688 unugugavu,
2350 5618 2440 5671 ubi
2509 5617 2742 5674 matrima
2807 5623 2951 5677 inter
2998 5640 3027 5673 υ
3081 5629 3134 5676 ct
3167 5637 3194 5673 ν
3234 5617 3535 5675 similitudo

1961 5691 2284 5760 exscripmti
2318 5688 2496 5747 fraudi
2525 5706 2643 5747 esse
2673 5693 2866 5762 potuit.

3371 5885 3416 5896 ..ο
