3952 6180
268 294 481 397 “399

1532 326 1596 387 S.
1635 320 1955 385 EUSEBII

2024 316 2326 381 HIERON
2336 319 2435 381 YM
2447 316 2474 377 Ι

3547 311 3653 380 400

385 450 660 522 octoginta
687 446 927 520 quinque
958 446 1124 502 millia
1145 444 1414 501 exercitus
1436 442 1643 516 Assyrii
1666 440 1974 512 pestilentia
2008 445 2051 502 Α
2083 453 2268 494 vocem
2298 446 2472 505 tuam,
2504 444 2557 491 et
2590 435 2782 492 levasti
2817 433 3160 488 altitudinem
3212 432 3495 488 oculorum
3528 439 3656 487 tuo-

383 543 677 608 corruisse,
700 552 885 597 narrat
900 538 1226 603 llerodotus,
1249 547 1302 592 et
1322 535 1634 608 plenissime
1657 533 1891 590 Berosus
1914 532 1956 598 ¹,

381 634 691 690 Οιιειιάειὶοω
759 633 994 702 scriptor
1057 630 1344 699 historiae,
1416 640 1651 698 quorum
1705 624 1840 680 ﬁdes
1891 624 1959 679 de

383 724 625 796 propriis
653 722 811 778 libris
849 723 1078 791 petenda
1108 730 1213 776 est.

457 819 644 891 (νει-ε.
710 817 778 873 Η
827 817 1006 886 seqq.)
1047 833 1066 869 ι
1103 814 1169 871 Ει
1213 814 1333 871 tulit
1388 811 1652 869 Ezechias
1681 810 1855 867 libros
1895 808 1961 864 de

388 924 553 967 manu
593 909 933 974 nuntiorum,
959 915 1014 963 et
1059 906 1188 978 legit
1216 920 1312 962 eos
1341 921 1357 960 :
1391 912 1441 961 et
1474 901 1727 960 ascendit
1769 900 1822 955 in
1863 898 1961 955 do-

383 1018 533 1059 mum
570 1000 810 1067 Domini,
851 1009 905 1055 et
940 999 1201 1071 expendit
1248 1013 1345 1055 eos
1383 1011 1566 1053 coram
1621 992 1874 1058 Domino,
1908 998 1963 1048 et

290 1143 301 1165 ρ
384 1092 559 1154 oravit
607 1095 676 1151 ad
716 1093 1004 1149 Dominum
1051 1091 1289 1148 dicens:
1338 1089 1584 1156 Domine,
1612 1086 1961 1143 exercituum

382 1189 530 1244 Deus
558 1184 751 1250 lsrael,
784 1185 875 1253 qui
901 1183 1061 1239 sedes
1098 1196 1263 1252 super
1283 1179 1605 1246 Clterubim,
1648 1186 1709 1232 tu
1737 1174 1961 1232 esDeus

388 1278 540 1334 solus
590 1274 832 1331 omnium
878 1287 1173 1342 regnorum
1206 1282 1366 1326 terra:
1403 1287 1417 1325 :
1453 1279 1508 1325 tu
1580 1268 1726 1324 enim
1781 1265 1961 1322 fecisti

384 1367 594 1423 coelum
626 1374 682 1420 et
709 1375 933 1420 terram.
971 1362 1194 1430 inclina,
1225 1363 1470 1428 Domine,
1513 1375 1696 1416 aurem
1735 1368 1884 1415 tuam
1911 1370 1966 1414 et

393 1459 518 1513 audi
554 1473 568 1511 :
602 1456 773 1526 aperi,
808 1453 1057 1523 Domine,
1092 1453 1280 1510 oculos
1308 1463 1454 1519 tuos,
1484 1458 1538 1507 et
1572 1451 1716 1518 vide,
1753 1458 1810 1506 et
1837 1447 1965 1504 audi

386 1548 568 1603 omnia
611 1546 777 1602 verba
819 1543 1195 1601 Scnnacherib
1226 1559 1346 1615 qum
1387 1543 1539 1601 misit
1584 1542 1653 1600 ad
1707 1541 1964 1610 blasphe.

388 1639 647 1693 mandum
691 1636 858 1691 Deum
891 1636 1181 1692 viventem.
1206 1635 1369 1707 462
1406 1636 1547 1691 Vere
1581 1635 1751 1700 enim,
1788 1631 1969 1687 Domi-

389 1746 479 1792 ne,
523 1730 768 1784 desertas
800 1725 1051 1783 fecerunt
1091 1741 1252 1798 reges
1292 1727 1635 1799 Assyriorum
1687 1734 1863 1779 terras
1913 1721 1969 1779 et

2068 532 2213 596 rum,
2242 532 2308 585 ad
2351 529 2613 585 Sanctum
2667 527 2873 583 Israel?
2903 527 2962 581 lu
2998 542 3159 581 manu
3208 541 3496 582 servorum
3534 537 3656 580 tuo-

2064 638 2187 678 rum
2215 622 2559 692 exprobrasti
2591 620 2822 677 Domino
2855 630 2911 676 et
2942 620 3154 686 dixisti,
3206 619 3265 673 In
3307 618 3658 674 multitudine

2064 715 2446 787 quadrigarum
2489 729 2733 769 mearum
2778 727 2880 781 ego
2922 712 3142 768 ascendi
3185 710 3299 783 (Ai.
3335 710 3657 780 ascendam)

2064 807 2405 863 altitudinem
2475 806 2765 866 montium.
2807 804 2939 875 iuga
2996 803 3214 872 Libani,
3264 812 3323 858 et
3371 802 3655 858 succidam

2064 901 2281 956 excelsa
2367 900 2655 955 cedrorum
2697 903 2839 971 ejus,
2870 908 2926 954 et
2981 897 3184 954 electas
3223 897 3432 953 abietes
3489 896 3657 961 illius,

2063 992 2227 1065 563
2257 999 2311 1047 ct
2341 992 2580 1055 introibo
2617 991 2957 1047 altitudinem
2989 990 3320 1046 suntmitatis
3371 989 3510 1059 ejus,
3550 990 3659 1043 sal-

2068 1093 2180 1139 tum
2229 1080 2469 1139 Carmeli
2507 1082 2647 1152 ejus.
2687 1083 2797 1152 Ego
2849 1082 2980 1150 fodi,
3046 1092 3103 1137 et
3158 1081 3269 1137 bibi
3325 1095 3557 1151 aquam,
3602 1087 3659 1132 et

2066 1176 2336 1233 exsiccavi
2368 1177 2600 1246 vestigio
2627 1176 2781 1245 pedis
2806 1175 2912 1230 mei
2931 1189 3125 1229 omnes
3159 1174 3306 1231 rivos
3338 1188 3654 1244 aggerum.»

2068 1267 2204 1334 Quia
2243 1278 2352 1321 tam
2389 1269 2656 1323 audacter
2711 1267 2975 1324 Ezechias
3002 1267 3289 1322 Dominum
3330 1267 3656 1337 deprecatus

2067 1366 2173 1426 est,
2207 1373 2310 1415 nec
2337 1359 2485 1415 misit
2516 1359 2583 1414 ad
2615 1359 2834 1423 lsaiam,
2858 1369 2918 1413 ut
2944 1359 3100 1429 prius
3129 1359 3376 1423 miserat,
3404 1374 3510 1413 non
3541 1359 3659 1426 ipse

2068 1451 2341 1522 Propheta
2375 1450 2549 1520 pergit
2580 1451 2645 1504 ad
2692 1466 2839 1516 eum,
2870 1450 2964 1505 sed
2997 1449 3162 1505 mittit
3205 1450 3558 1519 nuntios.qui
3605 1448 3657 1502 ei

2070 1544 2318 1600 dicerent
2367 1543 2545 1598 verbis
2587 1542 2681 1597 llei
2735 1558 2751 1597 :
2797 1543 2973 1612 Super
3029 1540 3408 1596 Sennacherib
3464 1549 3658 1594 contra

2068 1653 2235 1709 quem
2270 1651 2452 1707 rogas.
2483 1634 2699 1691 Domini
2723 1638 2828 1691 ista
2850 1638 3115 1691 sententia
3149 1649 3271 1691 est:
3311 1634 3478 1703 Virgo
3496 1632 3656 1694 Sion,

2072 1740 2126 1785 et
2156 1730 2263 1784 tilia
2292 1727 2595 1784 Jerusalem
2631 1728 2773 1801 (qua:
2802 1729 2927 1784 ideo
2978 1730 3132 1799 virgo
3178 1727 3483 1799 appellatur
3511 1735 3564 1781 et
3597 1727 3659 1779 ti-

387 1822 637 1894 rcg'tones
667 1835 874 1888 earum,
928 1830 983 1875 et
1014 1823 1285 1875 dederunt
1319 1820 1448 1875 deos
1476 1833 1661 1874 earum
1689 1816 1837 1887 igni;
1861 1828 1968 1870 non
2003 1793 2045 1848 Β
2077 1821 2170 1887 lia,
2207 1821 2333 1890 quia
2389 1821 2606 1875 cunctis
2657 1819 2911 1889 gentibus
2961 1818 3255 1874 simulacra
3296 1817 3658 1872 adorantibus

389 1922 532 1974 cnim
572 1928 731 1974 erant
776 1917 875 1982 dii,
907 1918 1000 1972 sed
1044 1930 1211 1986 opera
1262 1926 1520 1967 manuum
1571 1910 1876 1972 hominum,
1905 1906 1972 1961 li~

399 2027 563 2081 gnum
601 2020 655 2065 et
695 2010 1023 2077 lapides;et
1068 2007 1504 2061 comminuerunt
1541 2017 1656 2058 eos.
1703 2001 1768 2055 Et
1803 2014 1970 2067 nunc,

403 2102 635 2156 Domine
682 2099 821 2154 Dcus
856 2110 1061 2162 noster,
1103 2097 1249 2154 salva
1285 2112 1384 2152 nos
1417 2096 1481 2151 de
1526 2108 1687 2148 ntanu
1719 2092 1838 2164 ejus
1869 2108 1884 2157 ;
1921 2098 1977 2147 et

394 2199 723 2260 cognoscant
771 2188 952 2244 omnia
996 2181 1163 2257 regna
1220 2195 1400 2251 terrae,
1435 2184 1564 2257 quia
1624 2192 1678 2237 tu
1732 2198 1793 2237 es
1825 2182 1971 2237 Deus

411 2282 582 2338 solus.
621 2300 639 2334 ι
675 2281 876 2336 Contra
903 2279 1275 2336 Sennacherib
1306 2279 1451 2348 regis
1481 2275 1847 2346 blasphemias
1884 2290 1975 2336 se-

401 2377 498 2431 lita
530 2374 790 2430 Ezechias
817 2389 966 2428 arma
1001 2372 1287 2443 corripuit.
1320 2370 1669 2440 Rursumque
1703 2369 1877 2439 pergit
1906 2367 1975 2422 ad

395 2468 700 2537 Templum,
732 2477 788 2520 et
816 2465 1084 2532 Epistolas
1114 2464 1233 2536 ejus
1278 2462 1542 2533 expandit
1570 2475 1755 2517 coram
1791 2459 1977 2515 Domi-

398 2577 491 2614 no.
522 2558 680 2614 Prius
728 2564 995 2621 tacuerat,
1028 2569 1136 2610 non
1184 2555 1332 2609 enim
1372 2553 1606 2609 audebat
1647 2552 1863 2608 Domini
1903 2551 1972 2606 ti-

400 2666 553 2706 more
608 2648 928 2717 perterritus
970 2648 1024 2702 in
1062 2648 1263 2717 templo
1313 2661 1408 2701 ora
1466 2660 1734 2712 reserare,
1769 2660 1872 2701 nec
1908 2645 1978 2700 li-

405 2746 573 2801 beras
607 2743 676 2798 ad
713 2742 881 2797 Deum
918 2752 1108 2810 preces
1157 2737 1401 2793 fundere.
1432 2735 1586 2792 Nunc
1624 2745 1806 2792 autem
1849 2734 1975 2804 quia

400 2835 510 2904 iam
555 2831 809 2888 audierat
842 2830 1038 2887 Isaiam
1080 2830 1348 2885 dicentem
1380 2845 1395 2882 :
1430 2827 1510 2882 Ne
1543 2830 1727 2882 timeas
1772 2844 1805 2882 a
1842 2826 1977 2897 {acie

402 2924 677 2980 verborum
700 2939 816 2994 qua:
838 2922 1062 2986 audisti,
1080 2920 1269 2993 quibus
1292 2920 1793 2988 blasphemnverunt
1822 2919 1977 2987 pueri

333 2996 359 3119 ξ
403 3018 543 3086 regis
594 3016 931 3087 Assyriorum
970 3031 1071 3076 me,
1111 3023 1165 3068 et
1205 3021 1404 3068 czetera
1439 3029 1453 3067 :
1492 3013 1750 3067 audacter
1795 3011 1979 3066 Domi-

2078 1913 2357 1968 hominum
2389 1919 2754 1974 mertuorum,
2787 1909 2901 1963 haec
2950 1911 3064 1963 sola
3112 1915 3405 1962 conservet
3435 1904 3659 1960 castita-

2077 2008 2187 2057 tem
2253 1998 2534 2070 religionis
2585 1997 2702 2065 Dei,
2741 2008 2794 2053 et
2831 1999 2991 2054 unius
3051 1999 3353 2053 divinitatis
3413 1993 3653 2063 cultum)

2076 2093 2435 2151 subsannavit
2472 2104 2524 2146 te
2558 2101 2722 2161 atque
2767 2094 3015 2163 despexit
3041 2109 3058 2157 ;
3083 2101 3136 2147 ct
3185 2107 3303 2162 quin
3343 2106 3411 2146 ne
3435 2092 3503 2145 ad
3540 2104 3661 2143 ma-

2071 2186 2247 2257 jorem
2291 2194 2345 2240 te
2389 2183 2782 2254 blasphemiam
2855 2184 3188 2249 concitaret,
3248 2182 3505 2252 praesenti
3550 2196 3658 2236 non

2077 2277 2454 2347 responderat,
2502 2287 2626 2346 post
2673 2282 2962 2331 aheuntem
3029 2280 3199 2330 movit
3254 2285 3422 2346 caput
3470 2289 3658 2333 suum.

2078 2381 2227 2426 certa
2268 2369 2336 2424 de
2384 2368 2626 2433 ultione,
2672 2383 2862 2423 secura
2909 2369 2975 2422 de
3011 2382 3189 2438 perna.
3229 2366 3291 2420 Et
3331 2370 3444 2421 hac
3480 2366 3663 2420 locuta

2077 2469 2163 2516 est
2193 2476 2207 2514 :
2243 2459 2362 2516 Non
2411 2471 2606 2516 contra
2641 2475 2750 2526 me,
2780 2461 2873 2515 sed
2911 2470 3105 2515 contra
3141 2457 3425 2513 Doninutn
3469 2473 3666 2527 super-

2077 2552 2226 2619 bisti,
2262 2566 2367 2608 nee
2422 2553 2538 2622 ipse
2569 2566 2664 2621 per
2693 2560 2765 2619 te,
2795 2551 2890 2606 sed
2935 2565 3032 2619 per
3054 2565 3242 2606 servos
3280 2559 3423 2618 tuos,
3451 2558 3517 2607 ut
3545 2565 3665 2604 ma-

2073 2645 2161 2715 jor
2208 2653 2355 2702 esset
2394 2644 2699 2714 arrogantia
2747 2642 3177 2714 blasphentantis
3205 2644 3249 2697 '.
3276 2642 3465 2697 Dixisti
3510 2644 3665 2697 enim

2080 2738 2226 2808 quod
2264 2737 2317 2791 in
2341 2737 2732 2808 quadrigarum
2767 2744 2984 2790 tuarum
3015 2734 3365 2790 multitudine
3396 2738 3668 2790 ascende.

2081 2844 2169 2886 res
2199 2828 2544 2884 altitudinem
2577 2829 2863 2895 montium,
2895 2840 2952 2883 et
2975 2827 3104 2898 juga
3134 2827 3352 2893 Libani,
3385 2836 3443 2884 et
3471 2830 3666 2886 excel.

2079 2938 2169 2979 sas
2220 2922 2533 2978 suceideres
2584 2923 2786 2977 'cedros
2834 2931 2998 2990 atque
3028 2922 3237 2979 abietes
3300 2922 3469 2978 illius.
3502 2923 3667 2989 Quod

2078 3015 2160 3071 vel
2185 3015 2251 3069 de
2270 3014 2484 3070 cunctis
2510 3013 2762 3083 gentibus
2792 3013 3182 3086 μεταφορικῶς
3205 3014 3660 3086 principibusque

340 3102 359 3131 ν’
409 3125 541 3163 num
568 3107 914 3179 deprecatur,
949 3112 1004 3159 et
1041 3105 1214 3159 solum
1284 3102 1449 3159 Deum
1500 3103 1699 3158 asserit
1755 3117 1877 3160 esse
1903 3104 2047 3191 vi-C
2080 3120 2265 3161 earum
2320 3106 2579 3160 debemus
2635 3105 2912 3174 accipere,
2946 3106 3030 3161 vel
3074 3106 3144 3163 de
3176 3106 3503 3172 Jerusalem,
3542 3123 3667 3177 quae

352 3208 357 3213 ‘
416 3211 630 3254 tentem
658 3216 675 3255 :
708 3213 827 3268 quae
854 3197 997 3252 idola
1049 3196 1408 3266 intelligimus
1439 3197 1704 3266 imagines
1742 3210 1987 3253 mortuo-
2011 3184 2047 3191 “
2080 3199 2472 3269 interpretatur
2501 3197 2760 3261 Libanus,
2794 3207 2853 3253 ut
2883 3197 3077 3254 cedros
3103 3184 3222 3267 ejus
3253 3209 3421 3269 atque
3451 3200 3668 3255 abietes

409 3308 551 3347 runt.
576 3290 837 3360 Quodque
868 3289 1056 3349 infert.
1093 3287 1223 3344 Vere
1260 3289 1423 3353 enim,
1470 3287 1716 3354 Domine,
1746 3294 1982 3351 desertas

370 3414 375 3417 -
406 3385 640 3452 fecerunt
684 3397 824 3453 reges
849 3382 1188 3451 Assyriorum
1213 3392 1403 3445 terras,
1432 3390 1481 3436 et
1514 3385 1750 3452 regiones
1780 3400 1983 3452 earum,

408 3486 456 3531 et
481 3475 736 3530 dederunt
777 3475 902 3530 deos
937 3490 1117 3528 earum
1161 3474 1316 3545 igni;
1358 3491 1459 3528 non
1512 3478 1650 3528 enim
1692 3484 1839 3529 erant
1883 3477 1985 3543 dit,

410 3570 499 3624 sed
524 3585 681 3638 opera
710 3582 965 3621 manuum
1002 3566 1297 3632 hominum,
1337 3565 1539 3634 lignum
1579 3575 1626 3620 et
1667 3564 1908 3635 lapides;
1935 3576 1985 3622 et

412 3663 834 3717 comminuerunt
873 3675 979 3723 eos,
1014 3658 1199 3713 multis
1221 3672 1234 3687 θ
1263 3658 1524 3728 probatur
1563 3657 1826 3725 historiis,
1868 3672 1988 3728 quas

412 3755 658 3810 scribunt
716 3768 868 3822 reges
923 3751 1210 3806 Persarum
1257 3751 1472 3806 venisse
1525 3749 1580 3805 in
1614 3749 1903 3818 Graeciam,
1934 3760 1990 3807 et

413 3848 747 3903 subvertisse
778 3855 944 3916 atque
978 3845 1244 3916 spoliasse
1267 3843 1464 3914 templa
1515 3842 1858 3913 Graecorum;
1912 3845 1993 3900 ul-

415 3939 729 4008 tionemque
780 3937 1037 4009 postulat,
1064 3946 1124 3992 ut
1159 3950 1256 4008 per
1291 3936 1638 3993 occasionem
1675 3936 1760 3994 sui
1805 3934 1990 3993 omnia

418 4047 579 4104 regna
628 4039 962 4101 cognoscant
1009 4028 1156 4100 quod
1205 4027 1356 4085 solus
1383 4027 1455 4085 sit
1500 4029 1664 4095 Deus,
1694 4028 1787 4100 qui
1822 4027 1995 4099 possit

417 4135 546 4175 suos
573 4123 640 4174 de
668 4119 982 4174 discrimine
1003 4117 1260 4175 liberare.

488 4209 668 4280 (Vers.
693 4209 756 4262 2i
787 4213 966 4279 seqq.)
1011 4226 1029 4259 ι
1054 4206 1203 4262 Misit
1229 4214 1411 4262 autem
1448 4205 1619 4262 lsaias
1646 4205 1756 4278 (At.
1781 4199 1990 4274 Josias)

423 4301 567 4355 ﬁlius
620 4299 783 4354 Amos
830 4300 896 4354 ad
947 4297 1236 4353 Ezechiam
1280 4297 1469 4354 dicens
1508 4313 1525 4352 :
1565 4296 1691 4354 llaec
1730 4298 1862 4353 dicit
1891 4297 1997 4355 Do-

423 4393 603 4448 minus
669 4390 815 4446 Deus
867 4389 1037 4446 lsrael
1072 4389 1224 4445 :Pro
1264 4388 1465 4459 quibus
1523 4389 1727 4460 rogasti
1790 4404 1876 4446 me
1927 4391 1994 4446 de

424 4481 800 4539 Sennacherib
861 4495 990 4552 rege
1047 4483 1421 4552 Assyriorum,
1476 4481 1579 4536 hoc
1629 4490 1719 4537 ’est
1765 4483 1991 4538 verbum

424 4581 566 4649 quod
607 4576 826 4630 locutus
856 4580 940 4628 est
968 4572 1229 4628 Dominus
1262 4586 1430 4642 super
1456 4586 1614 4628 eum:
1653 4572 1909 4645 Despexit
1942 4583 1996 4631 te

424 4682 476 4728 et
508 4665 864 4725 suhsaitnavit
896 4674 948 4721 te
966 4665 1120 4735 virgo
1148 4664 1256 4720 lilia
1292 4663 1447 4730 Sion,
1493 4675 1612 4735 post
1640 4665 1752 4737 (ΑΙ.
1778 4674 1998 4736 propte-

427 4764 542 4834 rea)
583 4772 634 4818 te
664 4769 829 4831 caput
860 4759 1030 4814 movit
1058 4757 1164 4812 lilia
1201 4756 1521 4814 Jerusalem.
1555 4758 1653 4814 Cui
1702 4758 1998 4829 exprobra-

430 4858 530 4921 sti,
562 4864 616 4911 et
644 4868 803 4925 quem
832 4850 1240 4923 blasphemasti,
1273 4860 1327 4907 et
1352 4866 1516 4922 super
1552 4866 1712 4922 quem
1747 4851 1998 4908 exaltasti

499 5033 518 5064 ⁸
558 5029 815 5088 Herodoti
863 5030 930 5086 de
967 5028 1335 5087 Senacheribo
1367 5028 1661 5100 Egyptum
1702 5029 2000 5090 invadente

426 5100 795 5158 testimonium
825 5102 992 5171 habes
1029 5101 1131 5156 lib.
1172 5115 1230 5171 tr,
1276 5115 1396 5171 cap.
1431 5102 1569 5171 ul.
1599 5101 1788 5156 Berosi
1819 5112 2000 5159 autem

430 5170 667 5242 Chaldmi
695 5170 860 5226 verba
880 5169 1358 5242 Josephnslaudat
1390 5170 1482 5225 Iih.
1511 5187 1544 5224 χ
1564 5171 1831 5242 Antiquit.
1875 5187 1998 5242 cap.

436 5244 491 5306 1,
521 5258 576 5295 ιι.
607 5239 665 5308 4,
698 5255 825 5309 qua},
847 5241 925 5294 sie
948 5238 1142 5296 La'tine
1176 5255 1236 5294 se
1268 5241 1467 5295 habent
1501 5258 1515 5295 :
1551 5258 1570 5292 ι
1601 5238 2002 5305 δειιὶιοιιθιίιιῐιε

436 5319 617 5366 autem
664 5311 733 5363 ab
764 5308 1083 5380 Egyptiaco
1110 5310 1274 5380 bello
1310 5321 1611 5376 revertens,
1652 5309 1877 5365 ol'l‘endit
1930 5313 2003 5370 ibi

431 5380 756 5443 exercitum,
774 5378 935 5450 quem
956 5378 1370 5450 subgliapsacis
1405 5381 1638 5449 imperio
1676 5382 1999 5450 reliquerat,

434 5460 584 5521 peste
634 5448 900 5521 divinitus
953 5448 1193 5504 immissa
1261 5448 1523 5516 deletum,
1580 5451 1756 5520 prima
1800 5448 2001 5518 ‘ttocte,

435 5519 784 5591 posteaquam
813 5519 1348 5591 urbem__oppugnare
1388 5519 1652 5590 Ctepcral,
1701 5521 2006 5590 absumptis

435 5588 829 5662 'cuntrducibus
856 5596 911 5645 et
943 5588 1419 5662 tribunis’ceutum
1450 5588 1729 5661 octaginta
1761 5588 2008 5662 quinque

435 5659 669 5715 millibus
702 5660 960 5716 militum.
997 5657 1113 5724 Qua
1168 5660 1322 5716 clade
1371 5657 1625 5725 territus,
1653 5670 1710 5716 et
1759 5657 1825 5717 de
1878 5657 2006 5717 reli-

436 5729 559 5800 quis
610 5730 782 5802 copiis
818 5730 1107 5796 sollicitus,
1162 5730 1413 5789 maximis
1465 5732 1754 5789 itineribus
1809 5734 1865 5789 in
1920 5748 2007 5789 ro-

2086 3290 2153 3344 ad
2200 3300 2450 3360 poteutes
2512 3305 2757 3361 quosque
2835 3299 2892 3346 et
2956 3293 3267 3359 optimates,
3317 3292 3667 3347 altitudinem

2088 3395 2221 3436 vero
2261 3381 2595 3436 sutnmitatis
2627 3382 2774 3437 illius
2816 3382 3126 3452 saltumque
3164 3382 3404 3437 Carmeli
3456 3382 3669 3438 refera-

2089 3488 2209 3527 mus
2241 3472 2306 3527 ad
2353 3472 2631 3542 templum.
2663 3473 2781 3543 Ipse
2830 3474 2977 3530 enim
3020 3489 3179 3543 supra
3209 3474 3442 3540 dixerat,
3491 3474 3666 3530 Num-

2091 3564 2217 3633 quid
2252 3579 2353 3617 ron
2382 3564 2579 3617 audisti
2611 3580 2727 3633 qua:
2760 3564 2992 3633 fecerunt
3017 3581 3161 3634 reges
3193 3565 3534 3637 Assyriorum
3556 3581 3673 3619 om-

2090 3655 2239 3709 nibus
2268 3654 2445 3721 terris,
2472 3671 2604 3725 quas
2629 3658 2992 3712 subuerterant
3018 3657 3044 3712 2
3075 3658 3218 3726 Ergo
3239 3673 3337 3712 nec
3375 3668 3431 3712 tu
3461 3659 3670 3728 poteris

2089 3746 2338 3802 liberari.
2368 3747 2632 3818 Quodque
2659 3747 2864 3818 'jnl‘ert,
2922 3748 3035 3820 Ego
3089 3750 3201 3819 [odi
3224 3759 3272 3804 et
3313 3749 3418 3803 bibi
3447 3765 3665 3819 aquam,

2097 3850 2147 3896 et
2172 3841 2430 3895 erasit-cavi
2455 3843 2674 3913 vestigio
2703 3845 2848 3912 pedis
2877 3843 2979 3897 mei
3016 3860 3193 3897 omnes
3228 3844 3367 3897 rivos
3397 3859 3669 3914 aggerum,

2088 3930 2243 4003 juxta
2276 3932 2559 3987 historiam
2586 3934 2689 3988 hoc
2720 3933 2948 4004 intelligi
2983 3943 3183 4004 potest,
3210 3932 3353 4005 quod
3389 3949 3501 4005 pra:
3519 3936 3674 3989 mul-

2094 4025 2327 4083 titudine
2377 4027 2670 4091 exercitus,
2703 4028 2888 4083 omnia
2940 4025 3145 4083 ﬂuenta
3173 4028 3558 4095 exsiccaverit,
3617 4039 3676 4083 ut

2095 4130 2288 4192 puteos
2308 4120 2411 4177 sibi
2450 4120 2636 4178 fodere
2672 4124 2743 4178 sit
2765 4123 3119 4193 compulsus;
3144 4124 3300 4195 juxta
3358 4123 3676 4180 translatio-

2099 4229 2247 4276 nem,
2284 4213 2432 4284 quod
2468 4229 2662 4270 omnes
2686 4215 3049 4286 populos,qui
3080 4218 3347 4272 interdum
3376 4218 3479 4273 sub
3505 4232 3677 4288 aqua-

2098 4322 2222 4362 rum
2255 4308 2480 4363 nomine
2504 4307 2916 4373 describuntur,
2950 4323 3052 4363 suo
3079 4310 3377 4364 vastaverit
3404 4310 3676 4364 exercitu.

2099 4398 2205 4455 Pro
2255 4414 2366 4470 quo
2411 4400 2512 4455 soli
2556 4398 2911 4471 Septuaginta
2966 4402 3388 4470 transtulerunt,
3415 4410 3467 4458 et
3523 4403 3679 4473 posui

2100 4498 2309 4559 pontem
2342 4489 2453 4560 (Al.
2486 4499 2769 4560 potentem,
2807 4490 2894 4545 vel
2944 4492 3309 4561 potestatem),
3344 4504 3392 4547 et
3442 4495 3681 4557 desertas

2103 4582 2209 4654 feci
2275 4599 2461 4652 aquas,
2498 4593 2547 4638 et
2587 4598 2794 4639 omnem
2847 4586 3308 4656 congregationem
3363 4599 3680 4658 aquarum:

2104 4673 2248 4744 quod
2274 4673 2484 4728 scilicet
2510 4674 2652 4729 nulla
2680 4675 2782 4730 sibi
2815 4691 2949 4746 gens
2972 4677 3119 4732 invia
3172 4675 3360 4741 fuerit,
3384 4679 3480 4733 sed
3512 4692 3685 4749 super

2105 4780 2295 4821 omnes
2323 4769 2644 4837 populorum
2678 4782 2848 4839 aquas
2877 4785 2977 4826 suo
3004 4771 3303 4827 calcaverit
3322 4771 3480 4843 pede.

2173 4858 2353 4929 (Vers.
2385 4859 2456 4927 26
2474 4862 2652 4931 seqq.)
2689 4879 2709 4913 ι
2738 4859 3015 4937 Numquid
3040 4879 3148 4919 non
3185 4864 3382 4922 audisti
3402 4878 3522 4936 qua
3550 4864 3685 4922 olim

2109 5050 2463 5120 guunthsuum
2500 5038 2783 5120 contendit
2816 5040 3140 5120 ad_regi_am,
3190 5058 3311 5120 qua:
3335 5044 3510 5102 Ninus
3538 5046 3687 5120 dicio

2111 5106 2221 5189 iur.
2259 5106 2358 5189 Ubi
2391 5109 2550 5189 paulo
2589 5121 2711 5189 post
2750 5126 2845 5189 per
2879 5106 3457 5189 insidiasiseuiorutn
3484 5130 3515 5189 e
3557 5118 3690 5174 [iliis

2109 5180 2244 5259 suis,
2279 5177 2662 5259 Adrame'leclti
2701 5177 2763 5234 et
2800 5181 3112 5259 selennari,
3146 5184 3321 5259 _vitam
3355 5185 3561 5253 amisit,
3591 5202 3689 5241 oc-

2111 5249 2269 5324 cisus
2302 5256 2358 5301 et
2404 5249 2636 5324 in_ipso_
2702 5253 2953 5319 sepultus
2992 5253 3198 5324 templo
3244 5256 3459 5322 Arasci,
3519 5249 3687 5324 quem

2112 5319 2383 5397 praecipuo
2409 5318 2560 5397 cultu
2586 5318 2931 5397 dignabatur.
2964 5318 3174 5388 Quibus
3193 5326 3282 5397 _ob
3319 5318 3689 5397 parricidium

2112 5403 2142 5466 ιι
2194 5388 2546 5466 pepttlaribus
2599 5393 2792 5466 pulsis,
2826 5388 3686 5466 etinArmeniam'fugientibus,

2113 5458 2526 5533 Assarachodas
2582 5460 2763 5533 minor
2823 5463 2964 5517 lilius
3021 5465 3075 5518 in
3134 5478 3361 5533 regnum
3390 5458 3686 5523 Successit.

2121 5527 2297 5601 Atque
2329 5530 2415 5582 hic
2452 5527 2551 5582 fuit
2606 5529 2768 5597 hujus
2800 5533 3160 5601 expeditionis
3191 5527 3396 5592 Exitus.
3427 5556 3447 5591 ι
3482 5536 3689 5595 Confer

2121 5596 2395 5668 Usscriunt
2435 5613 2664 5668 quoque
2682 5596 2749 5654 ad
2789 5596 2988 5657 annum
3022 5604 3204 5659 tnundi
3235 5607 3431 5663 4005.-

2149 5738 2159 5749 .
2189 5669 2208 5697 ²
2231 5666 2460 5751 Degerat
2480 5666 2607 5751 οΙιιιι
2652 5667 2927 5751 Eubulida.
2959 5683 3015 5730 ut
3047 5676 3221 5745 major
3249 5689 3387 5735 esset
3431 5690 3694 5751 arrogan-

2120 5738 2215 5805 tia,
2239 5738 2516 5792 Uominunt
2536 5739 2929 5809 Marp/tentasti.
