3952 6180
249 318 330 382 lOl

676 310 1179 381 COMMENTAR.
1222 318 1304 379 ΙΝ
1346 319 1615 381 ISAIAM
1659 320 2133 383 PROPHETAM
2174 321 2324 383 LIB.
2363 320 2473 397 XI,
2518 320 2682 383 CAP.
2721 320 3029 385 XXXVII.

3372 319 3479 385 402

252 436 443 489 fecerim
481 432 573 486 ei?
601 447 666 485 ex
718 432 911 486 diebus
944 431 1185 502 antiquis
1216 446 1318 504 ego
1348 432 1614 505 plasmavi
1645 431 1799 500 illud,
1829 449 1879 507 Δ
1907 433 1991 489 vel
2045 434 2283 490 maxime
2331 433 2611 504 prophetae
2660 434 2803 503 apud
2852 433 3106 504 populum
3161 447 3481 490 sermonum

246 521 386 597 5,65.
408 531 458 576 et
491 538 632 575 nunc
668 522 870 576 adduxi
904 538 1023 587 eos,
1056 532 1111 577 et
1147 522 1349 579 factum
1384 534 1469 580 est
1508 524 1564 580 in
1610 524 1795 581 eradi-

245 617 485 671 cationent
528 614 749 669 collium
814 615 1301 686 compngnantium
1332 655 1349 681 ,
1407 626 1463 672 et
1512 616 1794 677 civitatum

245 705 576 760 tnunitarum.
648 705 997 763 liabitatores
1046 722 1234 762 earum
1292 708 1545 764 breviata
1602 724 1791 778 manu,

245 808 685 864 contremuerunt,
716 808 771 853 et
805 798 1020 855 confusi
1070 810 1199 855 sunt
1235 819 1250 856 :
1284 800 1413 858 facti
1478 813 1606 858 sunt
1654 803 1799 860 sicut

248 893 405 945 fenum
433 891 571 959 agri,
604 900 659 943 et
694 904 916 960 gramen
970 906 1210 962 pascuae,
1237 902 1292 948 et
1319 893 1488 949 herba
1529 903 1795 951 tectorum

247 1000 349 1053 qua:
370 983 580 1039 exaruit
602 992 897 1053 antequam
934 994 1353 1042 maturesceret.
1390 986 1796 1047 liabitationem

247 1086 391 1143 tuam,
421 1084 474 1129 et
505 1090 787 1146 egressum
828 1085 1001 1144 tuum,
1031 1084 1088 1133 et
1117 1078 1395 1134 introitum
1422 1089 1572 1136 tuum
1597 1094 1797 1153 cogno-

245 1167 308 1227 vi.
325 1175 376 1222 et
401 1166 666 1221 insaniam
695 1176 843 1221 tuam
871 1177 1062 1223 contra
1086 1184 1195 1232 me,
1219 1184 1343 1224 cum
1364 1169 1581 1228 fureres
1601 1173 1797 1229 adver-

244 1275 349 1316 sum
382 1276 486 1315 me.
515 1258 785 1330 Superbia
814 1270 906 1314 tua
934 1262 1259 1318 aseenditiu
1296 1278 1457 1319 aures
1484 1280 1654 1333 meas,
1690 1280 1795 1337 po-

245 1369 353 1407 nam
384 1367 515 1423 ergo
543 1353 806 1408 circulum
842 1354 898 1408 in
938 1354 1168 1409 naribus
1217 1354 1344 1424 tuis,
1378 1366 1435 1412 et
1471 1355 1689 1413 frenum
1741 1359 1795 1414 in

242 1443 382 1501 labiis
404 1446 548 1501 tuis:
577 1456 634 1502 et
669 1447 924 1502 reducam
957 1457 1008 1503 te
1032 1447 1084 1502 in
1116 1447 1260 1503 viam
1288 1465 1386 1520 per
1415 1465 1580 1522 quam
1610 1451 1795 1508 venis—

243 1537 297 1592 ti.
319 1556 336 1587 ι
365 1536 486 1592 Haec
508 1552 572 1592 ex
601 1553 827 1609 persona
854 1538 949 1594 Dei
985 1551 1174 1596 contra
1217 1542 1382 1598 verba
1413 1543 1625 1614 Assyrii
1667 1559 1796 1600 sen-

244 1627 405 1683 tieada
426 1638 581 1696 sunt,
607 1630 748 1700 quod
784 1630 852 1684 ad
881 1631 1274 1700 blasphemiam
1301 1632 1422 1705 ejus
1453 1635 1534 1689 sic
1571 1649 1798 1706 respon-

241 1721 366 1777 derit
390 1722 651 1777 Dominus
682 1739 699 1778 :
727 1721 867 1776 Num
906 1729 1126 1793 ignoras
1151 1725 1294 1794 quod
1341 1726 1458 1781 hate
1488 1741 1608 1797 quas
1634 1725 1795 1783 fecis-

244 1814 296 1877 ti,
323 1829 432 1868 mea
479 1814 675 1871 feceris
722 1816 1024 1880 voluntate,
1059 1829 1113 1873 et
1147 1833 1247 1887 ego
1296 1818 1413 1875 haec
1443 1818 1626 1875 futura
1658 1836 1796 1890 pra.»
1827 1824 1872 1886 Β

241 1905 478 1972 dixerim,
509 1921 574 1962 ac
624 1922 723 1977 per
776 1917 828 1963 te
878 1907 1125 1967 facienda
1180 1911 1799 1984 mandaverimiltaque

242 1998 370 2067 quod
416 2001 548 2054 olim
593 2000 833 2065 decrevi,
866 2000 970 2056 hoc
1010 2001 1287 2070 espletum
1322 2012 1404 2059 est
1444 2014 1708 2075 tempore,
1741 2016 1799 2062 ut

239 2092 413 2157 colles,
440 2093 493 2148 id
549 2102 637 2147 est
696 2093 966 2164 principes
1001 2096 1095 2165 qui
1137 2095 1282 2152 inter
1321 2109 1381 2153 se
1413 2106 1543 2153 ante
1592 2113 1796 2170 pugna-

239 2183 376 2249 bant,
415 2193 471 2238 et
528 2184 780 2241 civitates
839 2186 1247 2255 munitissimae,
1308 2204 1398 2244 me
1439 2192 1801 2247 eontrahente

241 2292 442 2331 manum
509 2293 714 2343 meam,
750 2292 848 2335 nec
897 2278 1117 2334 solitum
1175 2280 1453 2350 prabente
1508 2282 1798 2349 auxilium,

239 2369 636 2425 eradicarentur
680 2381 736 2425 et
786 2370 1274 2427 eontremiscerent
1294 2413 1310 2437 ,
1341 2387 1405 2429 ac
1433 2374 1676 2442 perirent
1702 2392 1717 2431 :
1746 2384 1802 2430 et

238 2470 698 2533 compararentur,
749 2478 859 2519 non
898 2463 1053 2519 olivae
1091 2474 1147 2520 et
1171 2466 1364 2529 vincte,
1397 2464 1803 2541 fructuosisque

240 2558 535 2621 arboribus,
556 2558 651 2612 sed
679 2556 805 2613 fcuo
828 2566 883 2613 et
900 2557 1156 2629 gramini,
1183 2558 1483 2630 herbisque
1501 2560 1799 2625 domatnm,

243 2662 350 2715 qua:
394 2647 651 2717 frugibus
701 2650 1098 2719 impedimento
1127 2659 1253 2706 sunt
1297 2663 1353 2707 et
1382 2660 1509 2707 ante
1561 2667 1804 2710 marces-

240 2751 378 2805 cunt,
416 2756 585 2810 quam
615 2745 682 2795 ad
714 2741 1079 2797 maturitatem
1115 2744 1464 2814 perveniant.
1511 2744 1700 2815 Itaque
1748 2752 1803 2800 et

240 2836 554 2899 sessionem,
586 2845 641 2889 et
697 2849 997 2905 egressum,
1028 2844 1085 2891 et
1126 2836 1413 2892 introitum
1473 2846 1623 2893 tuum
1675 2848 1806 2895 ante

237 2927 478 2995 cognovi,
512 2936 570 2982 et
598 2928 865 2983 insaniam
898 2944 1005 2997 qua
1034 2938 1226 2984 contra
1260 2945 1347 2986 me
1369 2930 1803 2988 debacchatnrus

239 3032 371 3085 eras,
408 3020 696 3089 prophetis
740 3020 1175 3087 vaticinantibus,
1214 3037 1335 3077 sum
1377 3022 1592 3080 locutus
1620 3024 1803 3094 (supra

233 3125 261 3162 e
291 3112 474 3182 p.xnt)
497 3127 515 3166 :
540 3125 635 3180 per
662 3126 799 3181 quos
826 3112 957 3165 olim
980 3114 1253 3167 dicturum
1277 3126 1399 3168 esse
1428 3121 1481 3168 te
1506 3129 1801 3170 noveram:

1902 539 2130 581 suorum
2193 525 2469 581 habebant
2511 524 2674 581 fidem
2717 541 2735 581 :
2771 527 2900 594 quia
2933 540 3041 580 non
3082 525 3254 581 solum
3305 525 3485 580 dehis

1898 632 2021 688 qua:
2055 618 2224 672 multa
2251 626 2371 688 post
2407 617 2605 673 saecula
2642 616 2825 673 futura
2854 627 3032 685 erant,
3058 618 3151 673 sed
3180 618 3343 672 etiam
3364 632 3485 683 qua

1899 709 1954 764 in
1981 708 2308 776 continenti,
2346 717 2545 779 etpost
2578 723 2687 765 non
2720 710 2925 779 grande
2958 711 3215 778 temporis
3246 707 3483 779 spatium

1900 812 2089 860 essent
2118 801 2419 872 implenda,
2446 801 2826 858 memorabant
2854 820 2870 858 :
2896 813 2950 858 et
2980 803 3124 872 quod
3166 801 3307 857 intra
3333 803 3487 856 bien-

1899 894 2072 960 nium,
2098 900 2152 949 et
2197 909 2294 949 rex
2325 894 2581 962 Assyrius
2633 895 2909 958 interiret,
2941 903 2996 949 et
3024 895 3145 949 urbi
3181 892 3483 950 Jerusalem

1898 987 2169 1044 securitas
2203 988 2551 1043 redderetur.
2596 985 2711 1043 Hoc
2751 988 2880 1053 erit,
2905 986 3106 1058 inquit,
3140 990 3353 1057 signum
3388 1003 3484 1041 eo-

1899 1094 2021 1135 rum
2070 1092 2190 1150 quze
2227 1077 2412 1133 futura
2442 1080 2773 1149 prmnttutio,
2798 1080 2944 1148 quod
2991 1079 3095 1133 hoc
3121 1095 3267 1133 anno
3298 1094 3361 1157 ea
3392 1093 3487 1133 co—

1897 1173 2105 1239 medas,
2129 1187 2252 1242 quae
2279 1180 2474 1242 sponte
2506 1180 2813 1227 nascuntur
2837 1172 2980 1243 (sive
3002 1172 3158 1242 juxta
3181 1171 3348 1238 LXX,
3371 1187 3487 1243 qua:

1897 1264 2046 1334 prius
2073 1264 2507 1335 severas).Anno
2540 1271 2723 1319 autem
2755 1264 3023 1332 secundo,
3049 1265 3205 1334 juxta
3238 1264 3490 1336 Symma-

1899 1357 2086 1422 chum,
2114 1357 2282 1425 pomis
2338 1371 2563 1423 vescere,
2594 1355 2906 1424 sive,juxta
2965 1356 3208 1421 eosdem,
3245 1371 3367 1426 qua:
3418 1355 3488 1412 de

1898 1448 2187 1521 praeteritis
2215 1448 2515 1522 segetibus,
2550 1457 2606 1504 et
2637 1446 2871 1505 cadente
2915 1448 2970 1503 in
3003 1456 3216 1503 terram
3251 1447 3487 1514 semine,

1898 1540 2309 1610 pullulaveriut.
2377 1539 2447 1596 In
2503 1555 2647 1595 anno
2678 1548 2856 1594 autem
2912 1540 3093 1606 tertio,
3144 1538 3331 1612 fugato
3374 1539 3487 1610 jam

1897 1633 2122 1705 Assyrio
2153 1641 2208 1689 et
2238 1632 2527 1689 obsidione
2557 1632 2766 1702 laxata,
2813 1633 3095 1697 seminate,
3130 1640 3180 1686 et
3210 1634 3408 1697 metite,
3439 1640 3491 1687 et

1896 1730 2135 1798 plantate
2166 1727 2366 1794 vineas,
2421 1734 2474 1780 et
2520 1725 2726 1800 fruetus
2766 1739 2953 1778 earum
2996 1725 3271 1780 comedile.
3308 1723 3492 1794 Siqui-

1899 1822 2020 1877 dem
2052 1834 2233 1889 parvas
2280 1818 2430 1875 urbis
2462 1817 2620 1888 hujus
2652 1816 2916 1888 reliquiae;
2943 1830 3066 1886 qua:
3102 1831 3250 1873 nunc
3292 1817 3489 1873 hostili

1902 1911 2177 1967 vallantur
2234 1909 2507 1975 exercitu,
2537 1920 2595 1965 et
2650 1922 2913 1965 evasuras
2941 1921 3002 1963 se
3036 1921 3160 1964 esse
3216 1922 3328 1964 non
3366 1924 3493 1965 cre-

1900 2002 2057 2068 dunt,
2083 2011 2291 2057 tantam
2318 2001 2583 2073 recipient
2601 2014 2782 2058 rerum
2802 2000 3051 2056 omnium
3082 2001 3480 2058 abundantiam

1904 2108 1971 2150 ac
1996 2093 2337 2159 felicitatetn,
2356 2102 2415 2149 ut
2444 2092 2621 2149 instar
2648 2092 2861 2149 arboris
2896 2092 3005 2147 alta
3043 2094 3229 2150 radice
3258 2093 3492 2150 fundatae

1900 2187 2077 2260 pomis
2113 2186 2451 2243 densissimis
2480 2186 2831 2255 impleantur.
2869 2186 2943 2241 De
2966 2184 3269 2241 Jerusalem
3301 2188 3471 2251 enim,
3534 2222 3537 2223 ν

1901 2291 1956 2338 et
1978 2281 2047 2338 de
2070 2290 2254 2337 monte
2268 2279 2399 2336 Sion
2422 2279 2774 2350 egredientur
2792 2279 3060 2349 reliquiae,
3082 2288 3143 2335 et
3172 2279 3483 2350 implebunt

1904 2384 2105 2430 terram
2147 2372 2412 2438 Judaeam,
2444 2386 2552 2428 non
2587 2386 2687 2428 suo
2719 2371 2937 2440 merito,
2975 2373 3070 2428 sed
3122 2372 3217 2427 Dei
3262 2374 3483 2429 miseri-

1903 2465 2114 2533 cordia,
2150 2465 2322 2520 immo
2365 2463 2485 2520 zelo
2530 2464 2676 2536 quod
2722 2465 2985 2520 adversus
3042 2464 3239 2534 impios
3286 2466 3494 2533 zelatns
3581 2476 3592 2487 ’

1902 2563 1987 2611 est
2017 2554 2277 2626 populum
2304 2568 2489 2611 suum.

1974 2641 2159 2714 (Vers.
2189 2644 2281 2713 53,
2324 2644 2441 2716 54.)
2487 2643 2813 2716 «Propterea
2882 2645 2999 2701 haec
3047 2644 3182 2701 dicit
3229 2645 3495 2704 Dominus

1903 2732 1971 2790 de
1996 2747 2125 2804 rege
2156 2734 2509 2805 Assyriorum
2549 2753 2564 2791 :
2596 2733 2714 2791 Non
2747 2736 3000 2791 introibit
3021 2735 3297 2793 civitatem
3330 2738 3493 2804 hanc,

1903 2835 1962 2885 et
1998 2840 2105 2883 non
2136 2827 2308 2897 jaciet
2351 2826 2426 2883 ibi
2468 2828 2747 2899 sagittam,
2774 2843 2876 2885 nec
2906 2829 3202 2900 occupabit
3228 2844 3349 2886 eam
3376 2818 3515 2902 ely;

1905 2933 2062 2990 peus,
2097 2926 2157 2974 et
2185 2933 2292 2979 non
2324 2920 2502 2975 mittet
2531 2920 2583 2974 in
2616 2920 2848 2976 circuitu
2876 2922 2994 2993 ejus
3026 2937 3303 2993 aggerem.
3326 2920 3384 2977 lu
3408 2924 3492 2978 via

1914 3025 2024 3080 qua
2055 3011 2262 3074 veniet,
2294 3025 2394 3082 per
2421 3026 2542 3067 eam
2576 3021 2906 3080 revertetur,
2926 3022 2983 3068 et
3012 3014 3202 3067 urbem
3228 3015 3369 3069 hanc
3387 3028 3495 3068 non

1907 3101 2269 3168 ingredietur,
2289 3092 2422 3157 dicit
2458 3103 2720 3158 Dominus
2749 3120 2767 3159 :
2796 3112 3187 3175 protegamque
3214 3106 3495 3160 civitatem

236 3201 294 3254 la
318 3179 506 3258 calum
538 3179 820 3258 ascendam
845 3220 864 3259 :
899 3221 1053 3274 super
1077 3206 1256 3261 sidera
1279 3205 1396 3260 caeli
1434 3223 1627 3273 ponam
1660 3208 1804 3263 thre-

1909 3193 2095 3263 istam,
2122 3203 2179 3249 et
2212 3194 2434 3251 salvabo
2458 3211 2579 3250 eam
2603 3206 2827 3266 propter
2858 3212 2966 3263 me,
2986 3207 3038 3253 et
3069 3209 3293 3269 propter
3322 3198 3494 3253 David

238 3310 349 3349 vum
376 3312 575 3361 meum,
595 3310 785 3365 eraque
808 3296 997 3349 similis
1027 3296 1303 3351 Altissimo
1346 3298 1531 3366 (supra
1548 3313 1665 3364 xw,
1689 3299 1801 3370 Η).

240 3383 421 3455 itaque
450 3386 611 3442 furor
639 3399 789 3451 tuus,
820 3397 874 3441 et
903 3388 1156 3457 superbia
1188 3398 1278 3442 tua
1315 3388 1565 3456 pervenit
1609 3389 1663 3443 in
1711 3404 1809 3443 au-

240 3490 319 3531 res
340 3494 517 3542 meas.
541 3487 599 3533 et
631 3492 975 3547 nequaquam
1013 3478 1154 3534 ultra
1189 3488 1241 3533 te
1271 3480 1521 3549 portabo,
1556 3490 1616 3535 ut
1651 3480 1807 3536 intel-

232 3567 377 3637 ligas,
404 3569 555 3639 quod
578 3569 830 3639 potuisti,
858 3585 964 3624 non
993 3570 1103 3626 tuis
1124 3572 1367 3641 potuisse
1387 3572 1677 3637 teviribus,
1711 3575 1806 3628 sed

235 3675 346 3714 meo
370 3660 627 3716 arbitrio.
682 3657 1033 3730 Morabantur
1102 3661 1246 3716 enim
1290 3662 1471 3732 impiae
1514 3672 1724 3733 gentes,
1754 3672 1809 3717 et

233 3753 581 3811 infructuosae
621 3754 871 3818 arbores,
897 3765 957 3807 ut
990 3769 1086 3823 per
1140 3765 1213 3821 te,
1243 3757 1399 3825 quasi
1456 3756 1690 3811 securim
1753 3765 1808 3810 et

233 3860 436 3899 serram
491 3860 701 3912 meam,
730 3847 1143 3900 succiderentur
1193 3856 1248 3900 et
1305 3849 1580 3902 caderent.
1620 3846 1809 3917 itaque

230 3954 420 4007 ponam
449 3939 724 3996 circulum
782 3940 900 3995 sive
947 3941 1197 3995 ebamum
1232 3940 1285 3993 in
1330 3940 1552 3996 naribus
1584 3940 1713 4005 tuis,
1751 3949 1808 3995 ut

232 4029 660 4101 blasphemantia
693 4030 803 4102 (Al.
843 4030 1361 4102 blasphemautiam)
1408 4046 1503 4086 ora
1537 4031 1809 4086 constrin-

231 4138 369 4189 gun,
400 4133 455 4177 et
505 4138 848 4192 nequaquam
890 4123 1031 4177 ultra
1072 4123 1195 4177 talia
1236 4122 1383 4192 loqui
1424 4124 1651 4191 audeas,
1701 4123 1808 4179 fre-

228 4231 468 4286 uumque
527 4216 768 4287 injiciam
822 4217 980 4272 labiis
1031 4218 1156 4282 tuis,
1189 4218 1332 4286 quod
1369 4227 1513 4270 tuam
1546 4216 1807 4271 ferociam

228 4304 426 4371 domet,
456 4316 517 4359 et
547 4313 598 4360 te
636 4305 857 4360 reducat
888 4305 940 4359 in
984 4306 1262 4376 Assyrios.
1293 4305 1408 4372 Qua
1449 4306 1810 4362 translatione

137 4447 141 4450 .
226 4403 279 4448 et
310 4398 362 4451 in
392 4396 639 4452 Psalmis
670 4406 864 4452 contra
896 4397 1093 4466 impios
1117 4396 1400 4467 Scriptura
1432 4399 1677 4452 abutitur
1704 4416 1717 4452 :
1741 4397 1810 4453 In

1908 3299 2126 3341 servum
2161 3300 2363 3365 meum.
2391 3304 2411 3338 ι
2445 3287 2757 3342 “evertitur
2789 3289 2856 3342 ad
2891 3292 3258 3360 propositum,
3288 3302 3345 3347 et
3373 3302 3499 3361 post

1910 3373 2225 3430 futurorum
2268 3391 2422 3446 spem
2474 3388 2798 3448 prmsentem
2859 3383 3068 3435 excutit
3121 3392 3345 3439 metum.
3379 3382 3495 3439 Non

1907 3466 2054 3521 enim
2089 3476 2211 3522 erat
2262 3478 2412 3522 tanta
2448 3469 2640 3525 iaetitia
2683 3486 2852 3541 super
2882 3472 2972 3528 his
3009 3489 3132 3543 qua:
3177 3477 3338 3545 longo
3375 3486 3498 3545 post

1909 3570 2156 3630 tempore
2200 3572 2431 3618 ventura
2477 3564 2826 3633 promiserat,
2867 3577 3071 3636 quanta
3125 3581 3257 3622 cura
3291 3572 3358 3624 de
3397 3570 3498 3623 im-

1910 3652 2267 3710 minentibus.
2313 3654 2468 3721 Quod
2512 3668 2691 3710 autem
2742 3656 2879 3711 dicit
2915 3658 3198 3729 Assyrium
3249 3673 3497 3714 recessu-

1910 3758 2056 3809 rum,
2091 3759 2192 3800 nec
2232 3747 2542 3802 levaturum
2582 3746 2750 3819 466
2790 3756 2985 3803 contra
3036 3749 3337 3806 Jerusalem
3383 3750 3498 3821 cly-
3568 3771 3575 3779 ·

1910 3853 2100 3908 peutu,
2135 3854 2234 3893 nec
2285 3839 2460 3909 iacula
2510 3841 2833 3908 missurum,
2868 3856 3040 3910 neque
3072 3842 3263 3898 urbem
3311 3842 3497 3897 muni-

1914 3929 2156 3984 tionibus
2190 3938 2467 4003 etaggere
2494 3945 2615 3986 esse
2653 3934 2980 3999 vallandam,
3010 3934 3496 4003 adversariumque

1911 4034 2009 4091 per
2041 4023 2185 4076 viam
2238 4037 2343 4092 qua
2388 4033 2618 4078 venerat
2659 4039 3035 4091 reversurum,
3064 4035 3120 4081 et
3159 4024 3494 4080 liberandam

1913 4116 2194 4170 civitatem
2228 4116 2514 4172 obsidione
2558 4119 2847 4187 praesenti,
2873 4126 2927 4173 et
2968 4120 3035 4172 ad
3069 4129 3376 4173 extremum
3418 4118 3498 4173 in-

1911 4206 2020 4262 fert
2051 4226 2065 4262 :
2090 4208 2318 4278 Propter
2342 4225 2421 4262 me
2442 4223 2493 4264 et
2518 4222 2731 4279 propter
2758 4210 2924 4263 Uavid
2952 4224 3156 4264 servum
3200 4226 3395 4276 meum,
3430 4210 3497 4263 il-

1911 4300 2003 4355 lud
2056 4303 2350 4371 significat,
2386 4307 2533 4373 quod
2582 4320 2689 4359 non
2734 4308 2930 4359 merito
2962 4319 3083 4368 suo,
3121 4305 3214 4359 sed
3246 4303 3341 4358 Dei
3388 4304 3499 4358 cle-

1913 4396 2118 4449 mentia
2175 4406 2592 4463 conserventur,
2647 4398 2815 4451 immo
2861 4396 3034 4467 patris
3081 4410 3271 4451 eorum
3324 4395 3497 4450 David

225 4490 253 4558 f
272 4507 366 4543 eno
397 4503 446 4544 et
488 4489 679 4543 cliamo
712 4488 965 4542 maxillas
1003 4505 1185 4542 eorum
1236 4490 1557 4559 constringe,
1582 4490 1672 4561 qui
1704 4506 1806 4545 non
1843 4514 1888 4571 ι)
1916 4486 2205 4543 memoria.
2244 4488 2301 4542 lu
2339 4504 2447 4558 quo
2480 4488 2848 4544 admonentur
2880 4500 2936 4543 et
2970 4504 3084 4544 suae
3132 4489 3495 4560 negligentia;

227 4584 653 4650 appropinquant
679 4579 771 4634 tibi
802 4578 975 4650 (Psal.
1004 4594 1155 4645 XXXI,
1195 4580 1275 4647 9).

293 4672 489 4741 (Vers.
520 4672 590 4726 50
627 4672 811 4741 seqq.)
845 4687 866 4723 ι
898 4668 1020 4725 Tibi
1054 4679 1234 4724 autem
1268 4672 1371 4726 hoc
1401 4672 1505 4727 erit
1535 4672 1748 4743 signum
1792 4688 1807 4724 :

231 4763 474 4820 Comede
509 4767 613 4819 hoc
640 4764 810 4836 15,65
842 4779 989 4818 anno
1023 4778 1144 4834 qure
1181 4775 1377 4833 sponte
1404 4776 1725 4830 nascuntur,
1757 4776 1815 4825 et

225 4859 277 4912 in
317 4874 471 4913 anno
538 4857 776 4912 secundo
822 4855 1001 4927 pomis
1039 4869 1264 4910 vescere
1296 4873 1311 4910 :
1342 4857 1396 4909 in
1439 4871 1584 4911 anno
1623 4866 1809 4937 autem

227 4951 385 5005 tertio
444 4951 742 5015 seminate,
773 4958 829 5005 et
875 4950 1081 5014 metite,
1126 4958 1182 5004 et
1226 4950 1469 5020 plautate
1518 4952 1725 5015 vineas,
1758 4962 1813 5006 et

224 5044 502 5099 comedite
534 5041 767 5097 fructum
796 5056 1012 5098 earum.
1044 5042 1109 5096 Et
1156 5044 1337 5097 mittet
1372 5044 1423 5096 id
1458 5045 1603 5112 quod
1632 5042 1811 5098 salva-

226 5144 335 5189 tum
366 5135 543 5191 fuerit
587 5136 655 5190 de
704 5134 867 5189 domo
892 5134 1056 5200 Juda,
1084 5144 1137 5189 et
1175 5137 1316 5204 quod
1376 5136 1640 5206 reliquum
1708 5146 1811 5202 est,

222 5229 472 5283 radicem
513 5226 796 5293 deorsum,
833 5234 887 5280 et
926 5226 1093 5281 faciet
1145 5225 1378 5281 fructum
1411 5243 1649 5293 sursum,
1685 5229 1812 5298 quia

225 5320 292 5373 de
316 5318 639 5375 Jerusalem
670 5317 899 5373 exibunt
921 5317 1188 5389 reliquiae,
1212 5328 1265 5373 et
1294 5320 1521 5375 salvatio
1540 5321 1605 5375 de
1629 5332 1813 5376 monte

228 5406 384 5466 Sion.
417 5408 589 5463 Zelus
617 5407 833 5462 Domini
857 5409 1201 5463 exercituum
1242 5408 1407 5464 faciet
1437 5411 1603 5466 istud.
1630 5430 1649 5464 ι
1685 5408 1814 5466 0m-

225 5502 309 5555 nia
339 5503 466 5557 haec
502 5500 769 5571 Propheta
816 5516 911 5570 per
958 5503 1179 5558 nuntios
1215 5503 1281 5557 ad
1316 5504 1602 5559 Ezeeltiam
1636 5504 1812 5574 loqui-

222 5601 331 5660 tur,
385 5592 530 5664 quid
584 5592 959 5648 Senuacherib
1005 5593 1219 5660 dixerit,
1262 5596 1389 5664 quid
1449 5596 1498 5651 ei
1550 5595 1810 5653 Dominus

222 5686 581 5757 responderit
615 5702 632 5743 :
683 5702 825 5740 nunc
853 5684 920 5740 ad
969 5685 1146 5757 ipsum
1179 5681 1489 5744 sermonem
1550 5689 1706 5753 facit,
1735 5705 1809 5745 ne

221 5776 461 5835 lorsitan
504 5778 718 5835 dubitet
745 5787 971 5835 ventura
1001 5794 1122 5849 qua:
1145 5779 1286 5836 dicta
1317 5791 1460 5839 sunt.
1498 5781 1562 5838 Et
1601 5782 1805 5839 ideirco

1914 4586 1971 4632 et
2010 4578 2154 4633 illius
2181 4578 2304 4634 lidei
2344 4588 2506 4649 atque
2537 4579 2789 4648 justiti-.12,
2826 4579 2974 4649 quod
3013 4578 3068 4633 in
3096 4588 3302 4633 tantum
3331 4577 3499 4647 justi-

1918 4672 2051 4727 tiam
2103 4671 2303 4743 'diiigat
2359 4672 2523 4740 Deus,
2560 4673 2809 4728 utetiam
2870 4684 3122 4743 posteros
3181 4680 3493 4726 sanctorum

1917 4765 2228 4831 hominum,
2272 4779 2381 4820 non
2410 4780 2513 4822 suo
2563 4766 2784 4832 merito,
2815 4769 2909 4821 s’ed
2975 4764 3247 4832 majorum
3297 4762 3497 4815 virtute

1916 4863 2157 4911 tueatur.

1986 4947 2168 5018 (Vers.
2202 4949 2273 5003 ’56
2319 4949 2499 5020 seqq.i
2547 4970 2565 5002 ι
2604 4949 2873 5022 Egressus
2913 4958 2995 5003 est
3041 4959 3222 5002 autem
3268 4947 3495 5018 angelus
3544 4978 3588 5017 ,ε

1916 5040 2049 5105 Dei,
2091 5049 2142 5094 et
2192 5041 2466 5112 percussit
2521 5042 2574 5095 in
2622 5043 2822 5097 castris
2877 5040 3220 5110 Assyriorum
3271 5048 3492 5094 centum
3540 5034 3593 5112 ,2"

1915 5132 2190 5202 octoginta
2220 5132 2460 5202 quinque
2493 5132 2657 5186 millia
2689 5148 2704 5187 :
2736 5140 2790 5185 et
2820 5139 3183 5185 surrexerunt
3224 5144 3404 5197 tuane,
3440 5143 3497 5186 et
3542 5125 3591 5187 ’.ἰθ

1914 5239 2043 5281 ecce
2086 5226 2264 5280 omnia
2315 5226 2585 5281 cadavera
2622 5236 2983 5280 mortuorum.
3027 5223 3093 5278 Et
3123 5238 3380 5294 egressus
3408 5236 3497 5279 est

1912 5329 1968 5374 et
1999 5320 2153 5383 abiit,
2184 5329 2237 5375 et
2278 5334 2535 5375 reversus
2579 5328 2663 5373 est
2705 5318 3080 5373 Senuaeherib
3115 5334 3207 5372 rex
3237 5317 3495 5388 Assyrio-

1913 5426 2056 5478 rum,
2092 5420 2147 5466 et
2194 5410 2463 5465 habitavit
2512 5410 2568 5463 in
2621 5408 2839 5464 Ninive.
2883 5411 2949 5465 Et
2995 5410 3195 5465 factum
3243 5419 3327 5465 est
3371 5423 3494 5462 cum

1914 5501 2171 5557 adoraret
2200 5502 2253 5556 in
2297 5503 2497 5572 templo
2529 5498 2770 5556 Nesraclt
2805 5501 2972 5556 Deum
3016 5517 3198 5566 suttm,
3234 5499 3498 5554 Adramc—

1913 5594 2031 5649 leeh
2062 5603 2116 5648 et
2139 5595 2391 5659 Sarasar,
2422 5595 2514 5647 filii
2544 5593 2685 5664 ejus,
2710 5602 3101 5665 percusserunt
3126 5609 3250 5648 eum
3275 5591 3495 5663 gladio,
3524 5601 3532 5610 '

1915 5689 2276 5757 fugeruntque
2310 5689 2361 5741 in
2399 5699 2598 5742 terram
2634 5684 2866 5752 Ararat;
2905 5699 2957 5744 et
2987 5687 3231 5758 regnavit
3256 5685 3500 5741 Asarad-

1914 5782 2022 5840 don
2056 5782 2200 5840 filius
2231 5782 2347 5852 ejus
2382 5798 2480 5851 pro
2509 5796 2591 5838 eo.
2629 5800 2644 5833 ι
2686 5780 2919 5838 Centum
2956 5781 3226 5853 octOgiuta
3261 5780 3500 5851 quinque
