3952 6180
427 369 537 437 403

1599 365 1659 426 S.
1706 363 2017 428 EUSEBII
2076 362 2518 428 HIERONYM'I

3587 368 3693 434 ιθι

437 486 608 544 millia
646 483 1070 542 fortissimorum
1110 484 1349 540 virorum
1393 482 1462 538 ab
1501 499 1610 540 uno
1656 482 1866 554 angelo,
1909 497 2012 537 una
2042 489 2086 546 Α
2126 484 2411 542 Dominum
2448 485 2630 543 ﬂectat
2673 486 2998 542 sententiam
3031 483 3170 556 ejus.
3199 486 3351 554 Quod
3385 487 3609 558 quidem
3642 497 3696 542 et

437 585 602 635 nocte
651 576 954 642 caeduntur,
991 585 1051 630 et
1093 573 1298 643 absque
1337 572 1657 629 vulneribus
1701 572 2008 627 occisorum

435 683 588 724 mors
627 682 770 723 saeva
819 667 1097 732 discurrit,
1132 665 1429 720 exc-ludens
1467 681 1496 718 a
1534 663 1855 734 corporibus
1897 663 2012 718 ani~

435 776 574 823 mas,
614 760 706 814 Dei
745 759 1045 814 voluntate.
1099 757 1274 827 Super
1327 771 1436 827 quo
1483 757 1535 811 in
1583 755 2012 826 Paralipomenis

431 851 629 920 legitur
667 869 680 904 :
720 849 790 904 Et
826 851 966 904 misit
1005 850 1272 904 Dominus-
1317 849 1584 919 angelum,
1631 849 1720 917 qui
1756 847 2012 917 percussit

429 959 631 994 onmem
659 943 824 996 virum
867 942 1161 1008 robustum,
1206 951 1253 994 et
1288 941 1612 1004 bellatorem,
1644 949 1692 992 et
1726 939 2012 1008 principem

427 1035 684 1088 exercitus
743 1036 878 1104 regis
936 1034 1285 1104 Assyriorum‘
1315 1049 1334 1088 :
1375 1045 1712 1102 reversusque
1759 1043 2012 1086 cereum

427 1123 714 1191 ignominia
746 1125 800 1177 in
828 1133 1023 1178 terram
1051 1141 1212 1178 suam
1233 1123 1317 1194 (II
1339 1123 1530 1178 Paral.
1556 1132 1727 1187 xxxii,
1753 1123 1868 1195 2i).
1907 1122 2009 1190 Qui

428 1218 632 1270 idcirco
689 1228 940 1271 servatus
994 1227 1099 1282 est,
1143 1226 1200 1270 ut
1245 1218 1412 1272 sciret
1452 1216 1748 1285 potentiam
1799 1215 1918 1279 Dei,
1957 1225 2012 1271 et

429 1306 860 1375 blaSphcmantia
908 1321 1002 1361 ora
1049 1308 1438 1376 comprimeret
1481 1324 1496 1362 :
1540 1310 1808 1377 lieretque
1853 1310 2008 1363 testis

431 1397 574 1450 illius
620 1398 938 1468 ntajcstatis,
980 1413 1139 1468 quem
1192 1399 1354 1468 paulo
1403 1408 1530 1454 ante
1575 1408 2005 1469 contempserat.

431 1489 585 1554 Quod
643 1499 821 1544 autem
885 1490 1063 1544 intulit
1108 1509 1122 1546 :
1171 1490 1242 1544 Et
1287 1503 1626 1546 surrexerunt
1677 1501 1863 1556 mane,
1921 1490 2016 1545 vel-

431 1581 730 1647 Israelitas,
764 1582 846 1636 vel
885 1582 1128 1652 reliquos
1163 1584 1436 1638 exercitus
1469 1585 1588 1653 ejus
1621 1583 1956 1653 accipiamus
1985 1601 2012 1639 :»

429 1675 555 1728 licet
598 1675 652 1729 in
696 1673 900 1744 Regum
948 1676 1208 1745 scriptum
1245 1675 1320 1729 sit
1362 1675 1658 1740 volumine,
1694 1676 2003 1745 quodcum

431 1768 546 1835 ipse
585 1784 677 1821 rex
725 1767 966 1823 diluculo
999 1769 1350 1833 surrexisset,
1388 1769 1519 1821 vidit
1562 1767 1750 1822 omnia
1777 1781 2005 1836 corpora

428 1870 762 1914 mortuorum
792 1856 915 1928 (III
942 1857 1067 1929 Reg.
1098 1859 1236 1927 xix).
1261 1858 1471 1912 Pharao
1499 1871 1714 1926 quoque
1742 1859 1794 1911 in
1823 1859 2005 1912 decem

428 1950 647 2021 Αῐεγριί
704 1961 959 2005 servatur
1016 1951 1214 2018 plagis,
1267 1957 1325 2001 ut
1378 1948 1710 2002 novissimus
1761 1957 2005 2017 pereat’:

427 2045 571 2114 quod
618 2053 673 2098 et
721 2043 826 2098 iste
858 2057 1052 2112 passus
1082 2039 1195 2112 [ΑΙ.
1231 2039 1512 2113 passurus]
1554 2049 1658 2097 est.
1691 2040 1824 2094 Cum
1860 2039 2006 2093 enim

430 2151 683 2192 reversus
708 2146 855 2191 esset
886 2135 941 2188 in
971 2131 1202 2186 Niniven
1236 2133 1422 2186 urbem
1457 2132 1684 2199 primam
1719 2131 1865 2202 regni
1895 2130 2006 2195 sui,

427 2239 481 2283 et
517 2229 770 2284 adoraret
802 2227 856 2280 in
918 2225 1118 2294 templo
1149 2222 1389 2279 Nesraeh
1427 2223 1592 2278 Deum
1630 2237 1816 2284 suum,
1849 2221 2006 2290 quasi

428 2319 719 2374 victoriam
750 2319 819 2372 de
845 2317 1094 2372 hostibus
1125 2325 1453 2384 reportaret,
1482 2326 1537 2368 et
1567 2313 1848 2368 delubrum
1879 2311 2007 2366 idoli

428 2409 510 2462 sui
565 2409 907 2477 triumphans
952 2417 1004 2461 ct
1046 2407 1480 2479 gratulabundus
1522 2405 1834 2466 incederet,
1878 2418 2009 2456 con-

348 2549 354 2553 .
431 2512 666 2570 temptor
700 2500 810 2554 veri
857 2499 950 2555 Dei
1004 2502 1057 2553 in
1111 2498 1239 2553 fano
1289 2497 1408 2553 l‘alsi
1453 2497 1566 2568 [ΑΙ.
1620 2495 1728 2567 sui]
1768 2495 2006 2550 numinis

430 2592 783 2646 trucidatur:
827 2605 928 2646 nec
978 2590 1167 2658 Angeli
1227 2588 1372 2659 perit
1430 2587 1645 2658 gladio,
1696 2585 1840 2655 quod
1887 2594 2007 2639 erat

428 2701 718 2744 commune
773 2700 894 2740 cum
941 2683 1227 2754 pluribus,
1279 2681 1374 2737 sed
1419 2679 1705 2749 parricidio
1747 2679 2000 2732 ﬁliorum.

428 2779 530 2845 Qui
576 2794 700 2833 cum
748 2777 1013 2845 fugissent
1043 2773 1098 2828 in
1141 2783 1342 2828 terram
1382 2772 1598 2832 Ararat,
1629 2770 1772 2838 quod
1807 2766 2006 2827 intelli-

427 2871 572 2939 gitur
618 2869 901 2932 Armenia,
935 2865 1201 2920 successit
1241 2865 1294 2918 in
1335 2863 1506 2932 patris
1545 2861 1726 2916 locant
1769 2858 2006 2914 Asarad-

425 2965 556 3027 don,
590 2973 750 3032 quem
783 2959 946 3031 467
983 2957 1266 3026 Scriptura
1315 2963 1545 3010 testatur
1592 2953 1804 3008 misisse
1849 2952 2005 3007 habi-

430 3063 636 3108 tatores
696 3050 1000 3106 Samariam
1044 3051 1097 3115 ⁸,
1156 3063 1227 3102 ne
1286 3056 1433 3102 terra
1485 3055 1732 3100 maneret
1780 3044 2003 3102 inculta.

2075 617 2084 624 ο
2118 579 2172 633 in
2218 576 2352 632 ana
2398 580 2666 647 propheta
2705 580 2955 651 legimus.
2988 589 3043 632 et
3089 581 3140 633 in
3181 580 3697 634 comminationibus

2117 673 2306 725 eontra
2345 670 2513 725 DaVid
2548 677 2667 740 quae
2692 669 2950 726 dicuntur
2983 671 3184 732 futura,
3216 685 3316 724 nec
3355 669 3498 725 facta
3543 681 3694 734 sunt,

2116 773 2219 815 non
2264 761 2375 816 Deo
2415 768 2658 818 mutante
2694 761 3047 825 sententiam,
3079 763 3176 816 sed
3220 771 3552 830 provocante
3593 761 3698 815 hn-

2115 859 2336 907 mauum
2367 861 2544 924 genas
2576 854 2642 908 ad
2673 854 2921 908 noritiam
2965 853 3072 909 sui.
3107 853 3364 907 Dominus
3396 854 3543 908 enim
3575 868 3697 922 pm.

2117 943 2297 1000 nitens
2347 955 2432 1000 est
2487 953 2650 1014 Super
2702 945 2944 1000 malitiis.
2994 944 3380 1014 Convenitque
3411 945 3700 1001 -Ezcchias

2115 1034 2308 1091 faciem
2356 1049 2511 1090 suam
2559 1036 2624 1091 a'd
2681 1037 2964 1106 parietem,
3003 1037 3127 1104 quia
3168 1037 3236 1090 ad
3283 1035 3563 1106 Templum
3617 1038 3700 1091 ire

2114 1139 2223 1180 non
2277 1134 2490 1196 poterat
2525 1126 2640 1184 :ad
2691 1127 2952 1196 parietem
3003 1137 3186 1181 autem
3238 1126 3485 1197 Templi,
3533 1128 3698 1197 juvta

2111 1217 2257 1284 quod
2297 1215 2552 1270 Salomon
2597 1216 2867 1286 palatium
2903 1225 3285 1282 exstruxerat';
3327 1217 3410 1270 vel
3440 1215 3701 1270 absolute

2111 1306 2175 1359 ad
2222 1306 2508 1374 parietem,
2542 1321 2612 1360 ne
2658 1306 2926 1377 lactynms
2955 1320 3082 1361 suas
3111 1306 3476 1361 assidentibus
3508 1319 3702 1361 osten-

2114 1405 2240 1452 tare
2272 1398 2575 1453 videretur.
2608 1399 2717 1452 Aut
2764 1409 2913 1453 certe
2954 1397 3106 1467 juxta
3146 1396 3456 1463 Ieremiam,
3491 1399 3562 1452 ad
3605 1416 3702 1452 cor

2109 1506 2302 1556 suum;
2329 1491 2420 1560 qui
2463 1506 2553 1546 cut
2591 1491 2758 1568 (pip),
2792 1490 2843 1546 id
2874 1499 2959 1547 est
2989 1493 3263 1560 parietem,
3294 1505 3389 1546 cor
3428 1489 3700 1561 appellat,

2111 1586 2168 1629 nt
2219 1587 2328 1631 tota
2380 1589 2562 1635 mente
2621 1580 2908 1635 Dominum
2967 1581 3374 1650 deprecaretur.
3427 1581 3494 1636 Et
3554 1584 3636 1636 ait
3679 1601 3696 1636 :

2109 1668 2350 1735 Obsecro,
2385 1669 2627 1735 Domine,
2664 1681 2942 1736 memento,
2972 1687 3172 1742 quaso,
3202 1673 3462 1741 quomodo
3504 1677 3698 1727 amor

2109 1761 2324 1816 laverim
2353 1779 2532 1817 coram
2564 1772 2614 1817 te
2646 1763 2703 1817 in
2741 1764 2981 1829 veritate,
3022 1774 3068 1818 et
3102 1765 3164 1817 in
3186 1767 3341 1819 corde
3368 1767 3616 1836 perfecto,
3644 1779 3708 1821 et

2106 1853 2246 1920 quod
2288 1853 2481 1907 bonum
2528 1854 2686 1908 estin
2723 1854 2889 1909 oculis
2924 1858 3028 1910 tuis
3064 1857 3295 1924 fecerim.
3335 1860 3696 1926 Antheusque

2107 1957 2167 1998 se
2199 1959 2325 1998 esse
2366 1947 2713 2011 moriturum,
2749 1961 2855 2001 non
2912 1958 3169 2016 precatur
3200 1950 3377 2002 vitam
3414 1958 3466 2003 ct
3512 1965 3697 2005 annos

2107 2034 2392 2104 plurimos,
2430 2037 2537 2092 sed
2572 2038 2625 2092 in
2666 2037 2761 2092 Dei
2806 2037 3018 2107 judicio
3058 2039 3186 2106 quid
3231 2039 3362 2094 velit
3405 2051 3698 2110 pra‘stare,

2108 2125 2352 2182 dimittit.
2387 2127 2562 2199 468
2583 2128 2821 2185 Noverat
2855 2131 3000 2185 enim
3042 2131 3248 2184 idcirco
3279 2128 3388 2186 Deo
3419 2133 3696 2201 placuisse

2108 2217 2630 2290 Salomouem,quod
2659 2236 2830 2276 annos
2855 2221 2976 2276 vita:
2995 2237 3100 2276 non
3128 2221 3342 2291 petierit
3361 2223 3693 2293 ampliores;

2107 2310 2200 2365 sed
2233 2310 2412 2366 iturus
2440 2311 2506 2366 ad
2541 2311 2848 2379 Dominum,
2879 2324 3056 2368 narrat
3089 2327 3251 2384 opera
3271 2329 3388 2380 sua,
3411 2317 3697 2384 quomodo

2109 2403 2474 2458 ambulaverit
2514 2418 2699 2458 coram
2736 2419 2803 2458 eo
2836 2405 2886 2458 in
2918 2405 3148 2460 veritate
3177 2416 3232 2460 et
3261 2407 3311 2460 in
3357 2407 3524 2461 corde
3574 2423 3695 2476 pcr-

2110 2495 2272 2549 lccto.
2319 2494 2470 2550 Felix
2519 2496 2890 2560 conscientia,
2939 2511 3058 2566 quae
3101 2497 3403 2551 alIlictionis
3449 2507 3696 2565 tempore

2106 2585 2369 2642 bonorum
2420 2587 2644 2657 operum
2697 2587 3062 2642 recordatur:
3102 2588 3254 2642 Beati
3297 2591 3440 2643 enim
3491 2593 3696 2643 mundo

2106 2682 2283 2744 corde,
2315 2682 2577 2750 ,quoniam
2629 2683 2727 2749 ipsi
2777 2681 2942 2735 Herm:
2987 2681 3233 2735 videbunt:
3270 2681 3492 2747 (Matth.
3523 2698 3576 2748 v,
3611 2683 3693 2748 8).

2106 2773 2168 2828 Et
2204 2775 2420 2840 quando
2450 2775 2577 2828 alibi
2608 2776 2627 2805 ⁸
2668 2774 2930 2830 scribitur
2956 2793 2970 2829 :
2998 2777 3130 2840 Quis
3159 2777 3472 2845 gloriabitur
3498 2795 3693 2846 parum

2105 2867 2298 2921 habere
2344 2882 2395 2920 te
2443 2882 2534 2920 cor
2573 2866 2752 2938 (Prov.
2803 2880 2908 2928 xx.
2957 2867 3050 2937 9)?
3097 2869 3255 2935 Quod
3292 2869 3364 2924 ita
3410 2869 3690 2925 solvitur:

2108 2957 2499 3028 perfectionem
2552 2961 2734 3014 cordis
2783 2960 2838 3014 in
2885 2975 2952 3015 eo
3013 2975 3156 3016 nunc
3199 2961 3331 3027 dici,
3365 2965 3510 3030 quod
3551 2963 3693 3018 idola

2108 3048 2462 3113 destruxerit,
2497 3050 2679 3122 templi
2727 3051 2856 3104 Baal
2899 3067 3028 3106 vasa
3075 3054 3422 3121 perverterit,
3460 3063 3687 3125 serpen-

428 3145 630 3198 Ararat
657 3150 845 3196 autem
874 3137 1022 3207 regio
1057 3137 1110 3192 in
1138 3137 1399 3190 Armenia
1431 3135 1752 3203 campestris
1780 3142 1884 3198 est,
1912 3147 2007 3202 per

2113 3150 2216 3194 tem
2265 3156 2477 3196 aeneum
2513 3141 2922 3204 comminuerit,
2974 3153 3029 3196 ct
3081 3153 3274 3198 caetera
3332 3143 3526 3199 fecerit
3571 3161 3694 3216 quae

428 3250 590 3302 quam
638 3236 850 3288 Araxes
893 3230 1032 3295 ﬂuit,
1083 3229 1420 3286 incredibilis
1465 3229 1751 3293 ubertatis,
1799 3229 1864 3283 ad
1920 3244 2007 3282 ra-

428 3330 577 3383 dices
623 3323 788 3381 Tauri
842 3323 1079 3390 montis,
1126 3323 1216 3391 qui
1269 3335 1439 3390 usque
1493 3321 1620 3374 illuc
1672 3320 2001 3375 extenditur.

432 3421 570 3489 Ergo
599 3427 655 3473 et
686 3417 827 3473 Area
871 3417 921 3470 in
963 3429 1068 3484 qua
1115 3413 1379 3468 liberatus
1410 3425 1493 3467 est
1522 3399 1788 3468 Noe'eum
1824 3413 2006 3468 liberis

431 3511 568 3574 suis,
608 3518 856 3565 cessante
901 3507 1126 3570 diluvio,
1161 3522 1265 3560 non
1317 3507 1385 3559 ad
1429 3516 1640 3560 montes
1683 3505 2007 3574 generaliter

431 3605 701 3659 Armeniae
751 3600 930 3657 delata
983 3598 1096 3672 {AL
1144 3597 1346 3670 deleta]
1395 3607 1500 3662 est,
1539 3613 1658 3667 qua:
1707 3597 2008 3667 appellatur

431 3701 664 3762 Ararat,
710 3693 806 3750 sed
860 3695 926 3746 ad
988 3701 1205 3748 montes
1258 3689 1482 3746 Tauri’
1533 3691 1862 3756 altissimos,
1911 3690 2005 3759 qui

381 3842 392 3850 _
430 3793 628 3843 Ararat
655 3787 941 3842 imminent
969 3785 1198 3854 campis.

504 3879 674 3949 (Cap.
705 3875 996 3932 XXXVIII.
1030 3905 1101 3918 ——
1133 3872 1290 3930 Vers.
1343 3874 1365 3928 1
1403 3875 1583 3944 seqq.)
1642 3892 1660 3926 ι
1705 3874 1764 3929 In
1817 3875 2011 3932 diebus

430 3974 537 4028 illis
582 3971 866 4042 :egrotavit
911 3967 1178 4023 Ezechias
1227 3983 1399 4038 usque
1431 3968 1499 4020 ad
1534 3977 1801 4034 mortem;
1834 3978 1888 4022 et
1922 3967 2007 4021 in-

431 4067 591 4121 travit
622 4065 687 4120 ad
720 4080 843 4119 eum
881 4064 1052 4120 lsaias
1085 4063 1227 4118 (ilius
1258 4065 1424 4119 Amos
1462 4061 1753 4133 prepbeta,
1781 4071 1838 4117 et
1871 4063 2012 4116 dixit

430 4163 480 4216 ei
514 4177 527 4215 :
562 4158 686 4214 [hec
717 4158 850 4214 dicit
891 4157 1196 4212 Dominus:
1229 4155 1463 4222 Dispone
1500 4154 1684 4209 domui
1723 4164 1848 4220 tuae,
1881 4154 2009 4224 quia

436 4253 686 4306 morieris
735 4259 789 4304 tu
839 4260 894 4306 et
948 4266 1055 4305 non
1107 4250 1274 4303 vives.
1317 4246 1386 4302 Et
1430 4246 1701 4303 convertit
1747 4246 2008 4302 Ezechias

436 4342 627 4397 faciem
672 4357 824 4397 suam
870 4339 938 4394 ad
981 4340 1269 4410 parietem,
1299 4346 1354 4392 et
1391 4335 1568 4391 oravit
1597 4337 1662 4389 ad
1698 4333 2007 4400 Dominmn,

432 4444 486 4489 et
537 4432 723 4488 dixit:
773 4429 1052 4496 Obsecro,
1105 4429 1370 4494 Domine,
1425 4430 1732 4492 memento‘,
1784 4440 2007 4497 quaeso,

2111 3231 2395 3299 Scriptura
2431 3243 2841 3289 commemorat.
2887 3231 3060 3289 Flevit
3093 3244 3274 3290 autem
3308 3235 3437 3291 ﬂetu
3467 3251 3690 3308 magno,

2109 3333 2326 3392 propter
2383 3324 2804 3393 promissionem
2869 3325 3085 3380 Domini
3150 3326 3218 3381 ad
3271 3327 3471 3394 David,
3525 3345 3694 3398 quam

2109 3413 2323 3468 videbat
2356 3414 2410 3468 in
2441 3429 2539 3471 sua
2583 3426 2761 3470 morte
2783 3416 3132 3486 z-perituram.
3168 3417 3247 3472 Eo
3273 3419 3415 3473 enim
3448 3429 3694 3488 tempore

2109 3503 2372 3559 Ezechias
2398 3503 2538 3561 ﬁlios
2563 3521 2669 3561 non
2693 3507 2955 3574 habebat;
2996 3521 3118 3562 nam
3157 3517 3282 3578 post
3311 3519 3542 3565 mortem
3571 3512 3694 3580 ejus

2108 3595 2404 3662 Manasses,
2445 3612 2568 3652 cum
2613 3599 2897 3653 duodecim
2945 3607 3093 3654 esset
3127 3615 3426 3667 annorum,
3463 3617 3695 3672 regnare

2109 3689 2274 3758 coepit
2311 3690 2363 3743 in
2403 3688 2613 3744 Judaea.
2653 3687 2727 3744 Ex
2765 3703 2873 3759 quo
2913 3692 3256 3760 perspicuum
3285 3705 3389 3760 est,
3423 3705 3549 3764 post
3577 3707 3694 3750 ter-

2111 3781 2246 3834 tium
2290 3795 2494 3835 annum
2529 3795 2805 3837 concessae
2836 3783 2960 3838 vitae
2991 3783 3281 3839 Manassen
3311 3798 3435 3840 esse
3462 3801 3693 3855 genera-

2111 3879 2244 3925 tum.
2284 3871 2428 3941 Ergo
2468 3874 2569 3928 istc
2609 3875 2787 3928 omnis
2827 3882 2911 3930 est
2957 3875 3138 3941 ﬂetus,
3174 3875 3319 3945 quod
3366 3876 3700 3947 desperabat

2109 3965 2386 4021 Christum
2419 3966 2485 4021 de
2524 3981 2624 4021 suo
2656 3967 2864 4022 semine
2892 3964 3252 4024 nasciturum.
3281 3969 3386 4024 Alii
3417 3981 3696 4036 asserunt,

2109 4059 2362 4128 quamvis
2409 4069 2633 4115 sanctos
2682 4059 2826 4116 viros
2871 4068 3047 4116 morte
3095 4062 3311 4128 terreri,
3344 4073 3565 4133 propter
3611 4064 3702 4117 in-

2109 4156 2318 4202 certum
2367 4147 2560 4217 iudicii
2599 4146 2642 4213 δ,
2682 4158 2738 4203 et
2782 4149 3178 4220 ignorationem
3229 4154 3518 4209 sententiae
3567 4153 3697 4221 Dei,

2109 4255 2274 4310 quam
2319 4240 2504 4294 sedem
2538 4240 2778 4296 habituri
2818 4243 2950 4296 sint.
2991 4241 3278 4313 Simulque
3319 4243 3414 4300 fati
3456 4248 3699 4315 quastio

2111 4333 2363 4398 solvitur,
2403 4347 2468 4387 ac
2515 4333 2860 4388 necessitatis
2899 4333 3115 4390 vincula
3161 4345 3324 4407 atque
3372 4351 3696 4404 causarum,

2110 4426 2254 4496 quod
2305 4439 2649 4496 nequaquam
2695 4425 2813 4481 dies
2863 4427 3054 4484 mortis
3101 4428 3335 4500 singulis
3381 4431 3700 4498 prtestituta

432 4526 708 4596 quomodo
751 4524 1142 4580 ambulaverim
1171 4537 1358 4578 coram
1399 4529 1456 4577 te
1499 4521 1554 4575 in
1585 4521 1832 4584 veritate,
1863 4531 1917 4573 et
1948 4520 2000 4572 in
2035 4524 2082 4582 ι)
2109 4517 2202 4580 sit,
2235 4517 2333 4572 sed
2365 4516 2642 4573 voluntate
2674 4518 2764 4575 Dei
2809 4527 2864 4572 et
2895 4518 3096 4588 ignotis
3133 4521 3454 4578 mortalibus
3481 4524 3697 4591 causis,

433 4619 596 4675 corde
640 4618 906 4688 perfecto,
935 4625 990 4671 et
1029 4616 1171 4684 quod
1216 4615 1416 4670 bonum
1462 4622 1546 4668 est
1593 4611 1650 4666 in
1691 4611 1865 4666 oculis
1900 4610 2005 4665 tuis

433 4711 656 4768 fecerim
687 4728 702 4765 :
737 4709 994 4779 ﬂevitque
1044 4706 1308 4762 Ezechias
1346 4705 1474 4760 ﬂetu
1515 4719 1733 4775 magno.
1772 4722 1792 4756 ι
1834 4703 2007 4769 Quem

430 4800 609 4870 diligit
658 4797 964 4860 Dominus,
1029 4794 1292 4864 corripit,
1365 4805 1424 4850 et
1489 4795 1720 4864 castigat
1787 4809 2007 4850 omnem

435 4895 601 4948 lilium
642 4908 804 4962 quem
844 4890 1037 4961 recipit
1079 4887 1259 4958 (Prov.
1297 4888 1402 4958 ιιι).
1450 4888 1528 4944 Ne
1571 4890 1876 4944 elevaretur
1914 4902 2010 4942 cor

433 4985 679 5040 Ezechia:
709 4993 830 5054 post
875 4981 1224 5039 incredibiles
1270 4981 1595 5050 triumphos,
1639 4992 1694 5036 et
1731 4981 1798 5036 de
1831 4980 2008 5034 media

433 5077 751 5146 captivitate
789 5075 1102 5141 victoriam,
1137 5075 1457 5130 inﬁrmitate
1489 5075 1734 5144 corporis
1765 5074 1847 5128 sui
1877 5072 2008 5128 visi-

438 5181 604 5233 tatur,
641 5179 694 5225 et
719 5169 874 5225 audit
909 5185 968 5226 se
995 5183 1119 5226 esse
1149 5168 1500 5235 moriturum,
1531 5175 1592 5221 ut
1618 5180 1919 5222 conversus
1942 5166 2010 5221 ad

509 5311 524 5340 ‘
569 5307 790 5368 Rectius
845 5306 1150 5361 Samariam
1190 5317 1313 5360 cum
1361 5302 1602 5360 Victorio
1642 5302 1868 5374 legimus
1911 5317 2010 5373 pro

436 5395 543 5450 quo
570 5389 739 5450 antea
772 5388 893 5450 erat
922 5375 1194 5431 Samaria.

506 5452 529 5482 ⁸
561 5449 624 5502 lli
655 5449 908 5502 nimirmn
943 5458 1181 5509 montes,
1212 5445 1354 5515 quod
1386 5459 1576 5512 campo
1604 5445 1800 5515 Ararat
1828 5444 2010 5498 immi-

440 5532 652 5583 nerent,
684 5519 883 5571 Ararat
915 5517 1044 5570 dieti
1085 5514 1238 5570 sunt.
1266 5515 1417 5581 Quod
1452 5531 1577 5570 vero
1607 5514 1872 5570 Gordiaeis
1899 5531 2008 5570 non

439 5589 602 5642 Tauri
650 5589 924 5642 montibus
962 5587 1157 5640 Arcam
1203 5588 1498 5639 atlhatsissc
1547 5586 1765 5640 Veteres
1815 5602 2009 5652 magno

439 5675 666 5714 numero
701 5660 924 5718 docent,
961 5656 1182 5720 minime
1234 5656 1291 5708 S.
1340 5655 1537 5708 Doctor
1581 5656 1841 5717 inlirmat,
1877 5659 2004 5722 quin

441 5733 622 5795 potius
663 5731 898 5796 explicat
946 5725 1294 5787 luculentius,
1331 5726 1595 5796 siquidem
1637 5744 1701 5779 ex
1741 5724 2006 5779 Strabone

441 5811 652 5854 constat
680 5795 775 5856 lib.
808 5815 883 5864 ιι,
909 5797 1073 5852 Taurii
1110 5805 1318 5850 montes
1345 5795 1411 5863 ob
1437 5799 1678 5856 diversas
1707 5799 1788 5852 sui
1827 5810 2005 5856 purus

2109 4609 2193 4664 vel
2225 4609 2373 4662 vivat
2408 4609 2628 4679 aliquis,
2658 4609 2741 4665 vel
2795 4612 3061 4665 moriatur
3091 4627 3106 4665 :
3138 4612 3435 4683 prtesertim
3474 4627 3597 4668 cum
3637 4625 3700 4670 et

2111 4711 2312 4758 statuta
2355 4717 2500 4757 nunc
2536 4703 2727 4759 mortis
2770 4705 3070 4760 necessitas
3115 4705 3420 4771 differatur,
3464 4716 3520 4761 et
3564 4717 3697 4776 post

2111 4801 2344 4848 mortem
2377 4795 2730 4849 resuscitatus
2760 4793 3024 4862 plurimos
3048 4795 3364 4865 legerimus.
3716 4817 3728 4867 ε

2187 4884 2369 4957 (Vers.
2406 4886 2438 4941 Δ
2471 4887 2650 4956 seqq.)
2690 4907 2707 4939 ι
2748 4886 2814 4941 Et
2849 4887 3050 4941 factum
3092 4895 3176 4942 est
3209 4890 3434 4943 verbum
3474 4890 3694 4946 Domini

2111 4982 2178 5036 ad
2207 4977 2396 5034 Isaiam
2423 4979 2612 5035 dicens
2641 4993 2655 5032 :
2696 4978 2841 5035 Vade
2875 4989 2930 5034 ct
2959 4981 3046 5036 dic
3077 4979 3365 5037 Ezechia':
3400 4981 3523 5037 llaec
3557 4984 3698 5040 dicit

2114 5074 2374 5129 Dominus
2409 5073 2548 5128 Deus
2579 5071 2745 5129 David
2779 5073 2949 5142 patris
2986 5073 3060 5128 tui
3097 5089 3112 5129 :
3153 5074 3347 5130 Audivi
3385 5075 3697 5131 orationem

2115 5175 2289 5232 tuam,
2320 5164 2431 5220 vidi
2461 5164 2732 5236 lacrymas
2767 5173 2910 5220 tuas.
2946 5164 3085 5220 Ecce
3111 5178 3214 5234 ego
3242 5162 3500 5234 adjiciam
3528 5179 3703 5234 super

2114 5303 2398 5359 Gerdizcos
2422 5319 2642 5374 quoque
2673 5319 2702 5357 a
2738 5302 3015 5359 nonnullis
3046 5301 3374 5372 appellatos;
3408 5304 3701 5370 potuitque

2113 5377 2250 5429 adeo
2296 5390 2422 5444 pars
2463 5375 2667 5439 Tauri,
2713 5391 2836 5444 qua:
2877 5387 3068 5442 cantpo
3109 5376 3307 5427 Ararat
3337 5374 3697 5444 imminebat,

2111 5446 2212 5498 sub
2267 5439 2641 5500 Gorditcortttn
2709 5439 2930 5499 ιίοιιιὶιιθ
2984 5439 3390 5509 comprehendi.
3451 5439 3571 5496 Viti.
3639 5443 3703 5497 in

2109 5514 2310 5569 .‘crem.
2348 5516 2717 5569 Conmucntar.
2752 5530 2872 5584 cap.
2907 5530 2978 5576 LI,
3009 5528 3163 5584 vers.
3187 5513 3270 5566 l7.

2183 5585 2204 5615 ⁸
2247 5584 2298 5636 In
2343 5584 2642 5646 Vaticanis,
2690 5595 2738 5638 et
2795 5583 3051 5652 quomodo
3108 5583 3254 5648 aItbi,
3293 5595 3422 5651 ctc.,
3461 5594 3517 5639 et
3566 5599 3694 5640 mox

2112 5655 2290 5722 templi
2321 5657 2454 5708 [lant
2485 5657 2663 5728 valcas
2697 5658 2983 5722 operuerit.

2183 5728 2203 5755 ⁸
2239 5728 2404 5782 lnlem
2458 5745 2584 5790 tns.,
2629 5727 2835 5793 quosvis
2887 5735 3123 5792 sanctos,
3155 5737 3206 5780 et
3251 5727 3505 5780 incertum
3545 5727 3692 5793 judi-

2112 5815 2190 5850 (ιιι
2203 5813 2268 5850 nt.
