3952 6180
234 278 336 346 405

681 284 1175 351 ΕΟΜΜΕΝΤΑΒ.
1218 287 1304 350 ΙΝ
1341 287 1606 348 ISAIAM
1649 288 1821 352 PRO]

1927 288 2113 352 ΞΤΛΜ
2154 292 2302 356 LIB.
2342 290 2450 362 XI.
2487 291 2650 356 CAP.
2682 291 3035 358 XXXVIII.‘

3388 293 3508 361 4οῦ

229 406 343 461 dies
372 411 492 458 tuos
523 400 834 473 quindecim
871 418 1066 470 annos,
1091 413 1144 459 et
1175 403 1241 459 de
1276 418 1436 459 manu
1471 404 1613 477 regis
1643 405 1808 476 Assy-
1837 409 1881 468 Α
1912 403 2078 462 futuri
2115 415 2271 479 typus
2311 417 2460 474 erat;
2501 419 2557 464 ut
2597 411 2870 480 quomodo
2908 408 2988 465 sol
3034 417 3397 466 reverteretur
3428 413 3498 466 ad

223 497 424 552 riorum
469 509 658 552 eruam
710 503 764 550 te
811 505 868 552 et
941 496 1218 552 civitatem
1285 499 1466 563 istam,
1527 507 1582 554 et
1631 507 1816 568 prote-

223 602 343 656 gam
374 602 518 643 eam.
549 584 664 642 Hoc
710 597 891 643 autem
934 587 1030 643 tibi
1077 590 1184 644 erit
1228 588 1444 658 signum
1480 604 1508 643 a
1539 589 1768 644 Domino
1791 627 1808 653 ,

226 679 352 748 quia
390 677 554 734 faciet
578 677 847 733 Dominus
876 679 1102 733 verbum
1135 679 1240 734 hoc
1265 679 1410 750 quod
1443 682 1654 736 locutus
1689 689 1812 736 est:

223 772 361 826 Ecce
417 784 519 840 ego
574 770 777 826 reverti
835 769 1033 825 faciam
1084 771 1332 826 umbram
1390 773 1656 828 linearum
1716 787 1816 843 per

220 877 356 932 quas
399 862 760 918 descenderat
816 861 871 917 in
910 862 1192 933 horologia
1229 863 1413 918 Acha:
1460 863 1518 918 in
1563 863 1680 920 sole
1716 878 1804 918 re-

224 967 462 1011 trorsum
512 956 701 1011 decem
750 955 947 1025 lineis;
991 965 1047 1012 ct
1088 972 1344 1014 reversus
1379 966 1466 1014 est
1503 958 1586 1014 sol
1623 958 1816 1014 decem

224 1047 380 1102 lineis
432 1061 532 1117 per
564 1047 768 1118 gradus
812 1062 953 1118 quos
993 1047 1377 1106 descenderat.
1416 1067 1435 1102 ι
1475 1048 1818 1120 Praepostero

220 1139 412 1195 ordine
444 1139 603 1209 quasi
629 1139 684 1195 in
712 1141 995 1210 prophetia
1027 1141 1120 1197 hic
1147 1141 1384 1198 refertur
1411 1142 1664 1208 historia.
1692 1157 1818 1213 qua;

220 1230 271 1285 in
322 1229 532 1302 Regum
582 1228 748 1302 569
791 1230 1072 1288 volumine
1124 1233 1550 1303 consequentius
1593 1232 1814 1303 legitur.

147 1363 154 1378 ..
219 1321 411 1378 Fleute
458 1323 692 1379 Ezechia
741 1322 868 1379 ﬂetu
914 1337 1137 1394 magno;
1171 1324 1490 1394 priusquam
1529 1324 1818 1394 egredere-

220 1421 306 1463 tur
367 1411 541 1466 Isaias
588 1412 816 1466 mediam
857 1422 1064 1481 partem
1113 1414 1264 1478 atrii,
1301 1412 1474 1482 {actus
1519 1423 1598 1470 est
1646 1430 1818 1470 sermo

220 1503 438 1556 Domini
471 1502 542 1556 ad
583 1519 725 1569 eum,
763 1505 942 1558 dicens
973 1519 993 1559 :
1029 1503 1332 1572 Revertere,
1367 1515 1414 1560 et
1444 1505 1530 1559 dic
1567 1504 1812 1563 Ezecht'tn

219 1596 341 1648 duci
387 1596 572 1665 populi
618 1598 773 1652 mei:
807 1597 1005 1652 Audiui
1063 1599 1358 1653 orationem
1414 1607 1585 1662 tuam,
1618 1607 1668 1653 et
1709 1597 1818 1654 vidi

221 1687 514 1758 ilcryntaut
558 1700 703 1744 tuam
736 1706 756 1745 :
789 1689 922 1744 Ecce
951 1691 1138 1745 sanari
1173 1699 1242 1746 te.
1275 1689 1532 1760 Dixitque
1559 1689 1815 1745 Ezechiae

1920 499 2208 558 exordium
2262 503 2382 568 sui;
2442 504 2515 557 ita
2571 513 2625 558 et
2675 501 2924 558 Ezechiae
2968 503 3082 590 gita
3131 502 3200 557 ad
3254 504 3501 561 detextos

1921 609 2096 649 annos
2122 595 2328 652 rediret
2354 597 2404 662 ¹;
2435 597 2702 668 nobisque
2726 598 2781 651 in
2811 596 3151 652 hebdomade
3174 605 3227 651 et
3254 597 3502 668 ogdoade

1919 687 2250 756 viventibus,
2283 703 2381 757 per
2411 691 2872 744 resurrectionem
2907 689 3135 756 Christi,
3169 690 3294 745 vitae
3325 691 3500 760 Spatia

1920 781 2282 852 protelentur.
2343 779 2532 836 Solent
2587 791 2900 838 sanctorum
2955 780 3226 837 Locorum
3286 781 3342 836 in
3398 781 3503 837 hac

1918 873 2198 944 provincia
2258 884 2651 931 monstratores
2729 876 2872 931 intra
2940 884 3260 945 conseptum
3314 875 3503 946 templi

1917 966 2209 1023 ostendere
2240 966 2442 1036 gradus
2475 967 2672 1022 domus
2705 966 2974 1032 Ezechiae,
3003 966 3087 1022 vel
3115 966 3320 1030 Achaz,
3356 967 3502 1035 quod

1919 1057 2001 1113 sol
2023 1072 2122 1126 per
2151 1071 2248 1114 eos
2279 1057 2644 1114 descenderit.
2679 1057 2789 1113 Sed
2820 1070 3098 1128 nunquam
3127 1071 3227 1127 ego
3256 1055 3498 1123 credam,

1919 1161 2030 1200 non
2071 1145 2192 1201 dico
2219 1146 2423 1210 Achaz,
2454 1145 2545 1216 qui
2601 1161 2696 1201 rex
2750 1145 2954 1216 impius
3013 1145 3140 1213 fuit,
3180 1145 3277 1202 sed
3319 1145 3505 1217 cujus-

1917 1237 2046 1294 libet
2074 1238 2218 1310 regis
2240 1239 2375 1307 justi
2407 1241 2626 1294 domum
2661 1237 2834 1294 fuisse
2863 1239 2921 1294 in
2953 1237 3154 1307 templo
3204 1237 3302 1292 Dei
3330 1275 3348 1302 ,
3377 1251 3504 1292 cum

1919 1328 2178 1386 Salomon
2210 1329 2412 1385 idcirco
2439 1331 2604 1386 Deum
2637 1334 2782 1385 inter
2807 1340 3004 1385 caetera
3029 1329 3323 1385 otfendisse
3350 1327 3505 1382 dica-

1919 1429 2030 1488 tur,
2054 1422 2199 1491 quod
2217 1423 2274 1477 in
2298 1421 2531 1477 sublime
2552 1422 2902 1494 aediﬁcaverit
2925 1421 3104 1486 Mello,
3129 1422 3272 1477 unde
3306 1419 3505 1475 atrium

1926 1512 2149 1582 templi,
2203 1513 2562 1568 deambulans
2625 1512 2681 1568 in
2738 1522 2888 1570 turre
2940 1511 3166 1583 palatii,
3220 1509 3507 1583 despicere

1919 1602 2114 1657 solitus
2144 1603 2213 1658 sit
2236 1602 2355 1672 (111
2379 1605 2511 1676 Reg.
2540 1605 2643 1672 tx).

1990 1695 2168 1768 (γεγε.
2201 1695 2282 1765 9.)
2324 1714 2343 1748 ι
2379 1695 2664 1765 Scriptura
2713 1693 2960 1752 Ezechiae
3004 1695 3148 1764 regis
3189 1692 3343 1748 .ludae
3383 1707 3506 1748 cum

221 1781 288 1833 σά
338 1778 548 1833 Isaiam
587 1796 605 1833 -'
647 1777 798 1845 Ωιιοά
845 1781 945 1835 ενὶι
1001 1782 1230 1849 signum.
1265 1780 1390 1850 quia
1437 1778 1696 1833 Dominus
1735 1793 1817 1834 me
1848 1775 2231 1858 Ba'grotasset
2284 1797 2338 1843 et
2395 1789 2760 1844 convaluisset
2817 1789 2884 1843 de
2941 1787 3261 1842 infirmitate
3313 1801 3432 1841 sua.
3480 1804 3498 1837 ι

219 1873 432 1926 sanabit
468 1871 575 1944 (IV
620 1871 746 1942 Reg.
777 1872 937 1939 xx,5,
960 1872 1015 1943 8)
1047 1871 1182 1927 ?Cui
1202 1871 1468 1940 Propheta
1495 1870 1812 1941 respondit:

225 1964 338 2017 lloc
372 1965 477 2018 erit
510 1965 720 2034 signum
752 1981 783 2018 a
819 1963 1042 2018 Domino
1077 1963 1219 2034 quod
1254 1962 1498 2031 facturus
1529 1963 1594 2016 sit
1626 1961 1814 2017 Domi-

221 2071 316 2109 nus
349 2071 643 2109 sermonem
675 2070 822 2124 quem
855 2054 1062 2109 locutus
1091 2062 1190 2108 est.
1232 2051 1323 2108 Vis
1353 2061 1412 2108 ut
1442 2053 1664 2108 accedat
1695 2067 1814 2105 um-

223 2146 316 2200 bra
358 2157 442 2199 tot
477 2146 658 2212 lineis,
695 2162 762 2201 an
804 2155 862 2200 ut
907 2154 1216 2201 revertatur
1261 2146 1484 2202 totidem
1520 2143 1817 2216 gradibus?

222 2237 318 2292 Cui
366 2237 506 2291 dixit
551 2235 817 2292 Ezechias
860 2253 874 2291 :
911 2234 1094 2291 Facile
1141 2245 1226 2292 est
1275 2235 1521 2290 umbram
1569 2249 1816 2291 crescere

223 2331 412 2384 decem
451 2331 630 2395 lineis,
669 2345 768 2386 nec
801 2331 909 2385 hoc
940 2329 1063 2384 volo
1097 2339 1154 2384 ut
1193 2329 1320 2393 ﬁat;
1354 2333 1447 2384 scd
1482 2338 1540 2383 ut
1573 2336 1820 2384 revertav

226 2432 309 2474 tur
357 2429 663 2475 retrorsum
701 2423 889 2476 decem
924 2421 1205 2488 gradibus.
1243 2422 1489 2490 Cumque
1527 2421 1817 2475 invocante

225 2513 361 2567 Laia
425 2515 722 2582 p0tentiam
772 2514 1025 2579 Domini,
1078 2515 1293 2585 signum
1341 2522 1487 2570 esset
1529 2513 1813 2578 allectum,

224 2607 488 2675 praecepit
519 2605 687 2661 lsaias
719 2605 904 2660 afferri
941 2621 1177 2662 massam
1210 2606 1437 2663 ﬁcorum
1471 2606 1768 2662 recentium
1795 2621 1812 2659 :

225 2712 392 2766 quam
435 2713 560 2752 eum
604 2697 944 2764 attulissent,
981 2707 1036 2753 et
1072 2699 1384 2770 posuissent
1425 2713 1590 2769 super
1620 2697 1817 2752 vulnus

223 2790 362 2858 ejus,
398 2800 626 2847 curatus
656 2799 761 2846 est.
799 2790 1116 2847 llevertitur
1144 2799 1324 2845 autem
1359 2790 1426 2844 ad
1461 2804 1644 2858 regem
1684 2788 1817 2844 Pro-4

224 2883 388 2952 pheta
432 2885 648 2939 Domini
693 2884 964 2953 jussioue,
1001 2892 1062 2940 ut
1112 2885 1228 2952 ipse
1278 2891 1502 2939 sanaret
1548 2882 1639 2952 qui
1694 2897 1820 2952 per-

224 2985 515 3042 cusserat;
552 2987 608 3032 et
651 2984 881 3032 vocatur
926 2975 1192 3032 Ezechias
1235 2975 1341 3031 dux
1381 2975 1566 3045 populi
1595 2973 1736 3044 ejus.
1766 2982 1822 3028 et

227 3069 371 3123 filius
419 3067 615 3133 David,
653 3066 1013 3137 cujus-opera
1050 3066 1384 3131 sectabatur,
1421 3065 1625 3120 fecerat
1667 3064 1813 3120 enim

226 3171 447 3217 rectum
475 3161 632 3231 juxta
665 3161 849 3215 omnia
881 3173 999 3230 qua
1031 3158 1160 3214 fecit
1185 3157 1354 3212 David
1389 3166 1542 3228 pater
1571 3156 1686 3228 ejus
1714 3171 1730 3221 ;
1762 3164 1817 3212 et

227 3253 452 3308 auditur
479 3251 598 3320 ejus
629 3251 830 3316 oratio,
861 3249 1225 3320 videnturque
1251 3249 1529 3320 lacrymaa,
1559 3249 1819 3320 quoniam

226 3349 611 3404 ambulaverat
643 3361 828 3402 coram
871 3346 1102 3400 Domino
1144 3345 1199 3400 in
1238 3345 1466 3402 veritate
1493 3355 1550 3401 et
1579 3345 1631 3400 in
1657 3343 1824 3400 corde

227 3440 504 3511 perfecto,
533 3447 588 3494 et
623 3437 850 3494 ﬂeverat
876 3437 1004 3494 ﬂetu
1039 3452 1270 3509 magno;
1307 3446 1362 3493 et
1390 3437 1532 3506 quod
1561 3437 1821 3508 placitum

228 3543 347 3588 erat
401 3532 457 3587 in
502 3530 677 3587 oculis
711 3529 832 3601 ejus
864 3528 1096 3586 fecerat.
1130 3529 1474 3599 Adjiciuntur
1511 3528 1820 3599 quindecim

229 3626 361 3680 anni
391 3623 461 3678 ad
490 3623 679 3690 vitam,
702 3637 838 3693 quos
860 3621 954 3678 ille
978 3637 1085 3678 non
1105 3621 1506 3692 postulaverat,
1523 3630 1576 3674 et
1599 3620 1824 3691 insuper

229 3721 452 3775 vivente
468 3731 556 3784 eo,
573 3715 726 3787 regni
747 3715 1018 3774 securitas
1041 3713 1459 3786 repromittitnr.
1490 3713 1586 3769 Sin
1614 3724 1822 3779 autem,

230 3823 292 3869 ut
324 3812 553 3884 quidam
596 3819 806 3881 putant,
841 3809 892 3862 in
945 3823 1176 3877 corpore
1217 3806 1401 3862 vivere
1446 3807 1826 3862 condemnatio

233 3919 343 3975 est,
374 3917 436 3962 et
480 3905 635 3974 juxta
681 3902 811 3957 illud
855 3902 995 3972 quod
1033 3895 1256 3968 dicitur,
1301 3901 1593 3965 Revertere,
1645 3899 1825 3953 anima

236 4017 383 4065 mea,
421 3997 477 4052 in
526 3998 754 4067 requiem
805 4004 950 4049 tuam
1000 3994 1174 4064 (Psat.
1215 4008 1360 4059 cxrv,
1407 3991 1484 4064 7);
1521 4000 1577 4047 et
1612 3991 1666 4046 in
1719 3991 1826 4046 alio

234 4094 360 4150 loco
389 4108 404 4148 :
435 4089 584 4144 Educ
604 4091 667 4143 de
687 4103 899 4143 carcere
926 4088 1156 4141 animum
1181 4101 1351 4140 meam
1380 4083 1559 4156 (Prol.
1580 4099 1727 4149 cxu,
1745 4082 1824 4149 8),

237 4186 475 4258 optanda
503 4190 586 4239 est
613 4197 761 4237 mors
783 4189 841 4234 ut
864 4183 930 4236 de
951 4195 1171 4236 carcere
1193 4179 1524 4244 liberemur;
1548 4176 1826 4248 quomodo

239 4292 388 4332 nunc
435 4273 703 4328 Dominus
735 4272 900 4326 donat
930 4284 1028 4339 pro
1062 4269 1348 4332 beneﬁcio,
1379 4279 1437 4325 ut
1466 4269 1556 4336 qui
1591 4268 1828 4325 liberan-

239 4370 339 4426 dus
368 4377 513 4433 erat,
545 4365 725 4420 adhuc
752 4362 1062 4434 quindecim
1097 4361 1258 4418 annis
1300 4362 1449 4418 vivat
1477 4360 1532 4416 in
1572 4359 1825 4417 carcere?

1841 3115 1888 3178 α

1915 1878 2095 1934 LXX:
2123 1899 2141 1931 ι
2167 1879 2354 1936 Oratio
2385 1879 2631 1935 Ezechiae
2665 1880 2804 1950 regis
2837 1879 2990 1936 Iuda!
3019 1880 3237 1950 quando
3273 1879 3504 1948 languit,

1915 1981 1970 2029 et
2022 1973 2260 2030 surrexit
2305 1973 2372 2028 de
2413 1959 2731 2030 infirmitate
2785 1989 2906 2030 sua.
2949 1992 2970 2026 ι
3030 1973 3195 2027 Miror
3229 1971 3503 2042 quomodo

1915 2067 2016 2124 soli
2059 2066 2419 2138 Septuaginta
2471 2083 2569 2137 pro
2618 2070 2927 2138 scriptura,
2976 2067 3272 2120 orationem
3319 2079 3513 2136 posue«

1916 2161 2062 2226 rint,
2111 2174 2233 2215 cum
2288 2159 2470 2214 oratio
2523 2173 2902 2213 THEPIIELLATH
2943 2140 3142 2228 (ri-7:211)
3185 2158 3421 2218 dicatur,
3455 2165 3512 2210 et

1916 2266 2024 2307 non
2057 2264 2347 2306 HACMHAB
2378 2251 2607 2322 (nmis),
2638 2266 2758 2320 qua:
2793 2250 2847 2304 in
2878 2251 3132 2320 prtesenti
3167 2249 3286 2304 loco
3317 2247 3512 2304 scribi-

1919 2355 2036 2410 tur;
2075 2343 2319 2411 alioquin
2371 2351 2771 2413 consequenter
2815 2342 3091 2397 diceretur
3135 2341 3327 2403 oratio,
3361 2339 3408 2394 si
3443 2340 3511 2394 de

1917 2438 2170 2507 praesenti
2201 2444 2349 2491 esset
2382 2445 2646 2505 tempore,
2677 2444 2732 2490 et
2762 2450 2868 2490 non
2899 2435 2967 2488 de
2997 2434 3294 2503 praeterito.
3332 2431 3508 2484 Mani-

1917 2527 2118 2584 festum
2147 2536 2230 2584 est
2254 2530 2421 2594 enim,
2457 2527 2596 2595 quod
2629 2535 2748 2596 post
2779 2525 3048 2582 redditam
3093 2527 3403 2589 sanitatem,
3442 2523 3512 2578 de

1917 2620 2234 2676 infirmitate
2279 2635 2616 2689 consurgens
2658 2620 2762 2674 ista
2811 2618 3233 2686 conscripserit,
3286 2629 3354 2670 ex
3398 2629 3512 2684 quo

1921 2724 2027 2766 non
2061 2710 2240 2764 oratio
2285 2718 2386 2772 est,
2429 2708 2528 2763 sed
2585 2708 2885 2778 gratiarum
2938 2707 3086 2762 actio
3114 2721 3214 2776 pro
3245 2703 3516 2760 beneﬁcio

1921 2803 2068 2874 quod
2103 2811 2407 2872 acceperat.
3378 2863 3391 2873 ,

1996 2892 2183 2962 (Vers.
2228 2893 2296 2949 10
2338 2893 2518 2964 seqq.)
2565 2909 2583 2945 ι
2632 2892 2744 2964 Ego
2777 2891 2890 2946 dixi
2936 2891 2994 2947 in
3040 2888 3267 2945 dimidio
3299 2887 3512 2944 dierum

1921 3001 2189 3050 meorum,
2224 2984 2433 3041 Vadam
2488 2985 2554 3038 ad
2586 2996 2770 3054 portas
2823 2982 3028 3050 inferi;
3097 2981 3322 3051 quaesivi
3355 2980 3496 3036 resio

1923 3075 2087 3128 duum
2137 3088 2404 3128 annorum
2443 3089 2707 3130 meorum.
2746 3073 2890 3139 Dixi,
2929 3073 3046 3129 Non
3082 3073 3276 3129 videbo
3323 3070 3511 3127 Domi-

1923 3181 2055 3221 num
2105 3165 2276 3221 Deum
2309 3167 2332 3198 ⁸
2381 3168 2436 3220 in
2493 3175 2634 3221 terra
2687 3166 3036 3232 viventium;
3077 3179 3189 3220 non
3231 3164 3495 3233 aspiciam

1926 3257 2202 3314 hominem
2240 3259 2382 3314 ultra
2431 3268 2487 3314 et
2537 3258 2898 3314 habitatorem
2940 3257 3144 3328 quietis
3179 3256 3220 3313 ³.
3267 3256 3517 3314 Cessavit

1925 3350 2204 3420 generatio
2225 3364 2366 3414 mea,
2389 3351 2568 3404 ablata
2593 3358 2752 3404 estet
2780 3349 3069 3405 convoluta
3093 3359 3178 3404 est
3197 3365 3228 3405 a
3250 3365 3336 3406 me
3355 3350 3513 3420 quasi

1930 3441 2342 3498 tabernaculum
2371 3451 2670 3513 pastorum.
2699 3440 2935 3498 Prmeisa
2962 3450 3044 3496 est
3068 3441 3214 3496 velut
3236 3457 3265 3496 a
3293 3449 3514 3497 texente

1925 3533 2030 3588 vita
2051 3549 2190 3601 mea,
2214 3535 2342 3588 dum
2373 3534 2553 3589 adhuc
2577 3534 2821 3602 ordirer,
2853 3533 3090 3589 succidit
3116 3546 3234 3597 me;
3263 3535 3330 3587 de
3353 3546 3516 3586 mane

1924 3639 2101 3697 usque
2154 3625 2222 3680 ad
2275 3639 2564 3696 vesperum
2620 3626 2776 3681 finies
2829 3639 2938 3681 me.
2990 3623 3283 3695 Sperabam
3338 3637 3514 3690 usque

1927 3728 2108 3781 mane,
2139 3715 2297 3786 quasi
2339 3715 2422 3770 leo
2448 3717 2528 3771 sic
2561 3716 2814 3771 contrivit
2857 3716 3037 3770 omnia
3088 3729 3217 3770 ossa
3255 3727 3395 3768 inea.
3439 3712 3514 3768 De

1925 3821 2088 3862 mane
2117 3821 2287 3876 usque
2318 3807 2385 3862 ad
2422 3821 2705 3876 vesperam
2745 3807 2897 3862 ﬁnies
2936 3822 3021 3861 me
3075 3825 3094 3858 ι
3132 3803 3273 3859 LXX
3305 3821 3319 3859 :
3353 3822 3373 3856 ι
3402 3802 3515 3872 Ego

1925 3897 2035 3953 dixi
2081 3898 2133 3953 in
2163 3899 2385 3954 excelso
2425 3899 2636 3952 dierum
2687 3913 2957 3961 meorum,
2992 3897 3193 3953 Vadam
3227 3897 3292 3948 ad
3328 3904 3512 3966 portas

1927 3989 2106 4055 inferi,
2138 3991 2440 4059 relinquam
2473 4005 2645 4044 annos
2678 3981 2948 4057 residuos;
2983 3989 3114 4052 dixi,
3141 3987 3503 4058 Nequaquam

1927 4083 2069 4138 ultra
2101 4083 2299 4138 videbo
2338 4083 2579 4139 salutare
2626 4083 2719 4138 Dei
2761 4083 2818 4137 in
2869 4092 3014 4137 terra
3059 4081 3378 4144 viventium,
3412 4093 3514 4133 nec

1926 4174 2124 4230 videbo
2154 4173 2438 4230 hominem
2469 4177 2649 4230 adhuc
2680 4190 2802 4230 cum
2837 4172 3208 4229 habitantibus
3233 4189 3251 4239 ;
3279 4170 3449 4227 deieci
3481 4185 3510 4224 a

1929 4264 2256 4338 cegnatione
2281 4281 2423 4321 mea.
2455 4266 2634 4321 Exivit
2659 4273 2714 4320 ct
2745 4265 2975 4321 recessit
2998 4279 3028 4318 a
3057 4279 3164 4326 me,
3186 4259 3506 4332 sicutﬁ7l

1933 4358 2345 4424 tabernaculum
2363 4358 2526 4414 solvit
2553 4358 2644 4427 qui
2672 4356 2902 4424 ﬁxerat;
2931 4357 3078 4413 sicut
3113 4357 3223 4411 tela
3282 4353 3511 4424 spiritus

241 4463 413 4520 Datur
443 4469 629 4516 autem
663 4459 900 4531 signum,
931 4467 991 4512 ut
1024 4455 1103 4512 sol
1134 4455 1319 4511 decem
1354 4454 1611 4524 gradibus
1640 4468 1824 4508 rever-
1854 4453 1902 4515 ο
1931 4464 2082 4506 meus
2114 4451 2366 4515 recessit,
2397 4464 2519 4505 cum
2545 4466 2574 4504 a
2611 4457 2832 4506 texente
2861 4447 3186 4504 succiditur.
3216 4446 3272 4500 ln
3305 4445 3395 4501 illa
3426 4445 3515 4499 die

241 4569 413 4626 tatur,
468 4566 605 4619 quos
655 4564 759 4606 nos
805 4550 959 4620 juxta
1001 4546 1397 4618 Symmachum
1442 4546 1496 4600 in
1551 4545 1720 4599 linear
1769 4553 1826 4599 et

242 4644 578 4713 horologium
605 4640 893 4704 vertimus,
915 4637 1008 4708 qui
1038 4637 1240 4707 gradus
1270 4635 1536 4691 intellexit
1561 4634 1618 4690 in
1647 4634 1826 4698 lineis,

243 4746 301 4792 ut
338 4733 780 4791 manifestiorem
827 4745 1048 4786 sensum
1093 4726 1402 4799 legentibus
1438 4725 1661 4782 faceret.
1701 4724 1830 4780 Sive

243 4840 317 4884 ita
355 4825 622 4883 exstructi
663 4831 820 4880 erant
864 4821 1065 4893 gradus
1105 4829 1223 4875 arte
1258 4819 1600 4884 mechanica,
1634 4825 1692 4873 ut
1733 4831 1830 4888 per

247 4919 497 4987 singulos
528 4917 718 4972 umbra
750 4913 1109 4979 descendens,
1153 4913 1410 4968 horarum
1441 4911 1614 4980 spatia
1646 4909 1830 4964 termi-

248 5023 427 5071 naret.
461 5009 618 5078 Quod
649 5009 861 5080 signum
899 5005 1066 5079 5.70
1092 5014 1146 5062 et
1178 5003 1465 5076 praesentis
1495 5002 1754 5073 temporis
1779 5009 1833 5058 et

323 5174 342 5205 ι
383 5171 541 5226 Alter
572 5167 778 5231 Vatic.,
811 5167 890 5221 ita
937 5173 988 5220 et
1039 5165 1108 5219 ad
1155 5161 1394 5218 Ezechiae
1435 5162 1597 5217 vitam
1637 5161 1832 5218 additis

251 5244 410 5297 annis
441 5240 658 5304 rediret,
690 5247 796 5292 etc.

325 5318 346 5347 ²
383 5312 457 5364 Ex
499 5300 814 5377 llieronymi
860 5307 1100 5362 subnexa
1141 5305 1480 5377 expositione
1516 5303 1611 5359 'bis
1650 5300 1838 5358 Domi-

256 5399 383 5437 num
413 5383 481 5434 ab
513 5394 576 5432 eo
601 5375 802 5432 lectum
835 5379 1049 5432 videtur
1077 5389 1173 5444 pro
1201 5377 1370 5430 altero
1398 5375 1585 5428 Deam.

326 5453 349 5484 ⁸
378 5451 602 5505 Duabus
640 5448 886 5510 vocibus,
919 5447 1108 5515 quietis
1155 5455 1210 5499 et
1253 5445 1469 5503 cessarit
1519 5444 1735 5498 unicum
1786 5445 1836 5498 in

262 5503 412 5577 textu
441 5517 715 5573 Ilehraico
749 5503 968 5571 verb'ut'n
996 5503 1101 5578 ’ΠΠ
1121 5517 1432 5584 respondet,
1456 5515 1593 5584 quod
1633 5524 1838 5567 utrum-

262 5608 365 5662 que
403 5592 520 5644 fere
553 5588 1108 5662 sigrrilicat.__C0nstat
1139 5581 1289 5650 vero,
1325 5581 1498 5662 inquit
1539 5581 1837 5662 Victorius,

263 5655 328 5715 ex
359 5655 790 5723 Commentario,
827 5658 1213 5728 Hieronymum
1247 5655 1563 5724 exposuisse
1603 5655 1839 5722 primum

269 5747 362 5797 pro
401 5729 625 5785 cessavit
664 5728 779 5784 sive
825 5729 1036 5796 occidit,
1071 5736 1122 5782 et
1158 5730 1403 5797 sequenti
1436 5728 1684 5797 junxisse
1720 5741 1841 5778 vcr-

1930 4544 2168 4600 traditus
2219 4558 2340 4599 sum
2393 4559 2565 4612 usque
2607 4558 2786 4613 tuane,
2829 4544 2974 4599 sicut
3007 4542 3113 4608 leo,
3143 4541 3225 4596 sic
3261 4538 3516 4596 contrivit

1929 4637 2111 4692 omnia
2147 4651 2272 4692 ossa
2328 4650 2464 4692 mea.
2511 4635 2556 4691 A
2587 4636 2674 4692 die
2709 4651 2881 4706 usque
2914 4637 2983 4692 ad
3021 4645 3235 4692 noctem
3278 4634 3514 4690 traditus

1931 4744 2076 4786 sum.
2105 4747 2125 4782 ι
2169 4726 2372 4784 Narrat
2421 4727 2550 4800 quid
2605 4738 2850 4799 tempore
2901 4729 3203 4801 prementis
3249 4724 3513 4793 angustia:

1932 4821 2377 4892 imminentisque
2423 4821 2735 4890 languoris,
2781 4823 2978 4877 tacitus
3031 4819 3311 4889 cogitarit.
3350 4811 3512 4878 'Dixi,

1935 4913 2138 4986 inquit,
2172 4913 2228 4970 in
2257 4915 2422 4970 corde
2447 4929 2589 4981 meo,
2631 4915 2688 4968 in
2728 4913 2948 4968 dimidio
3003 4913 3207 4966 dierum
3255 4924 3512 4974 mearum,

1936 5007 2078 5074 sive,
2119 5015 2180 5063 ut
2216 5007 2409 5080 Aquila
2445 5016 2501 5064 et
2533 5005 2895 5080 Symmachus
2922 5016 2976 5062 et
3006 5003 3307 5060 Theodotio
3343 5004 3516 5058 inter—

1937 5169 2129 5234 siculo,
2160 5167 2211 5222 id
2243 5176 2349 5234 est,
2381 5168 2598 5224 cessarit
2645 5165 2912 5235 generatio
2958 5178 3095 5228 mea,
3137 5170 3244 5217 etc.
3290 5160 3416 5235 Mox
3451 5175 3511 5215 re

1938 5233 2136 5295 melius
2161 5233 2448 5309 perpensa,
2473 5233 2714 5309 mutasse
2742 5235 3093 5309 sententiam,
3118 5240 3174 5309 et
3193 5233 3515 5309 exposuisse

1937 5303 2186 5381 quietem,
2216 5303 2278 5381 ut
2302 5323 2410 5381 non
2435 5307 2765 5381 principium
2797 5304 3046 5381 secundi,
3078 5303 3168 5381 sed
3204 5304 3372 5381 primi
3393 5316 3514 5381 ver-

1941 5371 2036 5436 sus
2065 5371 2208 5433 esset
2253 5378 2396 5440 linis,
2432 5371 2536 5431 hoc
2572 5371 2819 5429 videlicet
2871 5377 3028 5428 modo
3059 5389 3072 5426 :
3103 5371 3224 5426 Non
3258 5371 3513 5438 aspiciam

1941 5451 2198 5504 hominem
2252 5447 2427 5513 ultra,
2480 5458 2525 5499 et
2572 5447 2924 5514 habitatorem
2973 5445 3184 5514 quietis.
3235 5441 3516 5514 σφισι-σιὼ

1941 5535 2058 5574 mea
2087 5518 2267 5571 ablata
2294 5524 2391 5577 est,
2415 5524 2522 5570 etc.
2553 5513 2756 5570 Confer
2783 5512 3004 5569 llieron‘.
3037 5515 3209 5579 ipsum
3237 5512 3373 5564 infra
3402 5513 3506 5564 sub

1944 5589 2204 5644 sectionis
2244 5587 2402 5654 hujus
2445 5587 2630 5648 finem,
2663 5594 2716 5638 ct
2747 5601 2866 5652 quae
2913 5601 3012 5640 nos
3050 5584 3122 5638 ibi
3162 5585 3516 5640 observamus

1945 5661 2186 5730 proxime
2219 5658 2271 5712 in
2296 5659 2542 5728 sequenti
2576 5658 2950 5712 a:.notationc.
