3856 6172
436 297 541 363 407

1591 309 1651 369 S.
1712 307 2026 369 EUSEBII
2089 309 2533 371 I-llERONYMl
3586 309 3672 378 ‘08

444 416 797 484 pretatisunt,
816 417 872 471 in
893 416 1204 487 inﬁrmitate
1223 419 1501 491 etlsilentio
1527 422 1733 476 dierum
1759 441 2018 489 meorum,
2050 432 2092 487 Α
2123 442 2389 495 vesperum
2430 426 2578 494 ﬁnies
2612 441 2727 480 me:
2754 425 3026 496 sperabam
3057 442 3214 497 usque
3239 443 3389 480 mane
3409 442 3429 482 :
3457 429 3587 498 quod
3628 440 3673 484 et

441 527 538 581 pro
572 527 680 582 quo
707 511 851 567 LXX
871 515 1134 568 excelsum
1168 516 1509 586 interpretati
1545 529 1692 582 sunt,
1725 520 1794 576 ob
1820 520 2018 575 littera:

411 592 414 596 ’
439 605 874 672 similitudinem,
894 609 1211 676 nanetus-1)
1238 623 1334 676 pro
1351 625 1488 664 usus
1521 611 1681 682 (ηε-τ)
1700 611 1942 682 legentes
1960 614 1976 644 ¹
2001 630 2015 666 :

437 697 568 752 licet
601 697 825 765 quidam
850 715 1012 762 usus,
1043 702 1357 770 sanguinem
1379 704 1666 768 verterint,
1700 714 1758 758 ut
1789 705 1860 760 sit
1889 719 2018 760 seu-

437 807 552 856 sus,
587 790 652 845 In
718 794 980 862 sanguine
1006 795 1217 848 dierum
1285 813 1545 860 meorum,
1589 798 1812 866 quando
1869 813 2020 854 meus

437 897 623 947 cruor,
661 898 923 954 meusque
961 887 1323 955 expetebatur
1347 887 1368 960 [
1396 888 1486 942 Ai.
1549 891 1970 959 exspectabatur
1997 889 2020 962 ]

439 975 720 1030 interitus.
784 975 976 1046 Itaque
1035 979 1424 1049 desperatione
1475 981 1640 1036 dixi:
1690 981 1895 1036 Vadam
1950 987 2020 1037 ad

437 1074 624 1133 portas
657 1066 840 1138 inferi,
872 1070 953 1124 vel
1008 1072 1287 1126 communi
1325 1072 1443 1143 lege
1477 1081 1709 1139 naturai,
1759 1075 1844 1129 vel
1897 1075 2022 1130 illas

438 1169 654 1225 portas.
691 1159 760 1214 de
812 1162 1011 1230 quibus
1067 1163 1216 1233 quod
1263 1165 1528 1220 liberatus
1579 1166 1675 1231 sit,
1727 1167 2021 1222 Psalmista

431 1239 735 1308 decantat:
768 1251 874 1318 Qui
907 1253 1122 1309 exultas
1149 1271 1231 1310 me
1273 1256 1339 1310 de
1367 1259 1532 1325 portis
1577 1258 1789 1322 mortis,
1833 1267 1889 1312 ut
1920 1275 2021 1312 an-

438 1345 677 1396 uuntient
704 1361 880 1398 omnes
917 1345 1258 1402 laudationes
1291 1359 1410 1404 tuas
1450 1350 1507 1404 in
1535 1352 1703 1418 portis
1740 1351 1868 1418 ﬁlia:
1889 1351 2021 1408 Sion

441 1434 618 1495 (Psal.
655 1451 732 1500 xx,
763 1436 875 1505 15).
902 1436 1012 1494 llas
1035 1450 1219 1509 portas
1250 1440 1454 1496 inferni
1483 1458 1627 1508 reor,
1677 1458 1796 1512 quae
1827 1445 2022 1499 adver-

439 1543 560 1581 sum
591 1527 810 1582 Petrum
853 1545 961 1584 non
1000 1531 1290 1602 przevalent
1317 1533 1537 1605 (Matth.
1575 1534 1712 1602 xvt),
1737 1535 1863 1606 quia
1891 1537 2020 1590 dor-

440 1621 595 1673 mivit
629 1622 680 1674 in
706 1622 1042 1691 plenitudine
1076 1624 1283 1679 dierum
1305 1640 1552 1681 suorum.
1581 1626 1766 1683 Sancti
1794 1629 2020 1698 implent

386 1702 388 1704 ’
445 1712 566 1765 dies
595 1725 746 1777 suos,
773 1713 950 1781 qualis
983 1713 1086 1769 fuit
1137 1716 1437 1786 Abraham,
1499 1719 1589 1786 qui
1628 1730 1881 1772 mortuus
1935 1730 2020 1774 est

438 1803 638 1873 pit-nus
669 1805 880 1860 dierum
916 1807 972 1862 in
1005 1819 1288 1864 senectute
1317 1811 1458 1865 bona
1497 1809 1652 1882 (Gen.
1696 1812 1846 1881 xxv).
1889 1810 2024 1867 Pce-

439 1905 658 1953 catores
693 1914 824 1954 vero
860 1907 915 1954 et
956 1901 1112 1971 impii
1156 1903 1210 1957 in
1248 1902 1473 1957 dimidio
1523 1904 1735 1958 dierum
1797 1919 2021 1959 suorum

440 1986 775 2054 moriuntur,
831 1989 898 2044 de
921 1989 1124 2058 quibus
1152 2001 1208 2046 et
1241 1989 1538 2046 Psalmista
1585 1991 1830 2062 loquitur
1859 2011 1874 2048 :
1917 1993 2027 2046 Viri

441 2079 761 2146 sanguinum
782 2089 830 2133 et
861 2080 1035 2136 dolosi
1061 2098 1163 2136 non
1185 2082 1535 2137 dimidiabunt
1560 2083 1672 2136 dies
1703 2100 1825 2138 suos
1845 2083 2022 2154 (Psal.

442 2185 552 2236 ιιν,
585 2172 701 2242 ab).
767 2171 886 2228 Non
914 2175 1058 2229 enim
1090 2176 1320 2246 implent
1369 2193 1534 2248 opera
1584 2178 1870 2243 virtutum,
1921 2195 2025 2235 nec

442 2264 666 2317 student
733 2265 1053 2335 poenitentia
1112 2270 1409 2324 emendare
1458 2268 1680 2324 delicta.
1748 2270 1902 2326 Unde
1970 2271 2023 2325 in

443 2356 621 2410 medio
649 2359 776 2412 vitae
805 2374 994 2425 cursu,
1035 2369 1089 2415 et
1115 2360 1168 2414 in
1188 2375 1436 2416 errorum
1487 2363 1728 2418 tenebris
1756 2365 2024 2417 ducentur

439 2445 509 2502 ad
539 2447 852 2502 Tartarum.
908 2449 1164 2515 Quceut-i,
1200 2451 1398 2520 inquit,
1434 2452 1703 2524 residuum
1757 2467 2022 2506 annorum

439 2554 698 2606 meorum,
735 2556 840 2594 non
864 2556 952 2596 me
991 2553 1191 2610 putans
1220 2542 1361 2596 ultra
1391 2558 1512 2598 esse
1549 2543 1843 2598 victurum.
1877 2544 2022 2610 Dixi,

439 2635 564 2691 Non
597 2638 778 2692 videbo
811 2637 1092 2692 Dominum
1141 2638 1423 2692 Dominum
1455 2641 1510 2692 in
1537 2651 1676 2692 terra
1719 2640 2022 2694 virentium.

441 2729 548 2784 Pro
577 2729 811 2785 Domino
839 2740 896 2785 et
930 2730 1183 2795 Domino,
1219 2731 1301 2786 bis
1335 2733 1388 2785 in
1426 2730 1656 2785 ﬂebrteo
1684 2731 1908 2800 ponitur
1969 2747 2020 2784 u

440 2821 568 2892 (η’),
615 2823 763 2892 quod
817 2821 874 2878 in
909 2834 1156 2878 extrema
1213 2824 1424 2894 syllaba
1475 2838 1738 2878 Αιιειυιλ
1782 2806 2018 2893 (massa)

441 2923 622 2979 sonat,
657 2929 757 2984 pro
793 2930 904 2986 quo
965 2915 1109 2970 LXX
1171 2917 1564 2971 transtulerunt
1600 2935 1616 2972 :
1669 2915 2020 2987 Nequaquam

417 3004 586 3060 ἀισα
607 3008 786 3061 videbo
815 3008 1056 3062 salutare
1076 3008 1170 3062 Dei
1200 3009 1253 3062 in
1281 3020 1423 3062 terra
1457 3009 1764 3062 viventium.
1792 3011 1866 3064 De
1915 3027 2018 3080 qua

2128 517 2231 572 Job
2257 519 2311 572 in
2343 519 2597 588 anguStia
2635 533 2734 572 sua
2783 529 2946 588 atque
3001 520 3055 573 in
3112 519 3399 575 tormentis
3457 525 3671 590 corporis

2128 607 2457 664 sustinuisse
2488 625 2547 663 se
2575 610 2703 664 dicit
2735 608 2856 679 (Job
2893 609 3017 681 vti),
3053 612 3273 680 quando
3318 611 3368 664 in
3396 611 3480 665 die
3515 628 3676 681 exspe-

2122 699 2305 754 ctabat
2332 713 2584 765 noctem,
2609 712 2663 756 et
2691 702 2866 756 lucem
2903 702 3325 772 praestolabatur
3361 704 3410 757 in
3440 705 3676 772 tenebris,

2122 793 2424 847 mutatione
2469 803 2772 863 temporum
2802 803 2996 861 putans
3018 795 3217 849 mutari
3247 809 3403 862 posse
3419 796 3669 863 supplicia.

2123 879 2234 936 lluc
2267 899 2455 938 verum
2497 900 2622 940 esse
2657 885 2808 939 novit
2833 886 2923 952 qui
2967 885 3178 955 magnis
3213 883 3451 939 febribus
3481 895 3670 948 azstuat,

2127 975 2289 1045 cujus
2327 976 2468 1046 ignis
2496 977 2817 1033 internusin
2848 979 3267 1033 similitudinem
3301 979 3472 1032 leonis
3519 979 3673 1032 omnia

2123 1083 2247 1122 ossa
2280 1069 2577 1135 consumit,
2609 1084 2707 1125 nec
2736 1083 2793 1124 se
2812 1080 2969 1140 putat
2998 1085 3108 1141 pra:
3148 1071 3350 1126 doloris
3378 1071 3675 1141 magnitudi-

2123 1174 2192 1213 ne
2222 1161 2362 1214 ultra
2395 1176 2518 1216 esse
2551 1163 2858 1216 victurum.

2195 1250 2377 1322 (Vers.
2412 1252 2522 1318 t5.)
2557 1270 2576 1305 ι
2613 1253 2769 1308 Sicut
2806 1253 2985 1324 pullus
3016 1254 3353 1320 hirundinis,
3386 1254 3467 1310 sic
3497 1255 3673 1310 clama-

2123 1342 2194 1400 bo
2225 1360 2241 1398 :
2276 1343 2582 1400 meditabor
2628 1355 2688 1399 ut
2720 1345 2968 1400 columba
3003 1363 3020 1402 :
3073 1347 3336 1400 attenuati
3391 1356 3516 1400 sunt
3559 1347 3674 1402 oculi

2125 1434 2228 1488 mei
2258 1433 2624 1502 suspicientes
2658 1437 2709 1489 in
2737 1435 3039 1491 excelsum.
3066 1433 3316 1500 Domine,
3351 1435 3460 1488 vim
3494 1439 3674 1501 patior;

2126 1527 2397 1595 responde
2425 1541 2524 1594 pro
2548 1543 2633 1581 me
2665 1545 2680 1581 :
2711 1527 2842 1596 quid
2868 1527 3042 1582 dicam
3077 1537 3169 1581 aut
3201 1527 3331 1596 quid
3357 1529 3676 1595 respondebit
3744 1563 3750 1574 ι

2124 1619 2257 1674 mihi
2289 1634 2412 1674 cum
2449 1619 2564 1688 ipse
2589 1619 2818 1674 fecerit?
2845 1640 2864 1674 ι
2912 1620 3052 1675 LXX
3087 1637 3102 1675 :
3143 1640 3160 1674 i
3185 1620 3348 1686 Quasi
3379 1622 3597 1675 hirundo
3616 1621 3678 1674 sic

2126 1711 2374 1767 clamabo
2405 1749 2420 1767 .
2448 1712 2605 1782 quasi
2626 1713 2874 1767 columba
2907 1713 2986 1768 sic
3019 1713 3348 1768 meditabor.
3382 1712 3676 1766 Deiecerunt

2127 1805 2273 1860 enim
2317 1804 2459 1859 oculi
2509 1805 2614 1859 mei
2664 1804 2981 1874 aspicientio
3035 1808 3088 1859 in
3137 1805 3416 1859 excelsum
3463 1805 3575 1859 ειειὶ
3615 1804 3669 1857 ad

2132 1895 2418 1951 Dominmu
2490 1897 2581 1966 qui
2641 1896 2780 1951 eruit
2809 1911 2914 1963 me,
2943 1904 2996 1950 et
3037 1897 3256 1952 abstulit
3297 1895 3536 1951 dolorem
3576 1897 3672 1950 ani-

2131 2004 2232 2043 mae
2268 2005 2424 2053 meae,
2457 1999 2510 2044 et
2544 1990 2658 2059 ipse
2689 1989 2837 2044 fecit.
2880 2006 2899 2040 ι
2949 1987 3095 2043 Mors
3123 1989 3437 2056 imminens,
3479 2002 3529 2044 et
3567 1989 3664 2043 lan-

2129 2079 2658 2150 guorisiucumbeus
2689 2079 2867 2145 dolor,
2904 2081 3061 2149 quasi
3103 2079 3210 2144 leo,
3249 2081 3320 2144 ita
3358 2081 3537 2134 omnia
3567 2096 3667 2135 cor-

2133 2173 2280 2240 poris
2305 2170 2410 2226 mci
2437 2187 2562 2227 ossa
2601 2173 2924 2242 frangebat;
2959 2172 3052 2226 sed
3076 2187 3173 2240 ego
3199 2171 3251 2225 in
3292 2171 3668 2226 simiiitudinent

2131 2264 2443 2318 hirundinis
2467 2274 2522 2318 et
2572 2264 2857 2330 columbae,
2895 2264 3106 2319 ﬂetibus
3147 2274 3198 2318 et
3252 2264 3536 2332 gemitibus
3574 2264 3669 2321 dies

2134 2368 2433 2428 noctesque
2477 2359 2809 2428 jungebam;
2866 2369 2920 2413 et
2962 2375 2991 2414 a
3035 2359 3144 2415 Deo
3197 2360 3317 2414 solo
3356 2361 3447 2428 Qui
3488 2370 3668 2430 poterat

2129 2451 2447 2515 subvenire,
2484 2451 2712 2507 elevatis
2737 2451 2789 2505 in
2829 2452 2998 2506 altum
3032 2453 3229 2515 oculis,
3263 2452 3522 2506 auxilium
3555 2466 3667 2519 pra:-

2126 2543 2390 2598 stolabar.
2418 2543 2790 2614 Dicebamque
2833 2544 2900 2599 ad
2937 2560 3060 2599 eum
3097 2561 3112 2602 :
3156 2544 3283 2598 Plus
3327 2546 3502 2614 patior
3535 2558 3666 2612 quant

2131 2651 2248 2690 mea
2275 2646 2508 2706 poscunt
2540 2637 2767 2704 merita;
2801 2637 2894 2692 sed
2920 2647 2974 2692 et
3007 2637 3052 2691 si
3081 2637 3207 2706 quid
3239 2637 3440 2702 erravi,
3477 2650 3666 2689 conver-

2129 2737 2211 2780 tar
2240 2727 2308 2782 ad
2337 2728 2566 2797 melius];
2599 2739 2655 2782 tu
2680 2729 2950 2799 responde
2983 2729 3002 2760 ³
3028 2744 3124 2798 pro
3153 2742 3237 2782 tne
3264 2766 3281 2782 .
3309 2725 3428 2780 Non
3463 2738 3529 2779 est
3554 2725 3666 2777 enim

2123 2823 2341 2876 volentis
2392 2838 2557 2892 neque
2609 2824 2892 2887 currentis,
2938 2829 3028 2876 sed
3078 2821 3370 2874 miserentis
3403 2817 3664 2885 DeiUiom.

2123 2929 2202 2973 ιι.
2237 2912 2345 2984 16).
2384 2913 2730 2982 Rursumque
2770 2914 2826 2968 in
2860 2929 2919 2968 se
2964 2913 3261 2967 revertitur
3312 2950 3328 2964 .
3361 2909 3515 2982 473
3551 2905 3665 2973 Quid

2123 3003 2325 3067 dicam,
2352 3002 2552 3072 quidve
2587 3004 2852 3058 causabor
2881 3006 3087 3057 contra'
3107 3013 3158 3057 te
3189 3002 3452 3056 factorem
3481 2997 3666 3054 ineunt?

443 3098 497 3153 iu
565 3099 674 3153 alio
729 3099 850 3154 loco
913 3100 1178 3169 scriptum
1232 3108 1352 3154 est:
1413 3099 1638 3154 Placebo
1693 3101 1920 3158 υοηιὶηο
1970 3104 2022 3157 in
2051 3110 2098 3168 ο
2129 3104 2224 3150 aut
2252 3097 2379 3163 quid
2421 3095 2554 3149 mihi
2601 3097 2948 3165 respondebit
2977 3097 3065 3166 qui
3106 3095 3236 3149 fecit
3282 3095 3396 3164 ipse
3437 3094 3563 3163 qum]
3595 3106 3664 3142 vo-

443 3193 650 3263 regione
699 3192 982 3247 viventium
1023 3191 1214 3262 (Psai.
1281 3208 1426 3255 cxrv,
1492 3193 1570 3261 9).
1635 3193 1699 3248 Et
1753 3210 2014 3250 rursum:

445 3284 668 3338 Placebo
707 3283 933 3339 Domino
961 3285 1015 3338 in
1036 3284 1237 3338 tantine
1267 3286 1548 3340 viventium
1585 3285 1762 3356 (Psal.
1798 3287 2017 3355 Lv,l5).

445 3377 615 3445 ltegio
644 3391 774 3447 ergo
808 3386 1125 3432 sanctorum
1151 3378 1267 3446 ipsa
1295 3388 1396 3439 est,
1431 3394 1552 3448 quae
1589 3380 1897 3448 appellatur
1928 3381 2020 3433 lux

446 3469 768 3524 viventium.
806 3467 922 3522 Non
963 3480 1047 3523 est
1097 3467 1243 3522 enim
1286 3468 1428 3524 Deus
1500 3479 1866 3535 mortuorum,
1925 3474 2020 3526 sed

445 3561 690 3616 vivorum
711 3563 926 3632 (Matth.
970 3565 1144 3631 uti).
1187 3563 1299 3617 lloc
1329 3571 1510 3617 autem
1563 3573 1648 3618 est
1679 3579 1840 3619 omne
1877 3566 2022 3632 quod

446 3653 662 3719 metuit,
720 3669 789 3706 ne
825 3653 1071 3708 salutare
1103 3653 1223 3718 Dei,
1251 3655 1444 3709 ductus
1499 3657 1566 3710 ad
1601 3656 1831 3719 inferos.
1859 3656 2024 3726 472

446 3758 791 3812 nequaquam
871 3754 1152 3799 mereatur
1237 3746 1504 3814 aspicere.
1555 3746 1865 3816 Sequitur:
1901 3748 2024 3801 Non

444 3839 703 3898 aspiciant
764 3839 1026 3894 hominem
1093 3840 1238 3893 ultra
1299 3851 1346 3894 et
1392 3840 1743 3896 habitatorem
1811 3842 2020 3911 quietis.

444 3930 594 3994 Quod
631 3945 728 3984 nos
757 3930 888 3984 olim
919 3940 1141 4000 propter
1165 3931 1314 3986 verbi
1349 3932 1758 4001 ambiguitatem
1784 3948 2022 4000 sequeu~

448 4023 486 4075 ti
519 4023 792 4077 versiculo
837 4022 1193 4092 jnnxeramus
1234 4039 1467 4088 ;sermo
1519 4024 1666 4078 enim
1724 4024 2026 4080 llehraieus

447 4130 643 4180 ποιεῖν,
687 4117 732 4170 si
795 4115 1024 4185 legatur,
1087 4126 1180 4171 aut
1215 4117 1536 4172 scribatur‘
1579 4119 1914 4188 uenam—ti,
1947 4135 2026 4172 re-

447 4210 673 4276 quiem;
716 4208 760 4262 si
817 4224 952 4263 EDEL
988 4190 1157 4278 (ινιτ-ι),
1221 4207 1556 4264 Occidentem
1619 4218 1796 4265 sonat.
1849 4211 2029 4265 Timet

451 4315 580 4366 ergo
610 4315 678 4352 ne
715 4315 836 4352 cum
869 4305 1077 4355 Sanctis
1143 4310 1196 4354 et
1248 4301 1561 4356 hominibus
1598 4300 1694 4356 Dei
1736 4318 1842 4356 non
1869 4302 2027 4356 habi-

452 4397 529 4442 tet
564 4389 616 4442 in
642 4390 849 4457 quiete,
882 4405 948 4444 ne
994 4407 1099 4445 non
1126 4391 1310 4446 videat
1344 4393 1627 4446 Dominum
1660 4393 1712 4446 in
1745 4404 1888 4447 terra
1941 4395 2026 4448 vi-

452 4481 717 4540 ventium,
751 4495 816 4532 ne
859 4483 1142 4549 generatio
1171 4482 1318 4536 illius
1347 4483 1521 4538 instar
1551 4485 1885 4540 tabernaculi
1918 4487 2027 4540 dis-
2060 4458 2104 4513 ο

453 4575 726 4638 solvatur,
760 4587 828 4626 ne
869 4573 918 4626 in
976 4575 1097 4629 tela:
1149 4577 1558 4631 similitmlincm
1624 4580 1678 4633 in
1737 4580 1854 4648 ipso
1896 4581 2030 4636 lucis

451 4665 678 4717 exordio
705 4663 1053 4733 prmcidatur,
1092 4674 1146 4719 et
1175 4680 1517 4735 nequaquam
1557 4669 1625 4723 de
1659 4671 1867 4724 semine
1913 4670 2032 4738 ejus

451 4758 708 4811 Christus
765 4759 997 4812 oriatur.
1065 4758 1221 4822 Quod
1275 4769 1457 4812 autem
1517 4776 1716 4830 corpus
1783 4771 2028 4817 nostrum

455 4849 760 4916 appelletur
789 4848 1226 4912 tabernaculum,
1259 4857 1313 4902 et
1347 4851 1642 4917 Apostolus
1672 4854 1896 4906 instruit
1944 4855 2030 4907 di-

453 4956 583 4993 cens
609 4956 626 4993 :
661 4938 774 4992 Nos
799 4942 892 5008 qui
927 4956 1108 4993 sumus
1136 4941 1190 4993 in
1220 4941 1316 4992 hoc
1336 4941 1696 5008 tabernaculo,
1725 4945 2030 5014 ingemiscio

456 5048 572 5083 inus
601 5029 964 5102 uggravali(ll
987 5031 1108 5086 Cor.
1150 5045 1202 5097 v,
1233 5030 1313 5102 Δ).
1341 5031 1414 5085 De
1443 5049 1617 5098 mane,
1648 5037 1742 5100 ait,
1773 5053 1936 5108 usque
1963 5040 2032 5090 ad

530 5180 826 5254 [Legentes
853 5183 992 5243 licet.
1026 5195 1132 5240 etc.
1168 5185 1620 5254 Corruptissimus
1648 5189 1797 5243 locus
1843 5191 1895 5243 in
1935 5208 2030 5243 ve.

460 5251 668 5304 toribus
704 5253 1042 5308 Editiouihus
1084 5273 1097 5308 :
1138 5255 1190 5307 iu
1237 5251 1552 5311 Erasiniana
1609 5263 1752 5312 enim
1815 5261 2032 5312 additur

456 5336 652 5375 nomen
707 5338 856 5398 agro,
913 5333 966 5376 et
1021 5327 1074 5377 in
1123 5323 1450 5398 Maritimus,
1508 5329 1562 5380 id
1613 5338 1711 5390 est,
1749 5330 1800 5381 in
1841 5331 2026 5398 dxpi:

455 5406 688 5460 quorum
714 5393 1008 5464 verborum
1046 5395 1254 5447 nullum
1286 5409 1464 5450 exsmt
1514 5400 1804 5464 vestigium
1834 5399 1884 5450 in
1919 5393 2034 5452 ina-

459 5462 756 5526 nuscrfptis
809 5461 1120 5530 l’lieronymi
1166 5465 1334 5518 libris.
1377 5467 1646 5520 MARTIAN.

531 5534 550 5562 ²
591 5522 740 5583 Unus
763 5530 960 5599 .V'alic.,
1015 5522 1249 5598 'lcgotur,
1285 5546 1341 5587 ut
1377 5538 1648 5590 scribitur.
1690 5537 1751 5589 Iit
1775 5554 1904 5590 vero
1928 5522 2032 5599 ’πη

458 5601 628 5666 Ιιειιιιι,
661 5613 715 5654 et
736 5585 839 5660 ἻΒΠ
870 5601 1015 5652 Ιιιίεά
1042 5585 1182 5656 sumi
1209 5585 1514 5671 βίηὐιιιίδι-ιιτε
1553 5609 1749 5668 solent,
1777 5619 1829 5660 et
1853 5585 2029 5674 quoad

460 5688 618 5723 usum
649 5689 948 5741 synonyma
975 5681 1122 5735 sunt,
1168 5681 1383 5728 tametsi
1422 5677 1691 5731 diversam
1734 5682 2032 5733 suttiutttttr

464 5745 867 5811 cutttulo'giam.
932 5741 1027 5796 llic
1091 5759 1254 5811 penes
1308 5743 1500 5801 Isaiam
1569 5763 1649 5804 est

1708 5761 1812 5782 αι’-τη
1847 5758 1978 5782 “sum

1721 5771 1812 5807 nn
1850 5771 1978 5809 τῑυτ
2015 5771 2027 5804 ;

2124 3187 2255 3241 luit?
2279 3187 2606 3240 Sustinenda
2629 3202 2762 3256 ergo
2804 3199 2936 3242 sunt
2996 3201 3341 3256 qua-cunque
3383 3183 3665 3238 decreverit.

2123 3276 2228 3332 Pro
2265 3278 2412 3347 pullo
2443 3261 2772 3342 hirundinis,
2801 3278 2915 3333 sive
2943 3278 3242 3338 hirundine,
3275 3285 3332 3327 ut
3353 3273 3489 3327 LXX
3519 3285 3666 3324 trans-

2126 3370 2382 3431 tulerunt,
2421 3371 2473 3422 in
2509 3367 2778 3422 Hebruico
2814 3369 3078 3438 scriptum
3125 3379 3240 3429 est,
3282 3381 3376 3420 sus
3417 3379 3543 3418 Acus
3576 3371 3665 3422 ".D'J

2123 3462 2298 3526 W1).
2331 3463 2476 3532 quod
2513 3463 2900 3528 interpretatus
2937 3468 3021 3514 est
3051 3459 3269 3527 Aquila,
3323 3474 3480 3527 equus
3510 3458 3664 3524 Agar:

2127 3555 2450 3619 Theodotio,
2475 3570 2551 3608 Sts
2591 3554 2888 3622 AGL’M‘M’;
2917 3552 3042 3622 DVD)
3070 3569 3084 3616 ;
3121 3551 3299 3605 tuezliu
3329 3554 3471 3604 ettitu
3503 3547 3667 3602 vocalis

2128 3647 2306 3702 littera
2335 3664 2456 3714 vau,
2485 3649 2524 3702 si
2555 3658 2787 3717 ponatur
2811 3647 2953 3700 inter
2984 3648 3116 3699 duas
3140 3643 3348 3709 Santec,
3378 3645 3560 3712 legitur
3581 3655 3664 3704 sus,

2128 3751 2181 3793 σει
2202 3739 2507 3808 appellatur
2520 3755 2680 3808 equus
2701 3757 2721 3801 ;
2743 3738 2785 3792 si
2806 3738 2926 3807 jod,
2947 3737 3139 3807 legitur
3153 3737 3243 3799 sis,
3265 3747 3316 3789 cl
3334 3735 3547 3788 hirundo
3563 3732 3667 3785 dici-

2133 3841 2244 3886 tur.
2269 3831 2631 3901 Symmachus
2651 3840 2834 3883 autem
2866 3831 2935 3882 ita
2963 3829 3237 3882 transtulit
3261 3845 3274 3880 :
3295 3826 3442 3880 Sicut
3476 3823 3663 3877 hirundo

2128 3923 2354 3988 inclusa,
2381 3925 2456 3976 sic
2477 3921 2888 3987 cantabo.Quod
2907 3922 3126 3974 verbum
3154 3937 3284 3988 agor
3311 3933 3362 3974 et
3392 3921 3441 3972 in
3469 3913 3661 3972 Jeretnia

2130 4016 2350 4083 legitur,
2383 4015 2473 4068 ubi
2503 4015 2769 4082 scriptum
2803 4021 2884 4068 est
2913 4030 2926 4066 :
2961 4013 3149 4066 Milvus
3189 4015 3244 4066 in
3292 4013 3420 4066 ratio
3465 4007 3666 4079 cogitarit

2131 4119 2332 4175 tempus
2355 4125 2508 4161 suum
2543 4124 2562 4174 ;
2589 4117 2766 4161 turtur
2781 4107 3102 4176 etjtiruudo,
3136 4107 3184 4160 et
3216 4109 3421 4160 ciconia
3450 4103 3666 4160 custodie-

2131 4213 2250 4254 runt
2283 4212 2518 4270 tempora
2544 4216 2641 4254 sua
2673 4199 2917 4268 (Jereut.,
2949 4214 3071 4264 vrtt,
3101 4198 3175 4261 7).

2203 4294 2380 4365 (Vers.
2419 4292 2486 4346 i6
2510 4293 2689 4363 seqq.)
2727 4309 2745 4343 ι
2801 4289 3081 4359 Reputaho
3114 4306 3304 4346 omnes
3335 4306 3503 4345 annos
3545 4299 3664 4342 meos

2133 4391 2187 4443 in
2219 4386 2582 4440 amaritudine
2610 4386 2805 4438 animm
2833 4399 2985 4438 meze.
3027 4383 3273 4448 Domine,
3310 4386 3354 4437 si
3380 4384 3457 4436 sic
3484 4381 3665 4441 vivitur,

2134 4489 2190 4533 et
2218 4480 2270 4532 itt
2305 4478 2508 4532 talibus
2539 4477 2646 4528 vita
2679 4477 2910 4546 spiritus
2940 4476 3068 4540 mei,
3100 4477 3363 4540 corripies
3407 4491 3502 4534 me,
3528 4483 3573 4524 et
3599 4467 3666 4520 vi-

2135 4571 2382 4624 viﬁcabis
2423 4587 2526 4626 me.
2555 4569 2694 4624 Ecce
2729 4573 2779 4622 in
2806 4585 2938 4636 pace
2984 4566 3292 4622 amaritudo
3324 4583 3439 4620 mea
3478 4562 3668 4618 amaris-

2134 4663 2294 4716 sima.
2361 4661 2441 4716 Tu
2491 4672 2670 4716 autem
2723 4661 2912 4714 eruisti
2953 4659 3189 4712 animam
3243 4676 3438 4724 meam,
3485 4668 3536 4710 ut
3583 4668 3665 4707 non

2135 4758 2360 4828 periret;
2398 4755 2676 4823 proiecisti
2706 4764 2824 4823 post
2853 4767 3058 4824 tergum
3091 4764 3237 4806 tuum
3272 4757 3447 4807 omnia
3482 4757 3664 4822 peccata

2135 4864 2279 4902 mea.
2329 4845 2468 4913 Quia
2518 4863 2624 4900 non
2677 4847 2928 4901 infernus
2971 4845 3315 4899 conﬁtebitur
3371 4845 3481 4908 tibi,
3524 4850 3667 4906 neque

2137 4953 2286 4993 mors
2312 4938 2554 4993 laudabit
2584 4949 2634 4992 te
2659 4977 2672 4990 .
2700 4954 2806 4993 non
2835 4939 3221 5008 exspectabunt
3251 4938 3340 5006 qui
3371 4932 3667 4990 descendunt

2137 5032 2190 5086 in
2250 5031 2452 5095 lacum,
2502 5030 2790 5086 veritatem
2837 5041 3006 5100 tuam.
3065 5029 3289 5093 Vivens,
3347 5027 3526 5082 vivens
3575 5025 3666 5092 ipse

2135 5187 2350 5241 Psalmo
2380 5198 2556 5242 autem
2591 5204 2738 5252 χιιι,
2771 5187 2826 5250 9.,
2857 5189 2962 5246 't‘m
2993 5193 3145 5244 νεωτ.
3171 5183 3236 5238 Et
3283 5184 3461 5238 mundi
3482 5178 3660 5246 quidem

2133 5260 2457 5312 habitatores
2479 5262 2789 5322 utrobique
2817 5259 3174 5325 designantur
3216 5271 3230 5318 ;
3270 5257 3362 5308 sed
3388 5253 3538 5323 priori
3555 5252 3662 5325 loco

2135 5330 2317 5382 futura
2358 5330 2516 5392 hujus
2569 5319 2748 5380 s:ecult
2802 5319 3057 5388 cessatio,
3108 5337 3202 5378 aut
3237 5319 3466 5392 requies,
3522 5319 3662 5392 altero

2134 5401 2339 5464 vilitas,
2376 5385 2488 5452 slve
2517 5397 2825 5464 obscuritas
2853 5385 3187 5464 intelligitur.
3229 5385 3420 5447 Verius
3450 5385 3659 5464 proinde.

2133 5480 2297 5536 atque
2326 5457 2554 5521 ozuuinu
2582 5468 2645 5520 ad
2669 5457 2977 5536 Hieronymi
3006 5457 3237 5518 mentem
3270 5457 3458 5532 legitur
3481 5458 3660 5536 induo.-

2137 5524 2234 5591 hus
2269 5537 2442 5591 Vatic.
2501 5554 2634 5590 mss.
2699 5539 2849 5606 prius
2874 5524 3033 5602 Ὲάει,
3089 5524 3349 5603 requiem:
3385 5545 3484 5586 tum
3529 5524 3656 5585 Eled.

2134 5610 2471 5661 occidentem.

2207 5680 2227 5708 ³
2251 5678 2362 5731 Duo
2392 5677 2565 5732 Vatie.
2604 5677 2710 5742 hic,
2742 5687 2796 5729 tu
2827 5690 3018 5744 :ponac
3046 5692 3140 5742 pro
3160 5692 3259 5743 me,
3294 5685 3345 5732 et
3372 5672 3511 5745 paulo
3539 5673 3654 5736 903'.

2135 5759 2320 5803 contra
2355 5749 2608 5815 factorem
2650 5764 2841 5813 meum,
2876 5749 3078 5814 absque
3135 5757 3204 5799 te.
