3952 6180
255 329 373 398 409

755 327 1261 393 (ΣΟΜΜΕΝΤΑΒ.
1288 378 1291 383 .
1315 332 1395 392 1N
1438 332 1705 393 ISAIAM
1751 334 1848 394 ΡΠ

1956 334 2217 400 ιιΕΤΑιι
2256 338 2405 404 Lm.
2446 319 2758 412 XL'CAP.
2798 342 3065 407 xxxnx.

3423 345 3533 413 £10

253 441 621 496 conﬁtebitur
664 440 786 506 tibi,
836 444 979 497 sicut
1020 451 1074 498 et
1124 458 1226 512 ego
1275 443 1461 500 hodie.
1510 444 1672 508 Pater
1722 445 1850 501 ﬁliis
1884 452 1924 511 Δ
1953 456 2163 520 terroga
2213 448 2622 517 Patrcmtuum,
2678 462 2727 506 et
2765 453 3108 507 annuntiabit
3134 454 3269 523 tibi;
3298 456 3529 512 seniores

254 542 453 587 notam
487 533 651 588 faciet
684 536 973 591 veritatem
1002 548 1177 593 tuam.
1224 535 1474 601 Domine,
1511 540 1720 593 salvum
1768 553 1855 594 me

254 625 379 693 fac,
412 638 467 681 et
498 628 742 697 psalmos
774 640 993 685 nostros
1035 630 1380 684 cantabimus
1418 630 1630 685 cunctis
1664 630 1855 685 diebus

254 720 397 775 vita:
425 730 627 776 nostra:
672 721 727 775 in
760 721 921 777 domo
956 717 1195 777 Domini.
1234 740 1253 774 ι
1287 719 1430 774 LXX
1467 739 1483 776 :
1536 738 1557 773 ι
1599 721 1851 783 Domine.

252 808 330 864 de
355 810 477 881 ipsa
499 813 880 868 annuntiatum
909 824 993 868 est
1025 812 1118 867 libi
1153 821 1248 868 :et
1283 812 1559 869 suscitasti
1601 812 1851 881 spiritum

260 917 480 968 meum,
505 913 562 959 et
599 903 912 959 consolatus
942 904 1248 959 viviﬁcasti.
1285 904 1426 959 Ecce
1460 905 1514 959 in
1548 918 1679 974 pace
1707 919 1856 958 ama-

259 994 462 1050 ritudo
498 1010 619 1051 mea
655 1013 670 1052 :
701 998 949 1053 liberasti
972 997 1118 1053 enim
1149 997 1385 1051 animam
1421 1012 1616 1061 meam,
1658 1005 1718 1051 ut
1747 1012 1854 1052 non

258 1087 502 1155 periret,
535 1095 593 1142 et
621 1087 903 1158 projecisti
929 1097 1052 1156 post
1078 1102 1164 1142 me
1207 1086 1391 1142 omnia
1435 1094 1659 1157 peccata
1708 1101 1849 1141 mea.

258 1176 460 1246 Neque
486 1179 632 1233 enim
663 1179 717 1234 in
748 1178 965 1234 inferno
991 1179 1288 1234 laudabunt
1323 1188 1394 1245 te,
1429 1192 1601 1246 neque
1646 1176 1853 1232 mortui

263 1272 604 1328 benedicent
638 1272 758 1329 tibi.
795 1271 984 1342 Neque
1014 1273 1315 1343 sperabunt
1340 1272 1435 1340 qui
1459 1271 1599 1341 apud
1650 1271 1854 1327 inferos

256 1376 399 1422 sunt
422 1366 862 1421 misericordiam
886 1376 1033 1419 tuam
1070 1382 1085 1420 :
1115 1364 1361 1420 viventes
1395 1363 1716 1419 benediccnt
1736 1364 1853 1432 tibi,

257 1457 495 1513 sicutet
526 1473 651 1528 ego.
689 1458 771 1513 Ab
805 1457 967 1512 hodie
1003 1456 1150 1513 enim
1182 1444 1324 1511 ﬁlius
1364 1455 1585 1521 faciam,
1616 1455 1710 1526 qui
1756 1470 1854 1510 att-

260 1547 895 1618 nuutiabnutjustitiam
926 1559 1096 1614 tuam,
1129 1545 1358 1602 Domine
1382 1546 1579 1601 salutis
1612 1562 1771 1609 meae,
1797 1556 1855 1602 et

258 1656 378 1696 non
435 1642 805 1711 requiescam,
860 1641 1194 1697 benedicens
1247 1640 1342 1696 tibi
1390 1656 1513 1696 cum
1558 1637 1849 1708 Psalterio,

257 1733 532 1789 omnibus
554 1734 746 1790 diebus
778 1734 899 1788 vitae
925 1748 1058 1789 mea:
1079 1734 1135 1799 in
1170 1742 1463 1804 conspectu
1488 1732 1847 1788 domus-Dein

258 1824 427 1881 Nulla
470 1841 561 1881 res
593 1825 754 1898 longa
779 1825 1091 1881 mortalium
1126 1831 1231 1891 est,
1278 1825 1566 1893 omnisque
1610 1822 1845 1880 felicitas
1877 1821 1918 1877 Β

264 1919 462 1973 seculi
494 1918 621 1973 dum
669 1929 907 1984 tenetur,
942 1918 1236 1972 amittitur.
1274 1916 1408 1972 Cum
1439 1918 1583 1971 enim
1617 1915 1846 1970 tribula-

260 2013 439 2069 tionis
463 2012 685 2081 tempus
706 2011 1010 2074 advenerit,
1042 2026 1203 2066 omne
1233 2018 1375 2080 quod
1401 2010 1736 2081 prtrtcritum
1765 2019 1850 2065 est

261 2105 409 2161 nihil
470 2104 696 2175 adjuvat
757 2105 1147 2160 sustinentem.
1201 2103 1359 2160 Unde
1414 2103 1578 2158 stulta
1632 2102 1846 2172 Epicuri

257 2198 545 2252 sententia
568 2205 671 2262 est,
700 2197 793 2267 qui
820 2197 1015 2251 asserit
1048 2196 1425 2252 recordatione
1445 2196 1846 2266 praeteritorum

259 2290 569 2355 bonorum,
596 2289 739 2344 mala
783 2289 1074 2359 praesentia
1105 2288 1367 2359 mitigari.
1414 2289 1553 2359 Ergo
1586 2287 1850 2342 Ezechias

261 2395 535 2454 reputate
568 2397 629 2437 se
662 2381 795 2437 dicit
822 2396 1011 2437 omnes
1042 2394 1216 2436 annos
1247 2380 1397 2451 regni
1426 2380 1530 2446 sui,
1560 2387 1616 2434 et
1646 2390 1848 2451 praete-

258 2481 410 2543 ritaa,
446 2486 506 2532 ιιι
534 2475 779 2547 putabat,
811 2474 1161 2531 beatitudinis
1195 2474 1249 2529 in
1295 2473 1547 2543 praesenti
1580 2471 1848 2527 amaritu-

258 2572 420 2626 dine.
455 2570 523 2626 Et
568 2569 699 2639 quia
733 2568 846 2639 jam
894 2582 1122 2623 securus
1169 2574 1290 2631 est,
1343 2580 1446 2621 nec
1483 2565 1688 2636 patitur
1726 2578 1851 2635 quas

257 2663 464 2730 refert,
503 2664 572 2719 de
611 2663 852 2718 humano
893 2659 1060 2733 474
1104 2668 1249 2715 statu
1304 2658 1749 2730 philosophatur,
1794 2666 1850 2714 et

260 2758 400 2813 dicit
442 2773 456 2810 :
490 2753 736 2818 Domine,
764 2755 812 2809 si
854 2755 933 2807 sic
972 2754 1185 2819 vivitur,
1247 2761 1302 2807 et
1335 2751 1425 2806 tali
1451 2765 1637 2806 sumus
1665 2751 1851 2806 condi-

260 2848 416 2904 tione
466 2848 734 2917 generati,
783 2846 1096 2916 corripuisti
1125 2861 1232 2912 me,
1276 2845 1372 2901 sed
1422 2843 1710 2900 viviﬁcasti
1740 2859 1846 2912 me,

256 2936 1076 3012 pacemquetribuisti,t‘ogato
1107 2937 1379 3008 Assyrio;
1427 2936 1527 2992 sed
1576 2950 1681 3005 pax
1728 2952 1846 2993 mea

257 3035 420 3091 oinni
449 3033 582 3088 mihi
609 3031 974 3087 amaritudine
997 3032 1101 3086 fuit
1129 3030 1392 3096 amarior,
1423 3029 1552 3100 quia
1584 3030 1850 3099 tranquil-

257 3129 421 3184 litate
441 3128 658 3199 populis
684 3126 915 3188 reddita.
942 3134 995 3179 et
1021 3126 1157 3178 urbe
1188 3137 1404 3187 secura,
1454 3137 1555 3191 ego
1590 3121 1741 3177 solus
1776 3118 1848 3174 li~

261 3223 418 3275 mina
441 3187 647 3273 inertis
679 3216 900 3272 intravi.
931 3215 1041 3271 Sed
1077 3225 1131 3268 tu
1158 3212 1349 3268 eruisti
1380 3213 1616 3265 animam
1651 3227 1848 3274 tneam,
1878 3187 1925 3248 (ἶ

259 3325 320 3367 ιιι
358 3329 471 3367 non
506 3311 736 3380 periret,
766 3306 852 3363 vel
882 3306 1144 3390 praesenti
1173 3306 1298 3360 vita;
1342 3302 1428 3359 vel
1455 3304 1673 3358 l’uturte.
1709 3302 1850 3358 Pro-

253 3403 446 3474 jeeisti
500 3403 644 3457 enim
672 3410 796 3472 post
846 3409 1059 3471 tergum
1107 3396 1290 3453 omnia
1322 3405 1545 3467 peccata
1590 3410 1728 3455 mea,
1785 3407 1851 3446 ne

258 3499 355 3553 illa
387 3496 564 3551 tristis
592 3496 917 3564 aspicerem,
948 3491 1045 3548 sed
1079 3501 1224 3546 tuam
1257 3487 1687 3545 misericordiam
1716 3501 1851 3542 con-

261 3591 593 3659 templarer.
620 3587 872 3644 infernus
901 3588 1045 3642 enim
1079 3596 1135 3642 et
1159 3600 1310 3641 mors
1347 3599 1460 3639 non
1503 3582 1849 3639 conﬁtebun-

260 3696 377 3750 tur,
405 3698 583 3752 neque
616 3677 914 3736 laudabunt
936 3690 1007 3748 te,
1035 3681 1190 3750 juxta
1232 3677 1369 3732 illud
1413 3676 1558 3748 quod
1584 3675 1850 3745 scriptum

258 3790 349 3835 est
385 3796 402 3832 :
438 3775 509 3831 In
536 3776 741 3846 inferno
773 3782 950 3827 autem
992 3772 1113 3843 quis
1151 3771 1485 3841 conﬁtebitur
1534 3768 1628 3822 tibi
1675 3765 1853 3834 (Paul.

260 3888 339 3938 vt,
379 3869 485 3939 6)?
512 3866 910 3937 Confessioque
937 3866 990 3920 in
1030 3867 1131 3919 hoc
1155 3863 1295 3928 loco,
1320 3879 1426 3917 non
1462 3877 1557 3931 pro
1586 3861 1859 3931 pteniteu-

262 3964 365 4029 tia,
404 3961 504 4017 sed
547 3974 645 4030 pro
679 3958 857 4030 gloria
901 3967 959 4011 et
996 3955 1158 4011 laude
1197 3955 1487 4023 accipitur,
1519 3953 1660 4007 sicut
1696 3959 1750 4006 et
1802 3951 1855 4005 iu

264 4052 570 4122 Evangelio
615 4051 871 4122 legimus,
916 4048 1219 4116 Conﬁtebor
1271 4045 1380 4119 [AL
1409 4044 1685 4118 conﬁteor]
1718 4044 1855 4113 ,tibi,

262 4147 517 4206 Domine,
550 4143 715 4197 Pater
763 4141 882 4197 caeli
910 4152 957 4195 et
991 4152 1148 4195 terra:
1196 4137 1420 4210 (Matth.
1470 4153 1546 4206 ιι,
1571 4136 1687 4206 25).
1735 4135 1858 4190 Νοη

263 4235 677 4306 exspectabant,
734 4233 957 4302 inquit,
1027 4232 1120 4301 qui
1163 4229 1487 4283 descendunt
1546 4228 1602 4281 in
1655 4228 1855 4295 lacum,

261 4331 544 4383 ceritatem
582 4338 727 4381 luant
764 4342 783 4380 :
818 4324 1009 4380 melius
1052 4339 1217 4393 quam
1254 4326 1307 4377 in
1348 4320 1493 4377 LXX
1546 4320 1850 4374 misericor-

262 4422 443 4475 diam.
471 4420 574 4485 Qui
605 4420 748 4474 enim
780 4419 833 4472 in
864 4416 1083 4472 inferno
1105 4425 1213 4481 est,
1239 4431 1345 4469 non
1374 4422 1660 4482 exspectat
1700 4412 1855 4483 judi-

1955 552 2092 607 tuos,
2119 550 2167 595 et
2197 543 2371 597 dicent
2420 544 2513 597 tibi
2552 544 2730 614 (Deut.
2763 560 2936 609 xxxtt,
2962 545 3043 616 7),
3075 555 3136 601 ιιι
3192 561 3289 615 per
3316 563 3531 614 succes—

1956 634 2140 689 siones
2174 645 2229 689 et
2260 635 2498 702 singulas
2528 632 2908 705 generationes
2937 638 3029 692 Dei
3056 639 3108 693 in
3146 650 3396 709 posteros
3421 641 3531 693 cle-

1954 728 2155 782 mentia
2179 729 2655 797 praedicetur.Pro
2700 746 2807 800 quo
2853 729 2995 786 LXX
3055 745 3353 801 posuerunt
3385 749 3404 787 :
3455 733 3530 787 Ab

1953 821 2107 875 hodie
2136 824 2271 876 enim
2303 822 2443 890 ﬁlios
2474 823 2692 893 faciam,
2718 824 2809 894 qui
2841 824 3232 878 annuntiabunt
3268 824 3530 891 iustitiam

1955 924 2126 969 tuam.
2150 913 2513 981 Causalisque
2552 915 2866 983 c0ujunctio
2894 916 3177 986 sequentia
3200 932 3321 971 cum
3365 932 3529 986 snpe-

1955 1008 2193 1063 rioribus
2231 1008 2452 1078 copulat
2501 1023 2515 1061 :
2553 1009 2695 1077 quod
2744 1008 2994 1064 videlicet
3029 1009 3232 1065 idcirco
3279 1011 3522 1067 viventes

1953 1108 2009 1154 et
2055 1100 2171 1169 ipse
2216 1097 2409 1156 vivens
2449 1100 2775 1156 benedicant
2824 1101 2957 1166 Deo,
3002 1102 3134 1174 quia
3177 1103 3244 1158 ah
3280 1103 3383 1159 hac
3436 1104 3528 1161 die

1954 1190 2197 1248 facturus
2226 1192 2300 1249 sit
2340 1195 2502 1260 ﬁlios,
2536 1194 2626 1262 qui
2667 1195 2994 1250 annuutieut
3042 1196 3325 1251 veritatem
3380 1197 3522 1267 ejus,

1953 1285 2096 1354 quod
2123 1294 2272 1341 certe
2294 1301 2404 1341 sate
2430 1302 2534 1341 non
2564 1297 2682 1343 erat
2708 1287 3010 1358 potestatis.
3044 1287 3230 1359 Neque
3252 1291 3393 1343 enim
3426 1305 3521 1358 per

1914 1374 2279 1447 .Prophetam
2311 1378 2389 1433 illi
2421 1378 2577 1435 liberi
2631 1380 2947 1449 repromissi
3006 1391 3183 1436 sunt:
3238 1382 3332 1436 sed
3380 1398 3523 1449 prte-

1956 1482 2086 1524 sens
2133 1468 2243 1523 vita
2294 1485 2579 1526 concessa.
2620 1470 2934 1527 Prarscrtim
2972 1487 3094 1527 cum
3147 1472 3532 1541 impiissimum

1956 1560 2127 1616 ﬁlium
2169 1563 2415 1634 genuerit
2447 1561 2756 1629 Manassen,
2789 1565 2879 1633 qui
2911 1566 3202 1635 repleverit
3228 1561 3529 1621 Jerusaltm

1956 1655 2241 1723 sanguine,
2275 1671 2303 1708 ιι
2338 1666 2492 1725 porta
2520 1672 2694 1724 usque
2720 1658 2786 1712 ad
2825 1666 3062 1727 portam,
3088 1668 3147 1713 ct
3178 1675 3282 1713 non
3307 1660 3531 1714 bened-

1955 1747 2056 1810 xit,
2080 1747 2175 1802 sed
2199 1748 2474 1804 maledixit
2495 1748 2601 1803 Deo
2628 1765 2961 1819 persequens
2985 1761 3202 1807 sanctos
3221 1751 3361 1821 ejus.
3394 1750 3531 1806 Pos-

1955 1854 2146 1895 sumus
2172 1855 2299 1912 ergo
2328 1840 2485 1911 juxta
2525 1840 2666 1897 LXX
2687 1840 2849 1914 475
2871 1840 2974 1898 hoc
3010 1841 3215 1908 dicere,
3246 1841 3390 1911 quod
3425 1858 3532 1899 non

1956 1931 2177 1997 dixerit,
2222 1930 2397 1987 Filios
2426 1932 2649 2001 faciam,
2691 1936 2782 1987 set!
2807 1932 2994 1986 παιδία
3017 1975 3032 1999 ,
3065 1949 3203 2003 quos
3229 1934 3309 1988 vel
3334 1940 3529 2003 parvu-

1957 2023 2055 2090 los,
2085 2024 2167 2080 vel
2188 2040 2399 2092 pueros,
2431 2025 2547 2081 sive
2578 2006 2869 2096 infantulos
2895 2035 2951 2079 et
2989 2035 3239 2095 posteros
3262 2026 3526 2097 intelligi-

1957 2132 2099 2185 mus,
2124 2127 2183 2171 ut
2211 2133 2277 2172 ex
2306 2132 2374 2173 eo
2406 2118 2549 2187 quod
2579 2118 2696 2187 ipse
2733 2117 3167 2173 miscricordiam
3193 2130 3531 2173 consecutus

1956 2222 2062 2275 est,
2130 2212 2311 2267 omnis
2359 2223 2586 2267 ventura
2642 2213 2938 2282 posteritas
3011 2212 3118 2268 hoc
3167 2226 3529 2281 cognoscens,

1956 2304 2140 2359 laudet
2173 2304 2290 2375 ejus
2317 2304 2693 2361 incredibilem
2714 2305 3087 2361 clementiam.
3141 2303 3364 2360 Salvum
3391 2321 3521 2375 ergo

1955 2413 2044 2452 me
2092 2398 2200 2462 fac,
2240 2398 2466 2452 Domine
2503 2414 2518 2464 ;
2550 2407 2604 2452 et
2656 2412 2845 2452 omnes
2900 2397 2992 2467 qui
3040 2397 3093 2451 in
3152 2406 3204 2451 te
3230 2397 3532 2464 credimus,

1958 2497 2159 2557 tuoque
2188 2504 2378 2544 sumus
2413 2488 2621 2542 auxilio
2665 2486 2909 2553 liberati,
2937 2488 3154 2546 cunctis
3187 2487 3378 2543 diebus
3407 2489 3531 2542 vita:

1960 2586 2158 2634 nostra:
2190 2585 2247 2633 te
2278 2593 2539 2633 canemus
2564 2579 2615 2632 in
2649 2576 2898 2648 Templo.

2027 2668 2209 2738 (Vers.
2258 2667 2350 2733 2‘1,
2384 2668 2502 2733 22).
2544 2687 2563 2721 ι
2603 2667 2669 2723 Ει
2721 2668 2887 2738 jussit
2926 2666 3098 2725 Isaias
3146 2679 3205 2723 ut
3252 2677 3531 2723 sumerent

1956 2774 2197 2816 massam
2228 2759 2294 2816 de
2323 2759 2461 2824 ﬁcis,
2499 2770 2553 2814 et
2590 2760 3047 2831 cataplasmareut
3101 2775 3266 2829 super
3296 2759 3528 2825 .vuiuns,

1955 2864 2010 2909 et
2046 2864 2361 2909 sanaretnr.
2390 2851 2454 2907 Et
2485 2854 2621 2907 dixit
2646 2853 2930 2917 Ezechias.
2955 2854 3110 2920 Quod
3150 2853 3257 2908 erit
3286 2848 3530 2923 signum,

1955 2945 2081 3014 quia
2134 2944 2426 3000 ascendam
2454 2944 2508 2999 iu
2538 2946 2756 2998 domum
2786 2943 3044 2998 Domini?
3078 2962 3098 2996 ι
3143 2943 3257 2998 lloc
3284 2945 3433 3014 prius
3458 2942 3533 2996 le-

1956 3037 2194 3107 gendum
2225 3047 2310 3093 est
2340 3052 2500 3105 quam
2535 3037 2711 3092 oratio
2746 3036 3018 3100 Ezechiae,
3058 3034 3174 3090 sive
3215 3035 3487 3103 scriptura
3513 3074 3529 3098 ,

1956 3148 2117 3202 quam
2144 3147 2289 3186 nunc
2320 3130 2661 3200 interpretati
2700 3144 2929 3184 smnus:
2961 3138 3087 3182 ante
3111 3128 3255 3182 enim
3286 3127 3526 3195 catapla-

1954 3238 2072 3279 suta
2102 3224 2311 3277 vulneri
2339 3222 2653 3291 impositmn
2686 3233 2791 3287 e51,
2827 3221 3057 3291 etprius
3088 3222 3302 3289 signum
3344 3220 3413 3274 ab
3462 3237 3528 3271 cu

1960 3317 2187 3386 petitum
2221 3314 2419 3370 futurae
2459 3314 2737 3376 sanitatis,
2772 3330 2934 3384 quam
2977 3314 3182 3384 gratias
3210 3311 3535 3389 ageretDo-

1955 3410 2130 3475 mino,
2173 3409 2318 3480 quod
2349 3409 2549 3463 dicitur
2581 3405 2780 3463 fecisse
2816 3418 3065 3461 sanatus.
3109 3407 3280 3459 Aiunt
3319 3405 3530 3458 llebrari

1955 3502 2183 3558 verbum
2234 3517 2341 3556 sun
2394 3500 2646 3590 (Γηωγ,
2697 3498 2840 3568 quod
2895 3499 3294 3567 praetermisi-re
3363 3494 3530 3557 LXX,

1956 3591 2108 3647 ulcus
2133 3608 2350 3657 sonare,
2383 3586 2490 3648 non
2551 3592 2763 3647 vulnus.
2807 3588 2944 3644 Nam
2980 3603 3032 3642 et
3055 3589 3249 3658 Aquila
3285 3586 3536 3656 Syrunm-

1955 3685 2199 3755 chusqne
2230 3695 2284 3740 et
2318 3686 2626 3740 Theodotio
2654 3684 2811 3746 ἕλκος
2840 3684 3179 3751 interpretati
3228 3691 3379 3746 sunt,
3435 3696 3535 3750 per

1954 3777 2098 3846 quod
2154 3775 2391 3830 morbum
2415 3777 2617 3845 regium
2671 3775 2902 3845 intelligi
2953 3774 3162 3838 volunt,
3203 3773 3535 3828 coit-outra-

1958 3868 2037 3923 ria
2101 3876 2386 3938 putantur,
2442 3868 2525 3923 vel
2578 3878 2791 3935 sumpta
2831 3869 2883 3920 in
2938 3867 3082 3930 cibo,
3138 3864 3221 3918 vel
3286 3866 3530 3934 apposita

1962 3959 2177 4029 corpori
2209 3973 2548 4029 quaecunque
2601 3966 2728 4013 sunt
2769 3957 2968 4012 dulcia.
3006 3956 3150 4028 Ergo
3209 3968 3265 4010 ut
3300 3956 3391 4009 Dei
3435 3972 3532 4026 po-

1962 4050 2133 4105 tentia
2199 4058 2618 4115 monstraretur,
2659 4064 2758 4118 per
2790 4064 2877 4103 res
2939 4048 3132 4103 noxias
3171 4058 3224 4102 ct
3273 4047 3535 4102 advorsas

1956 4144 2161 4198 sanitas
2179 4143 2426 4198 restituta
2446 4151 2550 4197 est.
2567 4142 2671 4196 Alii
2689 4157 2814 4209 stnv,
2840 4158 2943 4197 una
2966 4139 3242 4205 ulctts,sed
3264 4150 3533 4207 apostenza

1958 4228 2345 4299 suspicantur:
2376 4230 2597 4301 quando
2633 4239 2844 4285 tumens
2891 4246 3091 4299 corpus
3133 4241 3290 4285 cocto
3320 4240 3374 4283 et
3417 4246 3530 4297 pu-

1961 4332 2233 4378 trescente
2262 4339 2397 4392 pure
2436 4325 2787 4394 completur;
2820 4336 2873 4377 et
2932 4324 3086 4393 juxta
3124 4336 3295 4379 artem
3363 4325 3533 4378 medi-

1958 4432 2171 4483 corum,
2205 4415 2383 4471 omnis
2407 4417 2591 4471 sanies
2649 4416 2972 4470 siccioribus
3023 4416 3140 4471 ﬁcis
3181 4426 3343 4485 atque
3398 4431 3531 4468 con-

262 4516 332 4568 cii
359 4513 674 4577 veritatem,
703 4511 801 4566 sed
829 4508 1259 4566 miscricordiam
1284 4506 1379 4561 Dei
1416 4524 1430 4560 :
1465 4507 1701 4558 maxime
1725 4519 1847 4558 cum
1882 4514 1925 4569 1)
1959 4508 2114 4577 tusis,
2155 4510 2207 4563 in
2236 4510 2378 4563 cutis
2400 4509 2746 4579 superﬁciem
2787 4520 3117 4576 provocatur
3150 4528 3163 4563 :
3196 4524 3258 4562 ac
3292 4524 3387 4577 per
3427 4508 3531 4561 huc

264 4603 525 4658 Salvator
550 4601 617 4656 ad
646 4601 855 4655 inferna
887 4597 1256 4663 descenderit,
1286 4609 1342 4651 ιιι
1377 4598 1592 4651 vinctos
1618 4595 1685 4649 de
1714 4594 1849 4647 infe-

261 4696 344 4749 ris
404 4696 683 4747 liberaret.
735 4689 841 4745 Pro
874 4691 995 4747 lacu
1045 4689 1391 4744 manifestius
1440 4689 1599 4743 iidem
1650 4688 1846 4758 inferos

265 4789 691 4842 transtulerunt.
756 4785 963 4850 Vivens,
994 4784 1168 4840 vivens
1196 4786 1305 4855 ipse
1337 4783 1675 4852 conﬁtebitur
1730 4782 1845 4849 tibi,

196 4924 205 4931 .
260 4884 472 4936 sicntet
496 4897 587 4949 ego
612 4882 783 4936 Itodie.
805 4878 869 4933 Et
887 4880 975 4934 hic
1004 4879 1277 4935 confessio
1296 4894 1396 4949 pro
1421 4877 1730 4932 laudatione
1756 4891 1853 4945 po-

262 4974 441 5028 nitur.
464 4971 651 5041 Neqoe
677 4972 819 5027 enim
843 4987 937 5028 sua
962 4972 1169 5027 scelera
1188 4971 1503 5039 conﬁtetur;
1526 4970 1619 5026 sed
1649 4971 1853 5038 gratias

264 5069 384 5134 agit
416 5064 531 5120 Deo
563 5081 577 5131 ;
615 5075 668 5119 et
702 5082 807 5119 non
836 5076 919 5118 est
946 5065 1172 5134 pulchra
1229 5063 1472 5119 laudatio
1506 5063 1557 5117 itt
1588 5078 1684 5118 ore
1729 5076 1855 5132 prc-

264 5158 480 5213 οιιιοι-ἱε
513 5156 701 5226 (Eccli.
737 5158 850 5218 xv).
884 5158 1133 5227 Cumque
1168 5155 1413 5212 infernus
1442 5166 1497 5211 et
1549 5172 1697 5211 mors
1742 5169 1850 5208 non

271 5250 647 5305 conﬁteantur
693 5264 794 5303 nec
828 5249 1044 5303 laudent
1088 5248 1281 5315 Deum,
1332 5263 1362 5302 e
1416 5249 1690 5303 contrario
1743 5249 1854 5301 vita

266 5353 437 5408 atque
481 5342 728 5395 viventes
777 5340 1061 5395 Dominum
1098 5341 1423 5410 gloriﬁcant.
1451 5340 1717 5409 Quodque
1768 5355 1855 5393 se-

271 5436 464 5504 quitur
502 5454 515 5489 :
569 5433 733 5489 Pater
760 5437 886 5504 ﬁliis
945 5444 1121 5488 notam
1165 5434 1322 5503 faciet
1370 5435 1638 5487 veritatem
1680 5443 1849 5501 luant,

270 5527 381 5581 hoc
410 5526 707 5595 signiﬁcat,
748 5528 893 5597 quod
928 5528 982 5582 in
1018 5524 1441 5584 Deutcronomio
1476 5526 1674 5580 dicitur
1703 5542 1719 5581 :
1751 5524 1854 5579 ln-

1955 4615 2065 4653 non
2102 4599 2465 4668 spernendam
2491 4614 2615 4656 esse
2669 4600 3017 4666 medicinam,
3066 4615 3185 4664 quae
3243 4614 3349 4653 usu
3398 4614 3534 4651 cono

1954 4703 2063 4748 stet
2108 4701 2163 4747 et
2210 4692 2605 4762 experimento,
2655 4692 2783 4761 quia
2848 4702 2904 4745 et
2936 4693 3074 4746 hanc
3125 4690 3318 4745 iecerit
3368 4690 3530 4743 Deus.

1958 4786 2153 4841 Oratio
2187 4785 2353 4855 igitur
2383 4800 2447 4840 ac
2469 4786 2765 4856 gratiarum
2791 4788 2936 4840 actio
2973 4782 3532 4853 ltucnsquezconscri—

1957 4889 2048 4950 pta
2083 4888 2188 4934 est.
2234 4877 2503 4934 Cteterum
2549 4879 2697 4949 quod
2742 4879 2956 4948 signum
2994 4878 3176 4931 datum
3230 4877 3320 4941 sit,
3369 4887 3532 4941 supe-

1960 4973 2072 5028 rior
2102 4972 2346 5027 historia:
2384 4973 2520 5028 ordo
2551 4973 2816 5027 narravit.
3442 4960 3447 4963 ’

1954 5064 1957 5067 ’
2035 5065 2217 5136 (Cap.
2278 5064 2523 5119 XXXIX.
2555 5096 2627 5108 -—-
2656 5066 2809 5120 Vers.
2846 5064 2870 5117 i
2904 5059 3080 5132 seqq.)
3119 5079 3138 5112 ι
3171 5059 3231 5114 in
3285 5068 3531 5129 tempore

1960 5158 2053 5212 illo
2108 5159 2258 5214 misit
2291 5158 2580 5215 Mcrodach
2608 5157 2868 5221 Baladan,
2907 5157 3051 5211 ﬁlius
3109 5153 3376 5219 Baladan,
3433 5168 3528 5207 rex

1955 5250 2266 5322 Babylonis,
2290 5252 2462 5309 libros
2484 5262 2538 5307 et
2562 5266 2784 5305 tnunera
2813 5250 2880 5304 ad
2907 5250 3222 5317 Ezecltiam;
3280 5248 3530 5303 audierat

1953 5343 2100 5397 enim
2131 5344 2275 5411 quod
2299 5353 2621 5411 mgrotasset
2648 5351 2703 5397 et
2733 5342 3122 5402 convaluisset.
3180 5341 3528 5408 lnvtatusque

1954 5447 2039 5492 est
2068 5453 2230 5506 super
2267 5439 2347 5492 eis
2399 5436 2688 5503 Ezechias,
2730 5448 2783 5491 et
2806 5439 3047 5493 ostendit
3081 5437 3161 5492 eis
3190 5434 3377 5489 cellam
3405 5448 3528 5487 ιιι-οι

1956 5539 2187 5595 malum,
2220 5536 2274 5582 et
2310 5527 2545 5596 argenti,
2574 5541 2629 5583 et
2652 5526 2795 5595 auri,
2822 5537 2876 5583 et
2924 5528 3426 5595 odoratnentornm,
3470 5537 3535 5582 et

342 5712 645 5800 f‘ltabanus
683 5725 739 5774 et
767 5717 889 5776 cod.
950 5716 1235 5791 Sangerm.
1271 5724 1411 5793 apud
1462 5722 1835 5793 Mouttaucon,
1878 5726 1962 5785 hic
1993 5735 2152 5797 atque
2179 5727 2315 5784 infra
2348 5742 2460 5800 snt,
2490 5728 2573 5787 vel
2603 5742 2707 5797 snv,
2740 5727 2936 5785 habent
2984 5741 3105 5782 cum
3148 5739 3250 5780 uua
3313 5728 3531 5778 tantum

266 5782 288 5838 ί
315 5780 519 5843 littera.

1068 5904 1083 5907 -
1110 5904 1157 5912 ~-
1206 5906 1301 5914 ηιμ..-
