3952 6180
387 285 485 349 «ill

1559 291 1623 350 S.
1671 288 1982 350 EUSEBII
2057 292 2498 353 IIIEBONYMI

3558 290 3664 355 612

382 401 649 475 unguenti
677 401 894 473 optimi,
926 410 980 457 et
1026 416 1217 458 onmes
1260 402 1561 473 apothecas
1610 403 1965 473 supellectilis
1997 410 2042 464 Α
2070 405 2179 459 illis
2216 407 2490 475 a’grolnvil
2525 420 2685 475 usque
2711 406 2780 457 ad
2801 412 3041 467 mortem.
3064 411 3303 458 etoramt
3334 402 3662 470 Dominum;

387 512 499 551 suae
519 504 572 550 et
605 496 857 551 universa
887 512 1007 565 qua:
1032 497 1248 551 inventa
1276 508 1406 553 sunt
1433 498 1488 551 in
1514 498 1787 553 thesauris
1809 497 1963 566 eius;

387 601 495 639 non
532 585 637 640 fuit
666 588 887 643 verbum
920 589 1064 657 quod
1094 604 1198 643 non
1247 589 1552 643 ostenderit
1590 588 1669 643 eis
1702 590 1967 644 Ezechias

385 678 443 733 in
469 681 634 733 domo
669 696 792 746 sua,
826 681 957 736 etin
982 681 1129 735 onmi
1164 690 1434 750 potestate
1464 697 1583 736 sua.
1622 700 1640 733 ι
1678 684 1857 752 Supra
1884 682 1966 737 le-

386 770 588 838 gimus,
638 781 836 841 quarto
897 773 1106 827 decimo
1140 772 1308 844 476
1348 789 1493 828 anno
1548 774 1694 844 regis
1722 774 1970 829 Ezechiae

386 863 702 916 ascendisse
752 862 1131 919 Sennacherib
1163 881 1344 935 regem
1396 864 1748 935 Assyriorum
1797 880 1969 935 super

384 968 579 1007 omnes
610 954 855 1009 civitates
884 954 1040 1009 Judae
1072 957 1335 1021 munitas,
1363 964 1418 1011 et
1472 957 1686 1025 cepisse
1738 971 1857 1023 eas,
1913 964 1968 1010 et

388 1054 574 1113 postea
592 1045 873 1102 obsedisse
904 1046 1122 1114 Lachis,
1162 1049 1422 1103 transisse
1452 1048 1720 1112 Lobnam,
1753 1047 1970 1103 misisse

383 1135 685 1193 Jerusalem
711 1148 918 1207 partem
948 1140 1225 1195 exercitus
1259 1140 1369 1203 sui,
1390 1155 1636 1207 cmsaquc
1666 1155 1762 1207 per
1788 1139 1969 1206 Auge-

388 1228 500 1282 lum
565 1241 786 1284 centum
842 1232 1122 1300 octoginta
1177 1231 1421 1301 quinque
1476 1232 1643 1285 tuillia
1691 1230 1970 1285 exercitus

387 1321 547 1388 ejus;
586 1331 641 1375 ct
672 1323 847 1390 ipsum
884 1323 1087 1391 fugisse
1122 1322 1398 1389 Ninivem,
1451 1325 1914 1392 interlectumque
1938 1339 1969 1377 ει

389 1415 516 1469 ﬁliis
546 1415 598 1468 in
629 1415 754 1469 fano
777 1416 863 1471 dei
891 1416 1000 1479 sui,
1031 1425 1084 1471 et
1118 1432 1374 1487 regnasse
1402 1432 1499 1487 pro
1526 1432 1591 1472 eo
1615 1415 1967 1470 Assaraddon
2018 1412 2026 1418 ’

394 1505 560 1558 lilium
597 1510 715 1571 ejus
743 1522 757 1571 ;
791 1515 1087 1576 aegrotasse
1111 1507 1419 1572 Ezechiam,
1446 1516 1501 1561 et
1537 1506 1807 1575 recepisse
1836 1506 1971 1560 Pro-

391 1595 572 1663 pheta:
598 1597 792 1650 nuntio
831 1597 1147 1665 sospitatem
1179 1613 1194 1661 ;
1224 1596 1427 1650 factum
1478 1596 1694 1666 signum
1730 1596 1971 1650 incredi-

390 1689 517 1753 bile,
549 1698 606 1741 ut
637 1688 718 1741 sol
772 1691 957 1742 decem
989 1690 1245 1744 horarum
1277 1690 1469 1759 spatiis
1500 1698 1875 1743 reverteretur
1903 1689 1967 1742 ad

387 1788 565 1834 ortum
598 1796 783 1845 suum,
819 1792 872 1835 et
900 1797 1034 1851 pene
1058 1782 1262 1851 duplex
1293 1784 1409 1835 dies
1445 1782 1618 1835 fieret.
1647 1780 1805 1835 Nunc
1835 1781 1968 1851 legi-

388 1889 512 1927 mus
543 1873 689 1942 quod
720 1874 772 1927 in
812 1883 1056 1941 tempore
1091 1875 1202 1937 illo,
1247 1876 1347 1927 hoc
1381 1886 1486 1936 eSt,
1519 1874 1570 1927 in
1605 1877 1795 1926 eodem
1825 1886 1971 1925 anno

387 1982 497 2035 quo
529 1967 642 2019 haec
672 1976 826 2035 gesta
861 1977 987 2019 sunt
1026 1966 1228 2031 omnia,
1278 1968 1490 2019 miserit
1546 1964 1835 2019 Merodat-h
1867 1964 1973 2017 Ba-

388 2060 573 2124 ladan,
613 2060 756 2113 [ilius
801 2059 1065 2119 Baladan,
1108 2075 1197 2113 rex
1224 2059 1541 2129 Babylonis,
1573 2058 1742 2111 libros
1776 2068 1827 2111 et
1855 2073 1974 2111 tnu-

390 2167 518 2205 nera
548 2152 613 2205 ad
662 2151 945 2205 Ezechiam
981 2167 997 2219 ;
1040 2166 1144 2203 non
1194 2149 1568 2211 Assaraddou,
1623 2150 1713 2219 qui
1757 2146 1972 2202 Setina-

388 2246 579 2300 cherib
613 2244 751 2311 patri
782 2244 924 2313 apud
960 2244 1217 2313 Assyrios
1250 2244 1302 2296 in
1346 2258 1569 2311 regnum
1604 2252 1971 2307 successerat,

389 2341 456 2394 de
487 2340 639 2407 cujus
668 2353 761 2394 seu
795 2345 990 2401 morte,
1046 2354 1139 2393 seu
1199 2338 1305 2390 vita
1346 2337 1630 2405 Scriptura
1681 2335 1969 2388 conticuit.

389 2435 464 2488 Ex
503 2449 609 2503 quo
653 2433 996 2502 perspicuum
1050 2440 1132 2485 est
1173 2430 1319 2484 aliud
1353 2431 1522 2511 fuisse
1554 2443 1683 2482 tunc
1744 2441 1971 2493 regnum

390 2527 764 2597 A~syriorum,
802 2535 857 2579 et
892 2524 1037 2576 aliud
1080 2521 1526 2593 Babyloniorum.
1586 2518 1828 2588 Denique
1870 2517 1973 2574 Sa-

390 2619 644 2684 mariam,
669 2618 717 2671 id
742 2626 847 2681 est,
867 2616 1058 2671 decem
1093 2616 1269 2668 tribus
1299 2628 1492 2683 cepere
1513 2611 1751 2682 Assyrii.
1776 2608 1971 2664 Iudam

390 2722 569 2764 autem
599 2721 649 2764 et
685 2706 988 2762 Jerusalem
1024 2713 1213 2775 postea
1266 2704 1496 2774 legimus
1531 2704 1757 2773 ocepisse
1812 2700 1976 2755 Chal-

390 2805 556 2868 da-os,
585 2816 814 2871 quorum
853 2816 946 2854 rex
1005 2797 1509 2853 Nabuchodonosor
1558 2796 1686 2850 fuit.
1750 2796 1813 2850 Et
1845 2798 1974 2863 quia

390 2896 530 2964 apud
579 2909 674 2949 eos
710 2902 985 2946 astrorum
1045 2891 1391 2945 observantia
1426 2896 1530 2952 est,
1588 2887 1975 2956 stellarumque

393 3001 587 3043 cursus
645 2985 809 3053 longo
836 3000 937 3037 usu
975 2992 1031 3037 et
1082 2982 1481 3036 exercitatione
1517 2980 1790 3049 cognitus,
1827 2977 1973 3050 quod

386 3089 445 3134 et
474 3078 526 3132 in
558 3077 771 3131 Domini
806 3074 1093 3128 nativitate
1150 3080 1531 3126 monstratur:
1583 3069 1976 3129 intellexerunt

390 3172 565 3227 solem
590 3184 891 3233 reversum,
922 3156 1035 3222 diei
1063 3166 1240 3235 spatia
1301 3164 1601 3234 duplicata,
1666 3162 1873 3217 servire
1924 3161 1975 3216 ei

394 3283 553 3336 quem
582 3265 756 3319 solutn
794 3262 960 3316 Deum
994 3261 1254 3331 putabant
1287 3257 1327 3311 ⁸.
1352 3258 1597 3325 Cumque
1628 3269 1823 3310 causas
1876 3252 1977 3307 hu-

395 3360 478 3427 ius
515 3357 760 3410 miraculi
806 3356 1186 3421 rationemque
1246 3350 1649 3420 perquirerent,
1698 3346 1840 3402 fama
1879 3361 1977 3415 per

395 3465 587 3506 omnes
615 3458 802 3515 gentes
826 3444 1113 3507 volitante,
1149 3441 1463 3495 didicerunt
1491 3450 1713 3508 prepter
1745 3447 1975 3506 aegrota-

397 3528 599 3597 tionem
634 3540 775 3609 regis
806 3536 981 3600 Ju'lte,
1040 3533 1207 3589 etiam
1253 3547 1473 3587 cursum
1508 3530 1648 3599 signi
1688 3527 1976 3583 clarissimi

395 3626 1017 3692 commutatum.Quam
1055 3638 1161 3676 non
1199 3636 1323 3676 esse
1358 3621 1727 3690 opinationem
1773 3632 1971 3683 meam,

396 3729 489 3785 sed
517 3726 816 3794 Scriptum
850 3729 1058 3775 sancta:
1088 3718 1273 3780 ﬁdem,
1312 3715 1534 3769 Diermn
1568 3713 1739 3768 verba
1765 3722 1975 3768 testan-

396 3834 508 3886 tur,
543 3835 662 3890 qua:
696 3817 884 3871 dixere
926 3819 1048 3882 post
1088 3809 1191 3863 alia
1235 3823 1250 3863 :
1285 3807 1405 3876 Ipse
1446 3817 1523 3861 est
1554 3805 1835 3874 Ezechias,
1888 3805 1979 3873 qui

397 3911 658 3967 obturavit
690 3906 1015 3975 superiorem
1036 3902 1234 3971 fontem
1257 3916 1518 3970 aquarum
1552 3897 1719 3955 Gion:
1751 3911 1799 3952 et
1831 3913 1981 3951 aver-

397 4006 456 4059 lit
487 4021 576 4057 eas
602 4002 781 4056 subter
814 3998 884 4051 ad
918 3997 1239 4050 occidentem
1270 3996 1430 4061 (urbis
1478 3994 1670 4047 David.
1707 3993 1770 4047 In
1812 3993 1980 4046 omni—

398 4096 492 4149 bus
516 4093 759 4163 operibus
789 4089 903 4145 suis
930 4088 1053 4158 fecit
1080 4101 1330 4156 prospere
1352 4101 1469 4154 qua:
1511 4084 1677 4137 voluit
1702 4100 1720 4147 ,°
1743 4090 1980 4137 attamen

399 4189 452 4240 in
488 4186 746 4256 legatione
768 4182 1073 4251 principum
1110 4177 1426 4247 Babylonis.
1458 4176 1550 4245 qui
1585 4174 1738 4229 missi
1768 4173 1980 4242 {uerunt

400 4280 632 4341 adeum,
662 4285 718 4329 ut
743 4277 1134 4343 interrogarent
1165 4271 1229 4323 de
1258 4277 1502 4339 portento
1533 4267 1671 4338 quod
1691 4268 1980 4336 :acciderat

400 4388 560 4441 super
587 4380 806 4435 terram,
847 4366 1058 4437 reliquit
1093 4380 1209 4419 eum
1247 4362 1387 4417 Deus
1443 4370 1501 4414 ut
1562 4368 1900 4415 tentaretur:
1930 4368 1980 4414 et

2070 507 2119 551 et
2151 500 2423 553 exaudivit
2457 515 2600 563 eum,
2637 506 2686 550 et
2724 498 2868 551 dedit
2903 499 2951 550 ei
2985 498 3246 565 signum;
3278 496 3367 550 sed
3395 514 3497 551 non
3535 498 3668 565 jux-

2071 600 2125 643 ta
2162 590 2418 657 beneﬁcia
2448 608 2565 659 qum
2596 601 2896 654 acceperat,
2946 589 3216 653 retribuit,
3283 590 3411 661 quia
3457 590 3669 644 exalta-

2071 689 2186 734 tum
2224 691 2298 735 est
2329 698 2419 735 cor
2450 683 2587 749 ejus,
2628 690 2679 734 et
2734 682 2884 749 facta
2927 691 3005 733 est
3071 688 3256 733 contra
3309 696 3425 733 eum
3474 679 3582 741 ira,
3619 689 3668 733 et

2070 782 2255 827 contra
2307 771 2506 827 ludam
2552 784 2600 828 et
2640 772 2940 827 Jerusalem
2996 771 3163 841 (Ibid.
3210 772 3313 839 25,
3347 771 3464 841 24).
3526 771 3669 824 Κητ-

2071 879 2302 933 smnque
2372 866 2651 933 Scriptura
2710 875 2895 920 sancta
2938 864 3233 919 elationem
3299 864 3483 918 cordis
3546 864 3670 930 ejus

2071 957 2204 1012 dicit
2255 957 2570 1028 paenitentia
2633 957 2969 1025 mitigatam,
3026 954 3317 1011 inferens:
3369 952 3434 1007 Et
3490 956 3673 1008 Immi-

2070 1049 2232 1104 liatus
2273 1058 2349 1105 est
2397 1060 2578 1117 postea
2602 1090 2616 1114 ,
2646 1066 2706 1104 eo
2736 1049 2878 1118 quod
2923 1048 3217 1103 exaltatum
3239 1058 3370 1103 esset
3399 1064 3490 1101 cor
3521 1048 3669 1116 ejus,

2073 1153 2179 1197 tam
2210 1144 2321 1211 ipse
2378 1158 2537 1213 quam
2577 1143 2900 1196 habitatores
2953 1140 3255 1195 Jerusalem
3293 1156 3311 1202 ,'
3345 1151 3393 1194 et
3460 1141 3669 1194 idcirco

2074 1251 2176 1287 non
2201 1236 2339 1287 venit
2382 1250 2541 1303 super
2581 1250 2669 1289 eos
2701 1235 2783 1287 ira
2816 1234 3031 1288 Domini
3062 1234 3117 1287 in
3177 1233 3359 1287 diebus
3393 1233 3666 1287 Ezechiae.

2072 1326 2309 1380 L:etatus
2344 1335 2428 1380 est
2457 1341 2588 1394 ergo
2620 1328 2672 1379 in
2706 1327 2943 1380 adventu
2984 1326 3289 1395 legatorum
3341 1325 3664 1390 Merodach,

2073 1432 2232 1487 quem
2257 1428 2465 1487 patrem
2509 1417 2680 1471 fuisse
2708 1416 3207 1471 Nabuchodonosor
3251 1416 3460 1470 llehrtci
3500 1426 3667 1470 autu-

2074 1517 2227 1562 mant
2260 1525 2275 1575 ;
2304 1517 2357 1560 et
2389 1509 2440 1561 in
2464 1508 2741 1562 oblatione
2762 1523 3078 1571 munerum,
3104 1515 3157 1560 et
3179 1506 3667 1576 congratulatione

2075 1600 2330 1654 sanitatis
2374 1614 2507 1654 suae.
2565 1598 2930 1669 Ostenditque
2973 1599 3052 1654 eis
3097 1598 3251 1667 juxta
3310 1597 3669 1667 Septuaginta

2076 1693 2293 1746 domum
2355 1708 2637 1748 necnorna
2697 1694 2909 1763 (rma).
2966 1707 3063 1762 pro
3118 1708 3223 1761 qua
3295 1691 3669 1761 Symmachus

2079 1786 2355 1840 transtulit
2381 1797 2682 1839 aromatum
2716 1791 2933 1840 suorum
2961 1802 2979 1851 ;
3008 1795 3063 1840 et
3095 1786 3384 1840 thesauros
3414 1787 3665 1854 argenti,

2073 1888 2123 1931 et
2167 1879 2284 1931 auri
2339 1889 2394 1933 et
2446 1880 2937 1933 odoramentorum
2998 1886 3053 1932 ct
3111 1879 3373 1948 unguenti
3433 1879 3659 1947 optimi,

2073 1970 2219 2037 quod
2257 1971 2308 2022 in
2373 1968 2645 2023 llebraico
2674 1970 2955 2033 scribitur,
3014 1969 3118 2022 olei
3157 1971 3279 2024 boni
3306 1985 3327 2035 ;
3359 1978 3413 2025 et
3468 1985 3669 2025 omnes

2078 2062 2364 2115 thesauros
2404 2077 2661 2115 vasorum
2694 2076 2860 2130 gazze,
2890 2061 3029 2128 sive,
3059 2071 3114 2115 ttt
3142 2061 3215 2117 ibi
3240 2062 3468 2132 legitur,
3503 2078 3670 2117 vaso-

2076 2170 2197 2209 rum
2221 2168 2467 2209 suorum.
2502 2153 2648 2208 Gaza
2686 2166 2869 2208 autem
2905 2155 3091 2224 lingua
3144 2154 3433 2209 Persarum
3466 2156 3670 2211 divitia

2076 2254 2484 2313 nuncupantur;
2546 2260 2646 2299 nec
2675 2258 2758 2301 est
2788 2244 3050 2300 Ilebrmus
3078 2260 3281 2310 sermo,
3319 2244 3415 2300 sed
3450 2244 3668 2300 Barba-

2077 2351 2193 2389 rus.
2232 2336 2353 2389 Non
2394 2335 2521 2400 fuit,
2558 2335 2987 2403 inquit,verbum
3022 2335 3040 2405 (
3076 2335 3217 2404 quod
3247 2335 3401 2403 juxta
3436 2331 3673 2389 llebrai-

2077 2442 2196 2482 Cam
2236 2428 2691 2481 consuetudinem
2747 2443 2845 2497 pro
2875 2445 2929 2482 re
2975 2427 3289 2496 frequenter
3346 2427 3668 2496 accipitur),

2076 2522 2217 2590 quod
2267 2536 2369 2572 non
2401 2520 2687 2572 ostenderit
2726 2522 2803 2573 eis
2835 2521 2888 2572 in
2907 2519 3059 2574 domo
3083 2535 3181 2572 sua
3217 2528 3264 2573 et
3297 2519 3351 2571 in
3396 2521 3541 2571 omni
3575 2535 3673 2588 po-

2079 2625 2268 2669 testate
2295 2631 2414 2667 sua.
2452 2612 2606 2667 Unde
2640 2610 2732 2667 Dei
2764 2615 2839 2667 ira
2862 2612 3196 2680 justissima,
3249 2600 3505 2681 quoniam
3554 2627 3669 2666 non

2078 2710 2252 2763 solum
2284 2709 2580 2763 thesauros
2624 2723 2754 2763 suos
2784 2717 2952 2778 atque
2991 2707 3202 2775 palatii,
3241 2712 3335 2761 sed
3369 2714 3426 2761 et
3476 2706 3669 2773 templi

2076 2800 2397 2865 ostenderit;
2461 2802 2607 2870 quod
2633 2808 2784 2854 certe
2816 2796 2919 2853 fuit
2943 2801 2963 2831 ³
2990 2798 3277 2867 petestatis
3298 2797 3439 2867 ejus,
3469 2796 3537 2852 de
3566 2812 3674 2851 eu-

2072 2891 2163 2962 jus
2198 2891 2369 2947 valvis
2404 2892 2523 2946 auri
2555 2891 2792 2946 laminas
2825 2899 2952 2944 ante
2982 2887 3095 2958 jam
3158 2888 3378 2944 tulerat.

2154 2982 2338 3056 (Vers.
2369 2984 2402 3037 3
2425 2981 2603 3054 seqq.)
2641 3002 2660 3035 ‹
2704 2982 2951 3037 Introivit
2981 2991 3164 3035 autem
3204 2979 3371 3035 Isaias
3404 2979 3671 3049 propheta

2002 3101 2045 3162 ρ
2081 3079 2147 3133 ad
2178 3092 2358 3148 regem
2390 3074 2694 3141 Ezechiam,
2728 3082 2781 3127 et
2810 3073 2942 3127 dixit
2985 3071 3229 3138 eizQuid
3256 3071 3513 3125 dixerunt
3561 3072 3670 3126 viri

2079 3170 2206 3226 isti:
2239 3178 2291 3225 et
2315 3169 2455 3222 unde
2483 3176 2748 3221 venerunt
2774 3164 2840 3219 ad
2868 3165 2954 3219 te?
2985 3162 3049 3217 Et
3074 3163 3212 3217 dixit
3257 3164 3553 3218 Ezechias:
3592 3164 3674 3220 De

2080 3272 2222 3318 terra
2265 3260 2558 3330 longinqua
2602 3267 2868 3314 venerunt
2896 3257 2962 3310 ad
3014 3270 3122 3322 me,
3158 3256 3223 3311 de
3268 3256 3559 3326 Babylone.
3602 3256 3673 3310 Et

2079 3352 2246 3408 dixit:
2296 3349 2435 3416 Quid
2478 3348 2727 3404 viderunt
2769 3348 2825 3403 in
2869 3348 3049 3403 doma‘
3068 3347 3196 3401 tua?
3246 3345 3312 3401 Et
3349 3349 3482 3402 dixit
3532 3349 3673 3404 Eze-

2080 3445 2267 3499 chias:
2299 3443 2493 3499 Omnia
2518 3457 2637 3512 qua:
2664 3442 2715 3496 in
2746 3442 2906 3496 domo
2930 3455 3046 3495 mea
3080 3450 3210 3496 sunt
3234 3441 3526 3496 viderunt:
3552 3458 3673 3497 nou

2080 3538 2181 3593 fuit
2211 3537 2460 3603 verbum,
2492 3538 2609 3591 sive
2635 3551 2741 3601 res,
2780 3550 2944 3605 quam
2976 3549 3083 3589 non
3124 3534 3456 3589 ostenderim
3492 3536 3570 3589 eis
3618 3536 3677 3590 in

2081 3629 2352 3685 thesauris
2402 3629 2558 3683 meis.
2594 3626 2660 3681 Et
2688 3626 3017 3683 dixitlsaias
3053 3624 3119 3679 ad
3153 3624 3439 3680 Ezechiam
3482 3627 3674 3680 :Audi

2084 3722 2311 3777 verbum
2371 3718 2587 3774 Domini
2625 3718 2986 3774 exercituum.
3030 3716 3169 3773 Ecce
3209 3718 3326 3772 dies
3364 3718 3563 3779 veniet.
3619 3729 3682 3773 et.

2081 3812 2400 3867 auferentur
2446 3810 2628 3866 omnia
2672 3824 2789 3877 qua:
2838 3813 2892 3863 in
2926 3810 3084 3864 domo
3122 3818 3213 3863 tua
3244 3817 3401 3874 sunt,
3450 3820 3503 3864 et
3550 3824 3683 3879 quae

2084 3904 2589 3959 thesaurizaverunt
2613 3911 2794 3970 patres
2825 3908 2901 3953 tui
2955 3914 3132 3969 usque
3155 3902 3216 3951 ad
3247 3898 3389 3953 diem
3423 3900 3585 3961 hanc,
3621 3900 3680 3950 in

2080 3995 2443 4067 Babylonem:
2480 4009 2586 4049 non
2634 3993 2970 4062 relinquetur
3001 3992 3323 4059 quidquam,
3379 3989 3516 4043 dixit
3566 3986 3684 4043 Do—

2082 4091 2285 4147 minus.
2320 4087 2388 4142 Et
2415 4088 2480 4143 de
2502 4086 2670 4158 478
2704 4085 2829 4141 [iliis
2860 4086 2970 4139 tuis
2993 4084 3083 4153 qui
3120 4083 3466 4154 egredientur
3494 4097 3558 4136 ex
3595 4091 3682 4147 te,

2083 4198 2220 4254 quos
2248 4180 2499 4252 genueris
2535 4179 2763 4245 tollent;
2797 4186 2850 4232 et
2876 4184 3039 4232 erunt
3084 4174 3324 4231 eunuchi
3378 4175 3430 4229 in
3474 4174 3684 4245 palatio

2085 4274 2229 4346 regis
2266 4272 2579 4344 Babylonis.
2618 4270 2685 4326 Et
2734 4270 2873 4325 dixit
2912 4268 3177 4325 Ezechias
3210 4268 3277 4321 ad
3297 4265 3533 4321 lsaiam:
3568 4263 3686 4319 Bo-

2088 4382 2218 4423 num
2243 4367 2467 4423 verbum
2500 4364 2713 4420 Domini
2746 4361 2891 4433 quod
2926 4361 3140 4416 locutus
3173 4370 3279 4415 est.
3317 4357 3384 4412 Et
3406 4358 3513 4412 ait:
3551 4355 3689 4414 Fiat

402 4438 527 4521 nota
551 4466 734 4535 ﬁerent
757 4464 935 4518 omnia
964 4477 1083 4533 qua:
1103 4469 1254 4515 erant
1286 4454 1649 4526 interduim
1680 4453 1768 4527 (ΙΙ
1788 4453 1981 4509 Paral.
2015 4438 2061 4495 Ῐ)
2092 4467 2304 4514 tantum
2330 4472 2434 4528 pax
2457 4466 2508 4511 et
2539 4456 2742 4510 veritas
2767 4455 2819 4509 in
2844 4453 3036 4509 diebus
3066 4452 3255 4507 meis.»
3288 4449 3534 4505 Tradnnt
3568 4448 3689 4505 lle-

401 4556 873 4628 xxxu,30,13l).
923 4554 1134 4610 Idcirco
1182 4561 1365 4607 autem
1418 4549 1708 4605 tentationi
1757 4548 1985 4603 relictus

401 4663 505 4720 est,
537 4654 664 4723 quia
692 4660 816 4722 post
840 4659 1042 4703 tantam
1072 4646 1379 4708 victoriam,
1403 4652 1463 4700 et
1488 4642 1621 4698 solis
1646 4655 1983 4710 regressum,

402 4760 459 4807 et
485 4746 1015 4819 congratulationem
1053 4740 1206 4812 regni
1255 4736 1647 4810 potentissimi,
1700 4750 1798 4790 eor
1846 4732 1988 4788 illius

401 4843 672 4899 clevatum
724 4847 830 4895 est.
885 4835 1129 4906 Denique
1181 4833 1347 4905 477
1386 4832 1437 4886 in
1474 4828 1669 4886 eodem
1708 4826 1990 4881 volumine

403 4936 664 4994 scribitur
700 4952 713 4989 :
746 4930 907 4986 Multi
965 4928 1270 4998 deferebant
1315 4924 1543 4991 hostias,
1610 4930 1661 4976 et
1717 4917 1990 4988 sacriﬁcia
2046 4990 2051 4993 μ

409 5030 635 5084 Domino
662 5030 715 5081 in
744 5022 1067 5088 Jerusalem,
1087 5032 1132 5076 et
1160 5035 1377 5073 munera
1402 5016 1646 5072 Ezechiae
1668 5014 1778 5085 regi
1803 5010 1948 5066 Juda
1970 5025 1991 5065 :

406 5130 455 5176 et
484 5119 750 5174 exaltatus
796 5124 871 5172 est
902 5130 1079 5170 coram
1113 5111 1319 5167 cunctis
1353 5108 1617 5181 gentibus.
1658 5104 1728 5160 In
1786 5103 1971 5159 diebus

486 5348 502 5380 ’
531 5340 815 5401 interserit
849 5341 1021 5407 Vatic,
1056 5338 1200 5411 quod
1233 5347 1287 5395 et
1314 5336 1575 5393 Babauus
1606 5331 1759 5404 legit,
1817 5329 1872 5384 id
1915 5338 1992 5384 est

408 5419 826 5543 ‘Jllﬂgontrario
879 5496 1042 5540 sensu
1093 5481 1232 5536 alter
1279 5477 1455 5535 Vatic.
1523 5473 1663 5547 quod
1707 5478 1843 5527 τεντε
1892 5486 1995 5524 ηοη

410 5563 651 5686 “adhuc
664 5644 799 5698 pene
821 5627 887 5680 ad
908 5622 1130 5698 verbum
1149 5636 1216 5677 ex
1238 5620 1467 5698 Eusebio
1486 5613 1868 5684 transfert,qui
1883 5613 1992 5698 ait:

427 5703 487 5755 '0
532 5686 964 5753 rdi~t"leu6a.itov
1007 5693 1331 5754 διδάσκαλος
1383 5692 1589 5753 ἔλεγεν,
1638 5686 1995 5755 νενοσηκέναι

419 5774 519 5843 μὲν
549 5772 640 5825 τὸν
680 5768 933 5835 Ἐζεκίαν
965 5764 1084 5819 ἐπεὶ
1118 5764 1193 5833 μὴ
1226 5764 1436 5832 εἰρήκει
1469 5760 1614 5830 ᾠδὴν
1637 5758 1716 5821 εἰς
1746 5757 1836 5809 τὶν
1865 5756 1997 5808 Θεὸν

2091 4551 2219 4607 ι)τωί
2248 4550 2370 4606 ideo
2405 4555 2699 4619 a'grotasse
2727 4545 3042 4609 Ezechiam,
3076 4544 3332 4612 quoniam
3364 4551 3484 4611 post
3516 4544 3691 4595 inau-

2091 4641 2260 4697 ditam
2294 4638 2405 4709 (Al.
2437 4637 2700 4707 auditam)
2726 4636 3008 4690 victoriam
3036 4633 3372 4698 indecorum,
3394 4640 3447 4687 et
3470 4632 3689 4701 Assyrii

2095 4735 2237 4802 regis
2268 4731 2577 4796 interitum,
2606 4744 2714 4783 non
2744 4728 3009 4785 cecinerit
3038 4726 3227 4781 laudes
3260 4725 3509 4789 Domino,
3543 4740 3691 4793 quas

2095 4825 2296 4884 cecinit
2338 4824 2556 4896 Moyses
2604 4821 2890 4878 Pharaone
2936 4821 3225 4876 submerso
3254 4818 3277 4851 ³
3322 4816 3523 4887 (Exod.
3560 4818 3690 4884 xv),

2095 4928 2153 4977 et
2199 4917 2447 4974 Debbora
2490 4914 2777 4970 interfecto
2838 4911 3022 4967 Sisara
3101 4909 3298 4980 (Judic.
3332 4908 3385 4979 ν)
3418 4917 3474 4963 et
3525 4910 3693 4960 Anna

2056 5002 2063 5007 ’
2097 5012 2278 5085 genito
2309 5004 2633 5078 Samuele(l
2656 5005 2785 5077 Reg.
2818 5006 2900 5075 tt).
2932 5002 3087 5060 Unde
3139 5000 3529 5058 commonitum
3564 5012 3693 5054 esse

2094 5102 2406 5175 fragilitatis
2430 5115 2563 5158 suae.
2589 5097 2935 5168 Rursumque
2960 5104 3084 5165 post
3102 5093 3350 5165 corporis
3370 5092 3692 5160 sanitatem,

2098 5321 2542 5397 sbxaptotﬁptovi
2574 5322 2669 5397 {frti
2706 5320 3029 5397 aperuisset
3089 5314 3565 5397 1_&V:A:‘OGUP‘ELDV,
3608 5312 3700 5397 ὡς

2098 5384 2343 5464 arbitria;
2372 5384 2501 5464 ᾖξεν
2529 5393 2625 5445 ἐπὶ
2656 5394 2723 5463 τῇ
2759 5384 3037 5464 "demisi;
3065 5390 3174 5464 eth}
3202 5384 3556 5464 summ,
3588 5384 3698 5464 κρῗι

2098 5467 2173 5530 ὡς
2220 5454 2467 5539 mobiba
2509 5464 2601 5517 ἐπὶ
2772 5454 3027 5539 antroeth
3058 5454 3433 5539 to§_£to;épa,
3471 5456 3566 5539 xa‘t
3609 5454 3699 5539 ᾡς

2103 5529 2273 5593 ’Ᾱννα
2304 5529 2485 5605 nam
2515 5529 2739 5604 γενήσὲί
2770 5532 2893 5605 κτοῦ
2944 5529 3229 5605 Briudun}.
3266 5529 3438 5605 Quart
3503 5534 3694 5605 tamen

2104 5609 2342 5664 fabulam
2372 5598 2539 5677 patilo
2594 5598 2717 5675 post
2768 5604 2881 5673 ipsc
2956 5598 3184 5671 rejicit',
3268 5598 3411 5669 quod
3494 5602 3697 5666 peccet

2103 5677 2499 5750 ἀναχρονιςμῷ.
