3856 6172
161 328 271 396 4ζ3

744 328 1246 391 COMMENTAR.
1293 329 1386 390 ιδπ-
1420 319 1692 392 ιεΑΙΑΜ
1727 333 1756 394 I

1864 330 2194 394 lPIIETAM
2234 333 2384 394 LIB.
2426 331 2536 403 xr,
2569 331 2724 396 CAP.
2758 294 2883 396 XL.

3321 328 3429 396 414

159 458 216 496 et
246 441 389 511 signi
438 439 872 509 magnitudinem
934 439 1122 493 offerri
1177 439 1340 493 aliam
1396 440 1744 496 occasionem
1779 446 1830 502 As
1853 443 2136 513 loquimini
2163 442 2228 498 ad
2255 458 2346 498 cor
2373 441 2675 498 Jerusalem
2701 485 2715 508 ,
2742 440 3096 498 consulamini
3119 457 3237 497 eam
3261 458 3277 499 :
3303 445 3427 512 quia

159 532 458 603 superbiae,
495 547 682 603 quam,
723 541 783 587 ut
830 532 1070 600 prudens
1100 541 1154 586 et
1191 532 1283 586 Dei
1329 531 1528 596 cultor,
1581 532 1754 587 vitare

155 623 461 687 debuerat;-
513 638 610 677 nec
648 631 957 678 monstrare
989 622 1308 689 alienigenis
1343 622 1560 678 divitias
1603 637 1749 688 snas,

153 727 322 780 quas,
361 711 470 766 Deo
505 712 794 776 tribuente,
821 712 1161 781 possederat.
1199 712 1273 765 l‘ln
1299 727 1406 780 quo
1427 712 1582 782 juxta
1609 713 1754 784 leges

152 820 379 874 quoque
414 805 730 876 tropologias
760 806 1044 872 discimus,
1075 819 1182 859 ηοω
1216 806 1511 860 mittendas
1535 820 1752 876 marga-

151 899 302 952 ritas
333 907 459 952 ante
512 911 730 966 porcos,
779 912 881 952 nec
931 896 1168 952 dandum
1225 906 1473 952 sanctum
1523 897 1752 953 canibus

151 988 387 1058 (Matth.
420 990 543 1060 vn).
575 988 676 1056 Qui
707 989 851 1043 enim
887 989 1059 1044 ﬁdelis
1092 1000 1183 1044 est
1205 989 1436 1059 spiritus
1470 989 1486 1020 ⁸
1517 988 1752 1052 abscon-

155 1079 244 1133 dit
270 1079 520 1149 negotia;
551 1089 604 1134 et
635 1080 968 1148 quicumque
989 1080 1092 1134 hoc
1119 1095 1240 1134 non
1268 1079 1465 1135 fecerit
1496 1081 1541 1145 ',
1574 1081 1753 1136 oumis

151 1171 340 1226 virtus
371 1170 513 1226 illius
544 1181 854 1236 enervatur,
875 1170 1123 1242 peritque
1156 1173 1546 1242 posteritas,et
1578 1171 1750 1226 amis-

153 1279 224 1320 so
261 1265 403 1320 \‘irili
452 1265 664 1330 robore,
723 1265 777 1320 itt
827 1265 1148 1322 muliebrem
1190 1266 1455 1337 redigitur
1497 1265 1746 1320 mollitu-

149 1358 349 1412 (linem
383 1354 567 1428 (Prov.
606 1373 682 1422 st,
717 1357 934 1427 13-15).
967 1356 1276 1427 htgretlitnr
1301 1371 1432 1425 ergo
1462 1356 1632 1411 Isaias
1684 1355 1751 1409 ad

153 1463 375 1518 regem,
406 1457 461 1504 et
489 1448 642 1518 quasi
690 1449 906 1504 nescius
939 1449 1290 1504 sciscitatur:
1329 1448 1468 1515 Quid
1504 1449 1752 1502 dixerunt

151 1541 268 1594 viri
310 1541 421 1606 isti,
468 1549 519 1595 et
561 1542 702 1594 unde
749 1542 1049 1596 venerunt?
1084 1540 1198 1594 Duo
1250 1540 1570 1610 interrogat,
1623 1540 1752 1609 quid

154 1634 334 1689 locuti
363 1635 488 1700 sint,
519 1645 573 1689 et
605 1635 1060 1690 unde-venerint?
1089 1634 1184 1689 Ille
1211 1634 1278 1689 ad
1311 1650 1478 1690 unum
1518 1648 1752 1704 respon-

156 1728 271 1792 dit,
307 1727 479 1783 altero
506 1729 912 1798 praetermisso;
943 1728 1086 1800 quod
1124 1744 1246 1783 cum
1278 1730 1537 1796 ἐμφάσει,
1571 1735 1630 1781 et
1657 1741 1752 1780 su-

157 1819 398 1890 percilio
421 1819 705 1886 legendum
748 1827 832 1876 est
859 1836 873 1874 :
911 1789 982 1874 De
1013 1829 1158 1873 terra
1191 1789 1476 1888 longinqua
1501 1789 1752 1871 uenerunt
1781 1789 1828 1849 Β

160 1912 234 1965 ad
273 1928 374 1978 me,
411 1913 476 1966 de
497 1911 807 1981 Babylone;
837 1912 976 1980 quod
1019 1919 1224 1981 quanto
1261 1920 1404 1964 terra
1447 1909 1657 1980 longior
1685 1906 1756 1962 sit

162 2005 313 2058 unde
345 2015 629 2068 renerunt,
662 2013 825 2058 tanto
845 2004 948 2058 isre
993 2003 1280 2073 gloriosior
1315 2010 1543 2072 prepter
1593 2014 1754 2070 quem

160 2095 444 2148 venerint.
481 2093 542 2146 Et
571 2102 840 2157 venerunt,
880 2093 1077 2163 inquit,
1106 2095 1175 2146 ad
1215 2110 1337 2159 me;
1370 2091 1756 2164 qui'debuerat

162 2187 383 2251 dicere,
419 2186 703 2242 Venerunt
734 2187 801 2238 ad
831 2185 1245 2256 gloriﬁcattdum
1289 2187 1454 2240 Deum
1482 2201 1580 2255 pro
1616 2184 1754 2254 signi

161 2279 571 2347 magnitudine,
620 2278 686 2332 de
731 2276 1028 2346 Babylone,
1067 2293 1187 2345 qua:
1210 2277 1342 2332 urbs
1386 2278 1441 2332 in
1477 2287 1588 2333 toto
1625 2277 1758 2332 orbe

161 2372 552 2442 potentissima
577 2381 680 2426 est.
714 2371 1063 2439 Rursumque
1109 2371 1292 2439 Isaias,
1339 2371 1500 2438 Quid,
1544 2371 1745 2442 inquit,

159 2467 413 2518 viderunt
463 2463 516 2516 in
553 2463 708 2516 domo
762 2463 897 2516 tua?
945 2463 1013 2518 Et
1062 2462 1152 2517 ille
1183 2461 1459 2531 respondit
1503 2476 1568 2516 ex
1606 2470 1760 2530 parte

160 2571 382 2621 rerum,
442 2557 584 2625 quod
635 2554 817 2609 omnia
875 2554 1112 2609 viderint
1147 2554 1201 2608 in
1251 2555 1414 2609 domo
1451 2553 1618 2622 illius,
1660 2568 1760 2608 nec

163 2647 338 2702 fierit
361 2661 449 2702 res
476 2662 640 2716 quam
675 2661 779 2699 non
805 2644 1103 2702 ostenderit
1133 2645 1214 2698 eis
1239 2645 1292 2711 in
1317 2645 1590 2699 thesauris
1621 2644 1758 2700 suis.

164 2741 278 2794 Sed
335 2738 569 2793 alterunt
622 2747 784 2804 taeet,
839 2738 905 2792 de
962 2751 1077 2806 quo
1129 2738 1425 2792 verebatur
1476 2735 1759 2803 offensam,

162 2832 319 2902 quod
351 2829 651 2885 ostenderit
679 2832 762 2884 eis
795 2839 986 2884 cuncta
1018 2843 1137 2899 qua:
1168 2829 1399 2884 haberet
1431 2830 1483 2884 in
1514 2824 1761 2900 potesta-

161 2926 385 2989 te‘sua‘;
421 2923 560 2977 haud
589 2923 834 2989 ,tlubiuat
870 2921 999 2990 quin
1037 2930 1092 2976 et
1127 2921 1314 2992 templi
1345 2921 1759 2992 supellectilem.

161 3017 404 3086 ι’τυρινι·
437 3030 558 3084 «tute
602 3013 771 3068 Isaias
823 3013 912 3067 Dei
961 3026 1214 3069 sermone
1295 3012 1504 3084 profert
1540 3019 1763 3068 senten-

1858 533 2062 603 repleta
2095 543 2176 589 est
2227 533 2509 589 humilitas
2543 534 2682 604 ejus.
2733 533 2976 588 Solutum
3017 542 3099 588 est
3148 543 3429 602 peceatum

1854 626 2024 692 illius,
2065 627 2190 696 quia
2243 626 2445 695 recepit
2475 625 2542 681 de
2573 639 2740 680 manu
2770 624 2982 678 Domini
3016 623 3252 693 duplicia
3307 639 3432 693 pec-

1852 725 1974 772 cata
2007 731 2126 771 sua.
2156 734 2174 768 ›
2206 713 2364 770 Juxta
2401 716 2727 784 interpretes
2757 723 3005 777 caeteros,
3037 711 3293 782 jubentur
3317 713 3438 776 alii,

1854 817 1912 863 ut
1937 808 2188 878 populum
2232 803 2324 860 Dei
2371 815 2425 862 et
2455 804 2755 862 Jerusalem
2792 806 2996 875 pariter
3041 803 3428 858 consolentur:

1850 901 2003 973 juxta
2038 900 2363 956 llebraicttm
2400 899 2504 968 ipsi
2537 898 2854 967 praecipitur
2887 897 3106 967 populo,
3147 905 3203 950 ut
3237 910 3433 950 conso-

1854 994 2015 1053 letur.
2064 1001 2117 1048 et
2172 991 2431 1062 loquatur
2481 990 2547 1045 ad
2581 1005 2679 1045 cor
2742 986 3064 1055 Jerusalem,
3122 997 3177 1043 et
3205 988 3435 1042 advocet

1852 1101 1994 1143 eam.
2027 1083 2198 1153 Loqui
2235 1091 2412 1136 autem
2443 1084 2510 1136 ad
2542 1096 2635 1136 cor
2661 1079 2979 1144 Jerusalem,
3012 1080 3209 1134 idioma
3243 1077 3432 1148 Scrip-

1855 1188 2098 1234 turarum
2133 1184 2237 1232 est.
2279 1175 2384 1241 Qui
2422 1173 2565 1229 enim
2603 1171 3149 1241 mmrenti'lozptitur,
3187 1177 3240 1225 et
3277 1168 3431 1223 blatt-

1852 1270 2008 1326 dieus
2038 1269 2353 1325 consolator
2399 1276 2506 1333 est,
2544 1268 2610 1320 ad
2660 1280 2756 1320 cor
2787 1265 2932 1334 loqui
2964 1261 3182 1318 dicitur.
3234 1263 3436 1316 Dat-eat

1851 1373 1952 1418 nes
1984 1361 2199 1415 Sichem
2259 1360 2402 1414 filius
2452 1357 2673 1422 llemor,
2719 1356 2807 1424 qui
2859 1366 3114 1425 corrupta
3159 1353 3290 1406 Dina
3346 1354 3432 1406 loco

1852 1463 2014 1510 cutus
2049 1463 2134 1509 egi
2161 1454 2226 1506 ad
2253 1466 2350 1507 cor
2393 1451 2536 1521 ejus,
2566 1461 2614 1504 et
2651 1447 2959 1504 consolatus
3007 1455 3090 1500 est
3118 1460 3235 1499 eam
3273 1443 3429 1513 (Gen.

1853 1546 2067 1617 xxxiv).
2105 1544 2171 1600 Et
2203 1544 2532 1613 ubicumque
2563 1540 2740 1598 simile
2759 1541 2886 1610 quid
2937 1539 3232 1603 inveneris,
3289 1539 3434 1591 hune

1851 1648 2076 1696 sensum
2133 1637 2317 1693 habet.
2375 1636 2660 1705 Causaque
2717 1631 3124 1696 consolationis,
3187 1629 3437 1684 remissio

1853 1740 2198 1802 peccatorum
2253 1739 2375 1784 est:
2426 1737 2480 1783 et
2519 1740 2682 1782 causa
2741 1724 3110 1785 remissionis,
3175 1721 3432 1791 quoniam

1857 1822 2098 1891 suscepit
2142 1821 2210 1876 de
2265 1835 2424 1874 tuanu
2478 1816 2691 1872 Domini
2738 1817 2971 1885 duplicia
3029 1829 3125 1884 pro
3179 1812 3435 1866 omnibus

1856 1915 2094 1987 peccatis
2119 1913 2255 1970 suis.
2280 1912 2383 1977 Qui
2405 1911 2550 1965 enim
2584 1911 2688 1964 scit
2711 1909 3044 1964 voluntatem
3082 1905 3292 1960 Domini
3325 1905 3432 1965 sui.

1857 2015 1909 2061 et
1941 2012 2151 2074 peccat,
2183 2000 2460 2071 vapulabit
2512 1999 2697 2054 mttltis
2749 1999 2900 2068 (Luc.
2954 1997 3075 2056 xit).
3135 1994 3436 2062 Omnisque

1825 2100 1947 2170 ,qui
2004 2097 2166 2152 habet
2235 2097 2289 2152 in
2325 2110 2384 2150 se
2427 2094 2787 2150 habitatorem
2852 2091 3113 2159 Spiritum
3163 2096 3433 2150 santtutn,

1859 2207 2017 2265 quem
2055 2191 2309 2246 Salvator
2347 2187 2629 2259 Apostolis
2655 2183 3038 2257 promittebat,
3075 2183 3304 2236 dicens:
3334 2178 3439 2232 Ro-

1858 2288 1990 2355 gabo
2043 2283 2260 2337 Patrem
2328 2295 2523 2343 meum,
2555 2275 2724 2350 [σεο
2753 2285 2798 2332 et
2835 2274 3002 2330 alium
3055 2271 3436 2326 consolatorem

1860 2377 2000 2432 dabit
2028 2377 2187 2438 vobis.
2220 2384 2276 2428 ttt
2298 2372 2646 2428 sitvobiscum
2671 2370 2722 2423 in
2747 2367 3143 2433 sempiternum,
3177 2361 3440 2431 Spiritum

1860 2471 2100 2525 t'eritatis
2129 2467 2309 2539 (Joan.
2334 2481 2446 2529 xw,
2476 2464 2562 2532 f6)
2590 2480 2605 2531 ;
2632 2470 2686 2518 et
2716 2463 2913 2515 iterum
2937 2476 2950 2513 :
2982 2458 3113 2511 Cum
3139 2465 3314 2509 autent
3341 2469 3439 2508 ec-

1861 2564 1996 2618 nerit
2019 2559 2320 2615 consolator
2363 2557 2592 2626 Spiritus
2636 2561 2872 2617 sanctus,
2908 2567 3056 2620 quem
3087 2549 3250 2601 mittet
3281 2545 3442 2600 Pater

1864 2670 2009 2708 meus
2042 2653 2095 2706 in
2157 2652 2368 2705 nomine
2396 2665 2531 2714 meo,
2557 2647 2647 2700 ille
2677 2662 2766 2699 vos
2812 2643 3008 2698 docebit
3037 2640 3213 2694 omnia
3248 2637 3437 2709 (lbid.,

1861 2747 1952 2818 9.6)
1978 2763 1997 2812 ;
2028 2755 2080 2802 ct
2110 2760 2363 2800 rursum:
2393 2741 2524 2798 Cum
2572 2741 2766 2796 retterit
2818 2737 3120 2791 consolator
3165 2748 3314 2802 quem
3347 2746 3440 2799 ego

1863 2841 2071 2894 mittant
2105 2838 2249 2891 vobis
2283 2853 2314 2889 a
2344 2834 2529 2900 Putre,
2559 2831 2816 2902 Spiritum
2844 2828 3080 2884 raritatis
3102 2826 3190 2896 qni
3214 2841 3245 2878 a
3281 2821 3444 2877 Patre

1865 2934 2155 3003 egreditur,
2205 2931 2294 2985 ille
2326 2926 2699 2998 testiﬁcabitur
2727 2925 2793 2978 de
2839 2921 3138 2993 nte.(.loan.
3186 2933 3277 2994 xv,
3306 2915 3442 2988 26):;

1865 3036 1956 3080 et:
2013 3024 2232 3079 Prodest
2293 3021 2438 3076 vobis
2502 3029 2556 3072 ut
2598 3034 2690 3088 rgo
2730 3016 2955 3071 eadem:
3006 3012 3112 3068 nisi
3164 3011 3301 3066 enim
3350 3025 3444 3079 ego

163 3121 344 3164 tam:
408 3108 553 3160 Audi
602 3109 811 3162 verbum
881 3105 1093 3160 Domini
1147 3106 1517 3160 exercituum:
1569 3102 1756 3158 Veniet

1866 3117 2067 3180 abiero,
2111 3113 2421 3169 consolator
2447 3127 2549 3166 non
2586 3109 2748 3164 veniet
2775 3107 2846 3161 ad
2877 3122 2965 3161 vos
2988 3103 3172 3176 (Jonn.
3211 3117 3323 3165 va,
3350 3101 3452 3168 7);.

163 3214 389 3272 t--:upus
431 3201 646 3271 quando
681 3200 860 3255 omnia
916 3201 1030 3253 haec
1055 3213 1176 3268 qua:
1203 3198 1262 3253 in
1291 3199 1455 3254 domo
1479 3206 1570 3252 tua
1605 3204 1756 3274 sunt,

161 3295 337 3366 (2.79
367 3305 420 3346 et
454 3309 563 3346 non
600 3303 712 3357 tuo,
742 3293 835 3346 sed
870 3303 1082 3360 patrum
1131 3299 1347 3345 tuorum
1379 3289 1568 3345 labore
1610 3295 1758 3358 quic-

163 3401 302 3448 seta,
363 3390 416 3439 in
468 3385 792 3456 llabjlonent
849 3371 1272 3447 trattslerantur,
1325 3390 1382 3438 et
1435 3381 1505 3438 de
1552 3381 1763 3437 semine

165 3487 265 3532 tuo
321 3477 459 3530 ﬁant
497 3475 728 3529 eunuchi
785 3474 839 3528 in
887 3478 1006 3528 aula
1057 3473 1223 3544 regia.
1256 3473 1333 3527 Es
1388 3488 1498 3544 quo
1552 3472 1761 3529 Hebraei

165 3571 361 3625 ruluut
389 3567 688 3633 Danielem,
723 3568 1012 3632 Ananiam,
1036 3565 1256 3634 Misael,
1279 3575 1334 3621 et
1357 3565 1635 3631 Azariam,
1671 3564 1762 3634 qui

164 3666 327 3720 fuere
357 3665 428 3718 de
458 3662 602 3732 regio
650 3663 879 3728 si‘mine,
917 3661 1091 3716 laetos
1131 3675 1253 3714 esse
1298 3658 1601 3724 eunuchos,
1628 3673 1764 3726 quos

165 3759 223 3813 in
295 3752 603 3809 ministerio
673 3751 832 3822 regis.
863 3750 1370 3806 Nabuchodonosor
1428 3748 1599 3804 fuisse
1656 3763 1763 3803 non

164 3852 402 3905 dubium
429 3861 532 3903 est.
569 3847 711 3902 Dixit
745 3849 929 3917 itaque
959 3844 1264 3902 Ezechias:
1302 3843 1513 3899 Bonum
1550 3842 1766 3899 verbum

165 3944 416 4006 Domini,
449 3940 585 4010 quod
606 3943 811 3993 loculus
850 3953 947 3994 est.
975 3939 1038 3995 ln
1067 3951 1174 4009 quo
1206 3939 1273 3992 ah
1306 3935 1556 3993 Hebraeis
1585 3951 1768 4005 repre-

167 4037 463 4098 lienditur,
501 4047 754 4087 cur-nou
804 4034 875 4086 sit
921 4031 1168 4086 imitatus
1217 4029 1518 4084 bonitatem
1572 4027 1764 4099 Moysi,

167 4131 265 4199 qui
305 4131 522 4181 locutus
553 4126 618 4178 ad
655 4123 940 4179 Dominum
972 4132 1096 4178 est:
1131 4121 1240 4175 Aut
1280 4120 1491 4175 dimitte
1517 4120 1591 4174 eis
1631 4119 1768 4171 hanc

172 4232 372 4270 noxam
399 4231 415 4275 ;
441 4225 530 4266 aut
556 4213 724 4266 sinon
761 4213 920 4278 facis,
953 4211 1068 4266 det'e
1095 4227 1176 4265 me
1200 4211 1265 4265 de
1289 4209 1424 4265 libro
1461 4219 1572 4276 tuo,
1613 4223 1767 4278 quem

167 4308 440 4375 scripsisti
485 4304 680 4376 (Exod.
731 4319 901 4369 sxw,
946 4303 1040 4369 5|,
1079 4303 1194 4372 32).
1227 4303 1384 4359 Unde
1417 4301 1767 4372 ctapostolus

170 4404 382 4458 Paulus
432 4401 718 4454 anathema
765 4399 882 4453 vult
917 4409 1040 4453 esse
1070 4410 1101 4451 a
1123 4395 1340 4454 Christo
1370 4411 1468 4466 pro
1508 4395 1766 4450 fratribus

1863 3210 2176 3267 consolator
2225 3217 2331 3275 est,
2390 3207 2475 3260 cui
2508 3213 2562 3259 et
2615 3217 2756 3256 nunc
2803 3200 3132 3271 praecipitur,
3171 3206 3452 3251 utconso-v

1864 3305 2005 3360 letur
2058 3301 2312 3372 populoin
2373 3299 2494 3354 Dei.
2547 3297 2702 3355 Unde
2772 3305 2829 3351 et
2902 3292 3182 3363 apostolus
3241 3288 3446 3343 Paulus

1865 3394 2185 3464 loquebatur
2218 3393 2283 3446 ad
2319 3392 2605 3446 credentes
2631 3429 2647 3454 ,
2676 3387 2988 3442 Benedictus
3011 3384 3162 3448 Deus
3197 3391 3245 3437 et
3283 3381 3448 3436 Pater

1870 3487 2080 3540 Domini
2119 3486 2285 3539 nostri
2311 3483 2438 3538 Jesn
2473 3483 2694 3547 Christi,
2738 3480 2898 3534 Pater
2928 3477 3442 3540 ntisericordiarum,

1867 3589 1930 3633 et-
1957 3580 2094 3634 Deus
2133 3579 2300 3632 omnis
2330 3576 2731 3635 consolationis,
2765 3573 2854 3643 qui
2889 3568 3197 3624 consolatur
3239 3583 3334 3620 nos
3392 3567 3446 3618 in

1868 3670 2014 3724 omni
2069 3668 2425 3727 tribulatione.
2450 3675 2650 3730 nostra,
2677 3674 2730 3717 ut
2767 3661 3027 3734 possimus
3071 3657 3338 3712 consolari
3360 3673 3446 3712 cos

1867 3760 1958 3827 qni
1987 3759 2038 3812 in
2067 3759 2206 3810 omni
2228 3757 2572 3811 tribulatione
2589 3763 2731 3820 sunt,
2755 3768 2847 3823 per
2883 3750 3296 3806 consolationem
3341 3763 3446 3818 qua

1867 3851 1965 3921 ipsi
1987 3851 2326 3904 consolamur
2351 3866 2382 3901 a
2414 3849 2541 3902 Deo.
2575 3849 2822 3917 quoniam
2848 3846 2989 3900 sicut
3016 3842 3445 3911 superabundant

1866 3945 2134 4014 passiones
2189 3942 2387 3998 Christi
2416 3947 2467 3995 in
2493 3942 2665 4003 nobis,
2709 3941 2785 3994 sic
2831 3955 2922 4008 per
2956 3937 3226 3993 Christum
3284 3934 3450 3988 abun-

1868 4036 2011 4088 dabit
2037 4043 2084 4088 et
2109 4035 2395 4088 consolatio
2413 4044 2592 4086 nostra
2625 4029 2710 4102 (II
2743 4031 2869 4087 Cor.
2898 4047 2936 4096 I,
2965 4029 3110 4098 5-5);
3141 4039 3193 4083 ct
3226 4029 3442 4083 iterum:

1871 4123 1938 4177 Iz't
1975 4139 2090 4194 spes
2123 4135 2300 4177 nostra
2327 4123 2483 4191 ﬁrma
2506 4131 2580 4175 est
2610 4137 2706 4188 pro
2732 4122 2869 4175 vobis
2890 4165 2904 4188 ,
2941 4123 3163 4174 scientes
3191 4119 3445 4190 quoniam

1869 4219 2006 4272 sicut
2036 4216 2319 4285 participes
2367 4215 2490 4268 estis
2521 4214 2851 4283 passionum,
2883 4212 2959 4264 sic
2991 4221 3040 4266 et
3070 4209 3450 4265 consolationis

1871 4309 2020 4362 eritis
2055 4307 2136 4381 (II
2164 4306 2288 4362 Cor.
2316 4323 2353 4372 t,
2385 4306 2456 4374 7).
2482 4304 2613 4372 Quis
2639 4307 2712 4361 sit
2741 4317 2918 4359 autem
2950 4304 3054 4360 iste
3076 4303 3329 4374 populus,
3357 4299 3452 4371 qui

1879 4414 1977 4470 per
2019 4400 2296 4468 apostolos
2327 4408 2380 4452 et
2429 4399 2582 4453 viros
2635 4397 3044 4453 ecclesiasticos
3091 4395 3452 4459 consolatur,

167 4503 294 4554 suis
324 4498 419 4566 qui
463 4504 586 4551 sunt
605 4491 864 4550 Israelita:
882 4491 1060 4561 (Rom.
1080 4490 1193 4562 Ix);
1224 4500 1279 4546 θι
1315 4497 1604 4560 ρνοριθτεα
1631 4487 1765 4542 Ειθ·
1795 4489 1852 4548 D‘
1873 4509 1981 4550 non
2014 4490 2202 4557 Israel,
2235 4497 2288 4547 et
2312 4488 2480 4545 Jacob
2510 4500 2565 4544 ct
2590 4488 2753 4556 Juda,
2786 4496 2848 4544 ut'
2876 4490 2929 4544 in
2963 4487 3084 4544 aliis
3115 4487 3250 4542 locis
3271 4486 3459 4555 Serip-

169 4594 358 4648 chiam
396 4589 490 4646 Dei
515 4586 868 4644 sermonibus
893 4599 998 4640 tuon
1028 4584 1343 4655 probatum,
1371 4583 1461 4652 qui
1494 4583 1547 4636 in
1575 4596 1769 4637 conse-

171 4685 476 4756 quent-bus
560 4680 805 4751 loquitur
854 4694 871 4733 :
927 4675 1334 4743 Consolantini,
1379 4673 1767 4739 consulamini,

167 4777 408 4850 populus
439 4791 604 4840 meus,
637 4772 766 4828 dicit
797 4771 938 4828 Deus
964 4782 1160 4839 vester,
1211 4779 1266 4825 ut
1302 4781 1406 4840 pro
1453 4767 1652 4838 quibus
1680 4766 1770 4822 ille

173 4887 292 4928 non
331 4878 642 4940 rogaverat,
671 4865 887 4923 Domini
921 4865 1212 4921 clementia
1245 4862 1619 4920 consoientur.

246 4964 415 5035 (Cap.
447 4960 560 5016 XL.
584 4989 656 5001 —
695 4957 856 5015 γωδ.
889 4960 911 5014 l
949 4958 1161 5028 seqq.)c
1189 4957 1586 5023 Consolamini,
1632 4969 1767 5011 cou-

168 5057 463 5122 solantini,
493 5056 724 5129 populus
777 5071 956 5124 meus,
1004 5055 1138 5111 dicit
1181 5054 1326 5109 Deus
1389 5059 1590 5108 vester.
1668 5049 1772 5106 Lo-

172 5152 420 5224 quimini
451 5150 520 5204 ad
547 5163 644 5206 cor
670 5147 995 5212 Jerusalem,
1038 5156 1094 5203 es
1123 5146 1384 5202 advocate
1412 5159 1532 5200 eam
1560 5161 1575 5212 ;
1633 5158 1770 5213 quo-

175 5248 333 5302 niam
359 5242 632 5312 completa
653 5250 736 5298 est
761 5240 968 5296 malitia
992 5238 1135 5310 ejus,
1154 5238 1376 5294 dimissa
1402 5247 1486 5294 est
1509 5237 1770 5308 iniquitas

176 5334 357 5388 illius.
400 5327 654 5398 Suscepit
686 5329 754 5386 de
781 5343 942 5382 manu
975 5327 1188 5383 Domini
1249 5327 1485 5399 duplicia
1517 5343 1619 5399 pro
1650 5344 1770 5410 orn:

177 5423 345 5480 nibus
375 5419 620 5494 peccatis
647 5419 818 5475 suis.»
861 5417 1038 5474 LXX:
1080 5437 1099 5471 ι
1123 5418 1520 5488 Consul-amitti,
1574 5436 1774 5476 conso-

175 5515 374 5572 lansini
410 5512 673 5585 poyulum
702 5525 906 5579 meum,
942 5511 1075 5566 dicit
1109 5510 1254 5567 Deus
1279 5525 1342 5568 αι-
1392 5509 1704 5570 sacerdotes
1731 5515 1769 5578 ‘.

254 5724 270 5753 ¹
305 5721 462 5804 l.egit
510 5721 714 5778 Victor.
766 5721 987 5789 spiritus
1039 5721 1091 5778 itt
1123 5729 1270 5778 recto
1317 5719 1472 5787 juxta
1523 5701 1770 5778 Caecum

183 5808 353 5862 τείως.

1870 4597 1990 4644 tura
2040 4591 2472 4651 commemorat,
2529 4583 2623 4639 sed
2671 4583 2927 4654 populum
2968 4582 3108 4648 Dei,
3153 4579 3453 4635 Zacharias

1872 4679 2134 4750 propheta
2193 4687 2422 4733 testatur
2460 4677 2686 4732 dicens:
2745 4674 2929 4730 Gaude
2972 4685 3023 4730 et
3067 4675 3274 4741 lictore,
3329 4674 3448 4744 ﬁlia

1868 4771 2036 4827 Sion:
2073 4772 2197 4842 quia
2227 4786 2320 4841 ego
2348 4768 2552 4824 reniam
2583 4778 2630 4824 et
2658 4765 2903 4823 habitabo
2932 4768 2986 4822 in
3017 4767 3186 4822 medio
3216 4767 3314 4831 ttti,
3370 4765 3456 4818 di-

1871 4868 1940 4921 cit
1973 4861 2251 4920 Dominus.
2285 4859 2354 4917 Et
2398 4862 2706 4934 confugient
2738 4875 2915 4934 gentes
2963 4861 3144 4916 multm
3176 4860 3246 4914 ad
3277 4858 3461 4914 Domi-
3500 4884 3503 4887 -

1874 4975 2000 5017 num
2034 4960 2089 5012 in
2137 4958 2222 5012 die
2251 4957 2370 5022 illa,
2413 4968 2461 5011 et
2495 4969 2648 5010 erunt
2680 4956 2731 5012 ei
2759 4960 2812 5010 in
2842 4954 3115 5024 populum.
3150 4964 3198 5007 et
3244 4952 3454 5006 habita-

1872 5054 2000 5108 bunt
2038 5053 2093 5106 in
2127 5052 2295 5105 medio
2326 5051 2423 5116 tui,
2474 5059 2523 5105 et
2554 5055 2863 5119 cognoscent
2897 5043 3148 5115 quoniam
3193 5043 3460 5100 Dominus

1873 5149 2203 5216 omnipotens
2240 5146 2386 5199 misit
2407 5160 2488 5198 me
2518 5144 2589 5198 ad
2621 5153 2670 5196 te
2724 5137 2914 5210 (Zach.
2947 5153 3009 5202 tt.
3057 5136 3149 5206 i0,
3183 5139 3295 5210 Η).
3337 5137 3465 5205 Quo-

1873 5239 2191 5295 trstimonio
2243 5236 2526 5309 perspicue
2564 5235 2994 5298 demonstratur,
3043 5242 3236 5300 gemes
3286 5231 3457 5301 pluri-

1874 5347 1992 5386 nias
2022 5334 2074 5384 in
2103 5330 2361 5401 populum
2411 5326 2505 5381 Dei
2543 5341 2665 5380 esse
2697 5323 3012 5380 vertendos.
3065 5322 3132 5377 Et
3167 5321 3283 5376 haec
3327 5320 3454 5375 dici'

1874 5423 2138 5477 Dominus
2172 5422 2371 5476 missus
2403 5437 2430 5474 a
2459 5418 2709 5481 Domino,
2742 5416 2829 5472 cui
2863 5430 3061 5472 nomen
3093 5413 3462 5485 Omnipotens

1875 5525 1980 5570 cst.
2018 5512 2081 5568 Et
2113 5513 2217 5570 hoc
2257 5510 2556 5566 notandum
2586 5509 2731 5582 quod
2759 5525 2870 5566 non
2902 5509 3184 5566 solvantur
3227 5515 3451 5577 peccata

1950 5723 1971 5819 ξ
2007 5717 2482 5840 rtzfgandi
2541 5717 2804 5790 particula
2835 5715 2943 5774 duo
2974 5714 3179 5783 Vatic.,
3220 5715 3459 5782 quicum-

1876 5809 1971 5855 qttr:
2011 5803 2102 5842 hoc
2131 5803 2227 5856 ζέει
2241 5803 2329 5842 νει.
