3856 6172
373 250 477 314 415
1546 245 1606 302 S.
1648 241 1954 302 FUSEBll

2089 233 2460 303 IEllONYMl
3518 241 3614 306 416

377 373 584 427 nostra,
627 361 732 415 nisi
771 360 836 416 de
885 377 1047 416 manu
1081 359 1291 415 Domini
1324 362 1688 428 receperimus
1721 375 1804 412 ea.
1841 357 1947 411 Nec
1978 362 2022 414 A
2052 357 2289 426 desuper
2325 355 2624 410 intonantis
2655 355 2838 410 audita
2874 368 2989 412 est:
3023 356 3121 410 llic
3153 368 3228 410 est
3268 358 3438 413 Filius
3485 377 3618 414 meus

379 455 522 508 idem
559 463 639 508 est
669 454 804 508 solvi
839 465 1082 522 peccata,
1117 465 1278 521 atque
1318 451 1536 504 dimitti.
1567 451 1663 503 Cui
1699 451 1841 501 enim
1867 449 1950 501 di-
2055 449 2300 510 dilectus,
2330 453 2382 502 in
2412 465 2514 518 quo
2543 450 2670 501 mihi
2694 450 3024 515 complacui;
3050 451 3189 504 hunc
3209 455 3388 506 audite
3412 452 3618 521 (Matth.

380 549 690 620 mittuntur,
724 545 992 602 solutione
1027 562 1130 598 non
1162 545 1388 613 indiget,
1425 544 1651 595 audiens
1682 542 1734 594 in
1780 541 1954 594 Evan-
2059 559 2141 606 ιιι,
2179 542 2288 611 l7).
2323 541 2388 594 Et
2441 541 2618 594 omnis
2667 556 2796 595 caro
2851 542 2982 596 vidit
3024 542 3263 598 salutare
3329 544 3447 599 Dei.
3503 546 3623 609 Qua-

380 631 1951 708 gelio:Canﬁde,ﬁli,dimittunturtibipeccatatua(Mauh.
2058 646 2340 706 pmpterea
2365 633 2741 703 appellabatur
2818 649 2968 701 caro,
3003 637 3130 705 quia
3170 637 3320 705 prius
3372 637 3624 691 Sanctum

381 746 458 794 ix,
487 730 568 800 2).
623 730 721 784 Cui
749 736 930 783 autem
969 729 1282 790 solvnmur,
1313 736 1595 796 propterea
1627 724 1913 777 solvuntur
1936 761 1952 785 ,

2089 728 2322 794 Spiritum
2353 744 2458 780 non
2501 727 2754 781 habebat.
2788 728 2862 782 De
2907 743 3010 797 qua
3055 730 3187 782 dicit
3229 741 3282 783 et
3335 731 3624 785 Dominus:

380 821 506 889 quia
534 829 761 890 purgata
785 829 910 874 sunt
941 829 995 872 et
1039 820 1217 872 soluta
1256 834 1351 887 per
1387 831 1595 884 pix-uas.
1633 813 1794 868 Juxta
1844 813 1955 866 Ιιὶε⁸
2062 817 2186 873 Non
2237 821 2564 887 permanebit
2603 821 2822 889 spiritus
2859 837 3003 874 meus
3045 822 3099 874 in
3140 823 3440 876 hominibus
3494 825 3625 886 istis,

379 916 577 968 toriam
615 912 823 982 recepit
850 911 1153 967 Jerusalem
1187 912 1252 964 de
1279 927 1439 963 manu
1473 907 1684 961 Domini
1718 905 1954 968 duplicia
2060 912 2308 980 quoniam
2343 911 2506 982 482
2543 929 2728 966 carnes
2753 924 2878 966 sunt
2921 911 3075 982 (Gen.
3105 930 3176 979 vt,
3209 914 3285 985 '5}.
3317 915 3412 968 llla
3455 925 3628 968 autem

377 1017 598 1073 peccata
622 998 1954 1074 sua:semelaBabyloniis,secundoallumanis.
2061 1020 2192 1058 caro
2241 1002 2449 1057 videbit
2502 1005 2742 1059 salutare
2792 1003 2907 1068 Dei,
2973 1006 3038 1058 de
3067 1022 3170 1075 qua
3199 1021 3290 1075 per
3328 1005 3448 1060 Joel
3499 1009 3628 1062 idem

379 1098 644 1168 Quozlque
704 1098 924 1152 additur
977 1112 1007 1151 a
1035 1097 1411 1166 Septuaginta,
1440 1095 1770 1158 Sacerdotes,
1801 1092 1960 1147 obelo
2063 1096 2427 1164 loquebatur:
2462 1094 2750 1164 Effundam
2778 1097 2842 1150 de
2872 1095 3062 1163 spiritu
3087 1113 3200 1152 meo
3237 1115 3395 1169 super
3436 1115 3631 1152 onmem

382 1191 796 1255 praenotandum
821 1199 904 1244 est
932 1189 975 1245 ⁸.
2063 1203 2295 1252 carnem,
2331 1196 2381 1242 et
2439 1187 2822 1256 proplietnbunt
2860 1187 3025 1259 (Joel.
3073 1205 3134 1256 ll,
3175 1191 3291 1258 28).
3326 1191 3481 1256 Quod
3532 1207 3629 1246 non

459 1282 638 1355 (Vers.
674 1284 708 1337 5
738 1281 914 1348 seqq.)
956 1277 1099 1334 «Vox
1129 1277 1410 1332 clamantis
1431 1278 1484 1332 in
1507 1277 1744 1340 deserto,
1767 1276 1960 1329 l’arate

2089 1279 2242 1333 lOIUII‘
2271 1279 2364 1332 illo
2395 1289 2637 1348 tempore
2671 1278 2939 1333 clamabat
2963 1278 3222 1344 Joannes,
3259 1282 3350 1350 qui
3371 1281 3629 1336 sermonis

382 1380 523 1431 viam
585 1375 836 1436 Domini,
881 1382 1058 1426 rectas
1106 1372 1266 1426 facite
1296 1372 1348 1424 iu
1395 1370 1686 1424 solitudine
1735 1368 1960 1422 semitas
2068 1367 2163 1424 Dei
2216 1385 2525 1440 przecursor
2578 1377 2633 1426 et
2691 1371 2946 1440 pravius,
3003 1381 3150 1427 recte
3179 1387 3282 1427 vox
3338 1374 3631 1442 appellatur

383 1471 543 1542 481
579 1469 668 1521 Dei
704 1468 895 1520 nostri.
919 1463 1111 1518 Omnis
1135 1463 1293 1517 vallis
1316 1461 1664 1522 exaltabitur,
1696 1469 1748 1513 et
1783 1458 1962 1513 omnis
2067 1464 2288 1534 (Matth.
2312 1466 2417 1534 ιιι),
2449 1464 2542 1518 sed
2569 1479 2743 1532 usque
2779 1464 2944 1518 hodie
2975 1464 3028 1519 in
3073 1465 3290 1520 deserto
3335 1467 3627 1536 gentilium,

388 1578 542 1615 Inous
575 1571 628 1614 et
663 1559 814 1613 collis
847 1555 1271 1610 bumiliabitur:
1304 1565 1358 1608 et
1380 1562 1536 1608 erunt
1579 1566 1744 1620 prava
1797 1549 1848 1603 in
1879 1547 1958 1603 di-
2065 1554 2439 1609 Ecclesiarum
2472 1554 2715 1608 clamant
2753 1554 3025 1622 magistri,
3087 1565 3147 1609 ut
3180 1565 3361 1610 rectas
3379 1555 3631 1612 faciamus

386 1665 556 1719 recta,
593 1663 644 1705 et
672 1667 861 1719 aspera
897 1651 948 1702 in
983 1647 1094 1701 vias
1117 1648 1328 1715 planas,
1351 1655 1403 1699 et
1429 1643 1761 1698 revelabitur
1789 1640 1958 1711 gloria
1994 1705 2032 1719 λ
2066 1647 2182 1699 vias
2229 1658 2286 1702 et
2335 1646 2560 1700 semitas
2605 1647 2656 1698 in
2687 1645 2948 1699 cordibus
2989 1647 3190 1701 nostris
3237 1645 3370 1714 Deo,
3424 1649 3630 1718 implea-

387 1745 620 1808 Domini,
653 1753 706 1797 et
736 1741 934 1794 videbit
963 1741 1142 1793 omnis
1176 1753 1304 1792 caro
1343 1735 1550 1805 pariter
1581 1737 1722 1804 quod
1759 1748 1821 1787 os
1850 1732 1958 1786 Do-
1992 1732 2032 1760 ”
2063 1753 2292 1807 murque
2326 1736 2639 1803 virtutibus,
2669 1746 2722 1790 et
2744 1735 3072 1791 inclinentur
3100 1737 3451 1803 humilitate;
3477 1755 3630 1809 prava

385 1835 517 1888 mini
555 1837 791 1887 locutum
829 1839 931 1886 est.
970 1849 988 1881 ι
1023 1829 1164 1882 LXX
1204 1844 1216 1882 ε
1269 1827 1418 1882 (Vox
1454 1825 1737 1880 clamantis
1785 1825 1835 1878 in
1869 1827 1962 1878 de~

2089 1842 2336 1888 nutemus
2368 1832 2420 1886 in
2442 1843 2606 1892 recta,
2627 1847 2816 1899 aspera
2847 1841 3122 1886 vertamus
3155 1832 3206 1886 in
3245 1832 3428 1886 mollia
3457 1834 3628 1898 ;etsic

387 1937 576 1980 st-rlu:
613 1925 808 1977 Parata
837 1923 979 1976 viam
1021 1921 1272 1975 Domini:
1313 1929 1491 1974 rectas
1521 1919 1684 1973 facile
1739 1917 1962 1972 semitas
2064 1928 2289 1998 gloriam
2331 1924 2541 1978 Domini
2573 1933 2628 1977 et
2664 1923 2907 1977 salutare
2951 1922 3045 1975 Dei
3079 1924 3264 1978 videre
3313 1941 3627 1981 mereamur,

387 2020 482 2074 Dei
517 2016 921 2072 nost:i.0muis
941 2014 1094 2068 vallis
1129 2011 1489 2080 implebitur:
1526 2019 1580 2064 et
1603 2009 1781 2063 omnis
1809 2025 1962 2062 tuons
2138 2023 2155 2090 (
2189 2018 2346 2074 νει-ε,
2382 2017 2415 2072 6
2442 2032 2597 2085 seqq,
2633 2015 2652 2086 )
2693 2034 2711 2068 ι
2755 2014 2867 2069 Vox
2895 2016 3377 2082 dicentigmauia,
3407 2017 3467 2070 Ει
3490 2017 3624 2072 uixi;

386 2124 443 2165 et
493 2111 644 2163 rollis
677 2107 1093 2171 humiliabitur;
1149 2115 1204 2160 ct
1237 2114 1595 2172 eruntprava
1633 2103 1686 2156 in
1729 2103 1962 2163 directa,

2089 2111 2203 2178 Quid
2232 2109 2478 2166 clamabo
2508 2107 2531 2161 ?
2561 2107 2751 2162 Omnis
2807 2121 2936 2161 caro
2969 2106 3197 2172 foenum,
3233 2117 3289 2162 et
3320 2109 3492 2161 omnis
3520 2108 3625 2178 glo-

388 2213 446 2256 et
491 2217 683 2271 aspera
727 2201 780 2255 in
812 2214 1055 2268 campos.
1089 2197 1157 2252 Et
1184 2195 1466 2266 apparebit
1493 2195 1661 2265 gloria
1714 2193 1960 2247 DOmini:

2089 2205 2147 2257 ’ia
2203 2203 2322 2272 ejus
2363 2201 2516 2270 quasi
2571 2199 2670 2253 llos
2692 2201 2832 2268 agri.
2881 2200 3224 2253 Exsiccatum
3295 2211 3382 2253 est
3412 2199 3622 2266 frenum,

388 2305 446 2349 ct
477 2295 680 2349 videbit
725 2293 901 2347 omnis
931 2305 1057 2346 caro
1097 2290 1335 2345 salutare
1379 2288 1495 2354 Dei,
1537 2287 1660 2356 quia
1705 2285 1964 2339 Dominus

1992 1705 2032 1760 Β

392 2389 608 2443 locutus
632 2398 767 2441 est.»
803 2385 973 2454 llnjus
1004 2384 1156 2438 vocis
1198 2397 1467 2438 memores
1495 2379 1698 2433 Scriba:
1727 2393 1777 2431 e'.
1823 2377 1966 2430 Pha-

394 2482 534 2536 risa-i
567 2488 620 2533 et
656 2479 927 2548 principes
957 2474 1290 2538 JlldlBOl‘llln,
1338 2488 1463 2528 cum
1495 2466 1965 2525 audissentJoan-

393 2590 512 2627 nem
547 2574 596 2625 in
623 2570 918 2626 solitudine
943 2567 1239 2636 praedicare
1263 2565 1591 2636 baptismum
1614 2561 1966 2632 ptenitcntiae,

393 2675 445 2717 et
482 2665 680 2718 docere
710 2661 992 2731 populum,
1041 2661 1264 2713 mittunt
1305 2656 1396 2725 qui
1447 2657 1780 2722 interrogent
1819 2667 1964 2715 eum,

399 2765 582 2810 tttrutn
635 2757 749 2824 ipse
787 2755 859 2808 sit
903 2751 1192 2814 Christus,
1242 2764 1310 2802 an
1355 2748 1520 2812 Elias,
1572 2763 1639 2800 an
1683 2744 1966 2814 propheta.

399 2849 647 2914 Cumque
679 2844 1054 2912 respondisset
1091 2842 1221 2895 nihil
1253 2855 1313 2896 se
1344 2842 1538 2894 bormn
1584 2853 1727 2901 esse,
1778 2851 1984 2894 rursus

400 2943 776 3008 interrogant:
816 2936 913 2989 Dic
951 2953 1070 3006 ergo
1101 2934 1269 2995 nobis,
1306 2937 1420 3002 quis
1443 2932 1534 2986 es?
1567 2940 1619 2983 ut
1668 2944 1970 2992 responsum

2067 2293 2263 2347 recidit
2294 2293 2415 2356 flos,
2465 2291 2588 2358 quia
2627 2291 2855 2358 spiritus
2889 2290 2980 2344 Dei
3024 2289 3175 2344 ﬂavit
3228 2291 3280 2344 in
3329 2293 3478 2344 eo’:
3512 2306 3626 2344 vere

2067 2385 2271 2440 foenum
2304 2394 2383 2440 est
2413 2383 2663 2452 populus.
2701 2382 3044 2437 Exsiccatum
3097 2393 3182 2437 est
3242 2383 3467 2450 fautum,
3499 2384 3628 2439 ceci-

2067 2477 2148 2532 dit
2190 2477 2297 2532 ﬂos
2333 2492 2345 2541 ;
2383 2475 2606 2529 verbum
2655 2483 2834 2528 autem
2897 2475 3109 2529 Domini
3167 2476 3336 2531 nostri
3394 2478 3551 2531 stabit
3580 2479 3624 2530 in

2071 2583 2355 2628 teternum.
2385 2589 2405 2623 ι
2447 2567 2589 2623 LXX
2630 2586 2643 2621 :
2683 2587 2700 2620 ι
2735 2568 2846 2624 Vos
2881 2569 3131 2637 dicentis,
3175 2571 3361 2626 Clama
3393 2584 3483 2627 :et
3507 2573 3625 2637 dixi,

2071 2665 2207 2731 Quid
2241 2663 2485 2717 clamabo
2510 2665 2533 2717 ?
2557 2663 2746 2717 Omnis
2777 2677 2907 2716 caro
2938 2661 3167 2726 flauum,
3195 2672 3248 2716 et
3277 2663 3454 2719 omnis
3475 2663 3627 2733 gloria

2071 2757 2306 2811 hominis
2344 2755 2498 2822 quasi
2549 2754 2646 2808 llos
2703 2755 2855 2808 firm.
2893 2755 3050 2809 Aruit
3085 2755 3313 2818 fumum,
3347 2765 3401 2809 et
3451 2754 3627 2809 cecidit

2070 2847 2170 2902 ﬂos
2189 2850 2255 2915 ᾖε(
2275 2853 2398 2914 quia
2427 2847 2654 2914 spiritus
2675 2843 2765 2899 Dei
2793 2845 2940 2898 flavit
2969 2847 3018 2898 in
3048 2847 3184 2913 cox
3206 2859 3333 2899 vere
3348 2845 3538 2897 lmuum
3556 2855 3626 2897 est

2073 2940 2300 3010 populus
2321 2939 2732 3006 Xexsiecatum
2760 2947 2842 2992 est
2862 2936 3063 2991 fmnum
3093 2978 3108 3001 ,
3138 2938 3332 2992 cecidit
3364 2936 3486 3002 llos:
3516 2950 3626 2990 ver-

397 3035 581 3086 demus
606 3032 683 3084 Itis
714 3031 803 3100 qui
827 3031 1082 3082 miserunt
1118 3043 1231 3080 nos.
1261 3025 1402 3090 Quid
1431 3025 1563 3077 dicis
1585 3023 1648 3077 de
1681 3033 1727 3076 te
1748 3021 1774 3075 ?
1796 3022 1969 3090 Atque
1997 3039 2041 3098 ο
2075 3035 2204 3086 bum
2240 3041 2418 3085 mne,"
2472 3031 2567 3083 Dei
2611 3031 2780 3084 noslri
2823 3041 3006 3083 manu
3066 3029 3116 3083 in
3173 3029 3573 3097 sempiternum,
3604 3046 3619 3076 ι

398 3127 491 3177 ille
524 3123 833 3192 reSpondit:
871 3121 981 3190 Ego
1029 3135 1145 3174 sum
1181 3134 1282 3172 vox
1311 3116 1588 3170 clamantis
1627 3116 1679 3168 in
1729 3114 1972 3168 deserto:

404 3217 601 3272 l’arate
627 3216 762 3269 viam
819 3213 1070 3276 Domini,
1120 3212 1257 3266 sicut
1304 3209 1439 3263 dixit
1487 3209 1660 3263 Isaias
1717 3205 1974 3277 propheta

401 3302 906 3377 (Joan.t,22,25).
962 3301 1016 3355 In
1058 3316 1165 3372 quo
1214 3299 1773 3365 animadvertendum,
1828 3294 1975 3366 quod

400 3410 568 3452 rectae
595 3399 692 3450 vim
726 3395 940 3450 Domini
976 3404 1030 3449 et
1079 3395 1283 3448 semitae
1329 3391 1422 3446 Dei
1471 3393 1682 3446 nostri:
1737 3388 1978 3458 imp‘etio

406 3493 628 3544 vallium
656 3500 709 3543 et
743 3488 1026 3554 montium,
1060 3487 1393 3555 colliumque
1420 3482 1746 3546 humiliatio,
1776 3489 1830 3534 et
1857 3495 1980 3549 pia-

405 3600 594 3638 vormn
620 3582 909 3647 correctio,
945 3589 999 3635 et
1029 3595 1343 3649 asperorum
1379 3577 1703 3646 rupiumque
1766 3589 1984 3641 campe-

405 3677 536 3728 Sirio
569 3688 584 3738 ;
619 3682 665 3726 et
701 3672 868 3740 gloria
896 3670 1104 3730 Domini
1159 3677 1214 3722 et
1243 3668 1478 3722 salutare
1522 3667 1613 3721 Dei
1647 3666 1836 3729 nostri,
1873 3679 1978 3719 non

406 3768 729 3838 prtrtlieetttr
782 3766 835 3819 in
892 3762 1218 3828 Jerusalem,
1267 3760 1360 3816 sed
1414 3760 1467 3812 in
1527 3757 1826 3814 solitudine
1883 3755 1983 3807 Ec-

406 3860 606 3922 clesiae,
639 3865 695 3912 et
729 3858 781 3911 in
815 3859 1030 3911 deserta
1061 3854 1299 3922 gentium
1339 3850 1714 3913 multitudine,
1775 3848 1841 3901 de
1877 3862 1980 3916 qua

407 3967 568 4020 supra
611 3954 753 4018 (cap.
812 3964 977 4009 xxxv,
1017 3948 1064 4013 l)
1103 3947 1330 4014 legimus
1366 3961 1379 3997 :
1419 3942 1626 3996 Lwtare
1658 3943 1862 3994 deserta
1911 3941 1985 3990 si—

407 4046 585 4106 tiens;
626 4041 844 4095 exsultet
869 4039 1124 4103 solitudo,
1157 4049 1203 4092 ct
1234 4038 1425 4106 ﬂoreat
1463 4037 1610 4105 quasi
1640 4036 1831 4087 tilium.
1860 4031 1986 4086 llaec

408 4134 554 4187 enim
583 4133 797 4185 deserta
852 4139 970 4184 erat
997 4129 1192 4182 notitia
1226 4127 1340 4192 Dei,
1390 4134 1442 4177 ct
1479 4125 1546 4178 ab
1574 4124 1730 4177 idolis
1765 4125 1986 4178 teneba-

414 4236 498 4277 tur
537 4224 754 4277 hmnilis
784 4223 837 4275 in
864 4221 1230 4284 confessione,
1264 4230 1443 4272 erecta
1470 4219 1520 4270 in
1559 4218 1838 4282 superbia,
1896 4231 1986 4270 as-

413 4330 543 4382 pera
572 4324 626 4367 ct
657 4313 1014 4367 intractabilis
1055 4312 1106 4366 in
1145 4311 1380 4365 feritate.
1426 4308 1530 4364 Sed
1561 4317 1843 4380 postquam
1892 4324 1988 4377 ap-

2077 3123 2192 3178 lloc
2237 3124 2382 3193 quod
2436 3124 2715 3177 asteriscis
2769 3129 3031 3176 notatur:
3087 3121 3224 3184 Quia
3272 3121 3482 3189 spiritus
3541 3119 3625 3172 Dei

2075 3215 2225 3284 ﬂavit
2268 3217 2320 3267 in
2347 3230 2405 3268 eo
2439 3230 2590 3268 :vere
2617 3215 2810 3281 frenum
2840 3222 2915 3266 est
2939 3212 3162 3281 populus
3186 3230 3204 3267 :
3239 3216 3382 3266 aruit
3427 3213 3623 3279 (triten,

2079 3307 2265 3361 cecidit
2290 3307 2413 3374 ﬂos,
2449 3321 2514 3360 ex
2570 3305 2837 3362 llebraico
2882 3313 2936 3358 ct
2971 3304 3362 3359 TllL‘OdUliOltlS
3415 3305 3626 3358 ρύὶιίοιιο

2080 3399 2320 3454 additum
2396 3408 2502 3455 est.
2551 3399 2626 3452 Ex
2667 3413 2772 3468 quo
2801 3397 3146 3451 manifestum
3195 3407 3304 3459 est,
3331 3398 3412 3452 vel
3451 3413 3477 3451 a
3503 3395 3626 3449 LXX

2080 3489 2530 3558 praetermissum.
2555 3489 2640 3543 vel
2695 3489 2951 3558 paulatim
2985 3489 3316 3557 scriptorum
3371 3489 3495 3542 vitio
3518 3489 3627 3541 abo-

2081 3581 2232 3633 litum
2264 3581 2328 3633 δε
2373 3581 2498 3634 dum
2539 3591 2595 3634 et
2647 3583 2798 3649 prior
2847 3588 2900 3633 et
2945 3595 3185 3649 sequens
3229 3595 3421 3634 versus
3471 3583 3629 3633 [initur

2083 3672 2137 3727 in
2169 3673 2320 3740 ﬂare.
2351 3672 2522 3742 Supra
2576 3673 2824 3742 legimus,
2858 3670 3126 3740 Propheta
3157 3672 3373 3726 dicente
3405 3691 3418 3726 :
3453 3669 3513 3724 Et
3543 3688 3627 3723 au-

2083 3767 2192 3819 divi
2222 3782 2391 3819 vocem
2433 3765 2642 3818 Domini
2668 3765 2887 3818 dicentis
2913 3780 2932 3818 :
2960 3765 3127 3828 Quem
3196 3766 3432 3830 mittam,
3460 3775 3503 3818 et
3529 3764 3628 3832 quis

2083 3860 2178 3913 ibit
2205 3859 2274 3912 ad
2320 3859 2568 3926 populum
2603 3858 2813 3912 istum?
2858 3857 2926 3910 Et
2959 3859 3070 3910 dixi
3101 3873 3119 3912 :
3157 3857 3291 3911 Ecce
3341 3841 3454 3928 ego,
3504 3861 3631 3910 mitte

2086 3972 2166 4008 me
2195 3971 2214 4020 ;
2246 3966 2292 4007 et
2323 3956 2438 4009 ait:
2475 3955 2615 4008 Vade
2645 3966 2692 4008 et
2724 3956 2806 4008 dic
2832 3955 3026 4024 populo
3059 3956 3147 4009 isti
3179 3973 3196 4009 :
3225 3958 3366 4010 Aure
3409 3956 3627 4019 audietis,

2089 4058 2137 4103 et
2169 4064 2270 4100 non
2302 4047 2632 4117 intelligetis,
2701 4056 2747 4100 et
2781 4048 3012 4102 videntes
3042 4048 3306 4116 videbitis,
3359 4059 3407 4102 et
3455 4065 3545 4100 non
3572 4047 3631 4100 ri-

2091 4140 2297 4203 debitis,
2324 4151 2378 4194 et
2411 4140 2641 4208 reliqua.
2679 4139 2758 4192 Ad
2787 4155 2950 4206 quam
3024 4141 3462 4208 praedicationem
3515 4142 3630 4193 dura

2092 4247 2403 4302 perpessus,
2433 4247 2578 4284 nunc
2615 4230 2831 4284 Domini
2865 4245 2996 4285 voce
3056 4232 3293 4293 dicente,
3327 4232 3528 4293 Clama,
3581 4231 3635 4282 ti-

2093 4340 2248 4380 mens
2299 4324 2522 4391 similia,
2571 4324 2702 4393 quid
2769 4324 3005 4379 clamare
3074 4325 3270 4378 debeat
3311 4326 3632 4386 sciscitatur,

416 4405 596 4474 paruit
628 4404 798 4472 gloria
831 4402 1064 4466 Domini,
1097 4413 1149 4456 et
1196 4402 1326 4455 vidit
1359 4402 1536 4456 omnis
1567 4416 1696 4454 caro
1749 4401 1988 4454 salutare
2015 4389 2068 4452 Ι)
2093 4425 2146 4472 ει
2174 4431 2203 4470 a
2235 4416 2472 4486 gonerali
2503 4416 2786 4484 incipiens,
2816 4416 2999 4470 Omnis
3024 4432 3146 4470 caro
3191 4417 3404 4484 (mnum,
3429 4428 3471 4469 et
3491 4417 3637 4469 omnis

419 4498 537 4562 Dei,
599 4506 791 4552 cuncta
839 4506 1060 4564 repente
1112 4505 1314 4549 mutata
1371 4505 1516 4561 sunt,
1549 4502 1602 4546 ct
1646 4493 1730 4547 via
1776 4491 1989 4545 Demini

419 4601 748 4661 iermparata,
777 4591 847 4643 ita
879 4597 938 4643 ut
965 4599 1248 4658 appareret
1273 4589 1323 4641 in
1351 4587 1644 4642 solitudine
1673 4586 1843 4655 gloria
1873 4585 1992 4651 Dei,

418 4687 636 4756 quando
699 4683 1008 4752 baptizatus
1063 4689 1146 4736 est
1196 4680 1458 4734 Dominus
1524 4678 1866 4743 inJordane,
1940 4689 1996 4733 et

418 4776 591 4848 aperti
622 4783 746 4829 sunt
771 4773 917 4837 coeli,
949 4780 1005 4825 et
1052 4770 1284 4840 Spiritus
1319 4778 1537 4825 sanctus
1589 4769 1643 4824 in
1690 4769 1872 4838 specie
1903 4782 1995 4822 co-

421 4869 620 4922 \~unb:e
653 4864 958 4931 descendit,
993 4873 1045 4920 ct
1091 4864 1288 4918 mansit
1339 4863 1508 4931 ineo,
1553 4877 1766 4932 vosque
1817 4859 1994 4914 Patris

498 5047 512 5077 ¹
545 5046 609 5100 Et
629 5046 785 5101 obelo
824 5060 885 5101 -ξ-
923 5044 1140 5115 quidem
1189 5045 1241 5098 in
1278 5043 1552 5100 Vaticanis
1582 5045 1742 5101 codd.
1785 5061 1998 5116 praeno-

431 5129 596 5172 lultlt‘.

490 5188 510 5219 ³
541 5185 677 5247 Quia
699 5185 916 5249 spiritus
950 5184 1045 5239 Dei
1077 5187 1224 5255 ﬂavit
1260 5187 1313 5239 in
1345 5203 1428 5251 eo,
1479 5195 1586 5241 etc.
1616 5187 1833 5241 Absunt
1882 5187 1996 5244 haec

436 5255 597 5307 verba
653 5255 705 5307 in
779 5256 1182 5323 exemplaribus
1209 5256 1366 5323 |l.XX
1418 5259 1818 5323 Interpretum;
1854 5264 2000 5314 unde

418 5323 848 5399 _t'onjieere_licet
881 5323 1186 5399 Romanum
1225 5329 1506 5396 exemplar
1533 5328 1677 5382 illam
1707 5342 1827 5382 esse
1851 5328 2002 5383 Cra:-

426 5390 1071 5467 caui_cditioncmquam
1130 5398 1360 5467 Κοινὴν,
1391 5390 1448 5452 id
1510 5409 1615 5465 est,
1675 5415 1998 5452 communem

422 5465 794 5533 appellabant,
826 5463 1080 5532 idemque
1109 5463 1398 5521 dicendum
1429 5471 1496 5523 de
1524 5463 1654 5523 mss.
1679 5469 2004 5523 Alexandri-

423 5550 499 5587 ιιι)
529 5537 734 5600 codice,
771 5536 859 5602 qui
892 5550 996 5586 non
1045 5535 1206 5588 habet
1237 5541 1531 5592 asteriscos
1563 5540 1822 5593 editionis
1874 5543 2002 5596 Ori-

423 5606 604 5669 genis.
634 5607 786 5668 Quod
818 5606 996 5656 subdit
1021 5604 1384 5673 Hieronymus
1413 5611 1478 5662 de
1504 5609 1751 5662 absentia
1783 5610 1999 5665 illorum

423 5676 743 5738 verborum,
800 5677 924 5732 quin
956 5677 1174 5741 spiritus
1207 5677 1324 5744 Dei,
1377 5690 1508 5747 etc.,
1569 5689 1783 5750 propter
1842 5685 2000 5738 linem

2095 4508 2264 4576 gloria
2300 4507 2413 4576 ejus
2449 4509 2603 4576 quasi
2635 4508 2734 4576 ﬂos
2768 4507 2916 4576 faeni,
2953 4511 3197 4577 pervenit
3234 4510 3300 4562 ad
3330 4509 3565 4578 Speciale,
3591 4515 3639 4561 ut

2098 4597 2453 4653 nihilominus
2480 4599 2626 4653 dicat
2652 4598 2720 4653 de
2751 4599 2968 4668 pepulo,
3025 4601 3148 4655 Vere
3174 4603 3370 4670 {auum
3401 4613 3472 4656 est
3492 4617 3637 4670 popu-

2099 4690 2202 4746 lus.
2272 4691 2336 4745 Et
2363 4706 2551 4746 revera
2587 4693 2632 4747 si
2665 4693 2789 4761 quis
2822 4693 3164 4764 fragilitatem
3198 4697 3384 4749 carnis
3419 4696 3640 4766 aspiciat,

2099 4790 2154 4835 ct
2218 4781 2361 4851 quod
2417 4796 2514 4850 per
2545 4782 2802 4837 horarum
2840 4794 3115 4839 momenta
3159 4788 3461 4841 crescimus
3502 4795 3643 4856 atque

2101 4874 2490 4940 decrescimus,
2555 4890 2655 4931 nec
2681 4876 2736 4930 in
2779 4879 2969 4934 eodem
3037 4895 3325 4937 manemus
3381 4892 3542 4948 statu,
3575 4882 3643 4950 ip-

2102 5058 2351 5134 eomdem
2388 5059 2617 5134 duorum
2648 5062 3048 5134 versiculorum
3081 5066 3133 5118 in
3159 5066 3284 5134 ﬂos,
3317 5065 3548 5119 notabile
3575 5074 3644 5117 est

2102 5130 2184 5210 ad.
2225 5129 2556 5210 probatttlaitt
2618 5133 2968 5210 emissionem
3027 5129 3259 5210 similem
3319 5135 3641 5210 iniEpistola

2103 5199 2278 5278 prima
2304 5200 2446 5278 beati
2491 5198 2739 5278 Joannis,
2771 5206 2894 5270 quia
2942 5206 3209 5278 versiculi
3231 5208 3363 5278 7_et
3393 5209 3425 5262 8
3473 5198 3576 5278 cap.
3609 5218 3640 5278 Δν

2104 5269 2356 5322 desinunt
2393 5270 2445 5321 in
2491 5279 2538 5322 ct
2579 5273 2630 5324 lii
2673 5269 2962 5329 tres’uuum
3000 5285 3143 5330 sunt.
3197 5276 3333 5333 Vide
3362 5275 3529 5333 tom.l
3567 5273 3637 5329 ed.

2105 5353 2158 5391 ιι.
2201 5339 2306 5393 col.
2341 5339 2498 5394 1674.
2529 5340 2794 5399 Maurum.

2177 5408 2196 5439 ³
2222 5410 2293 5490 ξὶι⁸
2327 5426 2456 5463 vero
2488 5414 2642 5490 abest
2676 5415 3319 5490 aRomanoetiamnum
3358 5429 3510 5488 atque
3538 5413 3638 5471 Ale-

2104 5478 2679 5556 xandrinotodtcibus
2703 5485 2858 5552 longe
2888 5488 3307 5556 antiquissimis,
3341 5478 3478 5555 quod
3506 5494 3632 5556 post:

2104 5564 2173 5632 ea.
2240 5549 2523 5632 ειιιηιιξξιιιι*
2601 5554 2654 5606 in
2713 5549 3110 5632 Complutetisi.
3179 5549 3312 5632 Vide
3362 5549 3634 5625 huiusmodi

2108 5619 2650 5702 Elli'lllll.OI|‘l‘iSSl0!lClll
2686 5639 2749 5680 ex
2772 5619 3086 5702 _coit_tmdem
3115 5631 3401 5684 verborum
3433 5619 3633 5683 occursu

2109 5688 2320 5744 inlrain
2363 5691 2731 5754 (Jommcntar.
2770 5696 2824 5752 in
2872 5696 3119 5755 Jereaiiac
3154 5716 3275 5759 can.
3318 5700 3546 5768 “3,15.
