  <div class='ocr_page' id='page_1' title='image "/cluster/home/n/w/nwhite01/storage/ocr_20150623/24/hvd.32044096580485/214.png"; bbox 0 0 3952 6180; ppageno 0'>
   <div class='ocr_carea' id='block_1_1' title="bbox 215 282 314 346">
    <p class='ocr_par' dir='ltr' id='par_1_1' title="bbox 215 282 314 346">
     <span class='ocr_line' id='line_1_1' title="bbox 215 282 314 346; baseline -0.01 0"><span class='ocrx_word' id='word_1_1' title='bbox 215 282 314 346; x_wconf 72' lang='grc'><strong>417</strong></span> 
     </span>
    </p>
   </div>
   <div class='ocr_carea' id='block_1_2' title="bbox 802 273 2922 351">
    <p class='ocr_par' dir='ltr' id='par_1_2' title="bbox 802 273 2922 351">
     <span class='ocr_line' id='line_1_2' title="bbox 802 273 2922 351; baseline -0.004 -7"><span class='ocrx_word' id='word_1_2' title='bbox 802 280 1294 345; x_wconf 76' lang='lat' dir='ltr'><strong>COMMENTAR.</strong></span> <span class='ocrx_word' id='word_1_3' title='bbox 1337 278 1420 340; x_wconf 79' lang='lat' dir='ltr'><strong>IN</strong></span> <span class='ocrx_word' id='word_1_4' title='bbox 1464 277 1731 338; x_wconf 76' lang='lat' dir='ltr'><strong>ISAIAM</strong></span> <span class='ocrx_word' id='word_1_5' title='bbox 1770 275 2234 337; x_wconf 76' lang='lat' dir='ltr'><strong>PROPHETAM</strong></span> <span class='ocrx_word' id='word_1_6' title='bbox 2279 273 2420 338; x_wconf 81' lang='lat' dir='ltr'><strong>LIB.</strong></span> <span class='ocrx_word' id='word_1_7' title='bbox 2460 274 2566 351; x_wconf 83' lang='lat' dir='ltr'><strong>XI,</strong></span> <span class='ocrx_word' id='word_1_8' title='bbox 2597 276 2755 337; x_wconf 74' lang='lat' dir='ltr'><strong>CAP.</strong></span> <span class='ocrx_word' id='word_1_9' title='bbox 2801 275 2922 336; x_wconf 82' lang='lat' dir='ltr'><strong>XL.</strong></span> 
     </span>
    </p>
   </div>
   <div class='ocr_carea' id='block_1_3' title="bbox 3372 276 3477 341">
    <p class='ocr_par' dir='ltr' id='par_1_3' title="bbox 3372 276 3477 341">
     <span class='ocr_line' id='line_1_3' title="bbox 3372 276 3477 341; baseline -0.019 0"><span class='ocrx_word' id='word_1_10' title='bbox 3372 276 3477 341; x_wconf 78' lang='grc'><strong>418</strong></span> 
     </span>
    </p>
   </div>
   <div class='ocr_carea' id='block_1_4' title="bbox 214 389 3477 473">
    <p class='ocr_par' dir='ltr' id='par_1_4' title="bbox 214 389 3477 473">
     <span class='ocr_line' id='line_1_4' title="bbox 214 389 3477 473; baseline -0.003 -16"><span class='ocrx_word' id='word_1_11' title='bbox 214 415 438 473; x_wconf 81' lang='lat' dir='ltr'><strong>sumque</strong></span> <span class='ocrx_word' id='word_1_12' title='bbox 475 397 619 469; x_wconf 87' lang='lat' dir='ltr'><strong>quod</strong></span> <span class='ocrx_word' id='word_1_13' title='bbox 649 397 946 469; x_wconf 79' lang='lat' dir='ltr'><strong>loquimur,</strong></span> <span class='ocrx_word' id='word_1_14' title='bbox 970 396 1135 469; x_wconf 75' lang='grc'><strong>483</strong></span> <span class='ocrx_word' id='word_1_15' title='bbox 1162 398 1458 458; x_wconf 74' lang='lat' dir='ltr'><strong>dictamus,</strong></span> <span class='ocrx_word' id='word_1_16' title='bbox 1504 405 1559 448; x_wconf 87' lang='lat' dir='ltr'><strong>et</strong></span> <span class='ocrx_word' id='word_1_17' title='bbox 1590 394 1788 448; x_wconf 77' lang='lat' dir='ltr'><strong>scribi—</strong></span> <span class='ocrx_word' id='word_1_18' title='bbox 1819 403 1863 458; x_wconf 75' lang='grc' dir='ltr'><strong>Α</strong></span> <span class='ocrx_word' id='word_1_19' title='bbox 1892 390 2188 446; x_wconf 83' lang='lat' dir='ltr'><strong>Jerusalem</strong></span> <span class='ocrx_word' id='word_1_20' title='bbox 2221 409 2235 445; x_wconf 87' lang='lat'><strong>:</strong></span> <span class='ocrx_word' id='word_1_21' title='bbox 2270 391 2344 445; x_wconf 83' lang='lat' dir='ltr'><strong>De</strong></span> <span class='ocrx_word' id='word_1_22' title='bbox 2388 390 2515 445; x_wconf 87' lang='lat' dir='ltr'><strong>Sion</strong></span> <span class='ocrx_word' id='word_1_23' title='bbox 2572 392 2712 444; x_wconf 85' lang='lat' dir='ltr'><strong>enim</strong></span> <span class='ocrx_word' id='word_1_24' title='bbox 2775 392 2936 445; x_wconf 71' lang='lat' dir='ltr'><strong>exivit</strong></span> <span class='ocrx_word' id='word_1_25' title='bbox 2990 389 3075 443; x_wconf 76' lang='lat' dir='ltr'><strong>(ex</strong></span> <span class='ocrx_word' id='word_1_26' title='bbox 3104 432 3119 457; x_wconf 87' lang='lat'><strong>,</strong></span> <span class='ocrx_word' id='word_1_27' title='bbox 3144 401 3193 444; x_wconf 88' lang='lat' dir='ltr'><strong>et</strong></span> <span class='ocrx_word' id='word_1_28' title='bbox 3268 394 3477 447; x_wconf 72' lang='lat' dir='ltr'><strong>verbum</strong></span> 
     </span>
    </p>
   </div>
   <div class='ocr_carea' id='block_1_5' title="bbox 211 489 1789 560">
    <p class='ocr_par' dir='ltr' id='par_1_5' title="bbox 211 489 1789 560">
     <span class='ocr_line' id='line_1_5' title="bbox 211 489 1789 560; baseline -0.006 -10"><span class='ocrx_word' id='word_1_29' title='bbox 211 510 350 558; x_wconf 85' lang='lat' dir='ltr'><strong>mus,</strong></span> <span class='ocrx_word' id='word_1_30' title='bbox 388 495 456 549; x_wconf 88' lang='lat' dir='ltr'><strong>de</strong></span> <span class='ocrx_word' id='word_1_31' title='bbox 477 495 601 547; x_wconf 68' lang='lat' dir='ltr'><strong>vitae</strong></span> <span class='ocrx_word' id='word_1_32' title='bbox 629 503 827 547; x_wconf 65' lang='lat' dir='ltr'><strong>nostr-.2</strong></span> <span class='ocrx_word' id='word_1_33' title='bbox 867 502 1021 560; x_wconf 87' lang='lat' dir='ltr'><strong>parte</strong></span> <span class='ocrx_word' id='word_1_34' title='bbox 1069 490 1415 560; x_wconf 70' lang='lat' dir='ltr'><strong>prmtervolat</strong></span> <span class='ocrx_word' id='word_1_35' title='bbox 1447 505 1462 542; x_wconf 90' lang='lat'><strong>:</strong></span> <span class='ocrx_word' id='word_1_36' title='bbox 1494 504 1599 541; x_wconf 89' lang='lat' dir='ltr'><strong>non</strong></span> <span class='ocrx_word' id='word_1_37' title='bbox 1628 489 1789 542; x_wconf 78' lang='lat' dir='ltr'><strong>dubi-</strong></span> 
     </span>
    </p>
   </div>
   <div class='ocr_carea' id='block_1_6' title="bbox 210 577 1789 649">
    <p class='ocr_par' dir='ltr' id='par_1_6' title="bbox 210 577 1789 649">
     <span class='ocr_line' id='line_1_6' title="bbox 210 577 1789 649; baseline -0.004 -11"><span class='ocrx_word' id='word_1_38' title='bbox 210 586 343 638; x_wconf 83' lang='lat' dir='ltr'><strong>tabit</strong></span> <span class='ocrx_word' id='word_1_39' title='bbox 370 600 593 639; x_wconf 85' lang='lat' dir='ltr'><strong>carnem</strong></span> <span class='ocrx_word' id='word_1_40' title='bbox 644 582 847 638; x_wconf 73' lang='lat' dir='ltr'><strong>fmnum</strong></span> <span class='ocrx_word' id='word_1_41' title='bbox 873 582 1077 646; x_wconf 83' lang='lat' dir='ltr'><strong>dicere,</strong></span> <span class='ocrx_word' id='word_1_42' title='bbox 1115 589 1169 635; x_wconf 87' lang='lat' dir='ltr'><strong>et</strong></span> <span class='ocrx_word' id='word_1_43' title='bbox 1216 579 1444 649; x_wconf 81' lang='lat' dir='ltr'><strong>gloriam</strong></span> <span class='ocrx_word' id='word_1_44' title='bbox 1473 580 1592 646; x_wconf 85' lang='lat' dir='ltr'><strong>ejus</strong></span> <span class='ocrx_word' id='word_1_45' title='bbox 1631 577 1789 646; x_wconf 84' lang='lat' dir='ltr'><strong>quasi</strong></span> 
     </span>
    </p>
   </div>
   <div class='ocr_carea' id='block_1_7' title="bbox 206 670 1789 742">
    <p class='ocr_par' dir='ltr' id='par_1_7' title="bbox 206 670 1789 742">
     <span class='ocr_line' id='line_1_7' title="bbox 206 670 1789 742; baseline -0.004 -13"><span class='ocrx_word' id='word_1_46' title='bbox 206 678 391 731; x_wconf 83' lang='lat' dir='ltr'><strong>liorem</strong></span> <span class='ocrx_word' id='word_1_47' title='bbox 447 674 604 739; x_wconf 67' lang='lat' dir='ltr'><strong>freni,</strong></span> <span class='ocrx_word' id='word_1_48' title='bbox 661 675 779 729; x_wconf 88' lang='lat' dir='ltr'><strong>sive</strong></span> <span class='ocrx_word' id='word_1_49' title='bbox 810 681 963 742; x_wconf 89' lang='lat' dir='ltr'><strong>prata</strong></span> <span class='ocrx_word' id='word_1_50' title='bbox 1025 686 1372 741; x_wconf 81' lang='lat' dir='ltr'><strong>camporum.</strong></span> <span class='ocrx_word' id='word_1_51' title='bbox 1431 670 1536 736; x_wconf 87' lang='lat' dir='ltr'><strong>Qui</strong></span> <span class='ocrx_word' id='word_1_52' title='bbox 1589 670 1789 725; x_wconf 89' lang='lat' dir='ltr'><strong>dudum</strong></span> 
     </span>
    </p>
   </div>
   <div class='ocr_carea' id='block_1_8' title="bbox 207 764 1784 836">
    <p class='ocr_par' dir='ltr' id='par_1_8' title="bbox 207 764 1784 836">
     <span class='ocr_line' id='line_1_8' title="bbox 207 764 1784 836; baseline -0.005 -13"><span class='ocrx_word' id='word_1_53' title='bbox 207 769 407 835; x_wconf 82' lang='lat' dir='ltr'><strong>infans,</strong></span> <span class='ocrx_word' id='word_1_54' title='bbox 454 770 639 823; x_wconf 85' lang='lat' dir='ltr'><strong>subito</strong></span> <span class='ocrx_word' id='word_1_55' title='bbox 670 782 804 836; x_wconf 90' lang='lat' dir='ltr'><strong>puer</strong></span> <span class='ocrx_word' id='word_1_56' title='bbox 838 782 855 831; x_wconf 89' lang='lat'><strong>;</strong></span> <span class='ocrx_word' id='word_1_57' title='bbox 897 767 988 836; x_wconf 91' lang='lat' dir='ltr'><strong>qui</strong></span> <span class='ocrx_word' id='word_1_58' title='bbox 1022 780 1179 833; x_wconf 89' lang='lat' dir='ltr'><strong>puer,</strong></span> <span class='ocrx_word' id='word_1_59' title='bbox 1249 774 1470 834; x_wconf 84' lang='lat' dir='ltr'><strong>repente</strong></span> <span class='ocrx_word' id='word_1_60' title='bbox 1512 764 1732 834; x_wconf 56' lang='lat' dir='ltr'><strong>jnvtrnts</strong></span> <span class='ocrx_word' id='word_1_61' title='bbox 1767 779 1784 829; x_wconf 89' lang='lat'><strong>;</strong></span> 
     </span>
    </p>
   </div>
   <div class='ocr_carea' id='block_1_9' title="bbox 205 853 1788 928">
    <p class='ocr_par' dir='ltr' id='par_1_9' title="bbox 205 853 1788 928">
     <span class='ocr_line' id='line_1_9' title="bbox 205 853 1788 928; baseline -0.004 -16"><span class='ocrx_word' id='word_1_62' title='bbox 205 871 256 912; x_wconf 86' lang='lat' dir='ltr'><strong>et</strong></span> <span class='ocrx_word' id='word_1_63' title='bbox 277 873 451 928; x_wconf 82' lang='lat' dir='ltr'><strong>usque</strong></span> <span class='ocrx_word' id='word_1_64' title='bbox 473 859 541 912; x_wconf 86' lang='lat' dir='ltr'><strong>ad</strong></span> <span class='ocrx_word' id='word_1_65' title='bbox 566 866 904 913; x_wconf 75' lang='lat' dir='ltr'><strong>senectutem</strong></span> <span class='ocrx_word' id='word_1_66' title='bbox 932 871 1028 924; x_wconf 84' lang='lat' dir='ltr'><strong>per</strong></span> <span class='ocrx_word' id='word_1_67' title='bbox 1055 856 1233 924; x_wconf 86' lang='lat' dir='ltr'><strong>spatia</strong></span> <span class='ocrx_word' id='word_1_68' title='bbox 1265 862 1508 908; x_wconf 89' lang='lat' dir='ltr'><strong>mutatur</strong></span> <span class='ocrx_word' id='word_1_69' title='bbox 1537 853 1745 907; x_wconf 89' lang='lat' dir='ltr'><strong>incerta</strong></span> <span class='ocrx_word' id='word_1_70' title='bbox 1771 870 1788 920; x_wconf 88' lang='lat'><strong>;</strong></span> 
     </span>
    </p>
   </div>
   <div class='ocr_carea' id='block_1_10' title="bbox 206 946 1789 1019">
    <p class='ocr_par' dir='ltr' id='par_1_10' title="bbox 206 946 1789 1019">
     <span class='ocr_line' id='line_1_10' title="bbox 206 946 1789 1019; baseline -0.004 -14"><span class='ocrx_word' id='word_1_71' title='bbox 206 962 257 1005; x_wconf 91' lang='lat' dir='ltr'><strong>et</strong></span> <span class='ocrx_word' id='word_1_72' title='bbox 291 962 418 1005; x_wconf 87' lang='lat' dir='ltr'><strong>ante</strong></span> <span class='ocrx_word' id='word_1_73' title='bbox 474 965 535 1005; x_wconf 87' lang='lat' dir='ltr'><strong>se</strong></span> <span class='ocrx_word' id='word_1_74' title='bbox 570 964 756 1005; x_wconf 86' lang='lat' dir='ltr'><strong>senem</strong></span> <span class='ocrx_word' id='word_1_75' title='bbox 819 948 1092 1019; x_wconf 73' lang='lat' dir='ltr'><strong>intelligit,</strong></span> <span class='ocrx_word' id='word_1_76' title='bbox 1152 959 1316 1015; x_wconf 88' lang='lat' dir='ltr'><strong>quam</strong></span> <span class='ocrx_word' id='word_1_77' title='bbox 1365 946 1621 1015; x_wconf 81' lang='lat' dir='ltr'><strong>juvenem</strong></span> <span class='ocrx_word' id='word_1_78' title='bbox 1682 961 1789 999; x_wconf 87' lang='lat' dir='ltr'><strong>non</strong></span> 
     </span>
    </p>
   </div>
   <div class='ocr_carea' id='block_1_11' title="bbox 206 1037 1792 1106">
    <p class='ocr_par' dir='ltr' id='par_1_11' title="bbox 206 1037 1792 1106">
     <span class='ocr_line' id='line_1_11' title="bbox 206 1037 1792 1106; baseline -0.003 -10"><span class='ocrx_word' id='word_1_79' title='bbox 206 1056 324 1096; x_wconf 87' lang='lat' dir='ltr'><strong>esse</strong></span> <span class='ocrx_word' id='word_1_80' title='bbox 365 1056 428 1096; x_wconf 89' lang='lat' dir='ltr'><strong>se</strong></span> <span class='ocrx_word' id='word_1_81' title='bbox 454 1043 705 1095; x_wconf 85' lang='lat' dir='ltr'><strong>miretur.</strong></span> <span class='ocrx_word' id='word_1_82' title='bbox 743 1040 981 1095; x_wconf 83' lang='lat' dir='ltr'><strong>Pulchra</strong></span> <span class='ocrx_word' id='word_1_83' title='bbox 1040 1037 1239 1093; x_wconf 83' lang='lat' dir='ltr'><strong>mulier</strong></span> <span class='ocrx_word' id='word_1_84' title='bbox 1266 1052 1385 1106; x_wconf 77' lang='lat' dir='ltr'><strong>qua:</strong></span> <span class='ocrx_word' id='word_1_85' title='bbox 1404 1037 1792 1092; x_wconf 80' lang='lat' dir='ltr'><strong>adolescentu-</strong></span> 
     </span>
    </p>
   </div>
   <div class='ocr_carea' id='block_1_12' title="bbox 206 1118 1791 1203">
    <p class='ocr_par' dir='ltr' id='par_1_12' title="bbox 206 1118 1791 1203">
     <span class='ocr_line' id='line_1_12' title="bbox 206 1118 1791 1203; baseline -0.004 -15"><span class='ocrx_word' id='word_1_86' title='bbox 206 1135 379 1188; x_wconf 89' lang='lat' dir='ltr'><strong>lorum</strong></span> <span class='ocrx_word' id='word_1_87' title='bbox 415 1143 540 1203; x_wconf 89' lang='lat' dir='ltr'><strong>post</strong></span> <span class='ocrx_word' id='word_1_88' title='bbox 562 1148 624 1188; x_wconf 89' lang='lat' dir='ltr'><strong>se</strong></span> <span class='ocrx_word' id='word_1_89' title='bbox 650 1118 899 1187; x_wconf 81' lang='lat' dir='ltr'><strong>trahebat</strong></span> <span class='ocrx_word' id='word_1_90' title='bbox 920 1145 1139 1202; x_wconf 84' lang='lat' dir='ltr'><strong>greges,</strong></span> <span class='ocrx_word' id='word_1_91' title='bbox 1170 1142 1324 1185; x_wconf 88' lang='lat' dir='ltr'><strong>arata</strong></span> <span class='ocrx_word' id='word_1_92' title='bbox 1352 1130 1534 1185; x_wconf 86' lang='lat' dir='ltr'><strong>fronte</strong></span> <span class='ocrx_word' id='word_1_93' title='bbox 1570 1140 1791 1185; x_wconf 87' lang='lat' dir='ltr'><strong>contra-</strong></span> 
     </span>
    </p>
   </div>
   <div class='ocr_carea' id='block_1_13' title="bbox 207 1222 1789 1295">
    <p class='ocr_par' dir='ltr' id='par_1_13' title="bbox 207 1222 1789 1295">
     <span class='ocr_line' id='line_1_13' title="bbox 207 1222 1789 1295; baseline -0.003 -14"><span class='ocrx_word' id='word_1_94' title='bbox 207 1227 399 1293; x_wconf 86' lang='lat' dir='ltr'><strong>hitur;</strong></span> <span class='ocrx_word' id='word_1_95' title='bbox 430 1234 487 1281; x_wconf 90' lang='lat' dir='ltr'><strong>et</strong></span> <span class='ocrx_word' id='word_1_96' title='bbox 534 1240 656 1295; x_wconf 67' lang='lat' dir='ltr'><strong>quae</strong></span> <span class='ocrx_word' id='word_1_97' title='bbox 705 1225 861 1295; x_wconf 90' lang='lat' dir='ltr'><strong>prius</strong></span> <span class='ocrx_word' id='word_1_98' title='bbox 912 1226 1110 1291; x_wconf 89' lang='lat' dir='ltr'><strong>amori,</strong></span> <span class='ocrx_word' id='word_1_99' title='bbox 1151 1234 1340 1294; x_wconf 88' lang='lat' dir='ltr'><strong>postea</strong></span> <span class='ocrx_word' id='word_1_100' title='bbox 1396 1222 1623 1279; x_wconf 84' lang='lat' dir='ltr'><strong>fastidio</strong></span> <span class='ocrx_word' id='word_1_101' title='bbox 1685 1230 1789 1278; x_wconf 86' lang='lat' dir='ltr'><strong>est.</strong></span> 
     </span>
    </p>
   </div>
   <div class='ocr_carea' id='block_1_14' title="bbox 208 1315 1788 1387">
    <p class='ocr_par' dir='ltr' id='par_1_14' title="bbox 208 1315 1788 1387">
     <span class='ocr_line' id='line_1_14' title="bbox 208 1315 1788 1387; baseline 0 -16"><span class='ocrx_word' id='word_1_102' title='bbox 208 1317 361 1384; x_wconf 82' lang='lat' dir='ltr'><strong>Quod</strong></span> <span class='ocrx_word' id='word_1_103' title='bbox 398 1326 456 1371; x_wconf 89' lang='lat' dir='ltr'><strong>et</strong></span> <span class='ocrx_word' id='word_1_104' title='bbox 487 1318 739 1387; x_wconf 74' lang='lat' dir='ltr'><strong>egregius</strong></span> <span class='ocrx_word' id='word_1_105' title='bbox 778 1320 922 1387; x_wconf 91' lang='lat' dir='ltr'><strong>apud</strong></span> <span class='ocrx_word' id='word_1_106' title='bbox 978 1315 1200 1372; x_wconf 66' lang='lat' dir='ltr'><strong>Graecos</strong></span> <span class='ocrx_word' id='word_1_107' title='bbox 1258 1316 1454 1371; x_wconf 92' lang='lat' dir='ltr'><strong>scribit</strong></span> <span class='ocrx_word' id='word_1_108' title='bbox 1502 1327 1687 1371; x_wconf 88' lang='lat' dir='ltr'><strong>orator</strong></span> <span class='ocrx_word' id='word_1_109' title='bbox 1724 1315 1740 1347; x_wconf 83' lang='grc'>⁸</span> <span class='ocrx_word' id='word_1_110' title='bbox 1773 1333 1788 1371; x_wconf 91' lang='lat'><strong>:</strong></span> 
     </span>
    </p>
   </div>
   <div class='ocr_carea' id='block_1_15' title="bbox 207 1407 1791 1479">
    <p class='ocr_par' dir='ltr' id='par_1_15' title="bbox 207 1407 1791 1479">
     <span class='ocr_line' id='line_1_15' title="bbox 207 1407 1791 1479; baseline -0.001 -16"><span class='ocrx_word' id='word_1_111' title='bbox 207 1409 460 1478; x_wconf 79' lang='lat' dir='ltr'><strong>Speciem</strong></span> <span class='ocrx_word' id='word_1_112' title='bbox 491 1408 740 1479; x_wconf 89' lang='lat' dir='ltr'><strong>corporis</strong></span> <span class='ocrx_word' id='word_1_113' title='bbox 768 1418 861 1463; x_wconf 88' lang='lat' dir='ltr'><strong>aut</strong></span> <span class='ocrx_word' id='word_1_114' title='bbox 899 1417 1154 1479; x_wconf 89' lang='lat' dir='ltr'><strong>tempore</strong></span> <span class='ocrx_word' id='word_1_115' title='bbox 1208 1407 1466 1473; x_wconf 83' lang='lat' dir='ltr'><strong>deficere,</strong></span> <span class='ocrx_word' id='word_1_116' title='bbox 1518 1416 1616 1462; x_wconf 89' lang='lat' dir='ltr'><strong>aut</strong></span> <span class='ocrx_word' id='word_1_117' title='bbox 1666 1407 1791 1462; x_wconf 85' lang='lat' dir='ltr'><strong>lan-</strong></span> 
     </span>
    </p>
   </div>
   <div class='ocr_carea' id='block_1_16' title="bbox 209 1496 1794 1569">
    <p class='ocr_par' dir='ltr' id='par_1_16' title="bbox 209 1496 1794 1569">
     <span class='ocr_line' id='line_1_16' title="bbox 209 1496 1794 1569; baseline 0 -18"><span class='ocrx_word' id='word_1_118' title='bbox 209 1512 377 1569; x_wconf 82' lang='lat' dir='ltr'><strong>guore</strong></span> <span class='ocrx_word' id='word_1_119' title='bbox 397 1497 672 1552; x_wconf 85' lang='lat' dir='ltr'><strong>consumi.</strong></span> <span class='ocrx_word' id='word_1_120' title='bbox 696 1496 988 1554; x_wconf 76' lang='lat' dir='ltr'><strong>Exsiccata</strong></span> <span class='ocrx_word' id='word_1_121' title='bbox 1020 1506 1104 1553; x_wconf 89' lang='lat' dir='ltr'><strong>est</strong></span> <span class='ocrx_word' id='word_1_122' title='bbox 1134 1498 1301 1568; x_wconf 90' lang='lat' dir='ltr'><strong>igitur</strong></span> <span class='ocrx_word' id='word_1_123' title='bbox 1325 1512 1479 1561; x_wconf 89' lang='lat' dir='ltr'><strong>caro,</strong></span> <span class='ocrx_word' id='word_1_124' title='bbox 1503 1508 1558 1553; x_wconf 86' lang='lat' dir='ltr'><strong>et</strong></span> <span class='ocrx_word' id='word_1_125' title='bbox 1589 1498 1794 1553; x_wconf 90' lang='lat' dir='ltr'><strong>cecidit</strong></span> 
     </span>
    </p>
   </div>
   <div class='ocr_carea' id='block_1_17' title="bbox 208 1570 1795 1660">
    <p class='ocr_par' dir='ltr' id='par_1_17' title="bbox 208 1570 1795 1660">
     <span class='ocr_line' id='line_1_17' title="bbox 208 1570 1795 1660; baseline -0.001 -19"><span class='ocrx_word' id='word_1_126' title='bbox 208 1588 591 1660; x_wconf 81' lang='lat' dir='ltr'><strong>pulchritudo,</strong></span> <span class='ocrx_word' id='word_1_127' title='bbox 645 1589 774 1656; x_wconf 85' lang='lat' dir='ltr'><strong>quia</strong></span> <span class='ocrx_word' id='word_1_128' title='bbox 813 1588 1041 1658; x_wconf 86' lang='lat' dir='ltr'><strong>spiritus</strong></span> <span class='ocrx_word' id='word_1_129' title='bbox 1074 1586 1279 1643; x_wconf 88' lang='lat' dir='ltr'><strong>furoris</strong></span> <span class='ocrx_word' id='word_1_130' title='bbox 1315 1586 1415 1642; x_wconf 88' lang='lat' dir='ltr'><strong>Dei</strong></span> <span class='ocrx_word' id='word_1_131' title='bbox 1451 1596 1617 1656; x_wconf 88' lang='lat' dir='ltr'><strong>atque</strong></span> <span class='ocrx_word' id='word_1_132' title='bbox 1663 1570 1795 1643; x_wconf 76' lang='lat' dir='ltr'><strong>sen-</strong></span> 
     </span>
    </p>
   </div>
   <div class='ocr_carea' id='block_1_18' title="bbox 1896 481 3479 554">
    <p class='ocr_par' dir='ltr' id='par_1_18' title="bbox 1896 481 3479 554">
     <span class='ocr_line' id='line_1_18' title="bbox 1896 481 3479 554; baseline 0.001 -16"><span class='ocrx_word' id='word_1_133' title='bbox 1896 485 2110 538; x_wconf 86' lang='lat' dir='ltr'><strong>Domini</strong></span> <span class='ocrx_word' id='word_1_134' title='bbox 2139 489 2201 538; x_wconf 87' lang='lat' dir='ltr'><strong>de</strong></span> <span class='ocrx_word' id='word_1_135' title='bbox 2223 481 2523 537; x_wconf 77' lang='lat' dir='ltr'><strong>Jerusalem</strong></span> <span class='ocrx_word' id='word_1_136' title='bbox 2580 483 2722 554; x_wconf 90' lang='lat' dir='ltr'><strong>(Isa.</strong></span> <span class='ocrx_word' id='word_1_137' title='bbox 2759 500 2819 550; x_wconf 91' lang='grc' dir='ltr'><strong>ιι,</strong></span> <span class='ocrx_word' id='word_1_138' title='bbox 2875 484 2930 545; x_wconf 82' lang='lat'><strong>5)</strong></span> <span class='ocrx_word' id='word_1_139' title='bbox 2969 498 2985 550; x_wconf 87' lang='lat'><strong>;</strong></span> <span class='ocrx_word' id='word_1_140' title='bbox 3022 486 3137 538; x_wconf 83' lang='lat' dir='ltr'><strong>sive</strong></span> <span class='ocrx_word' id='word_1_141' title='bbox 3194 487 3479 539; x_wconf 89' lang='lat' dir='ltr'><strong>ntmtiatur</strong></span> 
     </span>
    </p>
   </div>
   <div class='ocr_carea' id='block_1_19' title="bbox 1895 576 3479 646">
    <p class='ocr_par' dir='ltr' id='par_1_19' title="bbox 1895 576 3479 646">
     <span class='ocr_line' id='line_1_19' title="bbox 1895 576 3479 646; baseline 0 -15"><span class='ocrx_word' id='word_1_142' title='bbox 1895 576 1977 632; x_wconf 87' lang='lat' dir='ltr'><strong>eis</strong></span> <span class='ocrx_word' id='word_1_143' title='bbox 2011 592 2106 645; x_wconf 89' lang='lat' dir='ltr'><strong>per</strong></span> <span class='ocrx_word' id='word_1_144' title='bbox 2127 577 2424 646; x_wconf 87' lang='lat' dir='ltr'><strong>apostolos,</strong></span> <span class='ocrx_word' id='word_1_145' title='bbox 2475 576 2677 630; x_wconf 87' lang='lat' dir='ltr'><strong>debent</strong></span> <span class='ocrx_word' id='word_1_146' title='bbox 2710 576 2928 631; x_wconf 84' lang='lat' dir='ltr'><strong>excelsa</strong></span> <span class='ocrx_word' id='word_1_147' title='bbox 2984 578 3385 642; x_wconf 79' lang='lat' dir='ltr'><strong>conscendere,</strong></span> <span class='ocrx_word' id='word_1_148' title='bbox 3423 588 3479 631; x_wconf 85' lang='lat' dir='ltr'><strong>et</strong></span> 
     </span>
    </p>
   </div>
   <div class='ocr_carea' id='block_1_20' title="bbox 1894 666 3480 737">
    <p class='ocr_par' dir='ltr' id='par_1_20' title="bbox 1894 666 3480 737">
     <span class='ocr_line' id='line_1_20' title="bbox 1894 666 3480 737; baseline 0.001 -16"><span class='ocrx_word' id='word_1_149' title='bbox 1894 669 1961 721; x_wconf 88' lang='lat' dir='ltr'><strong>ad</strong></span> <span class='ocrx_word' id='word_1_150' title='bbox 1991 676 2249 721; x_wconf 86' lang='lat' dir='ltr'><strong>montana</strong></span> <span class='ocrx_word' id='word_1_151' title='bbox 2288 666 2543 722; x_wconf 87' lang='lat' dir='ltr'><strong>transire.</strong></span> <span class='ocrx_word' id='word_1_152' title='bbox 2607 666 2914 737; x_wconf 67' lang='lat' dir='ltr'><strong>blirumque</strong></span> <span class='ocrx_word' id='word_1_153' title='bbox 2975 668 3030 722; x_wconf 89' lang='lat' dir='ltr'><strong>in</strong></span> <span class='ocrx_word' id='word_1_154' title='bbox 3072 671 3292 723; x_wconf 83' lang='lat' dir='ltr'><strong>modum</strong></span> <span class='ocrx_word' id='word_1_155' title='bbox 3352 685 3480 723; x_wconf 87' lang='lat' dir='ltr'><strong>cum</strong></span> 
     </span>
    </p>
   </div>
   <div class='ocr_carea' id='block_1_21' title="bbox 1894 758 3482 828">
    <p class='ocr_par' dir='ltr' id='par_1_21' title="bbox 1894 758 3482 828">
     <span class='ocr_line' id='line_1_21' title="bbox 1894 758 3482 828; baseline 0 -16"><span class='ocrx_word' id='word_1_156' title='bbox 1894 760 2009 828; x_wconf 88' lang='lat' dir='ltr'><strong>ipsa</strong></span> <span class='ocrx_word' id='word_1_157' title='bbox 2056 758 2188 812; x_wconf 77' lang='lat' dir='ltr'><strong>Sion</strong></span> <span class='ocrx_word' id='word_1_158' title='bbox 2216 774 2372 812; x_wconf 83' lang='lat' dir='ltr'><strong>lllOllS</strong></span> <span class='ocrx_word' id='word_1_159' title='bbox 2402 759 2494 821; x_wconf 93' lang='lat' dir='ltr'><strong>sit,</strong></span> <span class='ocrx_word' id='word_1_160' title='bbox 2530 758 2744 813; x_wconf 85' lang='lat' dir='ltr'><strong>dicente</strong></span> <span class='ocrx_word' id='word_1_161' title='bbox 2769 758 3054 828; x_wconf 83' lang='lat' dir='ltr'><strong>Scriptura</strong></span> <span class='ocrx_word' id='word_1_162' title='bbox 3092 778 3106 814; x_wconf 89' lang='lat'>:</span> <span class='ocrx_word' id='word_1_163' title='bbox 3145 758 3303 813; x_wconf 79' lang='lat' dir='ltr'><strong>Mons</strong></span> <span class='ocrx_word' id='word_1_164' title='bbox 3345 759 3482 815; x_wconf 89' lang='lat' dir='ltr'><strong>Sion</strong></span> 
     </span>
    </p>
   </div>
   <div class='ocr_carea' id='block_1_22' title="bbox 1896 837 3477 921">
    <p class='ocr_par' dir='ltr' id='par_1_22' title="bbox 1896 837 3477 921">
     <span class='ocr_line' id='line_1_22' title="bbox 1896 837 3477 921; baseline 0.001 -16"><span class='ocrx_word' id='word_1_165' title='bbox 1896 851 1948 905; x_wconf 89' lang='lat' dir='ltr'><strong>in</strong></span> <span class='ocrx_word' id='word_1_166' title='bbox 1999 837 2115 920; x_wconf 80' lang='lat' dir='ltr'><strong>quo</strong></span> <span class='ocrx_word' id='word_1_167' title='bbox 2154 850 2405 904; x_wconf 85' lang='lat' dir='ltr'><strong>habitasti</strong></span> <span class='ocrx_word' id='word_1_168' title='bbox 2439 851 2457 921; x_wconf 91' lang='lat'><strong>(</strong></span> <span class='ocrx_word' id='word_1_169' title='bbox 2487 849 2640 904; x_wconf 78' lang='lat' dir='ltr'><strong>Psal.</strong></span> <span class='ocrx_word' id='word_1_170' title='bbox 2673 866 2866 916; x_wconf 78' lang='lat' dir='ltr'><strong>Lxxm,</strong></span> <span class='ocrx_word' id='word_1_171' title='bbox 2918 851 3002 921; x_wconf 77' lang='lat'><strong>2),</strong></span> <span class='ocrx_word' id='word_1_172' title='bbox 3026 852 3190 906; x_wconf 79' lang='lat' dir='ltr'><strong>alium</strong></span> <span class='ocrx_word' id='word_1_173' title='bbox 3231 851 3477 906; x_wconf 82' lang='lat' dir='ltr'><strong>altiorem</strong></span> 
     </span>
    </p>
   </div>
   <div class='ocr_carea' id='block_1_23' title="bbox 1897 934 3481 1018">
    <p class='ocr_par' dir='ltr' id='par_1_23' title="bbox 1897 934 3481 1018">
     <span class='ocr_line' id='line_1_23' title="bbox 1897 934 3481 1018; baseline 0.001 -19"><span class='ocrx_word' id='word_1_174' title='bbox 1897 956 2134 1000; x_wconf 87' lang='lat' dir='ltr'><strong>montem</strong></span> <span class='ocrx_word' id='word_1_175' title='bbox 2193 934 2420 1015; x_wconf 70' lang='lat' dir='ltr'><strong>jubetur&#39;</strong></span> <span class='ocrx_word' id='word_1_176' title='bbox 2445 949 2767 1013; x_wconf 82' lang='lat' dir='ltr'><strong>ascendere,</strong></span> <span class='ocrx_word' id='word_1_177' title='bbox 2795 962 2824 999; x_wconf 88' lang='lat' dir='ltr'><strong>a</strong></span> <span class='ocrx_word' id='word_1_178' title='bbox 2868 963 2980 1018; x_wconf 93' lang='lat' dir='ltr'><strong>quo</strong></span> <span class='ocrx_word' id='word_1_179' title='bbox 3034 950 3354 1002; x_wconf 71' lang='lat' dir='ltr'><strong>vulneratus</strong></span> <span class='ocrx_word' id='word_1_180' title='bbox 3392 956 3481 1002; x_wconf 84' lang='lat' dir='ltr'><strong>est</strong></span> 
     </span>
    </p>
   </div>
   <div class='ocr_carea' id='block_1_24' title="bbox 1896 1034 3477 1107">
    <p class='ocr_par' dir='ltr' id='par_1_24' title="bbox 1896 1034 3477 1107">
     <span class='ocr_line' id='line_1_24' title="bbox 1896 1034 3477 1107; baseline 0.003 -19"><span class='ocrx_word' id='word_1_181' title='bbox 1896 1037 2149 1106; x_wconf 82' lang='lat' dir='ltr'><strong>princeps</strong></span> <span class='ocrx_word' id='word_1_182' title='bbox 2172 1034 2322 1105; x_wconf 83' lang='lat' dir='ltr'><strong>Tyri.</strong></span> <span class='ocrx_word' id='word_1_183' title='bbox 2357 1037 2422 1090; x_wconf 85' lang='lat' dir='ltr'><strong>Et</strong></span> <span class='ocrx_word' id='word_1_184' title='bbox 2449 1037 2575 1107; x_wconf 88' lang='lat' dir='ltr'><strong>quia</strong></span> <span class='ocrx_word' id='word_1_185' title='bbox 2607 1038 2870 1092; x_wconf 68' lang='lat' dir='ltr'><strong>doctrinm</strong></span> <span class='ocrx_word' id='word_1_186' title='bbox 2895 1040 3285 1107; x_wconf 79' lang='lat' dir='ltr'><strong>Apostolorum</strong></span> <span class='ocrx_word' id='word_1_187' title='bbox 3311 1047 3477 1092; x_wconf 81' lang='lat' dir='ltr'><strong>erant</strong></span> 
     </span>
    </p>
   </div>
   <div class='ocr_carea' id='block_1_25' title="bbox 1898 1128 3483 1200">
    <p class='ocr_par' dir='ltr' id='par_1_25' title="bbox 1898 1128 3483 1200">
     <span class='ocr_line' id='line_1_25' title="bbox 1898 1128 3483 1200; baseline 0.001 -18"><span class='ocrx_word' id='word_1_188' title='bbox 1898 1128 2069 1183; x_wconf 84' lang='lat' dir='ltr'><strong>multa</strong></span> <span class='ocrx_word' id='word_1_189' title='bbox 2130 1128 2312 1182; x_wconf 82' lang='lat' dir='ltr'><strong>futura</strong></span> <span class='ocrx_word' id='word_1_190' title='bbox 2338 1131 2636 1195; x_wconf 83' lang='lat' dir='ltr'><strong>contraria,</strong></span> <span class='ocrx_word' id='word_1_191' title='bbox 2702 1140 2758 1184; x_wconf 90' lang='lat' dir='ltr'><strong>et</strong></span> <span class='ocrx_word' id='word_1_192' title='bbox 2790 1131 2981 1185; x_wconf 88' lang='lat' dir='ltr'><strong>statuti</strong></span> <span class='ocrx_word' id='word_1_193' title='bbox 3037 1138 3164 1183; x_wconf 82' lang='lat' dir='ltr'><strong>ante</strong></span> <span class='ocrx_word' id='word_1_194' title='bbox 3218 1130 3483 1200; x_wconf 63' lang='lat' dir='ltr'><strong>praesides</strong></span> 
     </span>
    </p>
   </div>
   <div class='ocr_carea' id='block_1_26' title="bbox 1894 1220 3485 1292">
    <p class='ocr_par' dir='ltr' id='par_1_26' title="bbox 1894 1220 3485 1292">
     <span class='ocr_line' id='line_1_26' title="bbox 1894 1220 3485 1292; baseline 0.002 -18"><span class='ocrx_word' id='word_1_195' title='bbox 1894 1229 1950 1274; x_wconf 79' lang='lat' dir='ltr'><strong>et</strong></span> <span class='ocrx_word' id='word_1_196' title='bbox 2001 1220 2291 1274; x_wconf 82' lang='lat' dir='ltr'><strong>tribunalia</strong></span> <span class='ocrx_word' id='word_1_197' title='bbox 2360 1221 2720 1285; x_wconf 73' lang='lat' dir='ltr'><strong>ducebantur,</strong></span> <span class='ocrx_word' id='word_1_198' title='bbox 2767 1221 3057 1292; x_wconf 80' lang='lat' dir='ltr'><strong>jungitur,</strong></span> <span class='ocrx_word' id='word_1_199' title='bbox 3091 1222 3313 1289; x_wconf 55' lang='lat' dir='ltr'><strong>Exulto,</strong></span> <span class='ocrx_word' id='word_1_200' title='bbox 3372 1223 3485 1277; x_wconf 82' lang='lat' dir='ltr'><strong>noli</strong></span> 
     </span>
    </p>
   </div>
   <div class='ocr_carea' id='block_1_27' title="bbox 1898 1313 3485 1386">
    <p class='ocr_par' dir='ltr' id='par_1_27' title="bbox 1898 1313 3485 1386">
     <span class='ocr_line' id='line_1_27' title="bbox 1898 1313 3485 1386; baseline 0.002 -19"><span class='ocrx_word' id='word_1_201' title='bbox 1898 1314 2241 1368; x_wconf 84' lang='lat' dir='ltr'><strong>timere:dic</strong></span> <span class='ocrx_word' id='word_1_202' title='bbox 2304 1316 2608 1369; x_wconf 76' lang='lat' dir='ltr'><strong>civitatibus</strong></span> <span class='ocrx_word' id='word_1_203' title='bbox 2652 1313 2823 1380; x_wconf 82' lang='lat' dir='ltr'><strong>Juda,</strong></span> <span class='ocrx_word' id='word_1_204' title='bbox 2876 1315 3175 1386; x_wconf 75' lang='lat' dir='ltr'><strong>Synagogis</strong></span> <span class='ocrx_word' id='word_1_205' title='bbox 3232 1315 3485 1370; x_wconf 72' lang='lat' dir='ltr'><strong>videlicet</strong></span> 
     </span>
    </p>
   </div>
   <div class='ocr_carea' id='block_1_28' title="bbox 1895 1405 3477 1477">
    <p class='ocr_par' dir='ltr' id='par_1_28' title="bbox 1895 1405 3477 1477">
     <span class='ocr_line' id='line_1_28' title="bbox 1895 1405 3477 1477; baseline -0.001 -14"><span class='ocrx_word' id='word_1_206' title='bbox 1895 1416 1953 1463; x_wconf 90' lang='lat' dir='ltr'><strong>et</strong></span> <span class='ocrx_word' id='word_1_207' title='bbox 1986 1407 2203 1477; x_wconf 83' lang='lat' dir='ltr'><strong>pepulis</strong></span> <span class='ocrx_word' id='word_1_208' title='bbox 2229 1405 2567 1472; x_wconf 74' lang='lat' dir='ltr'><strong>Judzeorum,</strong></span> <span class='ocrx_word' id='word_1_209' title='bbox 2596 1408 2666 1462; x_wconf 91' lang='lat' dir='ltr'><strong>de</strong></span> <span class='ocrx_word' id='word_1_210' title='bbox 2698 1409 2896 1477; x_wconf 87' lang='lat' dir='ltr'><strong>quibus</strong></span> <span class='ocrx_word' id='word_1_211' title='bbox 2927 1408 3190 1461; x_wconf 69' lang='lat' dir='ltr'><strong>Dominus</strong></span> <span class='ocrx_word' id='word_1_212' title='bbox 3215 1408 3477 1473; x_wconf 66' lang='lat' dir='ltr'><strong>loqueba-</strong></span> 
     </span>
    </p>
   </div>
   <div class='ocr_carea' id='block_1_29' title="bbox 1906 1492 3489 1570">
    <p class='ocr_par' dir='ltr' id='par_1_29' title="bbox 1906 1492 3489 1570">
     <span class='ocr_line' id='line_1_29' title="bbox 1906 1492 3489 1570; baseline 0.001 -18"><span class='ocrx_word' id='word_1_213' title='bbox 1906 1492 2045 1555; x_wconf 81' lang='lat' dir='ltr'><strong>thr:</strong></span> <span class='ocrx_word' id='word_1_214' title='bbox 2094 1498 2214 1554; x_wconf 86' lang='lat' dir='ltr'><strong>Non</strong></span> <span class='ocrx_word' id='word_1_215' title='bbox 2243 1501 2359 1554; x_wconf 85' lang='lat' dir='ltr'><strong>veni</strong></span> <span class='ocrx_word' id='word_1_216' title='bbox 2388 1502 2492 1554; x_wconf 85' lang='lat' dir='ltr'><strong>nisi</strong></span> <span class='ocrx_word' id='word_1_217' title='bbox 2514 1500 2583 1553; x_wconf 88' lang='lat' dir='ltr'><strong>ad</strong></span> <span class='ocrx_word' id='word_1_218' title='bbox 2614 1517 2728 1555; x_wconf 85' lang='lat' dir='ltr'><strong>oves</strong></span> <span class='ocrx_word' id='word_1_219' title='bbox 2772 1501 3012 1570; x_wconf 87' lang='lat' dir='ltr'><strong>perditas</strong></span> <span class='ocrx_word' id='word_1_220' title='bbox 3070 1503 3259 1554; x_wconf 85' lang='lat' dir='ltr'><strong>domus</strong></span> <span class='ocrx_word' id='word_1_221' title='bbox 3314 1498 3489 1554; x_wconf 77' lang='lat' dir='ltr'><strong>Israel</strong></span> 
     </span>
    </p>
   </div>
   <div class='ocr_carea' id='block_1_30' title="bbox 1898 1589 3484 1662">
    <p class='ocr_par' dir='ltr' id='par_1_30' title="bbox 1898 1589 3484 1662">
     <span class='ocr_line' id='line_1_30' title="bbox 1898 1589 3484 1662; baseline -0.001 -17"><span class='ocrx_word' id='word_1_222' title='bbox 1898 1591 1919 1661; x_wconf 90' lang='lat'>(</span> <span class='ocrx_word' id='word_1_223' title='bbox 1950 1589 2147 1645; x_wconf 74' lang='lat' dir='ltr'><strong>Matth.</strong></span> <span class='ocrx_word' id='word_1_224' title='bbox 2185 1607 2275 1654; x_wconf 80' lang='lat' dir='ltr'><strong>xv,</strong></span> <span class='ocrx_word' id='word_1_225' title='bbox 2302 1591 2416 1661; x_wconf 61' lang='lat'><strong>24).</strong></span> <span class='ocrx_word' id='word_1_226' title='bbox 2452 1590 2518 1644; x_wconf 85' lang='lat' dir='ltr'><strong>Et</strong></span> <span class='ocrx_word' id='word_1_227' title='bbox 2551 1592 2754 1645; x_wconf 78' lang='lat' dir='ltr'><strong>Paulus</strong></span> <span class='ocrx_word' id='word_1_228' title='bbox 2800 1593 3081 1662; x_wconf 87' lang='lat' dir='ltr'><strong>apostolus</strong></span> <span class='ocrx_word' id='word_1_229' title='bbox 3112 1607 3126 1648; x_wconf 71' lang='grc' dir='ltr'>ξ</span> <span class='ocrx_word' id='word_1_230' title='bbox 3187 1590 3362 1655; x_wconf 88' lang='lat' dir='ltr'><strong>Vobis,</strong></span> <span class='ocrx_word' id='word_1_231' title='bbox 3398 1592 3484 1644; x_wconf 89' lang='lat' dir='ltr'><strong>iu-</strong></span> 
     </span>
    </p>
   </div>
   <div class='ocr_carea' id='block_1_31' title="bbox 215 1675 3483 1753">
    <p class='ocr_par' dir='ltr' id='par_1_31' title="bbox 215 1675 3483 1753">
     <span class='ocr_line' id='line_1_31' title="bbox 215 1675 3483 1753; baseline 0.002 -23"><span class='ocrx_word' id='word_1_232' title='bbox 215 1677 397 1731; x_wconf 66' lang='lat' dir='ltr'><strong>tentia</strong></span> <span class='ocrx_word' id='word_1_233' title='bbox 423 1675 653 1730; x_wconf 86' lang='lat' dir='ltr'><strong>flavitin</strong></span> <span class='ocrx_word' id='word_1_234' title='bbox 693 1691 756 1731; x_wconf 87' lang='lat' dir='ltr'><strong>ea</strong></span> <span class='ocrx_word' id='word_1_235' title='bbox 792 1678 951 1747; x_wconf 87' lang='lat' dir='ltr'><strong>(uta</strong></span> <span class='ocrx_word' id='word_1_236' title='bbox 997 1677 1237 1746; x_wconf 79' lang='lat' dir='ltr'><strong>generali</strong></span> <span class='ocrx_word' id='word_1_237' title='bbox 1284 1677 1662 1747; x_wconf 87' lang='lat' dir='ltr'><strong>disputatione</strong></span> <span class='ocrx_word' id='word_1_238' title='bbox 1723 1677 1794 1731; x_wconf 86' lang='lat' dir='ltr'><strong>ad</strong></span> <span class='ocrx_word' id='word_1_239' title='bbox 1898 1683 2039 1753; x_wconf 84' lang='lat' dir='ltr'><strong>quit,</strong></span> <span class='ocrx_word' id='word_1_240' title='bbox 2116 1686 2389 1753; x_wconf 81' lang='lat' dir='ltr'><strong>oportebat</strong></span> <span class='ocrx_word' id='word_1_241' title='bbox 2468 1685 2786 1737; x_wconf 85' lang='lat' dir='ltr'><strong>annuntiari</strong></span> <span class='ocrx_word' id='word_1_242' title='bbox 2843 1685 3073 1753; x_wconf 83' lang='lat' dir='ltr'><strong>primunt</strong></span> <span class='ocrx_word' id='word_1_243' title='bbox 3115 1685 3327 1738; x_wconf 77' lang='lat' dir='ltr'><strong>verbum</strong></span> <span class='ocrx_word' id='word_1_244' title='bbox 3382 1682 3483 1738; x_wconf 72' lang='lat' dir='ltr'><strong>Dri</strong></span> 
     </span>
    </p>
   </div>
   <div class='ocr_carea' id='block_1_32' title="bbox 214 1759 3485 1846">
    <p class='ocr_par' dir='ltr' id='par_1_32' title="bbox 214 1759 3485 1846">
     <span class='ocr_line' id='line_1_32' title="bbox 214 1759 3485 1846; baseline 0.001 -22"><span class='ocrx_word' id='word_1_245' title='bbox 214 1768 514 1836; x_wconf 72' lang='lat' dir='ltr'><strong>Scriptura:</strong></span> <span class='ocrx_word' id='word_1_246' title='bbox 556 1769 804 1824; x_wconf 89' lang='lat' dir='ltr'><strong>ordinem</strong></span> <span class='ocrx_word' id='word_1_247' title='bbox 861 1769 1250 1841; x_wconf 79' lang='lat' dir='ltr'><strong>revertamur),</strong></span> <span class='ocrx_word' id='word_1_248' title='bbox 1320 1769 1439 1840; x_wconf 86' lang='lat' dir='ltr'><strong>ejus</strong></span> <span class='ocrx_word' id='word_1_249' title='bbox 1471 1771 1564 1840; x_wconf 89' lang='lat' dir='ltr'><strong>qui</strong></span> <span class='ocrx_word' id='word_1_250' title='bbox 1615 1779 1798 1840; x_wconf 88' lang='lat' dir='ltr'><strong>portat</strong></span> <span class='ocrx_word' id='word_1_251' title='bbox 1831 1759 1873 1814; x_wconf 79' lang='grc' dir='ltr'><strong><em>Β</em></strong></span> <span class='ocrx_word' id='word_1_252' title='bbox 1907 1777 2049 1845; x_wconf 80' lang='lat' dir='ltr'><strong>(Act.</strong></span> <span class='ocrx_word' id='word_1_253' title='bbox 2077 1791 2196 1840; x_wconf 77' lang='grc' dir='ltr'>χιιι,</span> <span class='ocrx_word' id='word_1_254' title='bbox 2240 1775 2356 1845; x_wconf 71' lang='grc'><strong>46).</strong></span> <span class='ocrx_word' id='word_1_255' title='bbox 2385 1774 2527 1841; x_wconf 82' lang='lat' dir='ltr'><strong>Quid</strong></span> <span class='ocrx_word' id='word_1_256' title='bbox 2560 1784 2644 1831; x_wconf 90' lang='lat' dir='ltr'><strong>est</strong></span> <span class='ocrx_word' id='word_1_257' title='bbox 2673 1785 2853 1830; x_wconf 89' lang='lat' dir='ltr'><strong>autem</strong></span> <span class='ocrx_word' id='word_1_258' title='bbox 2885 1775 3020 1831; x_wconf 87' lang='lat' dir='ltr'><strong>illud</strong></span> <span class='ocrx_word' id='word_1_259' title='bbox 3054 1776 3485 1846; x_wconf 87' lang='lat' dir='ltr'><strong>quodjubeutnr</strong></span> 
     </span>
    </p>
   </div>
   <div class='ocr_carea' id='block_1_33' title="bbox 214 1860 1792 1932">
    <p class='ocr_par' dir='ltr' id='par_1_33' title="bbox 214 1860 1792 1932">
     <span class='ocr_line' id='line_1_33' title="bbox 214 1860 1792 1932; baseline 0.003 -18"><span class='ocrx_word' id='word_1_260' title='bbox 214 1860 511 1929; x_wconf 77' lang='lat' dir='ltr'><strong>imaginem</strong></span> <span class='ocrx_word' id='word_1_261' title='bbox 538 1861 764 1928; x_wconf 78' lang='lat' dir='ltr'><strong>terreni,</strong></span> <span class='ocrx_word' id='word_1_262' title='bbox 796 1872 851 1917; x_wconf 93' lang='lat' dir='ltr'><strong>et</strong></span> <span class='ocrx_word' id='word_1_263' title='bbox 881 1861 1052 1918; x_wconf 82' lang='lat' dir='ltr'><strong>servit</strong></span> <span class='ocrx_word' id='word_1_264' title='bbox 1096 1861 1246 1917; x_wconf 87' lang='lat' dir='ltr'><strong>vitiis</strong></span> <span class='ocrx_word' id='word_1_265' title='bbox 1314 1873 1475 1932; x_wconf 87' lang='lat' dir='ltr'><strong>atque</strong></span> <span class='ocrx_word' id='word_1_266' title='bbox 1523 1862 1751 1918; x_wconf 73' lang='lat' dir='ltr'><strong>luxuria:</strong></span> <span class='ocrx_word' id='word_1_267' title='bbox 1775 1901 1792 1929; x_wconf 94' lang='lat'><strong>,</strong></span> 
     </span>
    </p>
   </div>
   <div class='ocr_carea' id='block_1_34' title="bbox 222 1954 1795 2024">
    <p class='ocr_par' dir='ltr' id='par_1_34' title="bbox 222 1954 1795 2024">
     <span class='ocr_line' id='line_1_34' title="bbox 222 1954 1795 2024; baseline 0.003 -17"><span class='ocrx_word' id='word_1_268' title='bbox 222 1956 548 2024; x_wconf 71' lang='lat' dir='ltr'><strong>ltenumque</strong></span> <span class='ocrx_word' id='word_1_269' title='bbox 584 1963 671 2009; x_wconf 85' lang='lat' dir='ltr'><strong>est</strong></span> <span class='ocrx_word' id='word_1_270' title='bbox 711 1964 761 2009; x_wconf 91' lang='lat' dir='ltr'><strong>et</strong></span> <span class='ocrx_word' id='word_1_271' title='bbox 787 1955 884 2009; x_wconf 86' lang='lat' dir='ltr'><strong>llos</strong></span> <span class='ocrx_word' id='word_1_272' title='bbox 915 1955 1251 2024; x_wconf 68' lang='lat' dir='ltr'><strong>prarterieus.</strong></span> <span class='ocrx_word' id='word_1_273' title='bbox 1291 1954 1394 2021; x_wconf 90' lang='lat' dir='ltr'><strong>Qui</strong></span> <span class='ocrx_word' id='word_1_274' title='bbox 1425 1963 1607 2009; x_wconf 89' lang='lat' dir='ltr'><strong>autem</strong></span> <span class='ocrx_word' id='word_1_275' title='bbox 1634 1955 1795 2011; x_wconf 85' lang='lat' dir='ltr'><strong>habet</strong></span> 
     </span>
    </p>
   </div>
   <div class='ocr_carea' id='block_1_35' title="bbox 213 2046 1800 2118">
    <p class='ocr_par' dir='ltr' id='par_1_35' title="bbox 213 2046 1800 2118">
     <span class='ocr_line' id='line_1_35' title="bbox 213 2046 1800 2118; baseline 0.001 -17"><span class='ocrx_word' id='word_1_276' title='bbox 213 2057 381 2117; x_wconf 81' lang='lat' dir='ltr'><strong>atque</strong></span> <span class='ocrx_word' id='word_1_277' title='bbox 406 2048 646 2102; x_wconf 86' lang='lat' dir='ltr'><strong>custodit</strong></span> <span class='ocrx_word' id='word_1_278' title='bbox 675 2046 972 2118; x_wconf 72' lang='lat' dir='ltr'><strong>imaginem</strong></span> <span class='ocrx_word' id='word_1_279' title='bbox 1004 2047 1267 2113; x_wconf 71' lang='lat' dir='ltr'><strong>cmlestis,</strong></span> <span class='ocrx_word' id='word_1_280' title='bbox 1298 2048 1388 2102; x_wconf 89' lang='lat' dir='ltr'><strong>ille</strong></span> <span class='ocrx_word' id='word_1_281' title='bbox 1407 2064 1537 2103; x_wconf 88' lang='lat' dir='ltr'><strong>caro</strong></span> <span class='ocrx_word' id='word_1_282' title='bbox 1565 2056 1648 2102; x_wconf 91' lang='lat' dir='ltr'><strong>est</strong></span> <span class='ocrx_word' id='word_1_283' title='bbox 1678 2060 1800 2116; x_wconf 64' lang='lat' dir='ltr'><strong>quin</strong></span> 
     </span>
    </p>
   </div>
   <div class='ocr_carea' id='block_1_36' title="bbox 212 2141 1797 2211">
    <p class='ocr_par' dir='ltr' id='par_1_36' title="bbox 212 2141 1797 2211">
     <span class='ocr_line' id='line_1_36' title="bbox 212 2141 1797 2211; baseline -0.001 -15"><span class='ocrx_word' id='word_1_284' title='bbox 212 2141 387 2196; x_wconf 86' lang='lat' dir='ltr'><strong>cernit</strong></span> <span class='ocrx_word' id='word_1_285' title='bbox 420 2142 664 2196; x_wconf 84' lang='lat' dir='ltr'><strong>salutare</strong></span> <span class='ocrx_word' id='word_1_286' title='bbox 693 2141 931 2207; x_wconf 89' lang='lat' dir='ltr'><strong>Domini,</strong></span> <span class='ocrx_word' id='word_1_287' title='bbox 964 2156 1085 2211; x_wconf 67' lang='lat' dir='ltr'><strong>quae</strong></span> <span class='ocrx_word' id='word_1_288' title='bbox 1113 2141 1363 2211; x_wconf 78' lang='lat' dir='ltr'><strong>quotidie</strong></span> <span class='ocrx_word' id='word_1_289' title='bbox 1413 2152 1711 2195; x_wconf 89' lang='lat' dir='ltr'><strong>renovatur</strong></span> <span class='ocrx_word' id='word_1_290' title='bbox 1743 2142 1797 2194; x_wconf 94' lang='lat' dir='ltr'><strong>in</strong></span> 
     </span>
    </p>
   </div>
   <div class='ocr_carea' id='block_1_37' title="bbox 212 2231 1800 2300">
    <p class='ocr_par' dir='ltr' id='par_1_37' title="bbox 212 2231 1800 2300">
     <span class='ocr_line' id='line_1_37' title="bbox 212 2231 1800 2300; baseline -0.001 -13"><span class='ocrx_word' id='word_1_291' title='bbox 212 2234 587 2300; x_wconf 78' lang='lat' dir='ltr'><strong>cognitionem</strong></span> <span class='ocrx_word' id='word_1_292' title='bbox 622 2234 923 2287; x_wconf 87' lang='lat' dir='ltr'><strong>secundum</strong></span> <span class='ocrx_word' id='word_1_293' title='bbox 960 2232 1256 2300; x_wconf 76' lang='lat' dir='ltr'><strong>imaginem</strong></span> <span class='ocrx_word' id='word_1_294' title='bbox 1293 2232 1596 2293; x_wconf 83' lang='lat' dir='ltr'><strong>Creatoris,</strong></span> <span class='ocrx_word' id='word_1_295' title='bbox 1625 2242 1680 2285; x_wconf 89' lang='lat' dir='ltr'><strong>et</strong></span> <span class='ocrx_word' id='word_1_296' title='bbox 1714 2231 1800 2286; x_wconf 85' lang='lat' dir='ltr'><strong>in-</strong></span> 
     </span>
    </p>
   </div>
   <div class='ocr_carea' id='block_1_38' title="bbox 214 2325 1798 2394">
    <p class='ocr_par' dir='ltr' id='par_1_38' title="bbox 214 2325 1798 2394">
     <span class='ocr_line' id='line_1_38' title="bbox 214 2325 1798 2394; baseline -0.002 -14"><span class='ocrx_word' id='word_1_297' title='bbox 214 2325 570 2393; x_wconf 83' lang='lat' dir='ltr'><strong>corruptibile</strong></span> <span class='ocrx_word' id='word_1_298' title='bbox 602 2333 765 2394; x_wconf 73' lang='lat' dir='ltr'><strong>atque</strong></span> <span class='ocrx_word' id='word_1_299' title='bbox 790 2325 1097 2380; x_wconf 88' lang='lat' dir='ltr'><strong>immortale</strong></span> <span class='ocrx_word' id='word_1_300' title='bbox 1124 2339 1323 2393; x_wconf 90' lang='lat' dir='ltr'><strong>corpus</strong></span> <span class='ocrx_word' id='word_1_301' title='bbox 1348 2325 1654 2393; x_wconf 82' lang='lat' dir='ltr'><strong>accipiens,</strong></span> <span class='ocrx_word' id='word_1_302' title='bbox 1681 2338 1798 2377; x_wconf 84' lang='lat' dir='ltr'><strong>mu-</strong></span> 
     </span>
    </p>
   </div>
   <div class='ocr_carea' id='block_1_39' title="bbox 216 2415 1798 2487">
    <p class='ocr_par' dir='ltr' id='par_1_39' title="bbox 216 2415 1798 2487">
     <span class='ocr_line' id='line_1_39' title="bbox 216 2415 1798 2487; baseline -0.002 -17"><span class='ocrx_word' id='word_1_303' title='bbox 216 2425 293 2470; x_wconf 83' lang='lat' dir='ltr'><strong>tat</strong></span> <span class='ocrx_word' id='word_1_304' title='bbox 336 2417 587 2487; x_wconf 78' lang='lat' dir='ltr'><strong>gloriam,</strong></span> <span class='ocrx_word' id='word_1_305' title='bbox 621 2432 728 2472; x_wconf 87' lang='lat' dir='ltr'><strong>non</strong></span> <span class='ocrx_word' id='word_1_306' title='bbox 781 2426 1056 2472; x_wconf 87' lang='lat' dir='ltr'><strong>naturam.</strong></span> <span class='ocrx_word' id='word_1_307' title='bbox 1094 2416 1338 2472; x_wconf 78' lang='lat' dir='ltr'><strong>Verbum</strong></span> <span class='ocrx_word' id='word_1_308' title='bbox 1386 2426 1571 2470; x_wconf 86' lang='lat' dir='ltr'><strong>autem</strong></span> <span class='ocrx_word' id='word_1_309' title='bbox 1614 2415 1798 2469; x_wconf 83' lang='lat' dir='ltr'><strong>Domi-</strong></span> 
     </span>
    </p>
   </div>
   <div class='ocr_carea' id='block_1_40' title="bbox 217 2508 1802 2593">
    <p class='ocr_par' dir='ltr' id='par_1_40' title="bbox 217 2508 1802 2593">
     <span class='ocr_line' id='line_1_40' title="bbox 217 2508 1802 2593; baseline -0.002 -31"><span class='ocrx_word' id='word_1_310' title='bbox 217 2511 269 2564; x_wconf 81' lang='lat' dir='ltr'><strong>ni</strong></span> <span class='ocrx_word' id='word_1_311' title='bbox 326 2510 526 2575; x_wconf 88' lang='lat' dir='ltr'><strong>nostri,</strong></span> <span class='ocrx_word' id='word_1_312' title='bbox 574 2517 630 2564; x_wconf 87' lang='lat' dir='ltr'><strong>et</strong></span> <span class='ocrx_word' id='word_1_313' title='bbox 656 2508 713 2563; x_wconf 92' lang='lat' dir='ltr'><strong>hi</strong></span> <span class='ocrx_word' id='word_1_314' title='bbox 741 2508 850 2593; x_wconf 55' lang='lat' dir='ltr'><strong>qui</strong></span> <span class='ocrx_word' id='word_1_315' title='bbox 868 2509 1034 2565; x_wconf 87' lang='lat' dir='ltr'><strong>verbo</strong></span> <span class='ocrx_word' id='word_1_316' title='bbox 1064 2509 1260 2565; x_wconf 86' lang='lat' dir='ltr'><strong>sociati</strong></span> <span class='ocrx_word' id='word_1_317' title='bbox 1286 2517 1439 2574; x_wconf 86' lang='lat' dir='ltr'><strong>sunt,</strong></span> <span class='ocrx_word' id='word_1_318' title='bbox 1479 2512 1802 2576; x_wconf 86' lang='lat' dir='ltr'><strong>permanent</strong></span> 
     </span>
    </p>
   </div>
   <div class='ocr_carea' id='block_1_41' title="bbox 217 2601 1591 2655">
    <p class='ocr_par' dir='ltr' id='par_1_41' title="bbox 217 2601 1591 2655">
     <span class='ocr_line' id='line_1_41' title="bbox 217 2601 1591 2655; baseline -0.003 0"><span class='ocrx_word' id='word_1_319' title='bbox 217 2601 270 2655; x_wconf 91' lang='lat' dir='ltr'><strong>in</strong></span> <span class='ocrx_word' id='word_1_320' title='bbox 291 2609 593 2655; x_wconf 63' lang='lat' dir='ltr'><strong>attentum.</strong></span> <span class='ocrx_word' id='word_1_321' title='bbox 1586 2606 1591 2615; x_wconf 84' lang='lat'>’</span> 
     </span>
    </p>
   </div>
   <div class='ocr_carea' id='block_1_42' title="bbox 286 2687 1801 2764">
    <p class='ocr_par' dir='ltr' id='par_1_42' title="bbox 286 2687 1801 2764">
     <span class='ocr_line' id='line_1_42' title="bbox 286 2687 1801 2764; baseline -0.003 -17"><span class='ocrx_word' id='word_1_322' title='bbox 286 2692 478 2764; x_wconf 78' lang='lat' dir='ltr'><strong>(Vers.</strong></span> <span class='ocrx_word' id='word_1_323' title='bbox 504 2694 539 2750; x_wconf 89' lang='lat'><strong>9</strong></span> <span class='ocrx_word' id='word_1_324' title='bbox 566 2692 747 2762; x_wconf 55' lang='lat' dir='ltr'><strong>seqq.)</strong></span> <span class='ocrx_word' id='word_1_325' title='bbox 789 2708 809 2744; x_wconf 78' lang='grc' dir='ltr'><strong>ι</strong></span> <span class='ocrx_word' id='word_1_326' title='bbox 837 2689 1014 2762; x_wconf 88' lang='lat' dir='ltr'><strong>Super</strong></span> <span class='ocrx_word' id='word_1_327' title='bbox 1042 2696 1283 2745; x_wconf 87' lang='lat' dir='ltr'><strong>montem</strong></span> <span class='ocrx_word' id='word_1_328' title='bbox 1299 2687 1579 2744; x_wconf 77' lang='lat' dir='ltr'><strong>excelsum</strong></span> <span class='ocrx_word' id='word_1_329' title='bbox 1604 2701 1801 2743; x_wconf 86' lang='lat' dir='ltr'><strong>ascen-</strong></span> 
     </span>
    </p>
   </div>
   <div class='ocr_carea' id='block_1_43' title="bbox 218 2779 1807 2854">
    <p class='ocr_par' dir='ltr' id='par_1_43' title="bbox 218 2779 1807 2854">
     <span class='ocr_line' id='line_1_43' title="bbox 218 2779 1807 2854; baseline -0.003 -14"><span class='ocrx_word' id='word_1_330' title='bbox 218 2785 287 2841; x_wconf 87' lang='lat' dir='ltr'><strong>de</strong></span> <span class='ocrx_word' id='word_1_331' title='bbox 319 2794 380 2839; x_wconf 88' lang='lat' dir='ltr'><strong>tu</strong></span> <span class='ocrx_word' id='word_1_332' title='bbox 413 2800 561 2854; x_wconf 76' lang='lat' dir='ltr'><strong>quae-</strong></span> <span class='ocrx_word' id='word_1_333' title='bbox 582 2784 926 2854; x_wconf 77' lang='lat' dir='ltr'><strong>evangelizas</strong></span> <span class='ocrx_word' id='word_1_334' title='bbox 972 2784 1107 2839; x_wconf 83' lang='lat' dir='ltr'><strong>Sion</strong></span> <span class='ocrx_word' id='word_1_335' title='bbox 1139 2799 1156 2848; x_wconf 85' lang='lat'><strong>;</strong></span> <span class='ocrx_word' id='word_1_336' title='bbox 1182 2783 1360 2838; x_wconf 83' lang='lat' dir='ltr'><strong>exalta</strong></span> <span class='ocrx_word' id='word_1_337' title='bbox 1390 2780 1446 2835; x_wconf 92' lang='lat' dir='ltr'><strong>in</strong></span> <span class='ocrx_word' id='word_1_338' title='bbox 1487 2779 1807 2836; x_wconf 89' lang='lat' dir='ltr'><strong>fortitudine</strong></span> 
     </span>
    </p>
   </div>
   <div class='ocr_carea' id='block_1_44' title="bbox 221 2872 1803 2948">
    <p class='ocr_par' dir='ltr' id='par_1_44' title="bbox 221 2872 1803 2948">
     <span class='ocr_line' id='line_1_44' title="bbox 221 2872 1803 2948; baseline -0.004 -17"><span class='ocrx_word' id='word_1_339' title='bbox 221 2892 415 2933; x_wconf 87' lang='lat' dir='ltr'><strong>vocem</strong></span> <span class='ocrx_word' id='word_1_340' title='bbox 451 2886 597 2931; x_wconf 90' lang='lat' dir='ltr'><strong>tuam</strong></span> <span class='ocrx_word' id='word_1_341' title='bbox 621 2892 743 2948; x_wconf 75' lang='lat' dir='ltr'><strong>qua:</strong></span> <span class='ocrx_word' id='word_1_342' title='bbox 772 2876 1117 2947; x_wconf 85' lang='lat' dir='ltr'><strong>evangelizas</strong></span> <span class='ocrx_word' id='word_1_343' title='bbox 1168 2873 1475 2929; x_wconf 83' lang='lat' dir='ltr'><strong>Jerusalem</strong></span> <span class='ocrx_word' id='word_1_344' title='bbox 1515 2888 1530 2937; x_wconf 91' lang='lat'><strong>;</strong></span> <span class='ocrx_word' id='word_1_345' title='bbox 1597 2872 1803 2936; x_wconf 78' lang='lat' dir='ltr'><strong>exalia,</strong></span> 
     </span>
    </p>
   </div>
   <div class='ocr_carea' id='block_1_45' title="bbox 227 2964 1804 3033">
    <p class='ocr_par' dir='ltr' id='par_1_45' title="bbox 227 2964 1804 3033">
     <span class='ocr_line' id='line_1_45' title="bbox 227 2964 1804 3033; baseline -0.005 -7"><span class='ocrx_word' id='word_1_346' title='bbox 227 2972 347 3026; x_wconf 77' lang='lat' dir='ltr'><strong>loli</strong></span> <span class='ocrx_word' id='word_1_347' title='bbox 421 2971 630 3033; x_wconf 72' lang='lat' dir='ltr'><strong>timere,</strong></span> <span class='ocrx_word' id='word_1_348' title='bbox 660 2970 747 3025; x_wconf 87' lang='lat' dir='ltr'><strong>dic</strong></span> <span class='ocrx_word' id='word_1_349' title='bbox 772 2968 1080 3023; x_wconf 87' lang='lat' dir='ltr'><strong>civitatibus</strong></span> <span class='ocrx_word' id='word_1_350' title='bbox 1111 2966 1281 3021; x_wconf 69' lang='lat' dir='ltr'><strong>Judae.</strong></span> <span class='ocrx_word' id='word_1_351' title='bbox 1338 2966 1474 3020; x_wconf 84' lang='lat' dir='ltr'><strong>Ecce</strong></span> <span class='ocrx_word' id='word_1_352' title='bbox 1521 2964 1663 3019; x_wconf 88' lang='lat' dir='ltr'><strong>Deus</strong></span> <span class='ocrx_word' id='word_1_353' title='bbox 1711 2979 1804 3019; x_wconf 83' lang='lat' dir='ltr'><strong>ve-</strong></span> 
     </span>
    </p>
   </div>
   <div class='ocr_carea' id='block_1_46' title="bbox 224 3056 1806 3132">
    <p class='ocr_par' dir='ltr' id='par_1_46' title="bbox 224 3056 1806 3132">
     <span class='ocr_line' id='line_1_46' title="bbox 224 3056 1806 3132; baseline -0.004 -16"><span class='ocrx_word' id='word_1_354' title='bbox 224 3073 367 3127; x_wconf 88' lang='lat' dir='ltr'><strong>ster,</strong></span> <span class='ocrx_word' id='word_1_355' title='bbox 426 3076 553 3116; x_wconf 87' lang='lat' dir='ltr'><strong>ecce</strong></span> <span class='ocrx_word' id='word_1_356' title='bbox 586 3058 847 3115; x_wconf 85' lang='lat' dir='ltr'><strong>Dominus</strong></span> <span class='ocrx_word' id='word_1_357' title='bbox 878 3058 1021 3114; x_wconf 89' lang='lat' dir='ltr'><strong>Deus</strong></span> <span class='ocrx_word' id='word_1_358' title='bbox 1053 3058 1107 3112; x_wconf 92' lang='lat' dir='ltr'><strong>in</strong></span> <span class='ocrx_word' id='word_1_359' title='bbox 1137 3056 1464 3111; x_wconf 89' lang='lat' dir='ltr'><strong>fortitudine</strong></span> <span class='ocrx_word' id='word_1_360' title='bbox 1487 3056 1688 3119; x_wconf 80' lang='lat' dir='ltr'><strong>veniet,</strong></span> <span class='ocrx_word' id='word_1_361' title='bbox 1746 3064 1806 3132; x_wconf 65' lang='lat' dir='ltr'><strong>et</strong></span> 
     </span>
    </p>
   </div>
   <div class='ocr_carea' id='block_1_47' title="bbox 222 3148 1804 3224">
    <p class='ocr_par' dir='ltr' id='par_1_47' title="bbox 222 3148 1804 3224">
     <span class='ocr_line' id='line_1_47' title="bbox 222 3148 1804 3224; baseline -0.005 -14"><span class='ocrx_word' id='word_1_362' title='bbox 222 3155 515 3210; x_wconf 80' lang='lat' dir='ltr'><strong>brachium</strong></span> <span class='ocrx_word' id='word_1_363' title='bbox 537 3155 654 3224; x_wconf 91' lang='lat' dir='ltr'><strong>ejus</strong></span> <span class='ocrx_word' id='word_1_364' title='bbox 680 3152 1077 3209; x_wconf 88' lang='lat' dir='ltr'><strong>dominabitur.</strong></span> <span class='ocrx_word' id='word_1_365' title='bbox 1108 3151 1248 3206; x_wconf 83' lang='lat' dir='ltr'><strong>Ecce</strong></span> <span class='ocrx_word' id='word_1_366' title='bbox 1282 3164 1495 3205; x_wconf 86' lang='lat' dir='ltr'><strong>merces</strong></span> <span class='ocrx_word' id='word_1_367' title='bbox 1525 3148 1641 3216; x_wconf 77' lang='lat' dir='ltr'><strong>ejus</strong></span> <span class='ocrx_word' id='word_1_368' title='bbox 1674 3163 1804 3204; x_wconf 88' lang='lat' dir='ltr'><strong>cum</strong></span> 
     </span>
    </p>
   </div>
   <div class='ocr_carea' id='block_1_48' title="bbox 221 3244 1807 3318">
    <p class='ocr_par' dir='ltr' id='par_1_48' title="bbox 221 3244 1807 3318">
     <span class='ocr_line' id='line_1_48' title="bbox 221 3244 1807 3318; baseline -0.004 -15"><span class='ocrx_word' id='word_1_369' title='bbox 221 3253 313 3315; x_wconf 85' lang='lat' dir='ltr'><strong>eo,</strong></span> <span class='ocrx_word' id='word_1_370' title='bbox 343 3257 401 3302; x_wconf 88' lang='lat' dir='ltr'><strong>et</strong></span> <span class='ocrx_word' id='word_1_371' title='bbox 429 3263 568 3318; x_wconf 88' lang='lat' dir='ltr'><strong>opus</strong></span> <span class='ocrx_word' id='word_1_372' title='bbox 599 3247 739 3301; x_wconf 77' lang='lat' dir='ltr'><strong>illius</strong></span> <span class='ocrx_word' id='word_1_373' title='bbox 770 3262 955 3302; x_wconf 82' lang='lat' dir='ltr'><strong>coram</strong></span> <span class='ocrx_word' id='word_1_374' title='bbox 1013 3261 1105 3301; x_wconf 89' lang='lat' dir='ltr'><strong>eo.</strong></span> <span class='ocrx_word' id='word_1_375' title='bbox 1144 3244 1300 3300; x_wconf 89' lang='lat' dir='ltr'><strong>Sicut</strong></span> <span class='ocrx_word' id='word_1_376' title='bbox 1339 3253 1526 3311; x_wconf 86' lang='lat' dir='ltr'><strong>pastor</strong></span> <span class='ocrx_word' id='word_1_377' title='bbox 1582 3257 1807 3314; x_wconf 82' lang='lat' dir='ltr'><strong>gregem</strong></span> 
     </span>
    </p>
   </div>
   <div class='ocr_carea' id='block_1_49' title="bbox 230 3336 1809 3409">
    <p class='ocr_par' dir='ltr' id='par_1_49' title="bbox 230 3336 1809 3409">
     <span class='ocr_line' id='line_1_49' title="bbox 230 3336 1809 3409; baseline -0.002 -15"><span class='ocrx_word' id='word_1_378' title='bbox 230 3356 394 3395; x_wconf 83' lang='lat' dir='ltr'><strong>suum</strong></span> <span class='ocrx_word' id='word_1_379' title='bbox 430 3349 618 3409; x_wconf 85' lang='lat' dir='ltr'><strong>pascet</strong></span> <span class='ocrx_word' id='word_1_380' title='bbox 648 3380 663 3406; x_wconf 93' lang='lat'><strong>,</strong></span> <span class='ocrx_word' id='word_1_381' title='bbox 698 3340 754 3394; x_wconf 93' lang='lat' dir='ltr'><strong>in</strong></span> <span class='ocrx_word' id='word_1_382' title='bbox 798 3340 1031 3395; x_wconf 90' lang='lat' dir='ltr'><strong>brachio</strong></span> <span class='ocrx_word' id='word_1_383' title='bbox 1069 3352 1170 3395; x_wconf 89' lang='lat' dir='ltr'><strong>suo</strong></span> <span class='ocrx_word' id='word_1_384' title='bbox 1207 3336 1559 3408; x_wconf 87' lang='lat' dir='ltr'><strong>congregabit</strong></span> <span class='ocrx_word' id='word_1_385' title='bbox 1611 3350 1809 3406; x_wconf 78' lang='lat' dir='ltr'><strong>agnos,</strong></span> 
     </span>
    </p>
   </div>
   <div class='ocr_carea' id='block_1_50' title="bbox 228 3425 1802 3501">
    <p class='ocr_par' dir='ltr' id='par_1_50' title="bbox 228 3425 1802 3501">
     <span class='ocr_line' id='line_1_50' title="bbox 228 3425 1802 3501; baseline -0.004 -12"><span class='ocrx_word' id='word_1_386' title='bbox 228 3434 363 3490; x_wconf 85' lang='lat' dir='ltr'><strong>etin</strong></span> <span class='ocrx_word' id='word_1_387' title='bbox 392 3435 516 3488; x_wconf 81' lang='lat' dir='ltr'><strong>sinu</strong></span> <span class='ocrx_word' id='word_1_388' title='bbox 538 3447 641 3487; x_wconf 90' lang='lat' dir='ltr'><strong>suo</strong></span> <span class='ocrx_word' id='word_1_389' title='bbox 663 3432 862 3487; x_wconf 83' lang='lat' dir='ltr'><strong>levabit</strong></span> <span class='ocrx_word' id='word_1_390' title='bbox 888 3471 903 3498; x_wconf 92' lang='lat'><strong>,</strong></span> <span class='ocrx_word' id='word_1_391' title='bbox 939 3432 1097 3486; x_wconf 67' lang='lat' dir='ltr'><strong>fictas</strong></span> <span class='ocrx_word' id='word_1_392' title='bbox 1119 3430 1234 3501; x_wconf 88' lang='lat' dir='ltr'><strong>ipse</strong></span> <span class='ocrx_word' id='word_1_393' title='bbox 1263 3429 1522 3499; x_wconf 83' lang='lat' dir='ltr'><strong>portabit.</strong></span> <span class='ocrx_word' id='word_1_394' title='bbox 1558 3447 1578 3480; x_wconf 74' lang='grc' dir='ltr'><strong>ι</strong></span> <span class='ocrx_word' id='word_1_395' title='bbox 1608 3425 1752 3481; x_wconf 79' lang='lat' dir='ltr'><strong>LXX</strong></span> <span class='ocrx_word' id='word_1_396' title='bbox 1785 3444 1802 3483; x_wconf 86' lang='lat'><strong>:</strong></span> 
     </span>
    </p>
   </div>
   <div class='ocr_carea' id='block_1_51' title="bbox 231 3519 1814 3593">
    <p class='ocr_par' dir='ltr' id='par_1_51' title="bbox 231 3519 1814 3593">
     <span class='ocr_line' id='line_1_51' title="bbox 231 3519 1814 3593; baseline -0.003 -16"><span class='ocrx_word' id='word_1_397' title='bbox 231 3542 253 3577; x_wconf 79' lang='grc' dir='ltr'><strong>ι</strong></span> <span class='ocrx_word' id='word_1_398' title='bbox 296 3526 478 3593; x_wconf 84' lang='lat' dir='ltr'><strong>Super</strong></span> <span class='ocrx_word' id='word_1_399' title='bbox 509 3533 746 3578; x_wconf 89' lang='lat' dir='ltr'><strong>montem</strong></span> <span class='ocrx_word' id='word_1_400' title='bbox 777 3525 1054 3578; x_wconf 79' lang='lat' dir='ltr'><strong>excelsum</strong></span> <span class='ocrx_word' id='word_1_401' title='bbox 1084 3522 1319 3577; x_wconf 87' lang='lat' dir='ltr'><strong>ascende</strong></span> <span class='ocrx_word' id='word_1_402' title='bbox 1377 3520 1473 3591; x_wconf 86' lang='lat' dir='ltr'><strong>qui</strong></span> <span class='ocrx_word' id='word_1_403' title='bbox 1528 3519 1814 3589; x_wconf 77' lang='lat' dir='ltr'><strong>evangeli-</strong></span> 
     </span>
    </p>
   </div>
   <div class='ocr_carea' id='block_1_52' title="bbox 230 3609 1814 3682">
    <p class='ocr_par' dir='ltr' id='par_1_52' title="bbox 230 3609 1814 3682">
     <span class='ocr_line' id='line_1_52' title="bbox 230 3609 1814 3682; baseline -0.005 -9"><span class='ocrx_word' id='word_1_404' title='bbox 230 3634 326 3673; x_wconf 76' lang='lat' dir='ltr'><strong>zas</strong></span> <span class='ocrx_word' id='word_1_405' title='bbox 387 3616 521 3671; x_wconf 88' lang='lat' dir='ltr'><strong>Sion</strong></span> <span class='ocrx_word' id='word_1_406' title='bbox 556 3631 574 3682; x_wconf 90' lang='lat'><strong>;</strong></span> <span class='ocrx_word' id='word_1_407' title='bbox 608 3616 785 3671; x_wconf 80' lang='lat' dir='ltr'><strong>exalta</strong></span> <span class='ocrx_word' id='word_1_408' title='bbox 817 3614 1215 3670; x_wconf 82' lang='lat' dir='ltr'><strong>inlortitudine</strong></span> <span class='ocrx_word' id='word_1_409' title='bbox 1272 3628 1461 3669; x_wconf 90' lang='lat' dir='ltr'><strong>vocem</strong></span> <span class='ocrx_word' id='word_1_410' title='bbox 1513 3620 1663 3666; x_wconf 87' lang='lat' dir='ltr'><strong>tuam</strong></span> <span class='ocrx_word' id='word_1_411' title='bbox 1718 3609 1814 3679; x_wconf 91' lang='lat' dir='ltr'><strong>qni</strong></span> 
     </span>
    </p>
   </div>
   <div class='ocr_carea' id='block_1_53' title="bbox 227 3702 1811 3781">
    <p class='ocr_par' dir='ltr' id='par_1_53' title="bbox 227 3702 1811 3781">
     <span class='ocr_line' id='line_1_53' title="bbox 227 3702 1811 3781; baseline -0.008 -13"><span class='ocrx_word' id='word_1_412' title='bbox 227 3710 577 3781; x_wconf 76' lang='lat' dir='ltr'><strong>evangelizas</strong></span> <span class='ocrx_word' id='word_1_413' title='bbox 627 3705 934 3763; x_wconf 80' lang='lat' dir='ltr'><strong>Jerusalem</strong></span> <span class='ocrx_word' id='word_1_414' title='bbox 972 3704 1221 3773; x_wconf 70' lang='lat' dir='ltr'><strong>gexalta,</strong></span> <span class='ocrx_word' id='word_1_415' title='bbox 1284 3703 1395 3759; x_wconf 90' lang='lat' dir='ltr'><strong>noli</strong></span> <span class='ocrx_word' id='word_1_416' title='bbox 1455 3702 1811 3769; x_wconf 87' lang='lat' dir='ltr'><strong>timere;die</strong></span> 
     </span>
    </p>
   </div>
   <div class='ocr_carea' id='block_1_54' title="bbox 230 3795 1817 3862">
    <p class='ocr_par' dir='ltr' id='par_1_54' title="bbox 230 3795 1817 3862">
     <span class='ocr_line' id='line_1_54' title="bbox 230 3795 1817 3862; baseline -0.006 -3"><span class='ocrx_word' id='word_1_417' title='bbox 230 3802 548 3859; x_wconf 83' lang='lat' dir='ltr'><strong>civitatibus</strong></span> <span class='ocrx_word' id='word_1_418' title='bbox 584 3799 722 3857; x_wconf 85' lang='lat' dir='ltr'><strong>Juda</strong></span> <span class='ocrx_word' id='word_1_419' title='bbox 744 3816 764 3856; x_wconf 87' lang='lat'><strong>:</strong></span> <span class='ocrx_word' id='word_1_420' title='bbox 796 3799 940 3856; x_wconf 85' lang='lat' dir='ltr'><strong>Ecce</strong></span> <span class='ocrx_word' id='word_1_421' title='bbox 983 3797 1127 3853; x_wconf 85' lang='lat' dir='ltr'><strong>Deus</strong></span> <span class='ocrx_word' id='word_1_422' title='bbox 1160 3807 1363 3862; x_wconf 85' lang='lat' dir='ltr'><strong>vester,</strong></span> <span class='ocrx_word' id='word_1_423' title='bbox 1389 3810 1520 3851; x_wconf 88' lang='lat' dir='ltr'><strong>ecce</strong></span> <span class='ocrx_word' id='word_1_424' title='bbox 1550 3795 1817 3850; x_wconf 85' lang='lat' dir='ltr'><strong>Dominus</strong></span> 
     </span>
    </p>
   </div>
   <div class='ocr_carea' id='block_1_55' title="bbox 234 3886 1814 3957">
    <p class='ocr_par' dir='ltr' id='par_1_55' title="bbox 234 3886 1814 3957">
     <span class='ocr_line' id='line_1_55' title="bbox 234 3886 1814 3957; baseline -0.006 -8"><span class='ocrx_word' id='word_1_425' title='bbox 234 3896 384 3951; x_wconf 85' lang='lat' dir='ltr'><strong>Deus</strong></span> <span class='ocrx_word' id='word_1_426' title='bbox 410 3910 536 3951; x_wconf 90' lang='lat' dir='ltr'><strong>cum</strong></span> <span class='ocrx_word' id='word_1_427' title='bbox 563 3895 763 3949; x_wconf 85' lang='lat' dir='ltr'><strong>virtute</strong></span> <span class='ocrx_word' id='word_1_428' title='bbox 790 3892 992 3957; x_wconf 81' lang='lat' dir='ltr'><strong>veniet,</strong></span> <span class='ocrx_word' id='word_1_429' title='bbox 1024 3903 1080 3946; x_wconf 87' lang='lat' dir='ltr'><strong>et</strong></span> <span class='ocrx_word' id='word_1_430' title='bbox 1108 3889 1403 3945; x_wconf 87' lang='lat' dir='ltr'><strong>brachium</strong></span> <span class='ocrx_word' id='word_1_431' title='bbox 1459 3902 1585 3942; x_wconf 90' lang='lat' dir='ltr'><strong>cum</strong></span> <span class='ocrx_word' id='word_1_432' title='bbox 1638 3886 1814 3942; x_wconf 83' lang='lat' dir='ltr'><strong>domi-</strong></span> 
     </span>
    </p>
   </div>
   <div class='ocr_carea' id='block_1_56' title="bbox 236 3979 1818 4055">
    <p class='ocr_par' dir='ltr' id='par_1_56' title="bbox 236 3979 1818 4055">
     <span class='ocr_line' id='line_1_56' title="bbox 236 3979 1818 4055; baseline -0.006 -13"><span class='ocrx_word' id='word_1_433' title='bbox 236 3988 504 4053; x_wconf 85' lang='lat' dir='ltr'><strong>natione;</strong></span> <span class='ocrx_word' id='word_1_434' title='bbox 535 4001 663 4042; x_wconf 87' lang='lat' dir='ltr'><strong>ecce</strong></span> <span class='ocrx_word' id='word_1_435' title='bbox 696 3998 910 4040; x_wconf 83' lang='lat' dir='ltr'><strong>merces</strong></span> <span class='ocrx_word' id='word_1_436' title='bbox 938 3983 1061 4055; x_wconf 88' lang='lat' dir='ltr'><strong>ejus</strong></span> <span class='ocrx_word' id='word_1_437' title='bbox 1091 3997 1215 4038; x_wconf 90' lang='lat' dir='ltr'><strong>cum</strong></span> <span class='ocrx_word' id='word_1_438' title='bbox 1235 3996 1324 4046; x_wconf 88' lang='lat' dir='ltr'><strong>eo,</strong></span> <span class='ocrx_word' id='word_1_439' title='bbox 1347 3989 1403 4034; x_wconf 87' lang='lat' dir='ltr'><strong>et</strong></span> <span class='ocrx_word' id='word_1_440' title='bbox 1433 3994 1573 4051; x_wconf 86' lang='lat' dir='ltr'><strong>opus</strong></span> <span class='ocrx_word' id='word_1_441' title='bbox 1599 3979 1654 4033; x_wconf 91' lang='lat' dir='ltr'><strong>in</strong></span> <span class='ocrx_word' id='word_1_442' title='bbox 1682 3992 1818 4034; x_wconf 84' lang='lat' dir='ltr'><strong>coa-</strong></span> 
     </span>
    </p>
   </div>
   <div class='ocr_carea' id='block_1_57' title="bbox 238 4075 1816 4151">
    <p class='ocr_par' dir='ltr' id='par_1_57' title="bbox 238 4075 1816 4151">
     <span class='ocr_line' id='line_1_57' title="bbox 238 4075 1816 4151; baseline -0.005 -16"><span class='ocrx_word' id='word_1_443' title='bbox 238 4093 430 4151; x_wconf 81' lang='lat' dir='ltr'><strong>spectu</strong></span> <span class='ocrx_word' id='word_1_444' title='bbox 455 4080 620 4135; x_wconf 88' lang='lat' dir='ltr'><strong>illius.</strong></span> <span class='ocrx_word' id='word_1_445' title='bbox 673 4077 833 4134; x_wconf 87' lang='lat' dir='ltr'><strong>Sicut</strong></span> <span class='ocrx_word' id='word_1_446' title='bbox 888 4086 1078 4146; x_wconf 88' lang='lat' dir='ltr'><strong>pastor</strong></span> <span class='ocrx_word' id='word_1_447' title='bbox 1108 4085 1296 4146; x_wconf 87' lang='lat' dir='ltr'><strong>pascet</strong></span> <span class='ocrx_word' id='word_1_448' title='bbox 1327 4075 1588 4145; x_wconf 89' lang='lat' dir='ltr'><strong>populum</strong></span> <span class='ocrx_word' id='word_1_449' title='bbox 1627 4088 1816 4141; x_wconf 90' lang='lat' dir='ltr'><strong>suum,</strong></span> 
     </span>
    </p>
   </div>
   <div class='ocr_carea' id='block_1_58' title="bbox 238 4164 1815 4241">
    <p class='ocr_par' dir='ltr' id='par_1_58' title="bbox 238 4164 1815 4241">
     <span class='ocr_line' id='line_1_58' title="bbox 238 4164 1815 4241; baseline -0.006 -13"><span class='ocrx_word' id='word_1_450' title='bbox 238 4176 369 4229; x_wconf 86' lang='lat' dir='ltr'><strong>etin</strong></span> <span class='ocrx_word' id='word_1_451' title='bbox 411 4173 638 4228; x_wconf 86' lang='lat' dir='ltr'><strong>brachio</strong></span> <span class='ocrx_word' id='word_1_452' title='bbox 666 4186 769 4228; x_wconf 91' lang='lat' dir='ltr'><strong>suo</strong></span> <span class='ocrx_word' id='word_1_453' title='bbox 801 4164 1156 4241; x_wconf 77' lang='lat' dir='ltr'><strong>congregabit</strong></span> <span class='ocrx_word' id='word_1_454' title='bbox 1187 4181 1359 4238; x_wconf 83' lang='lat' dir='ltr'><strong>agnos</strong></span> <span class='ocrx_word' id='word_1_455' title='bbox 1390 4210 1407 4235; x_wconf 90' lang='lat'><strong>,</strong></span> <span class='ocrx_word' id='word_1_456' title='bbox 1437 4175 1495 4222; x_wconf 92' lang='lat' dir='ltr'><strong>et</strong></span> <span class='ocrx_word' id='word_1_457' title='bbox 1522 4180 1815 4237; x_wconf 70' lang='lat' dir='ltr'><strong>praegnan-</strong></span> 
     </span>
    </p>
   </div>
   <div class='ocr_carea' id='block_1_59' title="bbox 244 4258 1822 4332">
    <p class='ocr_par' dir='ltr' id='par_1_59' title="bbox 244 4258 1822 4332">
     <span class='ocr_line' id='line_1_59' title="bbox 244 4258 1822 4332; baseline -0.006 -9"><span class='ocrx_word' id='word_1_458' title='bbox 244 4278 325 4323; x_wconf 87' lang='lat' dir='ltr'><strong>tes</strong></span> <span class='ocrx_word' id='word_1_459' title='bbox 354 4264 737 4323; x_wconf 84' lang='lat' dir='ltr'><strong>consolabitur</strong></span> <span class='ocrx_word' id='word_1_460' title='bbox 769 4265 811 4319; x_wconf 84' lang='grc'><strong>³.</strong></span> <span class='ocrx_word' id='word_1_461' title='bbox 844 4281 862 4316; x_wconf 73' lang='grc' dir='ltr'><strong>ι</strong></span> <span class='ocrx_word' id='word_1_462' title='bbox 899 4260 1220 4332; x_wconf 70' lang='grc' dir='ltr'>Ρηεοίρίιιιι·</span> <span class='ocrx_word' id='word_1_463' title='bbox 1268 4258 1655 4330; x_wconf 82' lang='lat' dir='ltr'><strong>Apostolorum</strong></span> <span class='ocrx_word' id='word_1_464' title='bbox 1687 4260 1822 4313; x_wconf 90' lang='lat' dir='ltr'><strong>cho-</strong></span> 
     </span>
    </p>
   </div>
   <div class='ocr_carea' id='block_1_60' title="bbox 242 4352 1822 4431">
    <p class='ocr_par' dir='ltr' id='par_1_60' title="bbox 242 4352 1822 4431">
     <span class='ocr_line' id='line_1_60' title="bbox 242 4352 1822 4431; baseline -0.006 -15"><span class='ocrx_word' id='word_1_465' title='bbox 242 4376 326 4425; x_wconf 88' lang='lat' dir='ltr'><strong>ro,</strong></span> <span class='ocrx_word' id='word_1_466' title='bbox 351 4356 526 4431; x_wconf 78' lang='grc'><strong>484</strong></span> <span class='ocrx_word' id='word_1_467' title='bbox 551 4367 610 4412; x_wconf 88' lang='grc' dir='ltr'><strong>ιιι</strong></span> <span class='ocrx_word' id='word_1_468' title='bbox 646 4360 716 4412; x_wconf 90' lang='lat' dir='ltr'><strong>ad</strong></span> <span class='ocrx_word' id='word_1_469' title='bbox 776 4355 1219 4427; x_wconf 63' lang='lat' dir='ltr'><strong>prmdicationem</strong></span> <span class='ocrx_word' id='word_1_470' title='bbox 1251 4353 1429 4409; x_wconf 89' lang='lat' dir='ltr'><strong>omnis</strong></span> <span class='ocrx_word' id='word_1_471' title='bbox 1457 4352 1643 4408; x_wconf 90' lang='lat' dir='ltr'><strong>carnis</strong></span> <span class='ocrx_word' id='word_1_472' title='bbox 1700 4365 1822 4422; x_wconf 79' lang='lat' dir='ltr'><strong>qua:</strong></span> 
     </span>
    </p>
   </div>
   <div class='ocr_carea' id='block_1_61' title="bbox 1908 1864 3489 1934">
    <p class='ocr_par' dir='ltr' id='par_1_61' title="bbox 1908 1864 3489 1934">
     <span class='ocr_line' id='line_1_61' title="bbox 1908 1864 3489 1934; baseline -0.002 -13"><span class='ocrx_word' id='word_1_473' title='bbox 1908 1864 2137 1921; x_wconf 86' lang='lat' dir='ltr'><strong>dicere?</strong></span> <span class='ocrx_word' id='word_1_474' title='bbox 2167 1864 2301 1919; x_wconf 80' lang='lat' dir='ltr'><strong>Ecce</strong></span> <span class='ocrx_word' id='word_1_475' title='bbox 2328 1865 2465 1919; x_wconf 82' lang='lat' dir='ltr'><strong>Deus</strong></span> <span class='ocrx_word' id='word_1_476' title='bbox 2491 1875 2678 1930; x_wconf 79' lang='lat' dir='ltr'><strong>vester,</strong></span> <span class='ocrx_word' id='word_1_477' title='bbox 2715 1880 2877 1934; x_wconf 90' lang='lat' dir='ltr'><strong>quem</strong></span> <span class='ocrx_word' id='word_1_478' title='bbox 2916 1881 3136 1933; x_wconf 76' lang='lat' dir='ltr'><strong>seraper</strong></span> <span class='ocrx_word' id='word_1_479' title='bbox 3192 1875 3489 1934; x_wconf 67' lang='lat' dir='ltr'><strong>exsliecta-</strong></span> 
     </span>
    </p>
   </div>
   <div class='ocr_carea' id='block_1_62' title="bbox 1908 1956 3490 2025">
    <p class='ocr_par' dir='ltr' id='par_1_62' title="bbox 1908 1956 3490 2025">
     <span class='ocr_line' id='line_1_62' title="bbox 1908 1956 3490 2025; baseline -0.002 -12"><span class='ocrx_word' id='word_1_480' title='bbox 1908 1959 2092 2025; x_wconf 74' lang='lat' dir='ltr'><strong>Datis;</strong></span> <span class='ocrx_word' id='word_1_481' title='bbox 2132 1973 2249 2012; x_wconf 84' lang='lat' dir='ltr'><strong>ecce</strong></span> <span class='ocrx_word' id='word_1_482' title='bbox 2307 1957 2570 2011; x_wconf 76' lang='lat' dir='ltr'><strong>Dominus</strong></span> <span class='ocrx_word' id='word_1_483' title='bbox 2632 1956 2770 2011; x_wconf 83' lang='lat' dir='ltr'><strong>Deus</strong></span> <span class='ocrx_word' id='word_1_484' title='bbox 2835 1959 2887 2011; x_wconf 85' lang='lat' dir='ltr'><strong>in</strong></span> <span class='ocrx_word' id='word_1_485' title='bbox 2942 1958 3256 2025; x_wconf 80' lang='lat' dir='ltr'><strong>fortitudine</strong></span> <span class='ocrx_word' id='word_1_486' title='bbox 3300 1964 3490 2019; x_wconf 66' lang='lat' dir='ltr'><strong>veniet,</strong></span> 
     </span>
    </p>
   </div>
   <div class='ocr_carea' id='block_1_63' title="bbox 1907 2049 3494 2121">
    <p class='ocr_par' dir='ltr' id='par_1_63' title="bbox 1907 2049 3494 2121">
     <span class='ocr_line' id='line_1_63' title="bbox 1907 2049 3494 2121; baseline 0.001 -18"><span class='ocrx_word' id='word_1_487' title='bbox 1907 2067 2069 2121; x_wconf 91' lang='lat' dir='ltr'><strong>quem</strong></span> <span class='ocrx_word' id='word_1_488' title='bbox 2102 2051 2511 2120; x_wconf 86' lang='lat' dir='ltr'><strong>contempsistis</strong></span> <span class='ocrx_word' id='word_1_489' title='bbox 2552 2050 2606 2105; x_wconf 90' lang='lat' dir='ltr'><strong>in</strong></span> <span class='ocrx_word' id='word_1_490' title='bbox 2670 2050 2976 2106; x_wconf 87' lang='lat' dir='ltr'><strong>humilitate</strong></span> <span class='ocrx_word' id='word_1_491' title='bbox 3043 2051 3376 2105; x_wconf 71' lang='lat' dir='ltr'><strong>venientrm.</strong></span> <span class='ocrx_word' id='word_1_492' title='bbox 3426 2049 3494 2104; x_wconf 78' lang='lat' dir='ltr'><strong>Et</strong></span> 
     </span>
    </p>
   </div>
   <div class='ocr_carea' id='block_1_64' title="bbox 1908 2142 3488 2214">
    <p class='ocr_par' dir='ltr' id='par_1_64' title="bbox 1908 2142 3488 2214">
     <span class='ocr_line' id='line_1_64' title="bbox 1908 2142 3488 2214; baseline -0.001 -16"><span class='ocrx_word' id='word_1_493' title='bbox 1908 2142 2171 2199; x_wconf 79' lang='lat' dir='ltr'><strong>fortitudo</strong></span> <span class='ocrx_word' id='word_1_494' title='bbox 2199 2144 2317 2214; x_wconf 86' lang='lat' dir='ltr'><strong>ejus</strong></span> <span class='ocrx_word' id='word_1_495' title='bbox 2348 2144 2742 2209; x_wconf 89' lang='lat' dir='ltr'><strong>dominabitur,</strong></span> <span class='ocrx_word' id='word_1_496' title='bbox 2771 2144 2864 2213; x_wconf 91' lang='lat' dir='ltr'><strong>qui</strong></span> <span class='ocrx_word' id='word_1_497' title='bbox 2905 2143 3056 2212; x_wconf 85' lang='lat' dir='ltr'><strong>prius</strong></span> <span class='ocrx_word' id='word_1_498' title='bbox 3082 2143 3314 2197; x_wconf 68' lang='lat' dir='ltr'><strong>fortnam</strong></span> <span class='ocrx_word' id='word_1_499' title='bbox 3341 2144 3488 2197; x_wconf 82' lang='lat' dir='ltr'><strong>servi</strong></span> 
     </span>
    </p>
   </div>
   <div class='ocr_carea' id='block_1_65' title="bbox 1909 2234 3490 2303">
    <p class='ocr_par' dir='ltr' id='par_1_65' title="bbox 1909 2234 3490 2303">
     <span class='ocr_line' id='line_1_65' title="bbox 1909 2234 3490 2303; baseline -0.002 -15"><span class='ocrx_word' id='word_1_500' title='bbox 1909 2245 2213 2303; x_wconf 80' lang='lat' dir='ltr'><strong>acceperat,</strong></span> <span class='ocrx_word' id='word_1_501' title='bbox 2250 2235 2426 2289; x_wconf 89' lang='lat' dir='ltr'><strong>factus</strong></span> <span class='ocrx_word' id='word_1_502' title='bbox 2459 2236 2609 2289; x_wconf 84' lang='lat' dir='ltr'><strong>Patri</strong></span> <span class='ocrx_word' id='word_1_503' title='bbox 2633 2234 2898 2289; x_wconf 88' lang='lat' dir='ltr'><strong>obediens</strong></span> <span class='ocrx_word' id='word_1_504' title='bbox 2935 2250 3109 2303; x_wconf 89' lang='lat' dir='ltr'><strong>usque</strong></span> <span class='ocrx_word' id='word_1_505' title='bbox 3139 2237 3205 2287; x_wconf 90' lang='lat' dir='ltr'><strong>ad</strong></span> <span class='ocrx_word' id='word_1_506' title='bbox 3261 2239 3490 2287; x_wconf 85' lang='lat' dir='ltr'><strong>inortcut</strong></span> 
     </span>
    </p>
   </div>
   <div class='ocr_carea' id='block_1_66' title="bbox 1912 2325 3494 2399">
    <p class='ocr_par' dir='ltr' id='par_1_66' title="bbox 1912 2325 3494 2399">
     <span class='ocr_line' id='line_1_66' title="bbox 1912 2325 3494 2399; baseline 0 -19"><span class='ocrx_word' id='word_1_507' title='bbox 1912 2325 2168 2399; x_wconf 77' lang='lat' dir='ltr'><strong>(Philipp.</strong></span> <span class='ocrx_word' id='word_1_508' title='bbox 2230 2327 2312 2396; x_wconf 88' lang='lat' dir='ltr'><strong>tt).</strong></span> <span class='ocrx_word' id='word_1_509' title='bbox 2366 2326 2499 2382; x_wconf 82' lang='lat' dir='ltr'><strong>Ecce</strong></span> <span class='ocrx_word' id='word_1_510' title='bbox 2546 2344 2743 2382; x_wconf 79' lang='lat' dir='ltr'><strong>merces</strong></span> <span class='ocrx_word' id='word_1_511' title='bbox 2800 2329 2916 2397; x_wconf 89' lang='lat' dir='ltr'><strong>ejus</strong></span> <span class='ocrx_word' id='word_1_512' title='bbox 2969 2343 3088 2380; x_wconf 85' lang='lat' dir='ltr'><strong>cum</strong></span> <span class='ocrx_word' id='word_1_513' title='bbox 3142 2343 3224 2393; x_wconf 86' lang='lat' dir='ltr'><strong>eo,</strong></span> <span class='ocrx_word' id='word_1_514' title='bbox 3249 2336 3299 2381; x_wconf 86' lang='lat' dir='ltr'><strong>et</strong></span> <span class='ocrx_word' id='word_1_515' title='bbox 3365 2344 3494 2395; x_wconf 78' lang='lat' dir='ltr'><strong>opus</strong></span> 
     </span>
    </p>
   </div>
   <div class='ocr_carea' id='block_1_67' title="bbox 1909 2418 3492 2492">
    <p class='ocr_par' dir='ltr' id='par_1_67' title="bbox 1909 2418 3492 2492">
     <span class='ocr_line' id='line_1_67' title="bbox 1909 2418 3492 2492; baseline 0.001 -19"><span class='ocrx_word' id='word_1_516' title='bbox 1909 2420 2056 2473; x_wconf 86' lang='lat' dir='ltr'><strong>illius</strong></span> <span class='ocrx_word' id='word_1_517' title='bbox 2095 2436 2275 2474; x_wconf 87' lang='lat' dir='ltr'><strong>coram</strong></span> <span class='ocrx_word' id='word_1_518' title='bbox 2320 2436 2380 2474; x_wconf 77' lang='lat' dir='ltr'><strong>eo</strong></span> <span class='ocrx_word' id='word_1_519' title='bbox 2405 2422 2422 2492; x_wconf 95' lang='lat'>(</span> <span class='ocrx_word' id='word_1_520' title='bbox 2447 2420 2558 2475; x_wconf 85' lang='lat' dir='ltr'><strong>Isa.</strong></span> <span class='ocrx_word' id='word_1_521' title='bbox 2591 2436 2656 2474; x_wconf 66' lang='grc' dir='ltr'>ιι.</span> <span class='ocrx_word' id='word_1_522' title='bbox 2699 2428 2754 2475; x_wconf 89' lang='lat' dir='ltr'><strong>et</strong></span> <span class='ocrx_word' id='word_1_523' title='bbox 2788 2421 2943 2487; x_wconf 77' lang='lat' dir='ltr'><strong>an).</strong></span> <span class='ocrx_word' id='word_1_524' title='bbox 2979 2418 3145 2474; x_wconf 79' lang='lat' dir='ltr'><strong>Juxta</strong></span> <span class='ocrx_word' id='word_1_525' title='bbox 3190 2420 3332 2487; x_wconf 90' lang='lat' dir='ltr'><strong>quod</strong></span> <span class='ocrx_word' id='word_1_526' title='bbox 3374 2419 3492 2488; x_wconf 86' lang='lat' dir='ltr'><strong>ipse</strong></span> 
     </span>
    </p>
   </div>
   <div class='ocr_carea' id='block_1_68' title="bbox 1910 2509 3496 2583">
    <p class='ocr_par' dir='ltr' id='par_1_68' title="bbox 1910 2509 3496 2583">
     <span class='ocr_line' id='line_1_68' title="bbox 1910 2509 3496 2583; baseline -0.002 -17"><span class='ocrx_word' id='word_1_527' title='bbox 1910 2512 2114 2566; x_wconf 88' lang='lat' dir='ltr'><strong>dicitiu</strong></span> <span class='ocrx_word' id='word_1_528' title='bbox 2156 2510 2492 2583; x_wconf 83' lang='lat' dir='ltr'><strong>Evangelia:</strong></span> <span class='ocrx_word' id='word_1_529' title='bbox 2558 2511 2820 2566; x_wconf 79' lang='lat' dir='ltr'><strong>Venturus</strong></span> <span class='ocrx_word' id='word_1_530' title='bbox 2876 2521 2953 2565; x_wconf 87' lang='lat' dir='ltr'><strong>est</strong></span> <span class='ocrx_word' id='word_1_531' title='bbox 2998 2512 3138 2565; x_wconf 84' lang='lat' dir='ltr'><strong>enim</strong></span> <span class='ocrx_word' id='word_1_532' title='bbox 3184 2509 3362 2564; x_wconf 82' lang='lat' dir='ltr'><strong>Filius</strong></span> <span class='ocrx_word' id='word_1_533' title='bbox 3398 2512 3496 2564; x_wconf 77' lang='lat' dir='ltr'><strong>Ito-</strong></span> 
     </span>
    </p>
   </div>
   <div class='ocr_carea' id='block_1_69' title="bbox 1910 2605 3495 2676">
    <p class='ocr_par' dir='ltr' id='par_1_69' title="bbox 1910 2605 3495 2676">
     <span class='ocr_line' id='line_1_69' title="bbox 1910 2605 3495 2676; baseline 0 -18"><span class='ocrx_word' id='word_1_534' title='bbox 1910 2606 2066 2659; x_wconf 83' lang='lat' dir='ltr'><strong>ntinis</strong></span> <span class='ocrx_word' id='word_1_535' title='bbox 2114 2605 2170 2659; x_wconf 91' lang='lat' dir='ltr'><strong>in</strong></span> <span class='ocrx_word' id='word_1_536' title='bbox 2220 2605 2393 2676; x_wconf 82' lang='lat' dir='ltr'><strong>gloria</strong></span> <span class='ocrx_word' id='word_1_537' title='bbox 2441 2605 2621 2660; x_wconf 86' lang='lat' dir='ltr'><strong>Patris</strong></span> <span class='ocrx_word' id='word_1_538' title='bbox 2688 2605 2896 2660; x_wconf 76' lang='lat' dir='ltr'><strong>sui&#39;et</strong></span> <span class='ocrx_word' id='word_1_539' title='bbox 2965 2606 3145 2659; x_wconf 80' lang='lat' dir='ltr'><strong>reddet</strong></span> <span class='ocrx_word' id='word_1_540' title='bbox 3207 2606 3495 2674; x_wconf 70' lang='lat' dir='ltr'><strong>unicuique</strong></span> 
     </span>
    </p>
   </div>
   <div class='ocr_carea' id='block_1_70' title="bbox 1910 2695 3497 2768">
    <p class='ocr_par' dir='ltr' id='par_1_70' title="bbox 1910 2695 3497 2768">
     <span class='ocr_line' id='line_1_70' title="bbox 1910 2695 3497 2768; baseline 0 -18"><span class='ocrx_word' id='word_1_541' title='bbox 1910 2701 2196 2751; x_wconf 84' lang='lat' dir='ltr'><strong>secundum</strong></span> <span class='ocrx_word' id='word_1_542' title='bbox 2224 2712 2350 2765; x_wconf 87' lang='lat' dir='ltr'><strong>opus</strong></span> <span class='ocrx_word' id='word_1_543' title='bbox 2381 2714 2534 2751; x_wconf 82' lang='lat' dir='ltr'><strong>suum</strong></span> <span class='ocrx_word' id='word_1_544' title='bbox 2566 2696 2787 2768; x_wconf 79' lang='lat' dir='ltr'><strong>(Matth.</strong></span> <span class='ocrx_word' id='word_1_545' title='bbox 2818 2712 2927 2761; x_wconf 81' lang='lat' dir='ltr'><strong>xvr,</strong></span> <span class='ocrx_word' id='word_1_546' title='bbox 2963 2697 3070 2763; x_wconf 83' lang='lat' dir='ltr'><strong>l7).</strong></span> <span class='ocrx_word' id='word_1_547' title='bbox 3118 2695 3270 2751; x_wconf 89' lang='lat' dir='ltr'><strong>Sicut</strong></span> <span class='ocrx_word' id='word_1_548' title='bbox 3306 2711 3497 2764; x_wconf 71' lang='grc' dir='ltr'><strong>ιιειειοι⁵</strong></span> 
     </span>
    </p>
   </div>
   <div class='ocr_carea' id='block_1_71' title="bbox 1912 2789 3498 2861">
    <p class='ocr_par' dir='ltr' id='par_1_71' title="bbox 1912 2789 3498 2861">
     <span class='ocr_line' id='line_1_71' title="bbox 1912 2789 3498 2861; baseline 0 -19"><span class='ocrx_word' id='word_1_549' title='bbox 1912 2805 2127 2861; x_wconf 79' lang='lat' dir='ltr'><strong>gregem</strong></span> <span class='ocrx_word' id='word_1_550' title='bbox 2179 2806 2342 2846; x_wconf 88' lang='lat' dir='ltr'><strong>suum</strong></span> <span class='ocrx_word' id='word_1_551' title='bbox 2397 2799 2603 2860; x_wconf 83' lang='lat' dir='ltr'><strong>pascet.</strong></span> <span class='ocrx_word' id='word_1_552' title='bbox 2640 2791 2746 2846; x_wconf 91' lang='lat' dir='ltr'><strong>Iste</strong></span> <span class='ocrx_word' id='word_1_553' title='bbox 2777 2792 2870 2861; x_wconf 91' lang='lat' dir='ltr'><strong>qni</strong></span> <span class='ocrx_word' id='word_1_554' title='bbox 2901 2803 3087 2861; x_wconf 81' lang='lat' dir='ltr'><strong>posua</strong></span> <span class='ocrx_word' id='word_1_555' title='bbox 3123 2791 3174 2843; x_wconf 93' lang='lat' dir='ltr'><strong>in</strong></span> <span class='ocrx_word' id='word_1_556' title='bbox 3211 2789 3498 2860; x_wconf 84' lang='lat' dir='ltr'><strong>majestate</strong></span> 
     </span>
    </p>
   </div>
   <div class='ocr_carea' id='block_1_72' title="bbox 1915 2883 3494 2955">
    <p class='ocr_par' dir='ltr' id='par_1_72' title="bbox 1915 2883 3494 2955">
     <span class='ocr_line' id='line_1_72' title="bbox 1915 2883 3494 2955; baseline 0.001 -19"><span class='ocrx_word' id='word_1_557' title='bbox 1915 2893 2179 2939; x_wconf 85' lang='lat' dir='ltr'><strong>venturus</strong></span> <span class='ocrx_word' id='word_1_558' title='bbox 2234 2895 2337 2949; x_wconf 88' lang='lat' dir='ltr'><strong>est,</strong></span> <span class='ocrx_word' id='word_1_559' title='bbox 2401 2886 2553 2955; x_wconf 85' lang='lat' dir='ltr'><strong>prius</strong></span> <span class='ocrx_word' id='word_1_560' title='bbox 2606 2886 2835 2938; x_wconf 88' lang='lat' dir='ltr'><strong>formam</strong></span> <span class='ocrx_word' id='word_1_561' title='bbox 2870 2883 3111 2953; x_wconf 69' lang='lat' dir='ltr'><strong>pastmis</strong></span> <span class='ocrx_word' id='word_1_562' title='bbox 3155 2883 3377 2951; x_wconf 80' lang='lat' dir='ltr'><strong>accipit,</strong></span> <span class='ocrx_word' id='word_1_563' title='bbox 3437 2892 3494 2938; x_wconf 90' lang='lat' dir='ltr'><strong>ct</strong></span> 
     </span>
    </p>
   </div>
   <div class='ocr_carea' id='block_1_73' title="bbox 1915 2964 3500 3047">
    <p class='ocr_par' dir='ltr' id='par_1_73' title="bbox 1915 2964 3500 3047">
     <span class='ocr_line' id='line_1_73' title="bbox 1915 2964 3500 3047; baseline -0.003 -16"><span class='ocrx_word' id='word_1_564' title='bbox 1915 2977 2046 3032; x_wconf 88' lang='lat' dir='ltr'><strong>dicit</strong></span> <span class='ocrx_word' id='word_1_565' title='bbox 2073 2978 2188 3044; x_wconf 86' lang='lat' dir='ltr'><strong>ipse</strong></span> <span class='ocrx_word' id='word_1_566' title='bbox 2212 2977 2279 3031; x_wconf 85' lang='lat' dir='ltr'><strong>de</strong></span> <span class='ocrx_word' id='word_1_567' title='bbox 2303 2993 2362 3032; x_wconf 83' lang='lat' dir='ltr'><strong>se</strong></span> <span class='ocrx_word' id='word_1_568' title='bbox 2398 2996 2415 3034; x_wconf 85' lang='lat'><strong>:</strong></span> <span class='ocrx_word' id='word_1_569' title='bbox 2457 2977 2568 3047; x_wconf 81' lang='lat' dir='ltr'><strong>Ego</strong></span> <span class='ocrx_word' id='word_1_570' title='bbox 2599 2995 2711 3031; x_wconf 87' lang='lat' dir='ltr'><strong>sum</strong></span> <span class='ocrx_word' id='word_1_571' title='bbox 2738 2988 2926 3046; x_wconf 84' lang='lat' dir='ltr'><strong>pastor</strong></span> <span class='ocrx_word' id='word_1_572' title='bbox 2958 2980 3145 3039; x_wconf 83' lang='lat' dir='ltr'><strong>bonus,</strong></span> <span class='ocrx_word' id='word_1_573' title='bbox 3164 2988 3213 3032; x_wconf 79' lang='lat' dir='ltr'><strong>et</strong></span> <span class='ocrx_word' id='word_1_574' title='bbox 3242 2964 3500 3045; x_wconf 84' lang='lat' dir='ltr'><strong>cognosco</strong></span> 
     </span>
    </p>
   </div>
   <div class='ocr_carea' id='block_1_74' title="bbox 1917 3067 3499 3139">
    <p class='ocr_par' dir='ltr' id='par_1_74' title="bbox 1917 3067 3499 3139">
     <span class='ocr_line' id='line_1_74' title="bbox 1917 3067 3499 3139; baseline -0.001 -16"><span class='ocrx_word' id='word_1_575' title='bbox 1917 3085 2034 3123; x_wconf 78' lang='lat' dir='ltr'><strong>oves</strong></span> <span class='ocrx_word' id='word_1_576' title='bbox 2057 3085 2196 3123; x_wconf 85' lang='lat' dir='ltr'><strong>meas</strong></span> <span class='ocrx_word' id='word_1_577' title='bbox 2225 3067 2268 3135; x_wconf 73' lang='grc'>⁵,</span> <span class='ocrx_word' id='word_1_578' title='bbox 2326 3077 2376 3124; x_wconf 87' lang='lat' dir='ltr'><strong>et</strong></span> <span class='ocrx_word' id='word_1_579' title='bbox 2407 3080 2724 3139; x_wconf 78' lang='lat' dir='ltr'><strong>cognoscunt</strong></span> <span class='ocrx_word' id='word_1_580' title='bbox 2748 3086 2827 3123; x_wconf 87' lang='lat' dir='ltr'><strong>me</strong></span> <span class='ocrx_word' id='word_1_581' title='bbox 2849 3087 2996 3134; x_wconf 70' lang='lat' dir='ltr'><strong>metu,</strong></span> <span class='ocrx_word' id='word_1_582' title='bbox 3019 3078 3069 3124; x_wconf 91' lang='lat' dir='ltr'><strong>et</strong></span> <span class='ocrx_word' id='word_1_583' title='bbox 3100 3087 3237 3139; x_wconf 87' lang='lat' dir='ltr'><strong>pono</strong></span> <span class='ocrx_word' id='word_1_584' title='bbox 3262 3071 3499 3123; x_wconf 82' lang='lat' dir='ltr'><strong>animum</strong></span> 
     </span>
    </p>
   </div>
   <div class='ocr_carea' id='block_1_75' title="bbox 1913 3161 3497 3233">
    <p class='ocr_par' dir='ltr' id='par_1_75' title="bbox 1913 3161 3497 3233">
     <span class='ocr_line' id='line_1_75' title="bbox 1913 3161 3497 3233; baseline 0.001 -19"><span class='ocrx_word' id='word_1_585' title='bbox 1913 3177 2083 3215; x_wconf 87' lang='lat' dir='ltr'><strong>nteam</strong></span> <span class='ocrx_word' id='word_1_586' title='bbox 2111 3177 2205 3230; x_wconf 89' lang='lat' dir='ltr'><strong>pro</strong></span> <span class='ocrx_word' id='word_1_587' title='bbox 2231 3161 2410 3215; x_wconf 85' lang='lat' dir='ltr'><strong>ovibus</strong></span> <span class='ocrx_word' id='word_1_588' title='bbox 2440 3162 2565 3215; x_wconf 83' lang='lat' dir='ltr'><strong>meis</strong></span> <span class='ocrx_word' id='word_1_589' title='bbox 2599 3161 2783 3232; x_wconf 83' lang='lat' dir='ltr'><strong>(Joan.</strong></span> <span class='ocrx_word' id='word_1_590' title='bbox 2820 3179 2873 3228; x_wconf 71' lang='grc' dir='ltr'><strong>ι,</strong></span> <span class='ocrx_word' id='word_1_591' title='bbox 2906 3164 2993 3227; x_wconf 80' lang='lat' dir='ltr'><strong>H,</strong></span> <span class='ocrx_word' id='word_1_592' title='bbox 3032 3164 3141 3233; x_wconf 81' lang='lat' dir='ltr'><strong>l5).</strong></span> <span class='ocrx_word' id='word_1_593' title='bbox 3178 3162 3256 3218; x_wconf 88' lang='lat' dir='ltr'><strong>De</strong></span> <span class='ocrx_word' id='word_1_594' title='bbox 3308 3165 3497 3233; x_wconf 86' lang='lat' dir='ltr'><strong>quoin</strong></span> 
     </span>
    </p>
   </div>
   <div class='ocr_carea' id='block_1_76' title="bbox 1914 3251 3497 3322">
    <p class='ocr_par' dir='ltr' id='par_1_76' title="bbox 1914 3251 3497 3322">
     <span class='ocr_line' id='line_1_76' title="bbox 1914 3251 3497 3322; baseline -0.002 -15"><span class='ocrx_word' id='word_1_595' title='bbox 1914 3251 2176 3307; x_wconf 86' lang='lat' dir='ltr'><strong>Zacharia</strong></span> <span class='ocrx_word' id='word_1_596' title='bbox 2210 3252 2372 3305; x_wconf 81' lang='lat' dir='ltr'><strong>Pater</strong></span> <span class='ocrx_word' id='word_1_597' title='bbox 2400 3252 2644 3322; x_wconf 88' lang='lat' dir='ltr'><strong>loquitur</strong></span> <span class='ocrx_word' id='word_1_598' title='bbox 2680 3269 2697 3309; x_wconf 72' lang='grc' dir='ltr'>ε</span> <span class='ocrx_word' id='word_1_599' title='bbox 2750 3253 3056 3307; x_wconf 76' lang='lat' dir='ltr'><strong>Percutiam</strong></span> <span class='ocrx_word' id='word_1_600' title='bbox 3107 3266 3394 3319; x_wconf 74' lang='lat' dir='ltr'><strong>pastorem,</strong></span> <span class='ocrx_word' id='word_1_601' title='bbox 3447 3264 3497 3307; x_wconf 78' lang='lat' dir='ltr'><strong>et</strong></span> 
     </span>
    </p>
   </div>
   <div class='ocr_carea' id='block_1_77' title="bbox 1913 3340 3505 3414">
    <p class='ocr_par' dir='ltr' id='par_1_77' title="bbox 1913 3340 3505 3414">
     <span class='ocr_line' id='line_1_77' title="bbox 1913 3340 3505 3414; baseline -0.001 -15"><span class='ocrx_word' id='word_1_602' title='bbox 1913 3360 2031 3399; x_wconf 72' lang='lat' dir='ltr'><strong>ores</strong></span> <span class='ocrx_word' id='word_1_603' title='bbox 2104 3342 2474 3412; x_wconf 81' lang='lat' dir='ltr'><strong>dispergentur</strong></span> <span class='ocrx_word' id='word_1_604' title='bbox 2506 3340 2719 3414; x_wconf 79' lang='lat' dir='ltr'><strong>(Zarlt.</strong></span> <span class='ocrx_word' id='word_1_605' title='bbox 2772 3358 2893 3407; x_wconf 66' lang='grc' dir='ltr'>λιιι,</span> <span class='ocrx_word' id='word_1_606' title='bbox 2923 3343 3002 3412; x_wconf 88' lang='lat'><strong>7).</strong></span> <span class='ocrx_word' id='word_1_607' title='bbox 3053 3342 3380 3411; x_wconf 79' lang='lat' dir='ltr'><strong>lubrachio,</strong></span> <span class='ocrx_word' id='word_1_608' title='bbox 3419 3343 3505 3397; x_wconf 86' lang='lat' dir='ltr'><strong>in-</strong></span> 
     </span>
    </p>
   </div>
   <div class='ocr_carea' id='block_1_78' title="bbox 1914 3435 3499 3506">
    <p class='ocr_par' dir='ltr' id='par_1_78' title="bbox 1914 3435 3499 3506">
     <span class='ocr_line' id='line_1_78' title="bbox 1914 3435 3499 3506; baseline 0.001 -19"><span class='ocrx_word' id='word_1_609' title='bbox 1914 3436 2051 3506; x_wconf 90' lang='lat' dir='ltr'><strong>quit,</strong></span> <span class='ocrx_word' id='word_1_610' title='bbox 2078 3450 2173 3489; x_wconf 87' lang='lat' dir='ltr'><strong>suo</strong></span> <span class='ocrx_word' id='word_1_611' title='bbox 2204 3435 2537 3505; x_wconf 84' lang='lat' dir='ltr'><strong>congregabit</strong></span> <span class='ocrx_word' id='word_1_612' title='bbox 2564 3450 2727 3505; x_wconf 78' lang='lat' dir='ltr'><strong>agnos</strong></span> <span class='ocrx_word' id='word_1_613' title='bbox 2751 3450 2772 3500; x_wconf 90' lang='lat'><strong><em>;</em></strong></span> <span class='ocrx_word' id='word_1_614' title='bbox 2807 3452 2912 3488; x_wconf 92' lang='lat' dir='ltr'><strong>non</strong></span> <span class='ocrx_word' id='word_1_615' title='bbox 2945 3445 3157 3500; x_wconf 87' lang='lat' dir='ltr'><strong>tauros,</strong></span> <span class='ocrx_word' id='word_1_616' title='bbox 3183 3441 3241 3488; x_wconf 89' lang='lat' dir='ltr'><strong>et</strong></span> <span class='ocrx_word' id='word_1_617' title='bbox 3268 3437 3499 3498; x_wconf 85' lang='lat' dir='ltr'><strong>arietes,</strong></span> 
     </span>
    </p>
   </div>
   <div class='ocr_carea' id='block_1_79' title="bbox 1915 3523 3499 3594">
    <p class='ocr_par' dir='ltr' id='par_1_79' title="bbox 1915 3523 3499 3594">
     <span class='ocr_line' id='line_1_79' title="bbox 1915 3523 3499 3594; baseline -0.003 -13"><span class='ocrx_word' id='word_1_618' title='bbox 1915 3534 1971 3581; x_wconf 85' lang='lat' dir='ltr'><strong>ct</strong></span> <span class='ocrx_word' id='word_1_619' title='bbox 2026 3528 2228 3590; x_wconf 86' lang='lat' dir='ltr'><strong>hircos,</strong></span> <span class='ocrx_word' id='word_1_620' title='bbox 2293 3536 2346 3580; x_wconf 90' lang='lat' dir='ltr'><strong>et</strong></span> <span class='ocrx_word' id='word_1_621' title='bbox 2382 3527 2614 3593; x_wconf 77' lang='lat' dir='ltr'><strong>grandes</strong></span> <span class='ocrx_word' id='word_1_622' title='bbox 2672 3541 2825 3587; x_wconf 76' lang='lat' dir='ltr'><strong>oves,</strong></span> <span class='ocrx_word' id='word_1_623' title='bbox 2865 3524 3064 3593; x_wconf 88' lang='lat' dir='ltr'><strong>quibus</strong></span> <span class='ocrx_word' id='word_1_624' title='bbox 3108 3523 3205 3594; x_wconf 84' lang='lat' dir='ltr'><strong>per</strong></span> <span class='ocrx_word' id='word_1_625' title='bbox 3245 3524 3499 3579; x_wconf 82' lang='lat' dir='ltr'><strong>Ezechiel</strong></span> 
     </span>
    </p>
   </div>
   <div class='ocr_carea' id='block_1_80' title="bbox 1918 3617 3503 3692">
    <p class='ocr_par' dir='ltr' id='par_1_80' title="bbox 1918 3617 3503 3692">
     <span class='ocr_line' id='line_1_80' title="bbox 1918 3617 3503 3692; baseline -0.002 -20"><span class='ocrx_word' id='word_1_626' title='bbox 1918 3619 2066 3692; x_wconf 85' lang='lat' dir='ltr'><strong>(cap.</strong></span> <span class='ocrx_word' id='word_1_627' title='bbox 2105 3617 2301 3690; x_wconf 78' lang='lat' dir='ltr'><strong>xxxtv)</strong></span> <span class='ocrx_word' id='word_1_628' title='bbox 2336 3618 2732 3682; x_wconf 87' lang='lat' dir='ltr'><strong>comminatur,</strong></span> <span class='ocrx_word' id='word_1_629' title='bbox 2767 3618 2914 3686; x_wconf 86' lang='lat' dir='ltr'><strong>quod</strong></span> <span class='ocrx_word' id='word_1_630' title='bbox 2951 3617 3093 3671; x_wconf 86' lang='lat' dir='ltr'><strong>lacte</strong></span> <span class='ocrx_word' id='word_1_631' title='bbox 3121 3625 3414 3672; x_wconf 78' lang='lat' dir='ltr'><strong>vescantur</strong></span> <span class='ocrx_word' id='word_1_632' title='bbox 3445 3626 3503 3670; x_wconf 93' lang='lat' dir='ltr'><strong>et</strong></span> 
     </span>
    </p>
   </div>
   <div class='ocr_carea' id='block_1_81' title="bbox 1917 3708 3505 3781">
    <p class='ocr_par' dir='ltr' id='par_1_81' title="bbox 1917 3708 3505 3781">
     <span class='ocr_line' id='line_1_81' title="bbox 1917 3708 3505 3781; baseline -0.003 -15"><span class='ocrx_word' id='word_1_633' title='bbox 1917 3712 2238 3780; x_wconf 84' lang='lat' dir='ltr'><strong>Operiantur</strong></span> <span class='ocrx_word' id='word_1_634' title='bbox 2278 3712 2436 3775; x_wconf 84' lang='lat' dir='ltr'><strong>lanis,</strong></span> <span class='ocrx_word' id='word_1_635' title='bbox 2471 3708 2636 3781; x_wconf 76' lang='grc'><strong>485</strong></span> <span class='ocrx_word' id='word_1_636' title='bbox 2672 3721 2725 3764; x_wconf 87' lang='lat' dir='ltr'><strong>et</strong></span> <span class='ocrx_word' id='word_1_637' title='bbox 2758 3712 3034 3764; x_wconf 80' lang='lat' dir='ltr'><strong>infirmum</strong></span> <span class='ocrx_word' id='word_1_638' title='bbox 3064 3717 3355 3763; x_wconf 87' lang='lat' dir='ltr'><strong>conterant</strong></span> <span class='ocrx_word' id='word_1_639' title='bbox 3379 3724 3505 3779; x_wconf 86' lang='lat' dir='ltr'><strong>gre-</strong></span> 
     </span>
    </p>
   </div>
   <div class='ocr_carea' id='block_1_82' title="bbox 1919 3799 3503 3874">
    <p class='ocr_par' dir='ltr' id='par_1_82' title="bbox 1919 3799 3503 3874">
     <span class='ocr_line' id='line_1_82' title="bbox 1919 3799 3503 3874; baseline -0.003 -17"><span class='ocrx_word' id='word_1_640' title='bbox 1919 3819 2064 3874; x_wconf 89' lang='lat' dir='ltr'><strong>gem,</strong></span> <span class='ocrx_word' id='word_1_641' title='bbox 2091 3804 2185 3858; x_wconf 89' lang='lat' dir='ltr'><strong>sed</strong></span> <span class='ocrx_word' id='word_1_642' title='bbox 2206 3817 2376 3869; x_wconf 76' lang='lat' dir='ltr'><strong>agnos</strong></span> <span class='ocrx_word' id='word_1_643' title='bbox 2411 3804 2590 3857; x_wconf 88' lang='lat' dir='ltr'><strong>adhuc</strong></span> <span class='ocrx_word' id='word_1_644' title='bbox 2620 3802 2872 3865; x_wconf 87' lang='lat' dir='ltr'><strong>tenellos,</strong></span> <span class='ocrx_word' id='word_1_645' title='bbox 2904 3812 2960 3857; x_wconf 90' lang='lat' dir='ltr'><strong>et</strong></span> <span class='ocrx_word' id='word_1_646' title='bbox 2999 3803 3150 3857; x_wconf 86' lang='lat' dir='ltr'><strong>rudis</strong></span> <span class='ocrx_word' id='word_1_647' title='bbox 3181 3802 3233 3853; x_wconf 92' lang='lat' dir='ltr'><strong>in</strong></span> <span class='ocrx_word' id='word_1_648' title='bbox 3283 3799 3503 3854; x_wconf 89' lang='lat' dir='ltr'><strong>Christo</strong></span> 
     </span>
    </p>
   </div>
   <div class='ocr_carea' id='block_1_83' title="bbox 1920 3892 3508 3965">
    <p class='ocr_par' dir='ltr' id='par_1_83' title="bbox 1920 3892 3508 3965">
     <span class='ocr_line' id='line_1_83' title="bbox 1920 3892 3508 3965; baseline -0.001 -17"><span class='ocrx_word' id='word_1_649' title='bbox 1920 3892 2186 3960; x_wconf 68' lang='lat' dir='ltr'><strong>infantiae,</strong></span> <span class='ocrx_word' id='word_1_650' title='bbox 2234 3894 2326 3965; x_wconf 89' lang='lat' dir='ltr'><strong>qui</strong></span> <span class='ocrx_word' id='word_1_651' title='bbox 2359 3908 2534 3963; x_wconf 90' lang='lat' dir='ltr'><strong>nuper</strong></span> <span class='ocrx_word' id='word_1_652' title='bbox 2571 3894 2623 3947; x_wconf 90' lang='lat' dir='ltr'><strong>in</strong></span> <span class='ocrx_word' id='word_1_653' title='bbox 2673 3894 2947 3963; x_wconf 85' lang='lat' dir='ltr'><strong>baptismo</strong></span> <span class='ocrx_word' id='word_1_654' title='bbox 2995 3904 3125 3948; x_wconf 91' lang='lat' dir='ltr'><strong>sunt</strong></span> <span class='ocrx_word' id='word_1_655' title='bbox 3178 3893 3376 3955; x_wconf 87' lang='lat' dir='ltr'><strong>renati,</strong></span> <span class='ocrx_word' id='word_1_656' title='bbox 3441 3893 3508 3946; x_wconf 88' lang='lat' dir='ltr'><strong>de</strong></span> 
     </span>
    </p>
   </div>
   <div class='ocr_carea' id='block_1_84' title="bbox 1921 3984 3509 4064">
    <p class='ocr_par' dir='ltr' id='par_1_84' title="bbox 1921 3984 3509 4064">
     <span class='ocr_line' id='line_1_84' title="bbox 1921 3984 3509 4064; baseline -0.004 -19"><span class='ocrx_word' id='word_1_657' title='bbox 1921 3991 2119 4064; x_wconf 87' lang='lat' dir='ltr'><strong>quibus</strong></span> <span class='ocrx_word' id='word_1_658' title='bbox 2150 3990 2266 4058; x_wconf 90' lang='lat' dir='ltr'><strong>ipse</strong></span> <span class='ocrx_word' id='word_1_659' title='bbox 2290 3988 2551 4043; x_wconf 86' lang='lat' dir='ltr'><strong>Dominus</strong></span> <span class='ocrx_word' id='word_1_660' title='bbox 2573 3987 2898 4059; x_wconf 86' lang='lat' dir='ltr'><strong>loquebatur</strong></span> <span class='ocrx_word' id='word_1_661' title='bbox 2926 3989 2992 4041; x_wconf 88' lang='lat' dir='ltr'><strong>ad</strong></span> <span class='ocrx_word' id='word_1_662' title='bbox 3024 3988 3241 4042; x_wconf 86' lang='lat' dir='ltr'><strong>Petrum</strong></span> <span class='ocrx_word' id='word_1_663' title='bbox 3283 4001 3304 4039; x_wconf 90' lang='lat'><strong><em>:</em></strong></span> <span class='ocrx_word' id='word_1_664' title='bbox 3337 3984 3509 4039; x_wconf 86' lang='lat' dir='ltr'><strong>Pasce</strong></span> 
     </span>
    </p>
   </div>
   <div class='ocr_carea' id='block_1_85' title="bbox 1924 4078 3511 4156">
    <p class='ocr_par' dir='ltr' id='par_1_85' title="bbox 1924 4078 3511 4156">
     <span class='ocr_line' id='line_1_85' title="bbox 1924 4078 3511 4156; baseline -0.004 -17"><span class='ocrx_word' id='word_1_665' title='bbox 1924 4100 2087 4156; x_wconf 88' lang='lat' dir='ltr'><strong>agnos</strong></span> <span class='ocrx_word' id='word_1_666' title='bbox 2106 4098 2246 4138; x_wconf 79' lang='lat' dir='ltr'><strong>meos</strong></span> <span class='ocrx_word' id='word_1_667' title='bbox 2272 4080 2456 4151; x_wconf 82' lang='lat' dir='ltr'><strong>(Joan.</strong></span> <span class='ocrx_word' id='word_1_668' title='bbox 2492 4095 2606 4147; x_wconf 73' lang='lat' dir='ltr'><strong>nt,</strong></span> <span class='ocrx_word' id='word_1_669' title='bbox 2642 4080 2755 4152; x_wconf 80' lang='grc'><strong>15).</strong></span> <span class='ocrx_word' id='word_1_670' title='bbox 2813 4079 2966 4136; x_wconf 70' lang='lat' dir='ltr'><strong>Unde</strong></span> <span class='ocrx_word' id='word_1_671' title='bbox 2990 4082 3119 4135; x_wconf 90' lang='lat' dir='ltr'><strong>etin</strong></span> <span class='ocrx_word' id='word_1_672' title='bbox 3149 4079 3341 4133; x_wconf 91' lang='lat' dir='ltr'><strong>eodem</strong></span> <span class='ocrx_word' id='word_1_673' title='bbox 3378 4078 3511 4132; x_wconf 82' lang='lat' dir='ltr'><strong>Eze-</strong></span> 
     </span>
    </p>
   </div>
   <div class='ocr_carea' id='block_1_86' title="bbox 1924 4171 3512 4245">
    <p class='ocr_par' dir='ltr' id='par_1_86' title="bbox 1924 4171 3512 4245">
     <span class='ocr_line' id='line_1_86' title="bbox 1924 4171 3512 4245; baseline -0.006 -12"><span class='ocrx_word' id='word_1_674' title='bbox 1924 4178 2102 4233; x_wconf 86' lang='lat' dir='ltr'><strong>chiele</strong></span> <span class='ocrx_word' id='word_1_675' title='bbox 2126 4177 2391 4245; x_wconf 87' lang='lat' dir='ltr'><strong>scriptum</strong></span> <span class='ocrx_word' id='word_1_676' title='bbox 2449 4182 2581 4230; x_wconf 80' lang='lat' dir='ltr'><strong>est~:</strong></span> <span class='ocrx_word' id='word_1_677' title='bbox 2611 4171 2892 4227; x_wconf 85' lang='lat' dir='ltr'><strong>Suscilabo</strong></span> <span class='ocrx_word' id='word_1_678' title='bbox 2922 4189 3086 4243; x_wconf 84' lang='lat' dir='ltr'><strong>super</strong></span> <span class='ocrx_word' id='word_1_679' title='bbox 3115 4188 3204 4226; x_wconf 79' lang='lat' dir='ltr'><strong>eos</strong></span> <span class='ocrx_word' id='word_1_680' title='bbox 3242 4180 3512 4239; x_wconf 83' lang='lat' dir='ltr'><strong>pastorem</strong></span> 
     </span>
    </p>
   </div>
   <div class='ocr_carea' id='block_1_87' title="bbox 1924 4264 3514 4338">
    <p class='ocr_par' dir='ltr' id='par_1_87' title="bbox 1924 4264 3514 4338">
     <span class='ocr_line' id='line_1_87' title="bbox 1924 4264 3514 4338; baseline -0.005 -15"><span class='ocrx_word' id='word_1_681' title='bbox 1924 4284 2112 4333; x_wconf 84' lang='lat' dir='ltr'><strong>unum,</strong></span> <span class='ocrx_word' id='word_1_682' title='bbox 2141 4278 2191 4322; x_wconf 81' lang='lat' dir='ltr'><strong>et</strong></span> <span class='ocrx_word' id='word_1_683' title='bbox 2218 4276 2396 4338; x_wconf 80' lang='lat' dir='ltr'><strong>pascet</strong></span> <span class='ocrx_word' id='word_1_684' title='bbox 2443 4283 2553 4329; x_wconf 83' lang='lat' dir='ltr'><strong>eos,</strong></span> <span class='ocrx_word' id='word_1_685' title='bbox 2586 4280 2797 4320; x_wconf 83' lang='lat' dir='ltr'><strong>servum</strong></span> <span class='ocrx_word' id='word_1_686' title='bbox 2845 4280 3019 4318; x_wconf 85' lang='lat' dir='ltr'><strong>meum</strong></span> <span class='ocrx_word' id='word_1_687' title='bbox 3085 4264 3257 4317; x_wconf 84' lang='lat' dir='ltr'><strong>David</strong></span> <span class='ocrx_word' id='word_1_688' title='bbox 3287 4278 3306 4327; x_wconf 91' lang='lat'><strong><em>;</em></strong></span> <span class='ocrx_word' id='word_1_689' title='bbox 3331 4272 3377 4318; x_wconf 85' lang='lat' dir='ltr'><strong>et</strong></span> <span class='ocrx_word' id='word_1_690' title='bbox 3409 4267 3514 4316; x_wconf 82' lang='lat' dir='ltr'><strong>erit</strong></span> 
     </span>
    </p>
   </div>
   <div class='ocr_carea' id='block_1_88' title="bbox 1925 4344 3513 4427">
    <p class='ocr_par' dir='ltr' id='par_1_88' title="bbox 1925 4344 3513 4427">
     <span class='ocr_line' id='line_1_88' title="bbox 1925 4344 3513 4427; baseline -0.006 -14"><span class='ocrx_word' id='word_1_691' title='bbox 1925 4369 2110 4425; x_wconf 85' lang='lat' dir='ltr'><strong>pastor</strong></span> <span class='ocrx_word' id='word_1_692' title='bbox 2137 4374 2342 4422; x_wconf 84' lang='lat' dir='ltr'><strong>eorum,</strong></span> <span class='ocrx_word' id='word_1_693' title='bbox 2373 4366 2422 4412; x_wconf 85' lang='lat' dir='ltr'><strong>et</strong></span> <span class='ocrx_word' id='word_1_694' title='bbox 2457 4373 2551 4427; x_wconf 88' lang='lat' dir='ltr'><strong>ego</strong></span> <span class='ocrx_word' id='word_1_695' title='bbox 2581 4355 2835 4410; x_wconf 83' lang='lat' dir='ltr'><strong>Dominus</strong></span> <span class='ocrx_word' id='word_1_696' title='bbox 2883 4370 2970 4410; x_wconf 89' lang='lat' dir='ltr'><strong>ero</strong></span> <span class='ocrx_word' id='word_1_697' title='bbox 3000 4355 3074 4407; x_wconf 86' lang='lat' dir='ltr'><strong>eis</strong></span> <span class='ocrx_word' id='word_1_698' title='bbox 3127 4354 3181 4407; x_wconf 85' lang='lat' dir='ltr'><strong>in</strong></span> <span class='ocrx_word' id='word_1_699' title='bbox 3214 4352 3408 4418; x_wconf 87' lang='lat' dir='ltr'><strong>Deum,</strong></span> <span class='ocrx_word' id='word_1_700' title='bbox 3460 4344 3513 4404; x_wconf 69' lang='grc' dir='ltr'><strong>εὶ</strong></span> 
     </span>
    </p>
   </div>
   <div class='ocr_carea' id='block_1_89' title="bbox 242 4442 1808 4522">
    <p class='ocr_par' dir='ltr' id='par_1_89' title="bbox 242 4442 1808 4513">
     <span class='ocr_line' id='line_1_89' title="bbox 242 4442 1808 4513; baseline -0.007 -5"><span class='ocrx_word' id='word_1_701' title='bbox 242 4455 431 4508; x_wconf 79' lang='lat' dir='ltr'><strong>visura</strong></span> <span class='ocrx_word' id='word_1_702' title='bbox 487 4452 563 4506; x_wconf 85' lang='lat' dir='ltr'><strong>sit</strong></span> <span class='ocrx_word' id='word_1_703' title='bbox 620 4449 859 4505; x_wconf 85' lang='lat' dir='ltr'><strong>salutare</strong></span> <span class='ocrx_word' id='word_1_704' title='bbox 897 4447 1018 4513; x_wconf 89' lang='lat' dir='ltr'><strong>Dei,</strong></span> <span class='ocrx_word' id='word_1_705' title='bbox 1072 4448 1285 4502; x_wconf 76' lang='lat' dir='ltr'><strong>excelsa</strong></span> <span class='ocrx_word' id='word_1_706' title='bbox 1348 4442 1808 4509; x_wconf 61' lang='lat' dir='ltr'><strong>conscendendi</strong></span> 
     </span>
    </p>
   </div>
   <div class='ocr_carea' id='block_1_90' title="bbox 1917 4442 3516 4522">
    <p class='ocr_par' dir='ltr' id='par_1_90' title="bbox 1930 4445 3516 4518">
     <span class='ocr_line' id='line_1_90' title="bbox 1930 4445 3516 4518; baseline -0.007 -11"><span class='ocrx_word' id='word_1_707' title='bbox 1930 4451 2101 4507; x_wconf 81' lang='lat' dir='ltr'><strong>David</strong></span> <span class='ocrx_word' id='word_1_708' title='bbox 2129 4453 2183 4506; x_wconf 87' lang='lat' dir='ltr'><strong>in</strong></span> <span class='ocrx_word' id='word_1_709' title='bbox 2211 4452 2383 4506; x_wconf 85' lang='lat' dir='ltr'><strong>medio</strong></span> <span class='ocrx_word' id='word_1_710' title='bbox 2416 4467 2597 4504; x_wconf 87' lang='lat' dir='ltr'><strong>eorum</strong></span> <span class='ocrx_word' id='word_1_711' title='bbox 2623 4450 2887 4518; x_wconf 80' lang='lat' dir='ltr'><strong>princeps.</strong></span> <span class='ocrx_word' id='word_1_712' title='bbox 2943 4446 3053 4518; x_wconf 82' lang='lat' dir='ltr'><strong>Ego</strong></span> <span class='ocrx_word' id='word_1_713' title='bbox 3083 4447 3337 4500; x_wconf 87' lang='lat' dir='ltr'><strong>Dominus</strong></span> <span class='ocrx_word' id='word_1_714' title='bbox 3365 4445 3516 4498; x_wconf 81' lang='lat' dir='ltr'><strong>locu-</strong></span> 
     </span>
    </p>
   </div>
   <div class='ocr_carea' id='block_1_91' title="bbox 244 4538 1820 4618">
    <p class='ocr_par' dir='ltr' id='par_1_91' title="bbox 244 4538 1820 4618">
     <span class='ocr_line' id='line_1_91' title="bbox 244 4538 1820 4618; baseline -0.01 -13"><span class='ocrx_word' id='word_1_715' title='bbox 244 4547 572 4618; x_wconf 83' lang='lat' dir='ltr'><strong>maguisque</strong></span> <span class='ocrx_word' id='word_1_716' title='bbox 612 4538 868 4611; x_wconf 49' lang='lat' dir='ltr'><strong>&#39;dicturi,</strong></span> <span class='ocrx_word' id='word_1_717' title='bbox 923 4543 979 4597; x_wconf 90' lang='lat' dir='ltr'><strong>in</strong></span> <span class='ocrx_word' id='word_1_718' title='bbox 1014 4539 1343 4597; x_wconf 80' lang='lat' dir='ltr'><strong>sublimibus</strong></span> <span class='ocrx_word' id='word_1_719' title='bbox 1386 4545 1820 4594; x_wconf 71' lang='lat' dir='ltr'><strong>commorantur.</strong></span> 
     </span>
    </p>
   </div>
   <div class='ocr_carea' id='block_1_92' title="bbox 247 4635 1831 4703">
    <p class='ocr_par' dir='ltr' id='par_1_92' title="bbox 247 4635 1831 4703">
     <span class='ocr_line' id='line_1_92' title="bbox 247 4635 1831 4703; baseline -0.009 -6"><span class='ocrx_word' id='word_1_720' title='bbox 247 4640 425 4697; x_wconf 82' lang='lat' dir='ltr'><strong>Porro</strong></span> <span class='ocrx_word' id='word_1_721' title='bbox 474 4639 804 4695; x_wconf 79' lang='lat' dir='ltr'><strong>chraieum</strong></span> <span class='ocrx_word' id='word_1_722' title='bbox 826 4648 880 4691; x_wconf 92' lang='lat' dir='ltr'><strong>et</strong></span> <span class='ocrx_word' id='word_1_723' title='bbox 907 4635 1092 4690; x_wconf 67' lang='lat' dir='ltr'><strong>caeteri</strong></span> <span class='ocrx_word' id='word_1_724' title='bbox 1124 4635 1453 4702; x_wconf 83' lang='lat' dir='ltr'><strong>interpretes</strong></span> <span class='ocrx_word' id='word_1_725' title='bbox 1502 4638 1831 4703; x_wconf 80' lang='lat' dir='ltr'><strong>ponuntge-</strong></span> 
     </span>
    </p>
   </div>
   <div class='ocr_carea' id='block_1_93' title="bbox 246 4722 1826 4796">
    <p class='ocr_par' dir='ltr' id='par_1_93' title="bbox 246 4722 1826 4796">
     <span class='ocr_line' id='line_1_93' title="bbox 246 4722 1826 4796; baseline -0.009 -6"><span class='ocrx_word' id='word_1_726' title='bbox 246 4748 378 4790; x_wconf 86' lang='lat' dir='ltr'><strong>nere</strong></span> <span class='ocrx_word' id='word_1_727' title='bbox 399 4732 681 4796; x_wconf 88' lang='lat' dir='ltr'><strong>feminino,</strong></span> <span class='ocrx_word' id='word_1_728' title='bbox 714 4736 774 4783; x_wconf 92' lang='lat' dir='ltr'><strong>ut</strong></span> <span class='ocrx_word' id='word_1_729' title='bbox 806 4728 1013 4793; x_wconf 90' lang='lat' dir='ltr'><strong>dicant,</strong></span> <span class='ocrx_word' id='word_1_730' title='bbox 1055 4740 1173 4794; x_wconf 71' lang='lat' dir='ltr'><strong>quae</strong></span> <span class='ocrx_word' id='word_1_731' title='bbox 1195 4725 1527 4794; x_wconf 78' lang='lat' dir='ltr'><strong>euangelizas</strong></span> <span class='ocrx_word' id='word_1_732' title='bbox 1561 4722 1719 4787; x_wconf 87' lang='lat' dir='ltr'><strong>Sion,</strong></span> <span class='ocrx_word' id='word_1_733' title='bbox 1775 4728 1826 4775; x_wconf 83' lang='lat' dir='ltr'><strong>et</strong></span> 
     </span>
    </p>
   </div>
   <div class='ocr_carea' id='block_1_94' title="bbox 249 4814 1830 4897">
    <p class='ocr_par' dir='ltr' id='par_1_94' title="bbox 249 4814 1830 4897">
     <span class='ocr_line' id='line_1_94' title="bbox 249 4814 1830 4897; baseline -0.006 -17"><span class='ocrx_word' id='word_1_734' title='bbox 249 4841 371 4897; x_wconf 67' lang='lat' dir='ltr'><strong>qui:</strong></span> <span class='ocrx_word' id='word_1_735' title='bbox 436 4820 765 4891; x_wconf 75' lang='lat' dir='ltr'><strong>erangelisas</strong></span> <span class='ocrx_word' id='word_1_736' title='bbox 801 4817 1125 4873; x_wconf 81' lang='lat' dir='ltr'><strong>Jerusalem.</strong></span> <span class='ocrx_word' id='word_1_737' title='bbox 1194 4814 1352 4882; x_wconf 86' lang='lat' dir='ltr'><strong>Quod</strong></span> <span class='ocrx_word' id='word_1_738' title='bbox 1401 4817 1626 4871; x_wconf 81' lang='lat' dir='ltr'><strong>verbum</strong></span> <span class='ocrx_word' id='word_1_739' title='bbox 1670 4815 1830 4886; x_wconf 79' lang='lat' dir='ltr'><strong>juxta</strong></span> 
     </span>
    </p>
   </div>
   <div class='ocr_carea' id='block_1_95' title="bbox 251 4905 1831 4983">
    <p class='ocr_par' dir='ltr' id='par_1_95' title="bbox 251 4905 1831 4983">
     <span class='ocr_line' id='line_1_95' title="bbox 251 4905 1831 4983; baseline -0.007 -11"><span class='ocrx_word' id='word_1_740' title='bbox 251 4918 475 4973; x_wconf 60' lang='lat' dir='ltr'><strong>Gnaeos</strong></span> <span class='ocrx_word' id='word_1_741' title='bbox 497 4914 809 4983; x_wconf 75' lang='lat' dir='ltr'><strong>arnbiguum</strong></span> <span class='ocrx_word' id='word_1_742' title='bbox 844 4918 950 4976; x_wconf 89' lang='lat' dir='ltr'><strong>est,</strong></span> <span class='ocrx_word' id='word_1_743' title='bbox 986 4919 1047 4964; x_wconf 92' lang='lat' dir='ltr'><strong>ut</strong></span> <span class='ocrx_word' id='word_1_744' title='bbox 1099 4911 1372 4978; x_wconf 87' lang='lat' dir='ltr'><strong>possimus</strong></span> <span class='ocrx_word' id='word_1_745' title='bbox 1414 4908 1684 4977; x_wconf 85' lang='lat' dir='ltr'><strong>accipere,</strong></span> <span class='ocrx_word' id='word_1_746' title='bbox 1747 4905 1831 4962; x_wconf 85' lang='lat' dir='ltr'><strong>vel</strong></span> 
     </span>
    </p>
   </div>
   <div class='ocr_carea' id='block_1_96' title="bbox 260 5000 1833 5079">
    <p class='ocr_par' dir='ltr' id='par_1_96' title="bbox 260 5000 1833 5079">
     <span class='ocr_line' id='line_1_96' title="bbox 260 5000 1833 5079; baseline -0.006 -15"><span class='ocrx_word' id='word_1_747' title='bbox 260 5026 383 5067; x_wconf 85' lang='lat' dir='ltr'><strong>eam</strong></span> <span class='ocrx_word' id='word_1_748' title='bbox 417 5024 538 5079; x_wconf 83' lang='lat' dir='ltr'><strong>qua:</strong></span> <span class='ocrx_word' id='word_1_749' title='bbox 566 5006 799 5068; x_wconf 88' lang='lat' dir='ltr'><strong>nuntiat,</strong></span> <span class='ocrx_word' id='word_1_750' title='bbox 822 5003 906 5058; x_wconf 87' lang='lat' dir='ltr'><strong>vel</strong></span> <span class='ocrx_word' id='word_1_751' title='bbox 928 5019 1048 5059; x_wconf 89' lang='lat' dir='ltr'><strong>eam</strong></span> <span class='ocrx_word' id='word_1_752' title='bbox 1076 5004 1161 5057; x_wconf 89' lang='lat' dir='ltr'><strong>cui</strong></span> <span class='ocrx_word' id='word_1_753' title='bbox 1186 5003 1487 5057; x_wconf 81' lang='lat' dir='ltr'><strong>nuntiatur.</strong></span> <span class='ocrx_word' id='word_1_754' title='bbox 1521 5000 1648 5055; x_wconf 90' lang='lat' dir='ltr'><strong>Sive</strong></span> <span class='ocrx_word' id='word_1_755' title='bbox 1667 5001 1833 5070; x_wconf 82' lang='lat' dir='ltr'><strong>igitur</strong></span> 
     </span>
    </p>
   </div>
   <div class='ocr_carea' id='block_1_97' title="bbox 261 5091 1833 5165">
    <p class='ocr_par' dir='ltr' id='par_1_97' title="bbox 261 5091 1833 5165">
     <span class='ocr_line' id='line_1_97' title="bbox 261 5091 1833 5165; baseline -0.008 -7"><span class='ocrx_word' id='word_1_756' title='bbox 261 5102 479 5158; x_wconf 89' lang='lat' dir='ltr'><strong>nuntiat</strong></span> <span class='ocrx_word' id='word_1_757' title='bbox 525 5100 748 5155; x_wconf 86' lang='lat' dir='ltr'><strong>verbum</strong></span> <span class='ocrx_word' id='word_1_758' title='bbox 783 5096 900 5165; x_wconf 89' lang='lat' dir='ltr'><strong>Dei,</strong></span> <span class='ocrx_word' id='word_1_759' title='bbox 943 5106 998 5151; x_wconf 90' lang='lat' dir='ltr'><strong>et</strong></span> <span class='ocrx_word' id='word_1_760' title='bbox 1029 5094 1248 5150; x_wconf 83' lang='lat' dir='ltr'><strong>Domini</strong></span> <span class='ocrx_word' id='word_1_761' title='bbox 1280 5093 1542 5158; x_wconf 85' lang='lat' dir='ltr'><strong>salutare,</strong></span> <span class='ocrx_word' id='word_1_762' title='bbox 1597 5091 1731 5149; x_wconf 89' lang='lat' dir='ltr'><strong>Sion</strong></span> <span class='ocrx_word' id='word_1_763' title='bbox 1778 5098 1833 5146; x_wconf 89' lang='lat' dir='ltr'><strong>et</strong></span> 
     </span>
    </p>
   </div>
   <div class='ocr_carea' id='block_1_98' title="bbox 328 5317 1834 5395">
    <p class='ocr_par' dir='ltr' id='par_1_98' title="bbox 328 5317 1834 5395">
     <span class='ocr_line' id='line_1_98' title="bbox 328 5317 1834 5395; baseline -0.007 -12"><span class='ocrx_word' id='word_1_764' title='bbox 328 5329 449 5383; x_wconf 74' lang='lat' dir='ltr'><strong>‘Ad</strong></span> <span class='ocrx_word' id='word_1_765' title='bbox 474 5325 709 5395; x_wconf 87' lang='lat' dir='ltr'><strong>margin.</strong></span> <span class='ocrx_word' id='word_1_766' title='bbox 759 5323 936 5378; x_wconf 79' lang='lat' dir='ltr'><strong>Vatic.</strong></span> <span class='ocrx_word' id='word_1_767' title='bbox 992 5338 1094 5377; x_wconf 88' lang='lat' dir='ltr'><strong>ms.</strong></span> <span class='ocrx_word' id='word_1_768' title='bbox 1150 5322 1353 5395; x_wconf 64' lang='lat' dir='ltr'><strong>Aratus</strong></span> <span class='ocrx_word' id='word_1_769' title='bbox 1398 5319 1681 5376; x_wconf 90' lang='lat' dir='ltr'><strong>scribitur.</strong></span> <span class='ocrx_word' id='word_1_770' title='bbox 1736 5317 1834 5395; x_wconf 64' lang='lat' dir='ltr'><strong>Est</strong></span> 
     </span>
    </p>
   </div>
   <div class='ocr_carea' id='block_1_99' title="bbox 254 5390 1833 5460">
    <p class='ocr_par' dir='ltr' id='par_1_99' title="bbox 254 5390 1833 5460">
     <span class='ocr_line' id='line_1_99' title="bbox 254 5390 1833 5460; baseline -0.008 -6"><span class='ocrx_word' id='word_1_771' title='bbox 254 5409 435 5453; x_wconf 80' lang='lat' dir='ltr'><strong>autem</strong></span> <span class='ocrx_word' id='word_1_772' title='bbox 466 5390 722 5449; x_wconf 61' lang='lat' dir='ltr'><strong>[sacratis</strong></span> <span class='ocrx_word' id='word_1_773' title='bbox 763 5396 1032 5450; x_wconf 86' lang='lat' dir='ltr'><strong>sententia</strong></span> <span class='ocrx_word' id='word_1_774' title='bbox 1078 5394 1179 5447; x_wconf 90' lang='lat' dir='ltr'><strong>sub</strong></span> <span class='ocrx_word' id='word_1_775' title='bbox 1236 5393 1450 5446; x_wconf 90' lang='lat' dir='ltr'><strong>initium</strong></span> <span class='ocrx_word' id='word_1_776' title='bbox 1492 5390 1833 5460; x_wconf 65' lang='lat' dir='ltr'><strong>paraeneticte</strong></span> 
     </span>
    </p>
   </div>
   <div class='ocr_carea' id='block_1_100' title="bbox 253 5460 1834 5533">
    <p class='ocr_par' dir='ltr' id='par_1_100' title="bbox 253 5460 1834 5533">
     <span class='ocr_line' id='line_1_100' title="bbox 253 5460 1834 5533; baseline -0.008 -8"><span class='ocrx_word' id='word_1_777' title='bbox 253 5471 405 5526; x_wconf 83' lang='lat' dir='ltr'><strong>Orat.</strong></span> <span class='ocrx_word' id='word_1_778' title='bbox 439 5469 506 5520; x_wconf 83' lang='lat' dir='ltr'><strong>ad</strong></span> <span class='ocrx_word' id='word_1_779' title='bbox 534 5465 904 5528; x_wconf 81' lang='lat' dir='ltr'><strong>Demonicum,</strong></span> <span class='ocrx_word' id='word_1_780' title='bbox 936 5463 1132 5527; x_wconf 79' lang='grc' dir='ltr'><strong>κάλλος</strong></span> <span class='ocrx_word' id='word_1_781' title='bbox 1166 5464 1263 5533; x_wconf 82' lang='grc' dir='ltr'><strong>μὲν</strong></span> <span class='ocrx_word' id='word_1_782' title='bbox 1290 5465 1399 5533; x_wconf 81' lang='grc' dir='ltr'><strong>γὰρ</strong></span> <span class='ocrx_word' id='word_1_783' title='bbox 1425 5462 1457 5533; x_wconf 78' lang='grc' dir='ltr'>ἦ</span> <span class='ocrx_word' id='word_1_784' title='bbox 1488 5462 1677 5532; x_wconf 74' lang='grc' dir='ltr'><strong>χρόνος</strong></span> <span class='ocrx_word' id='word_1_785' title='bbox 1704 5460 1834 5514; x_wconf 76' lang='grc' dir='ltr'><strong>ἀνά-</strong></span> 
     </span>
    </p>
   </div>
   <div class='ocr_carea' id='block_1_101' title="bbox 254 5536 1002 5606">
    <p class='ocr_par' dir='ltr' id='par_1_101' title="bbox 254 5536 1002 5606">
     <span class='ocr_line' id='line_1_101' title="bbox 254 5536 1002 5606; baseline -0.003 -14"><span class='ocrx_word' id='word_1_786' title='bbox 254 5541 448 5603; x_wconf 71' lang='grc' dir='ltr'><strong>λωοεν,</strong></span> <span class='ocrx_word' id='word_1_787' title='bbox 480 5536 515 5606; x_wconf 77' lang='grc' dir='ltr'><strong>ἢ</strong></span> <span class='ocrx_word' id='word_1_788' title='bbox 548 5536 701 5598; x_wconf 73' lang='grc' dir='ltr'><strong>νόσος</strong></span> <span class='ocrx_word' id='word_1_789' title='bbox 736 5536 1002 5605; x_wconf 75' lang='grc' dir='ltr'><strong>ἐμάρανε.</strong></span> 
     </span>
    </p>
   </div>
   <div class='ocr_carea' id='block_1_102' title="bbox 324 5602 1834 5674">
    <p class='ocr_par' dir='ltr' id='par_1_102' title="bbox 324 5602 1834 5674">
     <span class='ocr_line' id='line_1_102' title="bbox 324 5602 1834 5674; baseline -0.002 -14"><span class='ocrx_word' id='word_1_790' title='bbox 324 5612 345 5640; x_wconf 83' lang='grc'>⁸</span> <span class='ocrx_word' id='word_1_791' title='bbox 380 5602 691 5662; x_wconf 76' lang='lat' dir='ltr'><strong>Delevimns</strong></span> <span class='ocrx_word' id='word_1_792' title='bbox 725 5602 887 5660; x_wconf 80' lang='lat' dir='ltr'><strong>verba</strong></span> <span class='ocrx_word' id='word_1_793' title='bbox 948 5617 996 5659; x_wconf 84' lang='lat' dir='ltr'><strong>et</strong></span> <span class='ocrx_word' id='word_1_794' title='bbox 1026 5605 1088 5674; x_wconf 43' lang='lat' dir='ltr'><strong>in.</strong></span> <span class='ocrx_word' id='word_1_795' title='bbox 1109 5603 1231 5658; x_wconf 86' lang='lat' dir='ltr'><strong>sinu</strong></span> <span class='ocrx_word' id='word_1_796' title='bbox 1265 5620 1359 5657; x_wconf 90' lang='lat' dir='ltr'><strong>suo</strong></span> <span class='ocrx_word' id='word_1_797' title='bbox 1414 5602 1668 5671; x_wconf 86' lang='lat' dir='ltr'><strong>portabit,</strong></span> <span class='ocrx_word' id='word_1_798' title='bbox 1713 5617 1834 5672; x_wconf 65' lang='lat' dir='ltr'><strong>qua:</strong></span> 
     </span>
    </p>
   </div>
   <div class='ocr_carea' id='block_1_103' title="bbox 258 5676 1830 5741">
    <p class='ocr_par' dir='ltr' id='par_1_103' title="bbox 258 5676 1830 5741">
     <span class='ocr_line' id='line_1_103' title="bbox 258 5676 1830 5741; baseline -0.005 -7"><span class='ocrx_word' id='word_1_799' title='bbox 258 5680 344 5735; x_wconf 89' lang='lat' dir='ltr'><strong>hic</strong></span> <span class='ocrx_word' id='word_1_800' title='bbox 373 5678 881 5741; x_wconf 78' lang='lat' dir='ltr'><strong>intersercbautur,</strong></span> <span class='ocrx_word' id='word_1_801' title='bbox 916 5677 971 5730; x_wconf 90' lang='lat' dir='ltr'><strong>in</strong></span> <span class='ocrx_word' id='word_1_802' title='bbox 1024 5690 1155 5730; x_wconf 89' lang='lat' dir='ltr'><strong>mss.</strong></span> <span class='ocrx_word' id='word_1_803' title='bbox 1209 5684 1393 5728; x_wconf 85' lang='lat' dir='ltr'><strong>autem</strong></span> <span class='ocrx_word' id='word_1_804' title='bbox 1456 5676 1657 5727; x_wconf 86' lang='lat' dir='ltr'><strong>nostris</strong></span> <span class='ocrx_word' id='word_1_805' title='bbox 1722 5690 1830 5726; x_wconf 91' lang='lat' dir='ltr'><strong>non</strong></span> 
     </span>
    </p>
   </div>
   <div class='ocr_carea' id='block_1_104' title="bbox 258 5743 1833 5821">
    <p class='ocr_par' dir='ltr' id='par_1_104' title="bbox 258 5743 1833 5821">
     <span class='ocr_line' id='line_1_104' title="bbox 258 5743 1833 5821; baseline -0.004 -16"><span class='ocrx_word' id='word_1_806' title='bbox 258 5762 406 5821; x_wconf 83' lang='lat' dir='ltr'><strong>sunt,</strong></span> <span class='ocrx_word' id='word_1_807' title='bbox 430 5756 485 5806; x_wconf 84' lang='lat' dir='ltr'><strong>ct</strong></span> <span class='ocrx_word' id='word_1_808' title='bbox 523 5748 873 5804; x_wconf 82' lang='lat' dir='ltr'><strong>tnanifcstum</strong></span> <span class='ocrx_word' id='word_1_809' title='bbox 912 5757 995 5805; x_wconf 81' lang='lat' dir='ltr'><strong>est</strong></span> <span class='ocrx_word' id='word_1_810' title='bbox 1056 5761 1123 5803; x_wconf 73' lang='lat' dir='ltr'><strong>ex</strong></span> <span class='ocrx_word' id='word_1_811' title='bbox 1151 5745 1362 5817; x_wconf 69' lang='lat' dir='ltr'><strong>Aquila.-</strong></span> <span class='ocrx_word' id='word_1_812' title='bbox 1414 5758 1476 5800; x_wconf 83' lang='lat' dir='ltr'><strong>ac</strong></span> <span class='ocrx_word' id='word_1_813' title='bbox 1516 5743 1833 5813; x_wconf 78' lang='lat' dir='ltr'><strong>Symmachi</strong></span> 
     </span>
    </p>
   </div>
   <div class='ocr_carea' id='block_1_105' title="bbox 1936 4539 3516 4613">
    <p class='ocr_par' dir='ltr' id='par_1_105' title="bbox 1936 4539 3516 4613">
     <span class='ocr_line' id='line_1_105' title="bbox 1936 4539 3516 4613; baseline -0.006 -14"><span class='ocrx_word' id='word_1_814' title='bbox 1936 4555 2020 4599; x_wconf 89' lang='lat' dir='ltr'><strong>lus</strong></span> <span class='ocrx_word' id='word_1_815' title='bbox 2050 4561 2190 4609; x_wconf 88' lang='lat' dir='ltr'><strong>sum,</strong></span> <span class='ocrx_word' id='word_1_816' title='bbox 2242 4556 2289 4599; x_wconf 80' lang='lat' dir='ltr'><strong>et</strong></span> <span class='ocrx_word' id='word_1_817' title='bbox 2343 4560 2539 4613; x_wconf 87' lang='lat' dir='ltr'><strong>ponam</strong></span> <span class='ocrx_word' id='word_1_818' title='bbox 2565 4560 2685 4597; x_wconf 85' lang='lat' dir='ltr'><strong>cum</strong></span> <span class='ocrx_word' id='word_1_819' title='bbox 2717 4542 2892 4596; x_wconf 85' lang='lat' dir='ltr'><strong>David</strong></span> <span class='ocrx_word' id='word_1_820' title='bbox 2941 4550 3314 4596; x_wconf 79' lang='lat' dir='ltr'><strong>testamentum</strong></span> <span class='ocrx_word' id='word_1_821' title='bbox 3369 4539 3516 4606; x_wconf 82' lang='lat' dir='ltr'><strong>pacis</strong></span> 
     </span>
    </p>
   </div>
   <div class='ocr_carea' id='block_1_106' title="bbox 1935 4626 3518 4707">
    <p class='ocr_par' dir='ltr' id='par_1_106' title="bbox 1935 4626 3518 4707">
     <span class='ocr_line' id='line_1_106' title="bbox 1935 4626 3518 4707; baseline -0.006 -18"><span class='ocrx_word' id='word_1_822' title='bbox 1935 4634 2155 4707; x_wconf 68' lang='lat' dir='ltr'><strong>(Eur-It.</strong></span> <span class='ocrx_word' id='word_1_823' title='bbox 2200 4626 2387 4700; x_wconf 71' lang='lat' dir='ltr'><strong>xixtv,</strong></span> <span class='ocrx_word' id='word_1_824' title='bbox 2418 4634 2636 4704; x_wconf 73' lang='lat'><strong>23-25).</strong></span> <span class='ocrx_word' id='word_1_825' title='bbox 2664 4633 2721 4687; x_wconf 86' lang='lat' dir='ltr'><strong>lu</strong></span> <span class='ocrx_word' id='word_1_826' title='bbox 2749 4649 2854 4703; x_wconf 87' lang='lat' dir='ltr'><strong>quo</strong></span> <span class='ocrx_word' id='word_1_827' title='bbox 2880 4634 3337 4688; x_wconf 72' lang='lat' dir='ltr'><strong>considerandum</strong></span> <span class='ocrx_word' id='word_1_828' title='bbox 3374 4629 3518 4697; x_wconf 67' lang='lat' dir='ltr'><strong>quod</strong></span> 
     </span>
    </p>
   </div>
   <div class='ocr_carea' id='block_1_107' title="bbox 1936 4724 3521 4799">
    <p class='ocr_par' dir='ltr' id='par_1_107' title="bbox 1936 4724 3521 4799">
     <span class='ocr_line' id='line_1_107' title="bbox 1936 4724 3521 4799; baseline -0.005 -17"><span class='ocrx_word' id='word_1_829' title='bbox 1936 4738 2057 4797; x_wconf 90' lang='lat' dir='ltr'><strong>post</strong></span> <span class='ocrx_word' id='word_1_830' title='bbox 2082 4727 2251 4782; x_wconf 85' lang='lat' dir='ltr'><strong>multa</strong></span> <span class='ocrx_word' id='word_1_831' title='bbox 2309 4737 2553 4799; x_wconf 76' lang='lat' dir='ltr'><strong>tempore</strong></span> <span class='ocrx_word' id='word_1_832' title='bbox 2584 4728 2774 4791; x_wconf 85' lang='lat' dir='ltr'><strong>David,</strong></span> <span class='ocrx_word' id='word_1_833' title='bbox 2810 4728 3020 4797; x_wconf 81' lang='lat' dir='ltr'><strong>gulosis</strong></span> <span class='ocrx_word' id='word_1_834' title='bbox 3072 4724 3380 4794; x_wconf 83' lang='lat' dir='ltr'><strong>p..storibus</strong></span> <span class='ocrx_word' id='word_1_835' title='bbox 3432 4736 3521 4775; x_wconf 85' lang='lat' dir='ltr'><strong>re-</strong></span> 
     </span>
    </p>
   </div>
   <div class='ocr_carea' id='block_1_108' title="bbox 1934 4813 3523 4890">
    <p class='ocr_par' dir='ltr' id='par_1_108' title="bbox 1934 4813 3523 4890">
     <span class='ocr_line' id='line_1_108' title="bbox 1934 4813 3523 4890; baseline -0.006 -14"><span class='ocrx_word' id='word_1_836' title='bbox 1934 4821 2203 4890; x_wconf 88' lang='lat' dir='ltr'><strong>probatis,</strong></span> <span class='ocrx_word' id='word_1_837' title='bbox 2243 4819 2529 4875; x_wconf 87' lang='lat' dir='ltr'><strong>Dominum</strong></span> <span class='ocrx_word' id='word_1_838' title='bbox 2565 4830 2832 4885; x_wconf 88' lang='lat' dir='ltr'><strong>nostrum,</strong></span> <span class='ocrx_word' id='word_1_839' title='bbox 2862 4820 2955 4889; x_wconf 84' lang='lat' dir='ltr'><strong>qui</strong></span> <span class='ocrx_word' id='word_1_840' title='bbox 2988 4828 3074 4874; x_wconf 88' lang='lat' dir='ltr'><strong>est</strong></span> <span class='ocrx_word' id='word_1_841' title='bbox 3112 4817 3180 4871; x_wconf 90' lang='lat' dir='ltr'><strong>de</strong></span> <span class='ocrx_word' id='word_1_842' title='bbox 3205 4817 3374 4882; x_wconf 90' lang='lat' dir='ltr'><strong>stirpe</strong></span> <span class='ocrx_word' id='word_1_843' title='bbox 3414 4813 3523 4867; x_wconf 78' lang='lat' dir='ltr'><strong>Da-</strong></span> 
     </span>
    </p>
   </div>
   <div class='ocr_carea' id='block_1_109' title="bbox 1939 4909 3518 4980">
    <p class='ocr_par' dir='ltr' id='par_1_109' title="bbox 1939 4909 3518 4980">
     <span class='ocr_line' id='line_1_109' title="bbox 1939 4909 3518 4980; baseline -0.006 -11"><span class='ocrx_word' id='word_1_844' title='bbox 1939 4915 2050 4980; x_wconf 85' lang='lat' dir='ltr'><strong>vid,</strong></span> <span class='ocrx_word' id='word_1_845' title='bbox 2108 4914 2505 4968; x_wconf 82' lang='lat' dir='ltr'><strong>suscitaturum</strong></span> <span class='ocrx_word' id='word_1_846' title='bbox 2556 4928 2680 4969; x_wconf 86' lang='lat' dir='ltr'><strong>esse</strong></span> <span class='ocrx_word' id='word_1_847' title='bbox 2740 4929 2798 4966; x_wconf 78' lang='lat' dir='ltr'><strong>se</strong></span> <span class='ocrx_word' id='word_1_848' title='bbox 2839 4912 3007 4972; x_wconf 84' lang='lat' dir='ltr'><strong>dicat,</strong></span> <span class='ocrx_word' id='word_1_849' title='bbox 3066 4909 3158 4979; x_wconf 90' lang='lat' dir='ltr'><strong>qui</strong></span> <span class='ocrx_word' id='word_1_850' title='bbox 3215 4918 3518 4977; x_wconf 75' lang='lat' dir='ltr'><strong>congreget</strong></span> 
     </span>
    </p>
   </div>
   <div class='ocr_carea' id='block_1_110' title="bbox 1938 4999 3518 5075">
    <p class='ocr_par' dir='ltr' id='par_1_110' title="bbox 1938 4999 3518 5075">
     <span class='ocr_line' id='line_1_110' title="bbox 1938 4999 3518 5075; baseline -0.003 -17"><span class='ocrx_word' id='word_1_851' title='bbox 1938 5013 2203 5075; x_wconf 83' lang='lat' dir='ltr'><strong>agnos,et</strong></span> <span class='ocrx_word' id='word_1_852' title='bbox 2240 5006 2419 5060; x_wconf 88' lang='lat' dir='ltr'><strong>foveat</strong></span> <span class='ocrx_word' id='word_1_853' title='bbox 2447 5007 2501 5061; x_wconf 89' lang='lat' dir='ltr'><strong>in</strong></span> <span class='ocrx_word' id='word_1_854' title='bbox 2525 5008 2645 5060; x_wconf 89' lang='lat' dir='ltr'><strong>sinn</strong></span> <span class='ocrx_word' id='word_1_855' title='bbox 2684 5022 2806 5071; x_wconf 89' lang='lat' dir='ltr'><strong>suo,</strong></span> <span class='ocrx_word' id='word_1_856' title='bbox 2864 5016 2915 5058; x_wconf 91' lang='lat' dir='ltr'><strong>et</strong></span> <span class='ocrx_word' id='word_1_857' title='bbox 2944 5003 3106 5057; x_wconf 65' lang='lat' dir='ltr'><strong>fretus</strong></span> <span class='ocrx_word' id='word_1_858' title='bbox 3136 5000 3349 5063; x_wconf 90' lang='lat' dir='ltr'><strong>ovium,</strong></span> <span class='ocrx_word' id='word_1_859' title='bbox 3401 4999 3518 5054; x_wconf 84' lang='lat' dir='ltr'><strong>sive</strong></span> 
     </span>
    </p>
   </div>
   <div class='ocr_carea' id='block_1_111' title="bbox 1935 5092 3521 5169">
    <p class='ocr_par' dir='ltr' id='par_1_111' title="bbox 1935 5092 3521 5169">
     <span class='ocr_line' id='line_1_111' title="bbox 1935 5092 3521 5169; baseline -0.004 -16"><span class='ocrx_word' id='word_1_860' title='bbox 1935 5099 2100 5155; x_wconf 61' lang='lat' dir='ltr'><strong>fastus</strong></span> <span class='ocrx_word' id='word_1_861' title='bbox 2150 5114 2279 5155; x_wconf 86' lang='lat' dir='ltr'><strong>oves</strong></span> <span class='ocrx_word' id='word_1_862' title='bbox 2318 5099 2435 5169; x_wconf 88' lang='lat' dir='ltr'><strong>ipse</strong></span> <span class='ocrx_word' id='word_1_863' title='bbox 2484 5108 2661 5169; x_wconf 89' lang='lat' dir='ltr'><strong>portet</strong></span> <span class='ocrx_word' id='word_1_864' title='bbox 2704 5099 2756 5152; x_wconf 93' lang='lat' dir='ltr'><strong>in</strong></span> <span class='ocrx_word' id='word_1_865' title='bbox 2818 5098 3050 5151; x_wconf 89' lang='lat' dir='ltr'><strong>humero</strong></span> <span class='ocrx_word' id='word_1_866' title='bbox 3081 5109 3207 5150; x_wconf 88' lang='lat' dir='ltr'><strong>suo.</strong></span> <span class='ocrx_word' id='word_1_867' title='bbox 3262 5093 3421 5147; x_wconf 83' lang='lat' dir='ltr'><strong>Sicut</strong></span> <span class='ocrx_word' id='word_1_868' title='bbox 3465 5092 3521 5147; x_wconf 87' lang='lat' dir='ltr'><strong>in</strong></span> 
     </span>
    </p>
   </div>
   <div class='ocr_carea' id='block_1_112' title="bbox 1938 5312 3525 5393">
    <p class='ocr_par' dir='ltr' id='par_1_112' title="bbox 1938 5312 3525 5393">
     <span class='ocr_line' id='line_1_112' title="bbox 1938 5312 3525 5393; baseline -0.008 -15"><span class='ocrx_word' id='word_1_869' title='bbox 1938 5322 2479 5393; x_wconf 78' lang='lat' dir='ltr'><strong>interpretationibus</strong></span> <span class='ocrx_word' id='word_1_870' title='bbox 2514 5321 2619 5393; x_wconf 84' lang='lat' dir='ltr'><strong>huc</strong></span> <span class='ocrx_word' id='word_1_871' title='bbox 2643 5318 2811 5374; x_wconf 82' lang='lat' dir='ltr'><strong>fuisse</strong></span> <span class='ocrx_word' id='word_1_872' title='bbox 2844 5326 3047 5393; x_wconf 79' lang='lat' dir='ltr'><strong>temere</strong></span> <span class='ocrx_word' id='word_1_873' title='bbox 3087 5316 3320 5393; x_wconf 81' lang='lat' dir='ltr'><strong>adscita,</strong></span> <span class='ocrx_word' id='word_1_874' title='bbox 3348 5315 3416 5393; x_wconf 59' lang='lat' dir='ltr'><strong>sv</strong></span> <span class='ocrx_word' id='word_1_875' title='bbox 3446 5312 3525 5391; x_wconf 57' lang='grc' dir='ltr'>τῷ</span> 
     </span>
    </p>
   </div>
   <div class='ocr_carea' id='block_1_113' title="bbox 1938 5386 3523 5462">
    <p class='ocr_par' dir='ltr' id='par_1_113' title="bbox 1938 5386 3523 5462">
     <span class='ocr_line' id='line_1_113' title="bbox 1938 5386 3523 5462; baseline -0.006 -17"><span class='ocrx_word' id='word_1_876' title='bbox 1938 5386 2126 5462; x_wconf 57' lang='lat' dir='ltr'><strong>udi-tri,»</strong></span> <span class='ocrx_word' id='word_1_877' title='bbox 2153 5393 2321 5446; x_wconf 73' lang='grc' dir='ltr'>αὐτοῦ</span> <span class='ocrx_word' id='word_1_878' title='bbox 2356 5391 2637 5460; x_wconf 56' lang='lat' dir='ltr'><strong>passiam,</strong></span> <span class='ocrx_word' id='word_1_879' title='bbox 2673 5405 2791 5457; x_wconf 76' lang='lat' dir='ltr'><strong>qiue</strong></span> <span class='ocrx_word' id='word_1_880' title='bbox 2827 5405 3006 5458; x_wconf 84' lang='lat' dir='ltr'><strong>neque</strong></span> <span class='ocrx_word' id='word_1_881' title='bbox 3036 5390 3087 5442; x_wconf 91' lang='lat' dir='ltr'><strong>in</strong></span> <span class='ocrx_word' id='word_1_882' title='bbox 3116 5386 3392 5461; x_wconf 62' lang='lat' dir='ltr'><strong>[tortae-ruis</strong></span> <span class='ocrx_word' id='word_1_883' title='bbox 3415 5386 3523 5436; x_wconf 57' lang='grc' dir='ltr'><strong>τέέλν</strong></span> 
     </span>
    </p>
   </div>
   <div class='ocr_carea' id='block_1_114' title="bbox 1940 5462 2845 5523">
    <p class='ocr_par' dir='ltr' id='par_1_114' title="bbox 1940 5462 2845 5523">
     <span class='ocr_line' id='line_1_114' title="bbox 1940 5462 2845 5523; baseline -0.006 -7"><span class='ocrx_word' id='word_1_884' title='bbox 1940 5462 2080 5517; x_wconf 81' lang='lat' dir='ltr'><strong>LXX</strong></span> <span class='ocrx_word' id='word_1_885' title='bbox 2116 5463 2522 5523; x_wconf 78' lang='lat' dir='ltr'><strong>exemplaribus</strong></span> <span class='ocrx_word' id='word_1_886' title='bbox 2556 5465 2845 5515; x_wconf 72' lang='lat' dir='ltr'><strong>Italzetllttr.</strong></span> 
     </span>
    </p>
   </div>
   <div class='ocr_carea' id='block_1_115' title="bbox 2010 5522 3525 5601">
    <p class='ocr_par' dir='ltr' id='par_1_115' title="bbox 2010 5522 3525 5601">
     <span class='ocr_line' id='line_1_115' title="bbox 2010 5522 3525 5601; baseline -0.006 -16"><span class='ocrx_word' id='word_1_887' title='bbox 2010 5535 2215 5585; x_wconf 71' lang='lat' dir='ltr'><strong>&#39;Addit</strong></span> <span class='ocrx_word' id='word_1_888' title='bbox 2259 5522 2436 5586; x_wconf 82' lang='lat' dir='ltr'><strong>Vatic.</strong></span> <span class='ocrx_word' id='word_1_889' title='bbox 2493 5547 2614 5585; x_wconf 83' lang='lat' dir='ltr'><strong>cum</strong></span> <span class='ocrx_word' id='word_1_890' title='bbox 2665 5531 2888 5601; x_wconf 86' lang='lat' dir='ltr'><strong>angelis.</strong></span> <span class='ocrx_word' id='word_1_891' title='bbox 2949 5530 3014 5584; x_wconf 85' lang='lat' dir='ltr'><strong>Et</strong></span> <span class='ocrx_word' id='word_1_892' title='bbox 3042 5529 3225 5584; x_wconf 63' lang='lat' dir='ltr'><strong>Graue</strong></span> <span class='ocrx_word' id='word_1_893' title='bbox 3262 5534 3346 5580; x_wconf 72' lang='lat' dir='ltr'><strong>est</strong></span> <span class='ocrx_word' id='word_1_894' title='bbox 3381 5522 3525 5596; x_wconf 71' lang='grc' dir='ltr'><strong>μετὰ</strong></span> 
     </span>
    </p>
   </div>
   <div class='ocr_carea' id='block_1_116' title="bbox 1937 5602 2351 5670">
    <p class='ocr_par' dir='ltr' id='par_1_116' title="bbox 1937 5602 2351 5670">
     <span class='ocr_line' id='line_1_116' title="bbox 1937 5602 2351 5670; baseline -0.002 -14"><span class='ocrx_word' id='word_1_895' title='bbox 1937 5602 2049 5656; x_wconf 62' lang='grc' dir='ltr'><strong>τῶίδ</strong></span> <span class='ocrx_word' id='word_1_896' title='bbox 2082 5602 2351 5670; x_wconf 76' lang='grc' dir='ltr'><strong>ἀγγέλων.</strong></span> 
     </span>
    </p>
   </div>
   <div class='ocr_carea' id='block_1_117' title="bbox 2012 5660 3528 5741">
    <p class='ocr_par' dir='ltr' id='par_1_117' title="bbox 2012 5660 3528 5741">
     <span class='ocr_line' id='line_1_117' title="bbox 2012 5660 3528 5741; baseline 0 -18"><span class='ocrx_word' id='word_1_897' title='bbox 2012 5675 2033 5705; x_wconf 69' lang='grc' dir='ltr'>δ</span> <span class='ocrx_word' id='word_1_898' title='bbox 2067 5660 2230 5735; x_wconf 57' lang='lat' dir='ltr'><strong>uti...</strong></span> <span class='ocrx_word' id='word_1_899' title='bbox 2261 5688 2517 5741; x_wconf 71' lang='lat' dir='ltr'><strong>cognosco</strong></span> <span class='ocrx_word' id='word_1_900' title='bbox 2546 5688 2663 5729; x_wconf 73' lang='lat' dir='ltr'><strong>oves</strong></span> <span class='ocrx_word' id='word_1_901' title='bbox 2697 5687 2862 5727; x_wconf 78' lang='lat' dir='ltr'><strong>nicas.</strong></span> <span class='ocrx_word' id='word_1_902' title='bbox 2910 5671 3083 5728; x_wconf 65' lang='lat' dir='ltr'><strong>erc.</strong></span> <span class='ocrx_word' id='word_1_903' title='bbox 3119 5678 3327 5725; x_wconf 82' lang='lat' dir='ltr'><strong>tantum</strong></span> <span class='ocrx_word' id='word_1_904' title='bbox 3359 5660 3528 5736; x_wconf 72' lang='grc' dir='ltr'><strong>γινώ-</strong></span> 
     </span>
    </p>
   </div>
   <div class='ocr_carea' id='block_1_118' title="bbox 1943 5744 2317 5815">
    <p class='ocr_par' dir='ltr' id='par_1_118' title="bbox 1943 5744 2317 5815">
     <span class='ocr_line' id='line_1_118' title="bbox 1943 5744 2317 5815; baseline 0 -18"><span class='ocrx_word' id='word_1_905' title='bbox 1943 5760 2060 5798; x_wconf 86' lang='grc' dir='ltr'><strong>σκω</strong></span> <span class='ocrx_word' id='word_1_906' title='bbox 2086 5744 2153 5799; x_wconf 73' lang='grc' dir='ltr'><strong>τὰ</strong></span> <span class='ocrx_word' id='word_1_907' title='bbox 2189 5746 2317 5815; x_wconf 74' lang='grc' dir='ltr'><strong>ἐμά.</strong></span> 
     </span>
    </p>
   </div>
  </div>
