3952 6180
430 291 542 358 419

1610 268 1679 351 s.'
1708 287 2021 350 EUSEBII
2060 287 2501 351 HIERONYMI

3600 289 3707 355 ιεο

432 406 724 479 Evangelia
756 405 1009 475 legimus,
1043 406 1185 477 quod
1212 421 1367 463 avem
1392 419 1677 462 erroneain
1702 411 1758 458 et
1780 418 1809 457 a
1842 416 2007 473 grege
2037 407 2078 460 Α
2106 416 2238 458 ecce
2268 403 2461 457 insula
2490 402 2645 472 quasi
2701 401 2876 471 pulvis
2917 402 3174 472 exiguus.
3214 401 3279 459 Et
3310 402 3563 459 Libanus
3596 420 3705 459 non

430 499 592 555 solito
624 509 1013 564 remanentem,
1042 500 1153 553 suis
1186 498 1252 552 ad
1283 497 1466 552 caulas
1492 494 1735 550 humeris
1758 503 2006 563 reporta-

433 590 679 662 rit(Luc.
718 591 832 660 xv).
885 590 1184 645 Possumus
1231 605 1363 645 oves
1412 588 1571 643 {tutas
1624 585 1901 657 apostolos
1952 594 2009 639 et

435 682 765 754 apostolicos
792 683 935 737 viros
966 696 1262 748 amnesque
1321 681 1578 736 Ecclesiae
1610 679 1864 734 doctores
1925 676 2010 729 di-

434 788 561 829 cere
589 775 629 839 ¹,
658 774 749 843 qui
779 772 1009 827 salutem
1035 772 1344 842 parturiunt
1378 771 1759 842 plurimorum,
1817 776 1873 822 et
1924 766 2011 820 di-

434 877 565 922 cunt
593 881 716 920 cum
768 866 1032 935 Apostolo
1072 883 1086 920 :
1123 864 1315 921 Filioli
1344 866 1623 934 mei,quos
1650 850 1835 917 iterum
1888 876 2011 927 par-

436 959 596 1023 turio,
621 958 784 1011 donec
830 955 1071 1012 Christus
1122 957 1385 1026 {armetur
1414 956 1467 1009 in
1502 953 1644 1009 vobis
1673 951 1693 1024 (
1720 951 1900 1009 Gaiat.
1934 965 2009 1015 iv,

434 1049 548 1115 19).
601 1047 811 1103 Hebraei
839 1058 1112 1113 asserunt,
1138 1062 1242 1104 nec
1271 1048 1339 1102 de
1372 1049 1477 1101 hac
1504 1060 1561 1100 re
1585 1044 1728 1116 apud
1768 1058 1862 1098 eos
1897 1043 2005 1096 ulla

434 1138 701 1194 dubitatio
720 1149 824 1205 est,
862 1138 1125 1208 Spiritum
1156 1148 1403 1195 sanetum
1446 1138 1632 1207 lingua
1687 1150 1785 1189 sua
1834 1132 2015 1201 appel-

435 1234 537 1290 lari
559 1248 755 1301 genere
779 1232 1063 1294 feminino,
1093 1232 1146 1285 id
1174 1238 1279 1295 est,
1330 1243 1431 1282 sua
1455 1243 1618 1282 causa
1649 1226 1833 1308 (amp
1860 1224 2011 1295 m1).

434 1326 683 1396 illudque
728 1327 871 1395 quod
905 1326 957 1378 in
990 1323 1328 1392 sexagesimo
1360 1320 1591 1389 septima
1615 1319 1820 1388 psalmo
1855 1318 2013 1388 (pars.

438 1420 529 1487 12)
563 1418 800 1471 dicitur:
834 1416 1088 1470 Dominus
1110 1415 1256 1468 dabit
1282 1413 1491 1467 rerbum
1537 1409 2016 1480 euangelizantibus

436 1514 629 1567 uirtute
671 1509 864 1574 multa,
896 1508 973 1562 illi
1004 1511 1081 1563 sic
1127 1507 1437 1576 intelligunt
1464 1506 1484 1535 ‘
1520 1524 1534 1559 :
1586 1504 1841 1557 Dominus
1868 1501 2017 1554 dabit

436 1604 649 1658 verbum
688 1598 1168 1669 coangelizantibus
1214 1600 1406 1652 virtute
1438 1596 1735 1662 multa,liis
1768 1595 2021 1650 videlicet

437 1695 726 1750 animabus
763 1707 887 1762 quae
934 1691 1198 1760 Spiritum
1253 1698 1504 1745 sanctum
1536 1696 1843 1744 consecutae
1869 1697 2016 1741 sunt.

436 1782 661 1838 Necnon
691 1791 745 1836 et
774 1782 907 1837 illud
937 1799 953 1836 :
979 1782 1133 1837 Sicut
1160 1780 1298 1835 oculi
1326 1779 1536 1833 anciin
1558 1781 1610 1832 in
1630 1779 1876 1832 manibus
1923 1778 2019 1832 do-

438 1876 599 1929 mina:
647 1891 757 1928 sua'
787 1873 959 1945 (Psal.
1003 1871 1281 1941 cxxuﬂ).
1325 1872 1560 1926 animam
1590 1871 2019 1939 interpretantur

442 1966 717 2024 ancillam.
748 1975 800 2019 et
827 1965 1101 2019 dominam
1127 1965 1390 2033 Spiiituui
1426 1974 1698 2019 sanctum.
1724 1963 1829 2017 Sed
1861 1971 1914 2017 et
1966 1963 2019 2017 in

441 2057 739 2128 Evangelia
764 2057 1082 2126 quodjuxta
1120 2056 1381 2110 Hebraeos
1437 2056 1723 2125 seriptum,
1773 2054 2021 2109 Nazareni

443 2150 714 2211 lectitant,
754 2146 1012 2203 Dominus
1049 2147 1341 2217 loquitur:
1382 2146 1543 2200 Modo
1578 2163 1658 2200 me
1680 2147 1803 2199 tulit
1854 2154 2024 2201 mater

444 2256 583 2304 mea,
616 2239 850 2307 Spiritus
882 2248 1100 2293 sanctus
1137 2239 1177 2292 ³.
1208 2236 1380 2293 Nemo
1411 2249 1590 2294 autem
1625 2239 1681 2293 iii
1714 2240 1815 2293 hac
1872 2246 2027 2307 parte

444 2328 805 2382 seandalizari
839 2328 1023 2391 debet,
1061 2329 1207 2398 quod
1246 2328 1462 2382 dicatur
1522 2330 1664 2398 apud
1704 2327 1876 2399 486
1913 2326 2023 2383 He-

445 2420 622 2475 brteas
648 2421 869 2488 spiritus
894 2434 1095 2488 genere
1127 2420 1410 2487 feminina,
1439 2435 1563 2475 enin
1603 2432 1795 2476 nostra
1841 2422 2026 2491 lingua

447 2510 749 2579 appelletur
802 2526 1002 2581 genere
1056 2514 1379 2580 masculina,
1429 2523 1482 2567 ct
1524 2512 1715 2568 Greece
1770 2527 2026 2568 sermone

449 2614 665 2659 neutra.
732 2603 787 2657 lu
835 2604 1120 2660 divinitate
1180 2606 1325 2659 enim
1382 2606 1564 2661 nullus
1597 2617 1680 2660 est
1726 2620 1913 2661 serus.
1964 2604 2030 2660 Et

448 2697 642 2752 ideoin
678 2697 854 2751 tribus
886 2697 1277 2768 principalibus
1334 2698 1552 2769 linguis,
1607 2698 1808 2767 quibus
1839 2699 2030 2753 titulus

450 2789 747 2842 Dominicae
780 2790 1021 2857 scriptus
1059 2799 1143 2843 est
1166 2790 1460 2858 passionis,
1496 2788 1671 2843 tribus
1731 2788 2026 2857 generibus

451 2881 783 2949 appellatur,
819 2890 877 2933 ut
909 2880 1147 2934 sciamus
1176 2880 1379 2934 nullius
1421 2893 1543 2936 esse
1610 2880 1825 2949 generis
1882 2878 2030 2948 quod

452 2973 725 3025 diversum
748 2980 852 3022 est.

2112 493 2307 550 sul'lieit
2357 496 2423 550 ad
2477 496 2942 561 succendendum,
3006 504 3061 549 et
3115 495 3374 551 animalia
3429 496 3552 566 ejus
3593 512 3703 551 non

2111 586 2378 641 snilicient
2432 588 2500 642 ad
2554 588 2959 643 holocaustum.
3029 585 3235 643 Omnes
3292 596 3486 658 gentes
3545 600 3706 657 quasi

2112 692 2219 731 non
2250 677 2381 743 sint,
2416 678 2495 733 sic
2526 689 2650 733 sunt
2674 694 2856 734 coram
2886 694 2973 743 eo,
3004 689 3061 733 et
3096 679 3253 748 quasi
3278 678 3430 733 nihili
3454 690 3509 732 et
3537 678 3707 732 inane

2112 778 2377 837 reputata:
2414 779 2540 825 sunt
2573 772 2647 825 ei.
2682 790 2700 822 ι
2738 770 2880 825 LXX
2908 788 2921 825 :
2952 790 2970 824 ι
3007 770 3143 838 Quis
3176 785 3399 827 mensus
3419 781 3505 825 est
3538 786 3705 825 manu

2113 877 2334 933 aquam,
2370 870 2429 919 et
2458 862 2654 918 cazhim
2693 864 2895 933 palma,
2938 872 2995 920 et
3052 878 3271 919 omnem
3328 872 3530 919 terram
3591 878 3699 930 pu-

2113 954 2280 1023 gillo?
2313 952 2446 1022 Quis
2469 954 2658 1009 statuit
2680 965 2892 1015 inontes
2914 954 3177 1025 pondere,
3201 964 3256 1007 et
3281 968 3444 1023 rupes
3456 952 3706 1007 statera?

2116 1045 2253 1111 Quis
2281 1045 2537 1115 cognovit
2571 1056 2807 1100 mentem
2856 1044 3065 1105 Domini
3106 1054 3244 1101 :aiit
3271 1046 3395 1115 quis
3433 1044 3708 1100 consilia-

2117 1139 2232 1192 rius
2256 1142 2372 1206 ejus
2400 1137 2540 1192 fuit?
2572 1137 2706 1204 Quis
2727 1136 2909 1193 docuit
2936 1152 3083 1205 eum,
3111 1138 3266 1208 cujus
3296 1137 3506 1206 accepit
3526 1134 3713 1192 consi-

2118 1230 2274 1297 lium,
2311 1241 2363 1286 et
2397 1230 2657 1286 instruxit
2682 1230 2872 1286 illum?
2904 1230 2997 1286 Vel
3044 1232 3168 1301 quis
3199 1230 3441 1287 ostendit
3481 1229 3531 1284 ei
3557 1228 3711 1297 judi-

2117 1324 2284 1385 cium.
2309 1322 2518 1378 etviam
2545 1322 2912 1394 intelligentia:
2932 1325 3064 1397 quis
3093 1322 3331 1385 ostendit
3354 1322 3470 1377 illi!
3492 1320 3549 1377 Si
3580 1337 3711 1377 om-

2120 1428 2218 1469 nes
2249 1424 2439 1484 gentes
2485 1413 2631 1468 sicut
2670 1414 2815 1469 stilla
2842 1413 3036 1481 situla,
3076 1424 3134 1469 et
3177 1415 3335 1484 quasi
3370 1422 3711 1469 momentum

2120 1515 2341 1562 staterae
2400 1514 2666 1575 reputatae
2718 1518 2873 1575 sunt,
2921 1516 2977 1573 et
3029 1508 3187 1579 quasi
3240 1506 3411 1569 saliva
3434 1516 3708 1575 reputatae

2120 1607 2268 1656 sunt.
2296 1598 2540 1655 Libanus
2571 1612 2677 1657 non
2704 1599 2905 1665 suﬂieit
2931 1600 2999 1655 ad
3028 1599 3479 1666 cainburendum,
3506 1606 3561 1652 et
3587 1613 3715 1653 om-

2124 1691 2211 1760 nia
2237 1688 2611 1759 quadrupedia
2640 1703 2747 1744 nan
2784 1689 3059 1746 subiciunt
3094 1688 3165 1745 ad
3218 1688 3622 1755 holocaustum,
3644 1697 3708 1744 et

2125 1792 2332 1838 cunctae
2359 1792 2549 1851 gentes
2566 1782 2727 1851 quasi
2754 1781 2911 1836 nihili
2932 1792 3080 1849 sunt,
3098 1781 3230 1852 et‘jn
3258 1780 3413 1836 nihili
3438 1790 3715 1851 reputat:

2121 1877 2349 1945 suntei.
2389 1894 2409 1929 ι
2447 1875 2527 1932 Ne
2558 1876 2682 1946 quis
2722 1885 2941 1945 putaret
2980 1875 3256 1931 dimcilem
3305 1889 3427 1930 esse
3456 1876 3711 1931 vacatio-

2124 1984 2245 2023 nem
2274 1968 2538 2037 gentium,
2573 1976 2629 2023 et
2664 1970 2812 2039 quod
2844 1968 3021 2027 omnis
3058 1982 3188 2024 caro
3227 1967 3437 2022 videret
3463 1967 3708 2022 salutare

2124 2061 2257 2130 Dei,
2304 2076 2473 2132 super
2505 2070 2746 2117 montem
2795 2060 3070 2116 excelsum
3107 2060 3433 2130 juberentur
3478 2056 3593 2128 [ΑΙ.
3624 2058 3714 2124 ju-

2123 2153 2303 2225 betur]
2336 2156 2652 2219 ascendere,
2672 2156 2763 2224 qui
2796 2152 3177 2224 evangelizant
3205 2151 3314 2223 [ΑΙ.
3345 2149 3715 2221 evangelizat]

2127 2247 2291 2313 Sion;
2321 2256 2375 2301 et
2406 2246 2520 2315 ipse
2566 2247 2828 2301 Dominus
2868 2246 3084 2302 veniret
3126 2244 3182 2299 in
3229 2241 3544 2298 fortitudine
3572 2239 3618 2309 ⁵,
3657 2256 3721 2302 ει

2126 2341 2381 2395 redderet
2426 2338 2717 2409 unicuique
2752 2338 3045 2394 secundum
3095 2350 3234 2405 opus
3278 2349 3477 2400 suum;
3514 2334 3724 2388 instar-

2127 2448 2234 2502 que
2270 2433 2509 2502 pastoris
2537 2446 2709 2502 agnos
2746 2432 2951 2488 foveret
3000 2431 3055 2485 in
3097 2433 3244 2497 sinu,
3302 2438 3358 2485 et
3403 2430 3563 2485 finias
3599 2427 3723 2496 ipse

2127 2526 2291 2597 6.87
2326 2534 2613 2593 portaret:
2648 2525 2981 2580 describitur
3026 2524 3170 2579 illius
3198 2522 3534 2593 magnitudo.
3564 2522 3718 2589 quod

2130 2618 2261 2671 nihil
2294 2616 2343 2668 ei
2379 2614 2719 2686 impossibile
2742 2615 2852 2677 sit;
2887 2624 2941 2669 et
2968 2616 3059 2684 qui
3087 2612 3715 2676 universa.candiderit,

2130 2706 2465 2776 Creatorque
2500 2707 2574 2761 sit
2601 2707 2842 2765 omnium
2865 2748 2882 2773 ,
2931 2707 3097 2767 etiam
3130 2705 3244 2759 baic
3274 2718 3393 2774 qua:
3421 2716 3718 2764 compara-

2133 2799 2282 2855 tione
2334 2813 2718 2868 earumparra
2780 2808 2929 2860 sunt.
2955 2798 3129 2857 valeat
3175 2806 3516 2868 perpetrare.
3555 2794 3722 2860 Quod

2131 2900 2313 2945 autem
2346 2890 2606 2961 pugillum
2633 2900 2791 2945 vacat
2817 2898 2872 2945 et
2906 2887 3168 2958 palmum,
3211 2890 3461 2943 humana:
3480 2901 3724 2941 consue-

2137 2984 2342 3041 tudinis
2374 2982 2555 3038 verbis
2586 2985 2757 3037 utitur
2791 2992 2956 3051 atque
2992 2982 3286 3046 mensuris,
3325 2990 3383 3039 ut
3410 2980 3501 3035 Dei
3527 2988 3725 3047 poten-

525 3059 708 3132 (Vers.
743 3062 810 3113 tit.
838 3060 1014 3129 seqq.)
1043 3077 1062 3111 ί
1093 3057 1226 3125 Quis
1246 3072 1465 3113 mensus
1495 3066 1578 3114 est
1610 3057 1811 3129 pugillo
1836 3073 2027 3128 aquas,

2137 3076 2264 3131 tiam
2294 3090 2389 3144 per
2419 3086 2607 3130 nostra
2650 3075 2815 3135 verba
2872 3074 3171 3129 discamus.
3229 3074 3288 3127 ln
3339 3087 3404 3129 eo
3443 3072 3532 3126 ubi
3576 3069 3735 3124 LXX

454 3164 511 3209 et
543 3152 740 3207 οωιιιιιι
782 3153 961 3220 palmo
1010 3149 1370 3219 punderavit?
1402 3149 1534 3215 Quis
1572 3149 1832 3219 appendit
1859 3152 2033 3206 tribus

458 3245 640 3315 digitis
673 3243 867 3297 molem
909 3251 979 3296 tet
1001 3256 1089 3305 rae,
1122 3248 1176 3295 et
1208 3240 1427 3295 libravit
1454 3243 1505 3295 in
1532 3244 1769 3311 pandere
1800 3254 2031 3306 montes,

458 3348 512 3392 et
538 3337 703 3391 colles
728 3336 781 3389 in
814 3334 1056 3389 statera?
1083 3332 1218 3399 Quis
1242 3334 1452 3401 adjuvit
1497 3335 1749 3403 spiritum
1790 3333 2032 3401 Domini,

460 3440 555 3482 aut
585 3428 705 3493 quis
733 3426 1077 3482 consiliarius
1108 3428 1225 3495 ejus
1259 3425 1360 3479 luit
1385 3462 1401 3491 ,
1430 3434 1487 3480 et
1511 3427 1749 3480 ostendit
1773 3427 1884 3481 illi?
1910 3443 2032 3481 cum

458 3537 567 3593 quo
596 3521 714 3575 iniit
739 3520 1049 3581 consilium,
1082 3528 1133 3573 et
1165 3520 1416 3572 instruxit
1440 3535 1585 3582 eum,
1616 3527 1669 3573 et
1699 3520 1879 3574 docuit
1910 3534 2034 3573 eum

464 3615 712 3670 semitam
745 3614 992 3685 justitiie,
1020 3622 1074 3665 et
1109 3612 1346 3666 erudivit
1388 3627 1512 3666 eum
1544 3611 1794 3676 scientia,
1819 3622 1871 3665 et
1896 3616 2033 3664 viain

458 3708 761 3779 prudentiae
794 3707 1028 3761 ostendit
1080 3704 1195 3758 illi?
1223 3702 1365 3761 Ecce
1395 3712 1581 3773 gentes
1610 3705 1752 3760 sicut
1782 3704 1925 3760 stilla
1954 3704 2029 3757 si-

461 3807 615 3870 tulae,
646 3815 699 3860 et
732 3802 886 3873 quasi
939 3810 1271 3856 momentum
1299 3810 1517 3856 statera:
1564 3809 1827 3871 reputatae
1857 3810 1985 3856 sunt
2018 3816 2032 3854 :

541 4030 558 4060 ί
594 4028 716 4084 llaec
742 4040 959 4096 quoque
1006 4025 1320 4080 tle-libantur
1343 4040 1407 4079 ex
1456 4022 1716 4096 Eusebio,
1764 4021 1857 4090 qui
1912 4038 2036 4096 cum

463 4114 652 4153 recens
709 4093 963 4153 naias—et
1010 4106 1357 4163 regeneratus
1419 4101 1470 4150 in
1517 4093 2038 4163 Christo_appelluri

466 4152 647 4237 dgnus
682 4152 933 4237 dixisset,
972 4152 1173 4237 subdit,
1208 4168 1303 4217 mi
1335 4164 1587 4237 diiungas
1620 4162 1731 4214 τῶν
1747 4152 2039 4237 “Ancaeo:

464 4232 575 4291 3.th
602 4239 766 4290 αὐτοῦ
790 4238 847 4289 αἱ
877 4236 1051 4305 ψυχαὶ
1080 4234 1309 4288 κύουσαι
1343 4236 1434 4287 καὶ
1457 4232 1754 4305 ιῖυδίνουσςιιΔ
1798 4236 1924 4295 τοὺς
1970 4234 2039 4305 δι’

464 4309 645 4363 αὐτῶν
676 4312 733 4359 ὲν
761 4302 987 4376 Κριάτῷ
1020 4305 1522 4376 ὰναγεννῳμέγους,
1552 4302 2043 4376 Ῑτᾳράκλητονηᾳὺ-

465 4381 559 4429 τὸν
588 4375 769 4447 εἷχονέ
803 4372 1186 4447 ("imp—vanae“
1216 4373 1275 4438 ὲξ
1308 4372 1442 4435 ἐνὸς
1459 4372 1577 4447 ,τοῦ
1609 4372 1877 4447 λέγρντῑξς,
1908 4374 2044 4447 Τεκ-

471 4428 559 4499 viz
718 4428 993 4511 segnem
1016 4428 1216 4512 “MV—ti),
1241 4428 1398 4515 ἇχρις
1422 4428 1489 4496 ob
1510 4428 1774 4513 μορφὼθῇ
1802 4428 2037 4513 Χριστὸς
2075 4428 2123 4487 Ῐ)

470 4519 529 4569 ὲν
564 4520 716 4570 uniti.

544 4538 959 4642 ’uiiiwiaticanis
988 4600 1123 4640 mss.
1176 4584 1252 4640 sic
1286 4583 1482 4653 legunt.
1513 4582 1581 4636 Et
1613 4597 1741 4637 vero
1789 4581 2039 4637 lectionis

470 4658 755 4713 llebraica:
792 4658 1187 4722 diversitatem,
1218 4669 1338 4722 quae
1360 4657 1447 4708 hic
1472 4656 1619 4707 nulla
1671 4664 1847 4708 tanien
1875 4669 2041 4722 appa-

476 4739 578 4790 ret,
608 4732 835 4784 innuere
867 4727 928 4781 S.
962 4732 1152 4780 doctor
1197 4726 1388 4787 voluit,
1446 4735 1503 4777 ut
1552 4739 1749 4793 genere
1780 4723 2040 4778 feminino

474 4799 737 4866 Spiritum
784 4800 1044 4854 Sanctum
1098 4798 1167 4851 ab
1221 4795 1462 4866 Hebraeis
1495 4796 1598 4847 dici
1637 4798 2038 4866 comprobaret,

454 4864 655 4924 Al’aeile
681 4882 862 4923 autem
898 4868 987 4922 ubi
1023 4882 1209 4920 eorum
1234 4865 1398 4917 νυιιιὶι
1428 4865 1715 4917 lectionem
1766 4864 2039 4931 superiori

477 4942 714 5009 Vulgata:
748 4953 1044 5011 opponere,
1073 4940 1366 5011 scripserat
1419 4936 1532 5002 ipse
1562 4934 2039 5011 annuntintricibus

472 5004 684 5064 uirtutis
705 5004 799 5065 ani
823 5004 1152 5079 fortitudinis
1182 5004 1400 5079 niultw,_
1427 5020 1523 5071 pro
1562 5004 2041 5079 evangelizuiitibus

473 5082 661 5133 virtute
703 5072 913 5143 mtiliti;
952 5083 1031 5133 sic
1085 5082 1225 5130 enim
1276 5090 1329 5127 in
1363 5072 1589 5128 Hebraeo
1622 5086 1704 5127 est
1739 5089 1938 5142 genere
1968 5074 2045 5128 [υ-

478 5151 682 5203 ιιιίιιίιιυ
710 5163 782 5210 ΖΠ
813 5161 928 5208 tu!
967 5156 1273 5209 rit-1mm,
1303 5147 1490 5211 sicque
1552 5146 1667 5213 ipse
1720 5148 2046 5211 interpreta-

479 5230 564 5272 tus
603 5233 703 5273 est.
740 5223 1133 5274 Fortitudinem
1167 5231 1327 5284 porro
1364 5218 1614 5276 inultam,
1650 5230 1813 5282 quam
1843 5228 2041 5266 anima:

476 5293 827 5353 aniiuntiaiit,
857 5291 1119 5359 Spiritum
1165 5286 1425 5339 Sanctum
1468 5285 1863 5359 intelligebunt.

549 5359 572 5389 ³
620 5352 1066 5413 Euiudem'huuc
1117 5360 1292 5411 locum
1347 5358 1546 5422 allegat
1590 5352 1754 5407 etiam
1788 5352 2048 5422 Origenes

460 5428 680 5485 illeinil.
737 5430 879 5484 15in
923 5429 1125 5482 Jerein.
1181 5439 1235 5480 et
1296 5436 1441 5479 tuine
1487 5441 1523 5479 ιι
1569 5424 1944 5478 Coiiiineiitar.
1992 5427 2044 5475 in

473 5500 765 5554 Joannem.
811 5501 915 5554 Sed
939 5510 991 5553 et
1037 5500 1149 5567 ipse
1182 5497 1539 5566 Hieronymus
1575 5506 1688 5567 tuin
1722 5497 1873 5558 alibi,
1923 5509 2047 5547 cuin

479 5578 530 5623 in
566 5572 803 5625 Miehazai
835 5586 954 5637 cap.
1006 5566 1123 5635 vii;
1163 5577 1379 5621 tametsi
1423 5570 1564 5635 quod
1617 5566 1820 5619 Christi
1878 5575 2052 5622 uiator

477 5640 716 5709 Spiritus
755 5644 989 5696 Sanctus
1028 5655 1105 5709 eo,
1143 5642 1197 5691 in
1248 5640 1542 5705 Evangelia
1597 5639 1891 5700 diceretur,
1940 5652 2049 5687 non

480 5708 614 5767 satis
642 5718 777 5767 bene
832 5721 1056 5768 cXCllS'Ji
1083 5708 1346 5779 Origenes
1382 5725 1446 5763 ex
1500 5726 1563 5763 eo
1594 5708 1736 5776 quod
1773 5718 1825 5761 et
1860 5713 2048 5770 irater,

2136 3168 2539 3223 transtulerunt
2576 3184 2590 3222 :
2624 3166 2757 3231 Quis
2806 3182 3018 3220 mensus
3048 3176 3121 3221 est
3154 3181 3318 3219 manu
3342 3181 3537 3232 aquam
3559 3163 3731 3217 7sch

2136 3270 2327 3315 utrnos
2375 3260 2641 3314 vertimus
2680 3277 2693 3313 :
2728 3258 2859 3324 Quis
2916 3274 3126 3313 mensus
3174 3268 3253 3312 est
3280 3258 3482 3327 pugillo
3514 3256 3730 3325 nquas.’

2136 3350 2327 3420 Aquila
2361 3351 2639 3405 transtulit
2675 3368 2691 3406 :
2736 3350 2869 3416 Quis
2903 3366 3112 3404 mensus
3170 3360 3247 3403 est
3305 3349 3521 3402 minima
3552 3347 3731 3414 digito

2135 3442 2345 3512 aquas?
2390 3443 2504 3496 lloc
2550 3441 2697 3496 enim
2743 3442 2902 3511 λιχὰς
2951 3442 2970 3473 ³
3025 3450 3183 3495 sonat
3217 3458 3232 3495 :
3267 3452 3325 3494 ut
3374 3441 3581 3495 scilicet
3616 3456 3729 3492 non

2140 3546 2253 3591 tota
2288 3551 2475 3599 manu,
2511 3536 2606 3592 sed
2653 3550 2823 3604 parvo
2855 3534 3047 3604 digito,
3078 3548 3238 3604 quem
3282 3534 3440 3604 vulgo
3475 3543 3733 3602 gustato-

2140 3642 2253 3682 rem
2285 3636 2499 3691 vacant,
2535 3628 2717 3681 omnis
2767 3642 3032 3696 aquarum
3077 3627 3304 3680 vastitas
3333 3626 3669 3694 panderetur
3705 3643 3723 3681 z

2144 3716 2398 3787 σπιθαμὴ
2421 3730 2630 3782 autem,
2664 3716 2772 3783 hoc
2804 3725 2908 3780 est,
2946 3716 3178 3784 palmus,
3208 3725 3486 3770 extentam
3511 3713 3730 3784 signiﬁ-

2138 3817 2227 3867 cat
2270 3823 2487 3862 manuin
2518 3806 2773 3875 apollice
2824 3822 2993 3877 usque
3025 3806 3092 3861 ad
3138 3816 3445 3875 extremum
3474 3806 3731 3873 digitum.

2140 4044 2196 4091 et
2233 4049 2414 4101 soror,
2461 4042 2517 4090 et
2556 4045 2729 4088 mater
2770 4044 3035 4089 vocentur
3083 4049 3111 4086 a
3141 4032 3360 4088 Christo
3400 4030 3490 4099 qui
3539 4029 3732 4087 Patris

2142 4110 2479 4161 voluntatem
2522 4105 2773 4160 fecerinl.
2816 4106 3032 4166 Erroris
3066 4104 3431 4163 ,occasianem
3490 4115 3731 4155 annuta-

2142 4186 2268 4230 runt
2298 4175 2497 4229 eruditi
2528 4176 2628 4230 viri
2656 4190 2723 4229 ex
2754 4176 2937 4229 verbis
2970 4174 3202 4229 ilatthaei
3257 4187 3343 4239 iii,
3375 4172 3441 4226 16
3457 4180 3511 4226 et
3538 4171 3627 4234 t7,
3662 4174 3737 4226 de

2142 4245 2361 4299 Christo
2415 4244 2691 4313 baptizata
2741 4256 2795 4298 ct
2853 4244 3061 4312 Spiritu
3106 4255 3297 4299 sancto
3349 4244 3399 4295 in
3457 4240 3734 4313 columba:

2144 4316 2329 4383 specie
2362 4311 2658 4383 apparentc
2713 4330 2818 4367 una
2868 4311 2991 4367 eum
3034 4328 3169 4369 voce
3222 4328 3252 4366 e
3283 4313 3422 4367 ccelo
3451 4311 3667 4383 dilapsa
3710 4328 3728 4365 :

2152 4382 2247 4440 ilic
2269 4396 2343 4439 est
2364 4382 2509 4452 [ilius
2542 4399 2709 4449 meus,
2736 4393 2869 4449 etc.,
2922 4399 3086 4453 quain
3126 4382 3391 4453 columba:
3448 4382 3575 4449 ipsi.
3606 4383 3736 4453 sive

2148 4450 2379 4524 Spiritui
2414 4454 2832 4509 sanctadietain
2887 4450 3232 4524 ascribehant
3262 4450 3503 4517 Nazarari
3532 4450 3739 4513 supino

2147 4523 2365 4596 quidem
2395 4539 2601 4596 errore,
2648 4526 2792 4591 quod
2819 4524 3096 4596 Christum
3152 4523 3326 4576 lilium
3358 4537 3515 4575 suum
3542 4535 3742 4596 voeas.

2147 4590 2231 4651 set
2269 4594 2507 4665 Spiritus
2550 4590 2808 4665 Sanctus,
2874 4594 3131 4665 seil_quo
3188 4602 3367 4665 tamen
3420 4590 3586 4665 semel
3639 4595 3745 4642 atl-

2146 4661 2338 4728 inisse.
2397 4678 2524 4719 cum
2560 4671 2694 4717 duos
2725 4663 2916 4717 Patres
2954 4663 3173 4717 Christo
3224 4663 3503 4729 assignare
3536 4661 3745 4711 absur-

2147 4738 2273 4790 dniu
2302 4748 2426 4789 esse
2457 4734 2849 4801 intelligerent,
2887 4731 3150 4801 Spiritum
3203 4729 3468 4795 Sanctum
3499 4742 3738 4783 matrem

2146 4803 2275 4860 Jesu
2304 4804 2669 4873 appellarunt.

2221 4872 2242 4902 δ
2271 4869 2495 4927 mancus
2555 4874 2708 4927 locus
2759 4872 2861 4926 iste
2913 4872 3061 4926 visus
3102 4879 3185 4924 est
3242 4870 3504 4933 Vtetario,
3536 4869 3627 4937 qui
3666 4869 3743 4921 de

2148 4959 2248 5001 sua
2280 4943 2515 5013 supplet,
2537 4954 2586 4995 et
2614 4943 2791 5013 dicere
2812 4944 2951 5011 quod
2980 4944 3265 5013 ipse,ete.,
3301 4949 3357 4997 et
3385 4955 3506 5013 mox
3535 4938 3745 5013 :_Nuuc

2148 5010 2697 5068 autem—describitur
2733 5010 2901 5079 illius,
2934 5021 3043 5065 etc.
3102 5011 3209 5077 Sed
3261 5026 3398 5069 tuss.
3444 5010 3568 5063 libri
3625 5025 3741 5062 tiUtl

2152 5086 2542 5152 sulfragantur.

2225 5156 2246 5185 ⁵
2277 5147 2466 5206 Μῖιὶιιὶι
2522 5151 2980 5217 Moiitiauconius,
3027 5149 3171 5219 quod
3226 5161 3281 5203 ct
3341 5147 3555 5219 Vulgati
3606 5158 3744 5202 ante

2155 5224 2526 5279 Martianteuin
2554 5223 2918 5291 praeferebant
2949 5223 3179 5289 λιχανός
3202 5235 3243 5291 _:_
3266 5219 3344 5272 sic
3375 5234 3518 5272 cniin
3548 5228 3749 5285 gusta-

2156 5296 2384 5359 tor,sive
2413 5288 2575 5347 indei
2614 5294 2818 5363 digitus
2844 5288 3169 5363 appellatur.
3202 5288 3400 5363 Verum
3446 5306 3577 5341 mss.
3619 5303 3750 5363 oin-

2157 5382 2274 5427 nes,
2300 5378 2437 5432 quos
2470 5374 2525 5418 et
2555 5378 2651 5417 nos
2681 5359 2748 5415 ἐι
2794 5359 2999 5415 laudati
3054 5360 3393 5432 Beiiedietini
3446 5359 3752 5432 consulue-

2159 5428 2453 5501 ruut,'pari
2484 5448 2753 5487 consensu
2804 5436 3012 5485 habent
3064 5431 3242 5498 λιχὰς,
3284 5441 3403 5495 qua:
3442 5428 3750 5501 voxiniui—

2159 5496 2299 5559 inani
2337 5496 2531 5557 iutiuus
2576 5516 2885 5556 mensuram
2916 5512 3087 5562 natat,
3122 5496 3325 5569 pollice
3364 5509 3525 5569 atque
3558 5496 3754 5569 indico

2159 5576 2442 5643 explicatis
2474 5590 2487 5625 :
2521 5585 2712 5642 estque
2744 5573 2880 5643 adeo
2910 5567 3615 5643 Aquilia"interpretationi
3641 5580 3746 5634 ap-

2161 5637 2393 5708 ιιέδιιιιιι,
2446 5637 2903 5713 qiteiiiadiiioduin
2961 5637 3031 5695 tib
3065 5641 3391 5710 Hieronymo
3424 5637 3748 5705 exponitur.
