3952 6180
207 286 298 351 ΙΞῙ
739 280 1240 345 COMMENTAR.
1281 281 1352 341 lii
1399 275 1668 340 ISAiAM
1732 272 1819 338 ΡΗ

1931 239 2197 336 ΗΕΤᾸΜ
2236 270 2383 332 LIB.
2428 267 2536 344 x1,
2575 267 2737 332 CAP.
2778 269 2904 332 XL.
3367 263 3483 328 tea

207 402 292 458 Sin
318 403 500 453 autem
532 395 922 450 contrahamus
947 409 1194 457 manum,
1225 390 1462 462 pugillus
1500 388 1779 444 etlicitur:
1814 392 1862 449 Α
1888 387 2090 440 tionem
2156 383 2353 452 lingua:
2398 379 2660 444 ﬂehrteze,
2699 387 2807 434 tam
2853 376 3026 434 Gra‘c.
3073 388 3238 444 quam
3297 375 3479 432 Latini

208 502 263 549 ut
309 504 406 560 per
458 487 698 559 palmum
753 497 810 541 et
864 487 1151 556 pugillum,
1211 493 1465 540 extentos
1510 482 1682 538 oculos
1732 491 1788 538 et
1890 477 2159 535 sermonis
2184 475 2525 545 pauperiem.
2560 471 2842 540 Simulque
2867 481 2923 524 ut
2948 469 3205 540 paulatim
3233 468 3488 523 homines
3549 484 3588 543 ι·-

205 585 416 657 globum
450 591 611 636 terra:
629 579 966 634 noverimus.
989 577 1095 632 Pro
1123 576 1328 646 pugillo
1357 589 1521 644 quem
1557 573 1612 627 in
1641 587 1790 627 com-

206 673 564 750 prehensione
599 683 760 727 terra
785 667 935 750 LXX
966 669 1388 734 transtulerunt,
1441 666 1496 720 itt
1523 665 1792 720 llebraico

205 741 466 834 scriptum
490 769 576 818 est
599 773 750 816 SALIS
776 741 1002 829 (mihi),
1023 770 1184 825 quem
1206 754 1568 826 Symmachus
1584 752 1788 822 τριτον,

206 856 395 927 Aquila
424 853 709 922 τρίσωμον
743 850 761 882 ⁸
788 848 1133 918 interpretati
1175 855 1302 902 sunt
1327 864 1341 902 :
1372 853 1429 901 et
1462 858 1562 900 nos
1591 852 1652 898 ut
1674 857 1794 897 ma-

208 947 458 1003 nifestius
491 944 820 1007 faceremus,
855 940 913 996 in
949 949 1056 994 tres
1101 938 1296 1008 digitos
1321 936 1622 998 vertimus;
1651 933 1795 1005 quod

210 1040 419 1095 scilicet
445 1037 648 1092 molem
672 1044 830 1090 terra:
854 1041 911 1088 et
933 1031 1148 1088 excelsa
1173 1030 1439 1086 montium
1465 1027 1797 1094 colliumque

210 1131 362 1202 quasi
402 1129 584 1184 tribus
629 1124 876 1192 digitulis
922 1133 977 1178 et
1027 1130 1250 1179 statera:
1291 1133 1462 1190 parvo
1516 1126 1798 1172 mamento

212 1221 532 1295 appenderit
563 1237 579 1275 :
609 1233 706 1290 per
732 1231 856 1288 qua:
902 1213 999 1270 Dei
1028 1214 1288 1284 maiestas
1314 1221 1370 1267 et
1393 1207 1676 1266 Creatoris
1701 1221 1800 1276 po-

213 1319 378 1373 tentia
413 1315 844 1371 demonstratur.
874 1305 1030 1374 Quis,
1067 1305 1264 1375 inquit,
1302 1303 1511 1373 adjuvit
1547 1299 1800 1369 spiritum

214 1407 455 1470 Domini,
497 1411 592 1459 aut
625 1403 744 1473 quis
798 1399 1136 1456 consiliarius
1181 1397 1298 1466 ejus
1345 1395 1472 1466 fuit,
1496 1404 1546 1450 et
1573 1392 1801 1448 ostendit

214 1499 334 1555 illi!
362 1508 475 1552 etc.
511 1496 616 1552 Pro
631 1495 833 1566 quibus
863 1491 1227 1563 Symmachus
1258 1489 1647 1556 interpretatus
1671 1494 1754 1539 est
1781 1498 1800 1538 :

219 1590 347 1656 Quis
377 1587 592 1656 parauit
627 1584 874 1654 spiritum
904 1580 1118 1635 Domini
1179 1586 1228 1633 et
1257 1578 1425 1632 virum
1452 1574 1664 1630 consilii
1686 1572 1804 1642 ejus

217 1681 331 1751 quis
355 1679 590 1733 ostendit
634 1675 730 1732 ei?
759 1691 875 1729 cum
908 1689 1011 1744 quo
1060 1673 1178 1727 iniit
1215 1671 1522 1734 consilium,
1553 1666 1803 1737 deditque

1891 571 2179 626 abstrahat
2207 569 2277 624 ab
2333 557 2665 632 idolola'tria,
2700 566 2880 621 aufert
2933 563 3290 620 caeremonias
3327 562 3485 616 v-icti-
3549 551 3557 568 ⁷

1893 676 2142 729 marum;
2174 670 2229 718 et
2255 659 2418 716 docet
2463 659 2612 729 quod
2668 657 2855 714 omnia
2890 657 3036 727 ligna
3072 654 3266 708 Libani
3310 662 3366 708 et
3390 666 3485 706 ar-

1893 765 2080 812 menta
2105 768 2228 825 qua:
2262 754 2317 810 in
2351 766 2418 808 eo
2449 761 2774 823 pascuntur.
2823 746 3161 805 holocaustis
3188 745 3307 814 ejus
3335 741 3488 800 sum-

1893 864 2020 906 cere
2045 857 2338 918 nequeant.
2373 844 2433 901 Si
2467 857 2648 900 autem
2704 857 2899 899 omnes
2935 850 3125 913 gentes
3156 839 3234 895 sic
3272 847 3402 893 sunt
3432 839 3491 894 in

1896 949 2194 1008 couspectu
2218 937 2366 994 illius
2429 938 2584 1007 quasi
2645 951 2750 991 non
2786 935 2918 1001 sint,
2971 943 3028 988 et
3078 931 3234 1004 quasi
3265 930 3398 985 nihil
3435 939 3494 986 et

1897 1046 2060 1104 inane
2105 1039 2430 1101 reputantur
2463 1030 2541 1100 (in
2577 1028 2834 1084 omnibus
2889 1033 3072 1080 autem
3120 1023 3378 1095 gentibus
3431 1032 3490 1077 et

1903 1123 2079 1181 lsrael
2109 1123 2242 1188 est),
2271 1135 2405 1192 ergo
2447 1131 2503 1176 et
2532 1121 2649 1190 ipse
2689 1120 2770 1176 sic
2793 1127 2876 1174 est
2898 1117 3058 1189 quasi
3091 1132 3198 1172 non
3225 1117 3319 1178 sit,
3340 1124 3395 1170 et
3433 1115 3488 1170 iu

1899 1217 2054 1274 nihili
2077 1226 2240 1287 atque
2268 1215 2432 1271 inane
2461 1222 2770 1282 reputatur.
2808 1212 2923 1268 Hoc
2967 1213 3228 1280 dicimus,
3263 1220 3322 1266 ut
3345 1211 3500 1266 frau-

1900 1319 2063 1382 gatur
2088 1308 2208 1379 ejus
2238 1307 2516 1380 superbia,
2545 1314 2604 1363 et
2645 1315 2970 1362 ceterarum
2997 1307 3244 1378 gentium
3266 1306 3496 1363 .similes

1905 1415 2035 1458 esse
2055 1415 2117 1456 se
2157 1400 2436 1456 noverint.

1977 1490 2157 1563 (Vers.
2179 1490 2248 1547 i8
2269 1490 2449 1560 seqq.)
2487 1508 2506 1542 ι
2536 1489 2632 1546 Cui
2664 1503 2797 1559 ergo
2824 1488 3060 1546 similem
3085 1487 3291 1546 fecistis
3325 1487 3494 1542 Deum

1904 1593 1999 1640 aut
2031 1599 2194 1654 quam
2227 1580 2518 1652 imaginem
2555 1581 2769 1650 ponetis
2815 1579 2933 1633 illi?
2973 1577 3249 1647 Numquid
3313 1577 3500 1645 sculpv

1907 1677 2000 1733 tile
2019 1674 2274 1733 conﬂavit
2301 1673 2474 1738 faber,
2505 1679 2599 1726 aut
2631 1670 2840 1725 aurifex
2873 1685 3007 1725 auro
3034 1668 3208 1741 589
3237 1668 3492 1738 figuravit

217 1778 260 1828 ελ
285 1770 721 1841 humilium“:
771 1777 821 1822 εί
843 1767 1022 1820 dom“
1056 1780 1176 1819 eum
1222 1764 1364 1817 υίαηι
1403 1760 1627 1830 ludis“.
1648 1768 1697 1812 οι
1722 1759 1808 1812 ίη·
1837 1751 1880 1808 Β
1911 1769 2044 1826 illud
2073 1775 2128 1824 et
2155 1767 2371 1821 laminis
2393 1763 2671 1835 argenteis
2693 1762 3079 1833 argentarius?
3100 1761 3265 1814 Forte
3290 1759 3496 1830 lignum

217 1864 416 1919 struxit
461 1861 614 1916 illuni
664 1860 910 1922 scientia,
951 1868 998 1912 et
1035 1858 1134 1911 iter
1177 1855 1470 1924 prudentia:
1488 1851 1804 1906 monstravit

218 1957 300 2012 ei!
326 1953 437 2010 Per
458 1952 603 2022 quod
627 1951 863 2007 ostendit
885 1947 1227 2003 manifestius
1252 1954 1496 2016 paratum
1519 1943 1804 2012 Spiritum,

220 2049 332 2104 sive
371 2048 654 2101 ﬁrmatum
695 2043 845 2098 illum
869 2056 1014 2105 esse,
1039 2045 1106 2094 de
1137 2054 1244 2109 quo
1288 2037 1341 2092 iit
1381 2036 1642 2106 Apostolo
1668 2035 1806 2104 legi-

224 2148 307 2193 tur
344 2156 361 2194 :
397 2137 657 2190 Dominus
691 2147 866 2188 autem
913 2131 1146 2202 Spiritus
1192 2136 1269 2183 est
1302 2125 1385 2199 (II
1434 2125 1554 2182 Cor.
1583 2140 1663 2190 ιιι,
1694 2112 1807 2196 1η.

222 2231 309 2297 Ει,
340 2230 524 2300 Super
546 2244 698 2298 quem
730 2226 977 2296 requievit
1010 2221 1241 2292 Spiritus
1295 2220 1411 2286 Dei,
1447 2219 1684 2286 Spiritus
1727 2233 1814 2271 sa-

223 2325 461 2395 pientia,
508 2333 555 2376 et
605 2319 986 2389 intelligenliw,
1042 2325 1096 2370 et
1148 2314 1379 2384 reliqua.
1423 2313 1526 2379 Qui
1567 2311 1700 2366 dicit
1753 2310 1810 2364 in

224 2415 692 2484 consequentibus
723 2431 738 2466 :
772 2409 1006 2481 Spiritus
1043 2408 1256 2460 Domini
1305 2421 1464 2473 super
1507 2421 1587 2458 me
1613 2419 1632 2459 :
1653 2419 1813 2473 prop-

227 2519 302 2564 ter
326 2507 472 2578 quod
499 2506 650 2559 unxit
673 2518 755 2557 me
785 2501 922 2572 (Isa.
943 2516 1052 2567 ut,
1083 2499 1159 2570 l).
1195 2500 1316 2569 Ipse
1343 2508 1424 2553 est
1458 2497 1601 2552 enim
1636 2493 1812 2564 Spiri-

229 2614 315 2660 tus
342 2599 590 2664 Domini,
623 2607 677 2651 et
727 2595 807 2650 vir
857 2592 1070 2649 consilii
1116 2591 1274 2661 ejus,
1312 2592 1366 2644 in
1413 2603 1520 2660 quo
1553 2587 1818 2643 habitavit

227 2697 413 2749 omnis
445 2690 726 2760 plenitudo
759 2684 1058 2742 divinitatis
1087 2683 1444 2753 corporaliter
1473 2680 1698 2754 (Colon.
1726 2679 1814 2748 ιι).

228 2786 364 2842 Cum
413 2784 506 2837 illo
537 2781 658 2836 ittiit
680 2778 994 2843 consilium,
1025 2777 1092 2831 de
1129 2791 1238 2844 quo
1268 2789 1434 2844 supra
1471 2776 1618 2844 (cap.
1658 2786 1736 2838 Ix,
1762 2771 1817 2842 6)

232 2879 476 2934 diximus
499 2891 514 2928 :
536 2869 904 2933 Admirabilis,
931 2866 1290 2922 consiliarius.
1321 2864 1386 2919 Et
1416 2864 1584 2937 (‘88
1607 2865 1659 2919 in
1689 2864 1821 2918 Pro-

232 2969 446 3026 verbiis
485 2969 750 3036 scriptum
786 2973 889 3028 est,
936 2961 1078 3016 Deus
1129 2960 1391 3030 sapienlia
1427 2959 1670 3028 [undavit
1715 2966 1822 3013 ter-

1915 1872 1969 1918 et
2022 1857 2352 1930 imputribile
2401 1856 2566 1927 elegit
2617 1856 2813 1910 artifex
2874 1853 3097 1923 sapiens
3143 1861 3245 1907 :et
3292 1860 3501 1921 quaeret

1917 1951 2190 2023 quomodo
2219 1958 2426 2009 statuat
2457 1948 2810 2003 simulacrqu
2839 1946 2984 2017 quod
3017 1961 3122 2000 non
3153 1955 3449 2000 moveatur.
3478 1961 3501 1994 ›

1921 2043 2200 2114 Descripta
2249 2043 2345 2098 Dei
2398 2041 2792 2112 magnitudine,
2845 2049 2901 2093 et
2956 2037 3201 2108 putentia
3249 2036 3393 2091 illius
3437 2049 3506 2088 ex

1921 2147 2077 2208 parte
2109 2145 2441 2201 monstrata,
2471 2133 2725 2204 gentibus
2755 2147 2975 2203 quoque
3012 2132 3317 2201 insulisque
3351 2131 3505 2201 quasi

1924 2230 2070 2285 stilla
2105 2227 2307 2292 situlte,
2341 2236 2396 2280 et
2431 2233 2705 2280 momento
2740 2231 2960 2279 staterae
2985 2222 3266 2292 reputatis,
3299 2236 3362 2275 ac
3391 2221 3512 2292 pul-

1925 2336 2074 2386 vere,
2109 2332 2163 2375 et
2191 2319 2494 2374 hostiarum
2529 2317 2874 2372 caeremoniis
2899 2314 3168 2380 refutatis,
3188 2330 3289 2370 cur
3318 2327 3509 2369 omnes

1926 2423 2114 2486 gentes
2139 2413 2292 2482 quasi
2328 2409 2479 2465 nihili
2501 2410 2612 2464 sint
2648 2408 2702 2461 in
2740 2418 3034 2477 conspectu
3080 2408 3218 2477 ejus,
3264 2415 3319 2460 et
3351 2405 3510 2475 ψωεί

1928 2509 2091 2564 inane
2124 2514 2466 2576 reptttenlur,
2498 2504 2858 2572 sequentibus
2915 2504 3077 2560 docet
3109 2519 3127 2558 :
3156 2504 3253 2558 Cui
3277 2503 3508 2558 similem

1927 2599 2124 2672 fecistis
2166 2597 2334 2653 Deum
2376 2607 2513 2654 :aut
2542 2613 2700 2667 quam
2745 2598 3028 2668 imaginem
3078 2599 3280 2664 ponetis
3315 2598 3382 2660 ei,
3415 2597 3512 2664 qui

1929 2693 2161 2764 Spiritus
2183 2703 2286 2755 est,
2314 2701 2368 2746 et
2400 2691 2454 2745 in
2477 2691 2734 2746 omnibus
2759 2700 2867 2756 est,
2893 2699 2948 2744 et
2983 2689 3190 2759 ubique
3230 2690 3512 2751 discurrit,

1928 2797 1983 2841 et
2011 2793 2210 2838 terram
2261 2782 2418 2852 quasi
2446 2781 2651 2852 pugillo
2702 2778 3515 2848 continet?Simulqueirridct

1930 2875 2226 2932 stultitiam
2271 2875 2579 2938 nationum,
2614 2870 2760 2941 quod
2809 2870 3006 2926 artifex
3035 2873 3151 2926 sive
3187 2871 3339 2926 faber
3371 2886 3515 2926 tera-

1932 2972 2067 3035 rius,
2098 2980 2190 3023 aut
2217 2967 2426 3023 aurifex
2449 2976 2542 3022 aut
2586 2968 2928 3035 argentarius
2954 2967 3121 3021 Deum
3145 2968 3249 3023 sibi
3283 2967 3512 3032 faciant,

233 3079 351 3118 ram
381 3076 404 3115 :
445 3060 655 3128 parauit
689 3069 867 3111 autem
895 3053 1049 3108 eiulas
1077 3053 1353 3122 prudentia
1389 3049 1573 3123 (Prov.
1598 3066 1684 3116 ιιι,
1708 3050 1819 3121 19).

1930 3074 1984 3121 et
2011 3064 2230 3118 laminis
2267 3062 2541 3131 clavisque
2557 3061 2904 3130 compingunt
2930 3075 2993 3116 ac
3017 3059 3233 3116 fortiter
3249 3072 3515 3130 statuant,

236 3155 416 3212 Porro
444 3151 589 3208 LXX
619 3151 714 3220 qui
764 3150 1017 3203 dixerunt
1049 3164 1064 3201 :
1092 3147 1227 3214 Quis
1273 3146 1412 3200 norit
1461 3154 1685 3200 mentem
1719 3144 1827 3199 Do-

238 3249 395 3313 mini,
439 3255 489 3300 et
536 3244 652 3314 quis
701 3239 1042 3294 consiliarius
1093 3239 1208 3308 ejus
1266 3236 1409 3308 fuit?
1448 3237 1552 3292 hoc
1597 3236 1827 3306 intelligi

236 3343 455 3403 volunt,
483 3339 628 3407 quod
658 3350 811 3389 mens
839 3345 894 3389 et
920 3333 1061 3387 ratio
1095 3341 1150 3386 et
1177 3344 1369 3386 sensus
1393 3328 1511 3391 Dei,
1549 3343 1643 3398 per
1665 3343 1825 3398 quem

240 3433 384 3488 facta
410 3439 541 3487 sunt
572 3429 777 3493 omnia,
809 3436 864 3480 et
889 3425 1008 3479 sine
1049 3439 1157 3494 quo
1195 3422 1394 3476 factum
1429 3431 1512 3477 est
1545 3422 1700 3486 nihil,
1738 3422 1828 3477 ille

238 3526 308 3582 sit
355 3527 428 3579 de
453 3538 564 3592 quo
605 3521 658 3575 in
688 3518 916 3575 Psalmis
959 3517 1176 3572 canitur
1207 3534 1221 3570 :
1259 3514 1421 3570 Verbo
1475 3515 1688 3570 Domini
1717 3514 1832 3569 caeli

238 3616 450 3687 ﬁrmati
480 3622 626 3679 sunt,
662 3621 710 3667 et
733 3612 926 3680 spiritu
970 3612 1079 3665 oris
1113 3609 1224 3677 ejus
1253 3608 1422 3663 omnis
1453 3610 1619 3662 virtus
1648 3622 1828 3660 eorum

242 3710 427 3780 (Psal.
467 3722 650 3771 χχιιι,
680 3707 759 3776 t5).
793 3704 1008 3760 Omnes
1062 3713 1250 3772 gentes
1278 3718 1398 3772 quae
1433 3719 1538 3756 non
1570 3708 1834 3756 noverant

241 3804 567 3856 Creatorem
601 3812 784 3862 suum,
811 3797 923 3851 sive
953 3795 1268 3849 universum
1314 3793 1628 3848 mortalium
1657 3804 1830 3862 genus

240 3895 310 3950 ad
349 3895 819 3962 comparationem
862 3891 955 3943 Dei
999 3890 1156 3959 quasi
1197 3888 1345 3942 stilla
1388 3887 1564 3942 situla:
1592 3896 1738 3952 sunt,
1775 3895 1831 3938 et

241 3987 408 4059 quasi
456 3994 793 4040 momentum
843 3993 1083 4046 staterae,
1141 3981 1285 4051 quod
1346 3980 1449 4034 levi
1508 3981 1748 4048 pondere
1776 3978 1830 4030 in

241 4089 462 4151 partem
493 4078 721 4131 alteram
749 4075 1075 4130 declinatur.
1107 4072 1177 4126 Et
1202 4072 1472 4141 quomodo
1499 4070 1544 4124 si
1572 4069 1641 4124 de
1667 4067 1830 4124 situla

243 4176 391 4233 stilla
421 4172 632 4228 modica
668 4170 822 4234 fluat,
866 4184 897 4222 a
933 4175 1187 4239 portante
1230 4166 1518 4235 negligitur
1557 4164 1672 4219 :ita
1715 4163 1837 4218 uui-

243 4283 412 4324 versa
442 4265 686 4336 gentium
712 4261 1001 4316 multitudo
1039 4259 1297 4330 supernis
1327 4257 1649 4312 ministeriis
1673 4271 1832 4311 com-

245 4369 439 4432 parata
488 4367 548 4414 et
588 4355 906 4426 angelorum
953 4352 1309 4416 multitudini,
1353 4365 1454 4421 pro
1483 4349 1656 4404 nihilo
1679 4349 1836 4403 duci-

244 4463 359 4509 tur.
383 4453 581 4508 lnsulae
603 4461 819 4518 quoque
847 4448 999 4517 quasi
1031 4444 1200 4499 saliva
1252 4449 1598 4512 reputantur,
1633 4439 1748 4494 sive
1779 4448 1838 4494 ut

244 4543 614 4618 Symmachus
627 4537 998 4612 et.Tbeodotio
1021 4538 1195 4605 ipsum
1216 4543 1482 4604 ponentes
1505 4531 1774 4586 Hebt'aicu
1785 4545 1835 4584 tn

243 4642 399 4696 sicut
429 4651 532 4693 noc
561 4637 700 4716 (φ’-ι),
717 4632 857 4705 quod
883 4631 1122 4685 decidit:
1142 4641 1240 4698 pro
1261 4641 1367 4697 quo
1390 4626 1607 4694 Aquila,
1631 4625 1838 4677 λεπτὸν

247 4734 593 4806 βαλλόμενον
637 4724 937 4782 transtulit.
1000 4723 1174 4779 Aiunt
1237 4731 1422 4775 autem
1474 4717 1685 4772 Hebrai
1735 4717 1839 4772 hoc

243 4828 420 4884 verbo
457 4821 754 4893 signiﬁcari
787 4816 1156 4871 tenuissimum
1194 4814 1488 4882 pulverem,
1543 4811 1636 4880 qui
1683 4820 1842 4866 vento

247 4926 514 4990 raptaute
542 4929 684 4984 saepe
717 4913 769 4967 in
787 4911 972 4966 oculos
1009 4908 1265 4972 mittitur,
1311 4916 1366 4959 et
1396 4903 1631 4958 sentitur
1664 4901 1844 4971 potius

250 5028 420 5083 quam
453 5008 694 5063 videtur.
737 5002 1106 5057 Minutissima
1143 5013 1275 5068 ergo
1322 4998 1493 5050 frusta
1525 4995 1765 5065 pulveris
1788 5000 1844 5048 et

245 5115 394 5173 pene
424 5095 738 5161 invisibilia,
770 5097 872 5149 hoc
902 5093 1068 5146 verbo
1089 5090 1430 5161 appellantur
1472 5102 1647 5158 :quas
1679 5086 1844 5140 forsi-

252 5208 347 5248 tan
397 5191 739 5245 Dcmocritus
789 5201 914 5239 cum
957 5187 1188 5254 Epicuro
1247 5199 1347 5236 suo
1395 5191 1610 5235 atomos
1663 5188 1838 5233 vocat.

249 5286 540 5352 Multaque
564 5291 692 5334 sunt
716 5281 933 5333 nomina
963 5291 1081 5345 quin
1111 5277 1182 5330 ita
1216 5275 1464 5344 leguntur
1495 5271 1606 5345 [.tl.
1643 5271 1842 5325 intelli-

253 5371 528 5445 liguntur]
582 5372 634 5424 in
671 5368 884 5434 Greco,
936 5379 994 5421 ut
1047 5369 1099 5420 in
1148 5364 1413 5419 llebt'aico
1469 5365 1643 5432 posita
1691 5370 1840 5426 Sunt,

255 5478 486 5539 propter
516 5463 910 5534 interpretandi
943 5461 1338 5527 difﬁcultatem,
1378 5466 1431 5513 et
1463 5458 1530 5532 ad
1549 5471 1841 5526 compara-

1869 4419 1915 4476 D

1933 3171 2000 3209 ne
2024 3161 2309 3208 ventorum
2343 3150 2560 3204 ﬂatibus
2591 3150 2940 3206 detrudatur.
2976 3151 3245 3221 Quodque
3276 3153 3459 3208 intulit
3493 3192 3511 3218 ,

1934 3247 2074 3318 forte
2106 3246 2302 3316 lignum
2335 3256 2382 3299 et
2415 3244 2739 3313 imputribile
2793 3245 2948 3314 elegit
2977 3246 3174 3315 artifex
3203 3248 3434 3317 sapiens,
3460 3247 3514 3300 in

1935 3339 2204 3394 Hebraico
2259 3339 2460 3392 dicitur
2518 3338 3084 3408 ausucnaﬁtbonn);
3144 3341 3290 3409 quod
3347 3357 3518 3412 genus

1932 3433 2066 3503 ligtti
2107 3444 2190 3487 cst
2231 3430 2585 3502 imputribile,
2623 3445 2730 3499 quo
2767 3429 2851 3484 vel
2887 3431 3121 3486 maxime
3166 3431 3308 3488 idola
3358 3434 3515 3490 liunt.

1937 3526 2063 3582 llam
2093 3534 2272 3580 autem
2317 3524 2473 3587 dicit,
2523 3534 2581 3576 ut
2622 3524 2781 3578 idolis
2821 3526 3146 3594 reprobatis,
3172 3525 3512 3596 Evangelica:

1939 3620 2200 3675 doctrinas
2234 3629 2385 3688 paret
2411 3619 2579 3683 viam,
2608 3627 2663 3672 et
2715 3617 2898 3672 omnia
2927 3633 3092 3688 prava
3123 3619 3430 3690 dirigantur
3461 3621 3516 3675 in

1936 3724 2149 3767 rectmu
2174 3751 2188 3777 ,
2223 3712 2535 3764 exaltentur
2579 3711 2768 3775 valles,
2805 3720 2860 3766 et
2919 3711 3085 3765 colles
3123 3712 3520 3778 humiliantur,

1935 3813 1990 3859 et
2021 3803 2290 3857 reveletur
2313 3800 2478 3870 gloria
2520 3800 2753 3862 Domini,
2784 3811 2840 3854 ut
2864 3801 3043 3855 omnis
3069 3816 3196 3854 caro
3229 3803 3408 3856 videat
3434 3820 3522 3858 sa-

1938 3898 2115 3951 lutare
2163 3896 2278 3949 Dei.
2323 3894 2484 3948 Juxta
2543 3893 2903 3963 tropologiam
2948 3909 3240 3963 possumus
3293 3897 3518 3965 dicere,

1938 3988 2082 4058 quod
2118 3987 2471 4056 increpeutur
2517 3985 2794 4055 priucipes
2853 3986 3260 4052 hereticorum,
3306 3988 3522 4044 diversa

1939 4079 2081 4135 idola
2119 4077 2187 4132 de
2211 4091 2310 4131 suo
2336 4077 2499 4132 corde
2534 4079 2835 4146 tingentes;
2873 4078 2956 4132 vel
2983 4078 3183 4146 eloquii
3210 4089 3520 4145 venustate,

1941 4171 2085 4242 quod
2120 4172 2510 4240 interpretatur
2565 4179 2891 4237 argentum;
2929 4171 3012 4226 vel
3044 4171 3331 4240 splendore
3380 4173 3524 4239 auri,

1941 4265 2086 4336 quod
2121 4265 2357 4320 refertur
2380 4263 2448 4318 ad
2479 4277 2729 4329 sensum;
2753 4265 2835 4318 vel
2867 4263 3015 4331 ligno
3040 4263 3382 4332 itnputribili,
3406 4280 3528 4334 qua:

1940 4357 2134 4413 viliora
2162 4357 2562 4424 suutdogmata
2601 4365 2699 4409 :et
2753 4365 3013 4424 perpetua
3062 4363 3326 4425 putentur
3359 4371 3388 4410 a
3431 4358 3531 4410 fut-

1945 4450 2222 4522 gentibus,
2253 4458 2307 4504 ct
2339 4447 2625 4503 dialectica
2669 4457 2787 4503 arte
2820 4449 3126 4518 firmentur,
3172 4464 3239 4504 ne
3271 4465 3531 4505 movean-

1947 4553 2035 4600 tur
2059 4553 2111 4597 et
2143 4550 2426 4609 corruant,
2459 4542 2553 4596 sed
2582 4541 2754 4596 solida
2789 4543 2970 4596 radice
2995 4540 3324 4598 consistant.

2019 4637 2196 4708 (Vers.
2225 4635 2286 4689 2t
2325 4635 2501 4705 seqq.)
2527 4653 2543 4686 ι
2571 4635 2843 4703 Numquid
2875 4650 2983 4692 non
3025 4635 3246 4690 scietis?
3266 4636 3529 4706 numquid

1947 4745 2053 4786 non
2107 4727 2375 4784 audietis?
2408 4726 2671 4796 numquid
2719 4741 2827 4780 non
2891 4727 3280 4780 annuntiatum
3342 4733 3426 4778 est
3459 4723 3527 4775 ab

1946 4824 2102 4881 initio
2137 4822 2330 4878 vobis?
2362 4822 2623 4891 numquid
2660 4836 2768 4875 non
2802 4820 3151 4876 intellexistis
3177 4819 3528 4872 fundamenta

1948 4915 2146 4973 terrae?
2181 4914 2282 4983 Qui
2321 4916 2475 4969 sedet
2508 4929 2672 4983 super
2703 4927 2894 4983 gyrum
2933 4921 3091 4964 terrae
3128 4919 3224 4969 :et
3256 4908 3532 4962 habitato-

1947 5021 2036 5061 res
2063 5005 2187 5076 ejus
2219 5005 2372 5076 quasi
2410 5004 2656 5058 locustte.
2706 5003 2808 5067 Qui
2841 5001 3085 5055 estcmlit
3117 4998 3261 5076 velut
3293 4998 3528 5052 nihilum

1948 5103 2137 5164 cwlos,
2171 5105 2226 5151 ct
2259 5095 2516 5166 expandit
2542 5109 2636 5149 eos
2669 5095 2807 5148 sicut
2847 5073 3254 5146 tabernaculum
3281 5091 3348 5144 ad
3379 5090 3533 5144 iulia-

1949 5191 2254 5245 bitandum.
2277 5188 2377 5255 Qui
2401 5188 2492 5243 dat
2517 5196 2850 5242 secretorum
2879 5194 3217 5239 scrutatores
3243 5185 3397 5254 quasi
3425 5199 3534 5240 non

1945 5285 2058 5340 sint
2096 5283 2342 5353 :judiccs
2386 5292 2543 5336 terrae
2583 5281 2727 5334 velut
2765 5280 2922 5332 inane
2962 5277 3110 5332 fecit.
3146 5277 3407 5348 Equidem
3436 5291 3536 5330 ue-

1943 5393 2049 5446 que
2103 5377 2399 5446 platttatus,
2453 5389 2629 5442 neque
2683 5382 2860 5436 satus,
2915 5384 3092 5441 neque
3150 5372 3423 5424 radicatus
3473 5369 3530 5424 in

1948 5477 2092 5522 terra
2119 5476 2347 5520 truncus
2381 5478 2570 5518 eorum
2601 5479 2616 5519 :
2659 5473 2882 5532 repente
2906 5459 3056 5517 ﬂavit
3094 5461 3150 5515 in
3175 5475 3270 5515 eos
3293 5469 3346 5512 et
3375 5472 3535 5513 arue-

332 5692 351 5724 ¹
384 5693 441 5747 1η
472 5686 650 5744 Vatic.
682 5681 991 5739 TRICDMA
1026 5699 1042 5738 :
1072 5683 1122 5737 in
1187 5638 1653 5748 Sangermanensi
1712 5685 1895 5732 autent
1935 5687 2039 5731 ms.
2101 5670 2402 5731 TRICCQM
2456 5679 2590 5729 teste
2626 5668 3054 5736 Montfauconio,
3092 5665 3186 5738 qui
3226 5663 3422 5722 merito
3450 5676 3541 5722 su-

258 5764 509 5833 spicatur
541 5773 731 5815 vocem
755 5757 1032 5826 τρίσωμον
1066 5753 1266 5808 cubare
1299 5752 1352 5804 iu
1385 5749 1625 5820 meudo._

1772 5869 1944 5881 νικος.
