3952 6180
395 274 502 340 493

1603 267 1665 326 s.
1709 243 2020 325 EUSEBII
2081 255 2522 320 IIIEiiONYMI

3581 239 3681 304 424

398 403 547 459 runt,
582 400 638 448 et
691 383 854 447 turbo
901 387 1056 458 quasi
1088 385 1346 457 stipulam
1403 383 1616 438 auferet
1644 397 1758 436 eos.
1797 381 1864 434 Et
1892 378 1981 434 cui
2015 382 2054 436 A
2088 375 2516 446 magnitudinem
2557 385 2656 441 pro
2708 367 2861 422 nihili
2945 363 3325 434 reputandam.
3361 361 3462 429 Qui
3500 371 3680 416 autem

401 486 746 543 assimilastis
779 499 863 538 me
899 493 954 537 et
989 479 1362 550 adazqnastis?
1405 479 1540 532 dicit
1591 479 1844 530 Sanctus.
1879 474 1983 528 Le-

404 581 604 636 vatein
647 577 922 632 excelsum
959 574 1149 630 oculos
1181 581 1417 634 vestros,
1471 569 1639 640 490
1689 576 1746 622 et
1808 565 1984 620 videte

405 673 526 742 quis
552 673 758 727 creavit
808 671 922 723 haec
956 685 971 723 :
1002 668 1093 734 qui
1125 665 1306 719 educit
1354 663 1408 717 itt
1465 675 1695 715 numero
1737 659 1984 711 militiam

406 780 616 827 eorum,
652 772 705 817 et
747 774 936 815 omnes
986 774 1050 814 ex
1088 757 1312 812 nomine
1362 763 1542 809 vocat.
1593 753 1708 806 Prae
1739 751 1986 804 multitu-

412 859 539 910 dine
566 854 899 908 fortitudinis
940 862 992 904 et
1043 849 1280 914 roboris,
1325 847 1652 912 virtutisque
1695 843 1860 911 ejus:
1896 857 1988 894 ne-

410 963 516 1016 que
553 961 718 1000 unum
752 943 1020 1008 reliquum
1059 941 1181 993 fuit.
1227 957 1244 990 ι
1283 935 1423 990 LXX
1460 953 1520 990 :t
1551 933 1737 988 Nonne
1756 921 1989 986 scietis?

415 1052 593 1090 nonne
649 1032 926 1088 audietis?
969 1046 1148 1086 nonne
1194 1027 1574 1082 annnntiatmu
1617 1034 1699 1078 est
1747 1024 1902 1078 vobis
1958 1036 1990 1075 a

414 1128 726 1197 principio?
754 1125 872 1178 Non
900 1123 1233 1193 cognovistis
1279 1120 1630 1174 fundamenta
1660 1116 1858 1169 terrte?
1885 1114 1989 1180 Qui

416 1231 566 1274 tenet
595 1234 786 1290 gyrum
844 1227 1029 1279 terrai,
1065 1223 1118 1268 et
1158 1212 1499 1266 habitatores
1551 1209 1668 1276 ejus
1721 1208 1880 1274 quasi
1913 1208 1993 1259 lo-

417 1322 621 1366 eustas.
649 1313 747 1375 Qui
778 1309 966 1364 statuit
991 1307 1144 1375 quasi
1182 1320 1453 1360 cameram
1486 1301 1704 1365 coelum,
1740 1308 1995 1353 etexten-

417 1408 498 1459 dit
545 1406 698 1474 quasi
752 1401 1162 1456 tabernaculum
1207 1401 1274 1452 ad
1336 1397 1712 1452 habitandum.
1762 1392 1865 1458 Qui
1903 1393 1997 1444 dat

419 1498 694 1564 principes
726 1508 952 1562 regnare
987 1507 1086 1562 pro
1121 1491 1272 1550 nihil,
1304 1499 1504 1544 terram
1527 1497 1706 1539 autem
1727 1485 1878 1553 quasi
1911 1484 1996 1535 ni-

422 1589 514 1642 hili
551 1587 697 1640 fecit.
728 1585 1004 1653 Siquidem
1040 1599 1142 1636 non
1176 1583 1584 1651 plantalntutnr,
1614 1594 1787 1646 neque
1813 1591 1997 1629 seren-

420 1689 530 1740 tur,
575 1694 676 1732 nec
715 1676 1040 1732 solidahitur
1080 1675 1134 1728 in
1186 1682 1328 1726 terra
1383 1673 1535 1726 radix
1580 1686 1789 1724 eorum.
1822 1667 1998 1721 Flavit

420 1787 586 1835 super
630 1785 744 1835 eos,
780 1778 832 1821 et
889 1766 1111 1819 arefacti
1150 1773 1298 1830 sunt,
1358 1772 1412 1815 et
1443 1773 1738 1830 tempestas
1761 1767 2000 1813 assitmet

421 1865 540 1918 illos
578 1863 732 1932 quasi
775 1860 1054 1929 stipulam.
1104 1857 1260 1910 Nunc
1317 1870 1445 1923 ergo
1499 1854 1588 1907 cui
1650 1851 1999 1906 assimilastis

421 1954 546 2009 me?
576 1952 906 2021 cxmqttabor
941 1949 1057 2003 eis?
1089 1948 1223 2001 dixit
1251 1947 1504 2000 Sanetus.
1533 1944 1751 1998 Elevate
1782 1957 1998 1996 sursum

420 2047 608 2099 oculos
631 2055 864 2108 vestros,
900 2051 952 2096 et
998 2041 1176 2094 videte
1207 2039 1328 2108 quis
1383 2038 1618 2090 ostendit
1647 2037 1761 2088 lucc
1797 2050 1862 2088 οη
1891 2033 2000 2086 nia.

422 2141 524 2206 Qui
562 2139 747 2192 educit
776 2137 928 2204 juxta
974 2147 1258 2187 numerum
1294 2139 1546 2183 ornatum
1591 2142 1776 2187 suum,
1809 2140 2004 2179 omnes

425 2233 479 2286 in
507 2231 725 2284 nOmine
767 2227 1001 2288 vocabit,
1033 2240 1060 2276 a
1095 2223 1258 2277 multa
1290 2222 1464 2290 gloria
1501 2231 1552 2272 et
1581 2219 1632 2271 in
1664 2221 1858 2272 robore
1889 2217 2005 2270 for--

429 2324 675 2379 titudinis
713 2337 728 2376 :
765 2319 896 2373 nihil
943 2327 994 2371 te
1027 2316 1154 2371 latet
1187 2317 1224 2369 ¹.
1260 2333 1278 2365 ι
1321 2314 1403 2368 Ab
1441 2313 1619 2375 initio,
1680 2311 1877 2379 inquit,
1907 2327 2004 2364 na-

428 2415 591 2469 turali
620 2415 736 2482 lege
772 2427 867 2466 vos
897 2411 1078 2474 docui,
1122 2417 1177 2462 et
1220 2417 1406 2476 postea
1437 2421 1531 2475 per
1554 2405 1771 2474 Moysen
1801 2406 2004 2472 scripta

428 2511 570 2578 Lege
603 2518 833 2561 testatus
864 2519 1005 2566 sunt,
1029 2499 1175 2568 quod
1204 2499 1341 2553 nihil
1367 2509 1553 2554 essent
1591 2497 1757 2561 idola,
1782 2505 1834 2552 et
1865 2496 2008 2564 quod

427 2609 654 2655 Lreatur
683 2595 870 2650 ntundi
907 2597 1020 2662 ipse
1053 2601 1198 2650 esset
1234 2591 1396 2656 Deus,
1430 2590 1522 2658 qui
1557 2599 1768 2644 tantum
1812 2590 2007 2642 molem

431 2705 587 2747 terra:
614 2691 896 2744 [nudasset
933 2703 1097 2755 super
1146 2685 1336 2747 maria,
1363 2693 1417 2736 et
1459 2697 1622 2749 super
1660 2680 1876 2732 flumina
1900 2679 2013 2733 col-

432 2785 664 2838 locasset
713 2798 830 2836 eam
867 2797 883 2834 :
921 2789 979 2832 ut
1031 2777 1360 2831 elementum
1419 2773 1800 2844 gravissimum
1851 2786 2013 2839 super

433 2887 624 2932 tenues
652 2889 822 2944 aquas
853 2873 946 2925 Dei
982 2870 1242 2940 penderet
1264 2867 1511 2930 arbitrio,
1540 2867 1628 2934 qui
1667 2867 1840 2917 instar
1873 2865 2014 2934 regis

437 2971 586 3024 sedet
638 2983 803 3034 super
841 2979 1031 3036 gyrum
1086 2971 1246 3016 terra:
1277 2975 1294 3016 :
1328 2975 1394 3015 ex
1439 2975 1544 3028 quo
1576 2957 1819 3012 nonnulli
1857 2957 2013 3026 quasi

2086 468 2334 522 extendit
2368 466 2537 520 cenios
2561 472 2616 517 et
2647 460 2904 530 expandit
2941 474 3035 512 eos
3065 475 3079 512 :
3115 467 3171 510 ut
3217 455 3300 508 vel
3329 470 3494 523 supra
3531 453 3682 506 habi-

2088 568 2270 614 tarent
2295 559 2608 627 angelorum
2630 553 3030 616 multitudines,
3062 550 3146 603 vel
3209 547 3397 602 subter
3433 545 3686 599 homines

2090 661 2462 716 morarentur,
2491 660 2544 703 et
2580 649 2733 715 quasi
2775 661 3022 716 magnam
3077 639 3494 695 rationabilibus
3522 652 3681 692 cr>ao

2093 745 2230 798 turis
2269 743 2398 797 fecit
2428 743 2648 794 domum
2699 739 2859 807 :ipse
2897 751 2994 806 pro
3048 735 3314 804 qualitate
3376 741 3687 800 temporum

2091 836 2366 904 principes
2393 833 2700 894 constituit,
2739 833 2853 885 sive
2872 838 3210 884 secretorum
3235 833 3602 886 scrutatores,
3629 831 3691 876 ut

2092 931 2201 983 sint
2235 930 2393 998 quasi
2429 943 2534 980 non
2593 928 2702 980 sint
2735 941 2749 990 ;
2782 934 2834 978 ct
2866 924 3079 992 judices
3146 934 3306 975 terra}
3353 919 3499 972 velut
3526 918 3692 970 inane

2094 1025 2205 1074 sint
2233 1021 2388 1089 quasi
2447 1036 2552 1072 non
2587 1019 2731 1081 sint;
2779 1025 2832 1072 et
2862 1018 3075 1086 judiccs
3129 1027 3290 1067 terra:
3348 1011 3496 1066 velut
3525 1012 3692 1064 inane

2096 1113 2242 1168 fecit.
2284 1113 2386 1165 l’ro
2417 1127 2523 1178 quo
2573 1110 2715 1164 LXX
2763 1110 3201 1164 transtulerunt.
3257 1115 3456 1159 terram
3506 1115 3692 1156 autem

2094 1208 2242 1276 quasi
2275 1205 2422 1258 nihili
2449 1205 2574 1271 fecit
2599 1219 2617 1266 ;
2646 1202 2914 1270 siquidem
2947 1212 3002 1256 et
3032 1201 3083 1253 in
3119 1199 3389 1268 principio
3410 1197 3692 1252 Geneseos

2095 1297 2185 1350 tibi
2218 1298 2486 1363 scriptum
2515 1305 2597 1348 est
2634 1313 2647 1350 :
2686 1293 2850 1347 Terra
2875 1301 3049 1345 autent
3072 1290 3372 1353 invisibilis,
3404 1298 3451 1343 ct
3481 1293 3692 1342 incom-

2097 1389 2271 1459 posita
2313 1386 2466 1456 (Gen.
2497 1403 2537 1446 ι.
2565 1387 2646 1452 9.),
2677 1385 2856 1439 ezeleri
2911 1383 3310 1439 transtulerunt
3345 1397 3362 1434 :
3398 1380 3564 1434 Terra
3592 1397 3695 1433 att-

2099 1492 2202 1534 tcm
2232 1490 2348 1533 erat
2383 1481 2540 1532 inane
2563 1487 2610 1531 et
2643 1479 2820 1531 nihili.
2873 1478 3116 1542 Quantos
3171 1490 3322 1544 reges
3343 1483 3396 1528 ct
3424 1473 3612 1527 Grmca
3641 1481 3700 1526 et

2101 1572 2364 1634 Barbara,
2428 1571 2786 1638 Romanaque
2852 1577 3036 1622 narrat
3103 1568 3364 1620 historia!
3437 1564 3540 1618 Ubi
3613 1573 3702 1618 est

2100 1664 2296 1719 Xerxis
2321 1663 2736 1718 innumerabilis
2769 1663 2859 1715 ille
2911 1660 3225 1716 exercitus?
3263 1659 3359 1713 Ubi
3389 1658 3699 1712 Israelitica

2032 1733 2072 1785 Β
2103 1758 2154 1809 in
2189 1772 2371 1810 eremo
2401 1755 2729 1809 multitudo?
2763 1754 2864 1810 Ubi
2897 1769 3080 1822 regunt
3121 1751 3469 1806 incredibilis
3503 1759 3704 1825 poten-

2109 1851 2222 1902 tia?
2252 1847 2389 1913 Quid
2423 1848 2491 1902 de
2525 1847 2802 1902 veteribus
2850 1845 3078 1914 loquar?
3126 1843 3411 1914 pratsentia
3445 1843 3700 1911 exempla

2104 1960 2203 1997 nos
2230 1945 2478 2008 doceant,
2505 1957 2628 1998 esse
2677 1943 2950 2010 principes
2993 1940 3150 2009 quasi
3181 1940 3358 2004 nihili,
3399 1950 3451 1993 et
3476 1939 3700 2008 judices

2107 2041 2262 2090 terra?
2287 2036 2440 2104 quasi
2484 2036 2647 2088 inane
2695 2035 2957 2102 reputari.
2997 2033 3100 2099 Qui
3140 2032 3414 2101 principes
3449 2040 3505 2084 et
3533 2030 3704 2100 judi-

2107 2139 2198 2177 ces
2235 2133 2390 2177 terrae
2418 2123 2574 2194 (sive,
2600 2133 2660 2178 ut
2693 2124 2782 2177 alii
2831 2124 3206 2192 suspicantur,
3261 2122 3413 2190 cadi)
3448 2137 3548 2176 nec
3587 2121 3696 2175 sati

2108 2227 2257 2281 sunt,
2285 2232 2384 2270 nec
2426 2215 2651 2284 plantati
2702 2224 2854 2278 sunt,
2883 2232 2985 2269 nec
3038 2215 3191 2269 firma
3227 2215 3412 2268 radice
3435 2213 3696 2275 solidati,

2111 2319 2162 2362 et
2207 2319 2430 2376 repente
2461 2308 2712 2376 jussioue
2745 2309 2838 2362 Dei
2870 2309 2944 2362 ita
2976 2307 3306 2363 auferuntur
3339 2318 3394 2361 ct
3435 2315 3698 2374 pereunt,

2115 2405 2273 2473 quasi
2335 2405 2533 2472 stipula
2575 2418 2603 2456 a
2639 2405 2858 2458 turbine
2945 2412 2999 2458 et
3037 2411 3359 2471 tempestate
3405 2401 3703 2471 rapiatur;

2107 2501 2263 2566 juxta
2301 2496 2432 2549 illud
2471 2497 2616 2566 quod
2651 2497 2913 2563 scriptum
2959 2505 3042 2550 est
3077 2513 3093 2550 :
3132 2499 3196 2550 Et
3230 2495 3475 2559 transivi,
3513 2504 3564 2548 et
3600 2509 3706 2547 non

2111 2588 2274 2660 492
2307 2599 2458 2653 erat;
2483 2602 2532 2643 et
2562 2589 2777 2659 qucesiri
2803 2603 2942 2653 etian,
2974 2596 3023 2642 et
3054 2604 3155 2641 non
3189 2597 3265 2641 est
3294 2588 3531 2641 inventus
3553 2585 3704 2640 locus

2113 2682 2225 2749 ejus
2262 2680 2434 2749 (Ρεηι.
2473 2697 2660 2745 xxxvi,
2690 2681 2804 2750 36).
2837 2680 2974 2735 Cum
3015 2695 3144 2749 ergo
3178 2690 3322 2733 tanta
3358 2681 3429 2732 sit
3454 2679 3704 2748 potentia

2113 2773 2394 2828 Creatoris
2461 2785 2625 2843 atque
2673 2774 2944 2842 majeSIas,
3007 2773 3091 2826 cui
3148 2773 3314 2826 Deum
3359 2770 3705 2825 similitudini

2115 2865 2484 2934 comparatis?
2515 2875 2567 2920 et
2609 2881 2713 2920 non
2751 2867 2929 2936 potius
2961 2882 3030 2920 ex
3060 2875 3439 2920 creaturarum
3477 2863 3693 2932 magni-

2120 2959 2307 3014 tudine
2370 2959 2675 3030 intelligitis
2731 2959 3134 3015 conditorem?
3183 2961 3238 3016 Si
3316 2975 3421 3014 non
3475 2959 3706 3015 creditis

352 3057 360 3096 ί
435 3069 693 3128 puncttnn
728 3068 782 3110 et
810 3056 1032 3125 globum
1064 3067 1184 3107 eam
1236 3064 1357 3105 esse
1387 3050 1746 3113 contendunt,
1771 3058 1824 3103 et
1856 3049 2011 3103 habi-
2049 3065 2092 3126 ο
2130 3051 2330 3116 verbis,
2369 3051 2558 3106 saltem
2606 3052 2783 3108 oculis
2809 3053 3004 3108 vestris
3057 3052 3298 3118 credite;
3347 3062 3403 3107 et
3432 3068 3499 3108 ex
3533 3052 3709 3108 (ταξιο-

437 3161 643 3206 tatores
693 3150 838 3204 illius
868 3147 1029 3218 quasi
1086 3147 1351 3201 iocustas.
1395 3143 1450 3199 Si
1487 3144 1630 3198 enim
1669 3144 1718 3196 in
1750 3153 1860 3198 toto
1885 3145 2016 3196 orbe
2055 3209 2063 3218 .

441 3239 857 3292 consideramus
895 3237 1076 3291 varias
1115 3239 1384 3300 nationes,
1413 3243 1467 3288 et
1496 3238 1562 3289 ab
1600 3232 1818 3287 Oceano
1849 3247 2017 3301 usque

443 3331 511 3385 ad
543 3330 840 3391 Oceanum,
867 3329 918 3383 id
951 3338 1055 3392 est,
1093 3329 1161 3382 ab
1201 3326 1382 3381 Indico
1416 3325 1552 3379 mari
1587 3339 1761 3394 usque
1802 3325 1869 3378 ad
1902 3325 2018 3377 Bri-

446 3426 745 3488 tannicum,
775 3433 828 3476 et
863 3420 928 3474 ab
971 3419 1246 3474 Atlantico
1299 3433 1470 3487 usque
1520 3418 1585 3470 ad
1619 3413 2018 3485 Septentrionis

441 3516 696 3583 rigorem,
728 3514 778 3565 in
815 3526 920 3581 quo
952 3510 1338 3579 congelascunt
1364 3523 1544 3577 aqum,
1581 3516 1634 3560 et
1655 3507 1878 3562 succina
1901 3507 2018 3575 pul-

441 3608 572 3660 chra
609 3612 986 3664 concrescunt,
1018 3613 1181 3655 omne
1227 3602 1280 3654 in
1315 3599 1492 3653 medio
1533 3598 1810 3652 hominum
1843 3613 2019 3668 genus

440 3699 592 3766 quasi
627 3698 862 3751 locustas
892 3696 1136 3750 habitare
1188 3692 1462 3748 cernimus
1495 3692 1539 3746 '.
1582 3690 1721 3757 Quid
1747 3691 1908 3760 igitur
1929 3707 2020 3745 stt-

442 3792 619 3860 perbit
651 3799 795 3844 terra
823 3797 878 3841 et
909 3786 1083 3841 cinis?
1110 3786 1236 3855 quia
1291 3784 1512 3846 caelum,
1577 3783 1689 3836 imo
1740 3794 1799 3837 ut
1833 3784 2020 3854 Scrip-

443 3893 684 3936 turarnm
724 3889 846 3933 utar
889 3877 1236 3940 auctoritate,
1268 3873 1391 3930 εαξΙὶ
1445 3873 1834 3940 extenduntur,
1861 3874 2018 3943 quasi

441 3991 652 4030 camera
677 3990 692 4040 ;
723 3974 854 4034 sive,
886 3984 946 4026 ut
973 3972 1025 4025 in
1053 3970 1314 4027 llebraico
1345 3970 1676 4032 continetur,
1705 3967 1857 4034 quasi
1895 3982 2016 4030 nuc,

440 4071 642 4137 dequo
678 4080 840 4135 supra
898 4065 1136 4119 diximus
1163 4079 1184 4117 :
1217 4078 1316 4134 pro
1351 4077 1457 4132 quo
1509 4059 1652 4114 LXX
1679 4059 1753 4114 ibi
1789 4058 2019 4114 salivam

443 4159 785 4228 interpretati
842 4165 968 4210 sunt
998 4173 1014 4212 :
1045 4163 1102 4210 et
1137 4169 1302 4208 unum
1353 4152 1581 4206 verbum
1609 4164 1751 4203 nunc
1778 4159 2018 4221 sputum,

445 4268 586 4306 nunc
633 4266 922 4310 cameram,
954 4248 1007 4302 id
1034 4253 1139 4312 est,
1189 4245 1443 4316 fornicem
1473 4241 1926 4312 1transtulenunt;
1963 4251 2018 4296 et

449 4353 648 4396 tantam
676 4344 881 4395 'eorum
923 4339 1264 4394 latitudinem
1299 4335 1456 4407 quasi
1493 4333 1905 4390 tabernaculum
1963 4341 2019 4388 et

445 4437 771 4506 papilionem
817 4435 1062 4488 extendit
1113 4435 1366 4500 desuper,
1421 4437 1480 4483 ut
1517 4428 1573 4483 in
1603 4427 2018 4484 similitudinem

448 4541 516 4584 ιο(
536 4530 572 4582 ti
613 4527 852 4594 operiret
883 4525 1149 4589 homines,
1199 4533 1253 4577 et
1279 4522 1434 4593 quasi
1471 4521 1524 4575 in
1555 4522 1713 4576 domo
1752 4519 2020 4576 latissima

447 4621 690 4677 habitare
720 4618 924 4682 faceret
952 4633 967 4674 :
997 4616 1126 4684 quid
1167 4616 1430 4671 miremur
1459 4615 1506 4669 si
1535 4629 1704 4684 parva
1745 4614 2020 4668 hominum

445 4726 674 4781 corpora
713 4710 867 4780 quasi
901 4709 1144 4770 locustze,
1176 4714 1229 4759 et
1267 4706 1474 4760 minuta
1509 4703 1669 4776 491
1706 4713 2025 4773 reputentur

445 4801 782 4860 animantia?
814 4799 1052 4876 Rursum
1075 4806 1128 4852 et
1159 4797 1212 4850 in
1239 4797 1338 4851 ltuc
1368 4797 1490 4850 loco
1513 4793 1840 4865 ἡμικύκλιον
1865 4795 2026 4848 terris

448 4899 730 4952 imminere
760 4893 956 4949 ctelutn
979 4890 1091 4962 [Αἰ.
1127 4887 1436 4960 caelorum],
1459 4897 1514 4943 et
1541 4890 1592 4942 in
1612 4887 2022 4942 similitudinem

448 4992 673 5058 spina-ra:
695 4988 893 5042 caelum
927 4999 1052 5039 esse
1081 4981 1440 5048 contendunt,
1475 4981 1777 5035 abutuntur
1806 4981 2028 5033 nomine

451 5083 698 5146 fornicis,
727 5079 869 5150 quod
924 5077 1133 5132 scilicet
1182 5075 1355 5129 media
1413 5089 1539 5143 pars
1574 5073 1799 5142 Spha-ra:
1850 5080 2028 5125 terras

451 5174 660 5242 operiat
693 5187 708 5230 :
741 5187 861 5225 cum
892 5172 945 5224 in
1001 5169 1264 5223 lli-braieo
1307 5182 1412 5220 non
1472 5164 1760 5227 fornicem,
1788 5165 1882 5217 sed
1906 5177 2026 5225 ooc,

455 5267 505 5319 id
558 5273 660 5326 est,
701 5264 1057 5316 tenuissimum
1096 5259 1359 5329 pulverem
1419 5257 1734 5328 legerimus.
1780 5255 1883 5309 Pro
1922 5269 2028 5322 quo

455 5357 621 5411 saliva
656 5370 773 5424 qua:
799 5355 1080 5422 projicitur
1114 5354 1166 5405 in
1199 5362 1424 5412 terram,
1453 5357 1506 5402 et
1541 5346 1745 5416 pulveri
1772 5347 2031 5400 commis-

455 5460 630 5515 cetnr,
694 5457 747 5500 et
798 5447 1028 5516 deperit,
1087 5445 1324 5499 ostendit
1380 5442 1689 5494 universam
1739 5450 2028 5507 corporum

527 5650 544 5681 ⁸
583 5649 694 5702 Dno
728 5647 922 5708 Vatic.,
957 5643 1084 5696 nihil
1115 5660 1144 5695 a
1177 5651 1224 5695 lc
1246 5643 1608 5694 absconditum
1627 5647 1725 5694 cst.

525 5721 546 5751 ⁶
586 5719 752 5773 ltdcm
786 5735 938 5783 ιιιδς,,
979 5718 1130 5785 quasi
1160 5715 1386 5767 locustus
1421 5714 1598 5766 haberi
1637 5709 1922 5764 cernimus.

2051 4401 2104 4461 D

2122 3159 2240 3197 rum
2272 3143 2774 3214 elementorumqne
2798 3145 3040 3200 Omnium
3093 3145 3354 3198 servitute
3378 3153 3705 3211 potestatem

2119 3234 2335 3290 Domini
2395 3234 2648 3303 cogitate.
2689 3233 2790 3300 Qui
2853 3235 3026 3288 educit
3074 3235 3129 3288 in
3185 3249 3403 3287 numero
3451 3232 3708 3286 militiam

2120 3343 2321 3393 eorum,
2353 3326 2406 3380 id
2449 3335 2533 3381 est
2562 3327 2822 3381 ccelorum
2847 3343 2864 3394 ;
2894 3334 2944 3380 et
2983 3343 3162 3380 omnes
3195 3342 3259 3380 ea:
3287 3327 3500 3380 nomine
3530 3335 3707 3389 vocat,

2121 3404 2464 3483 subauditur,
2502 3418 2707 3473 stellas.
2767 3419 2840 3472 De
2884 3419 3084 3487 quibus
3116 3427 3171 3472 et
3212 3418 3263 3471 in
3295 3417 3522 3473 Psalmis
3550 3419 3708 3470 caui-

2122 3520 2209 3564 tnr
2243 3527 2258 3565 :
2295 3509 2396 3575 Qui
2428 3523 2670 3564 numerat
2707 3509 3102 3564 multitudinem
3154 3509 3452 3575 stellarum,
3506 3519 3556 3562 et
3590 3526 3712 3563 ont-

2122 3622 2212 3659 nes
2235 3621 2324 3660 eas
2353 3622 2416 3660 ea:
2447 3606 2656 3659 nomine
2696 3614 2847 3659 vocat
2885 3603 3059 3676 tPsal.
3094 3620 3242 3669 xLVI,
3291 3604 3371 3674 4).
3397 3604 3526 3657 Sive
3561 3605 3708 3656 ιιιίΙί-

2123 3701 2251 3752 tiant
2289 3699 2436 3762 caeli,
2471 3698 2695 3767 angelos
2749 3698 3193 3765 interpretemur,
3229 3707 3284 3750 et
3313 3711 3502 3750 ounes
3532 3695 3710 3750 cmin-

2124 3805 2240 3842 rnm
2276 3791 2570 3852 exercitus,
2604 3791 2670 3842 de
2697 3790 2900 3858 quibus
2929 3800 2982 3841 et
3026 3788 3213 3842 Daniel
3243 3790 3484 3856 loquitur
3520 3803 3534 3840 :
3565 3791 3703 3843 Mil-

2123 3880 2196 3932 lia
2261 3880 2487 3934 millium
2543 3879 2917 3933 ministrabant
2944 3880 3013 3941 ei,
3033 3887 3081 3930 ct
3103 3879 3268 3932 decies
3296 3887 3511 3932 centena
3535 3878 3708 3932 millia

2123 3971 2444 4026 assistebant
2489 3971 2570 4025 illi
2623 3969 2794 4041 (Dan.
2841 3970 3089 4040 “1.40).
3137 3969 3288 4025 Unde
3344 3978 3398 4024 et
3452 3969 3710 4023 Dominus

2121 4061 2354 4119 Sabaoth
2381 4063 2708 4132 appellatur,
2740 4064 2834 4133 qui
2897 4071 3078 4116 nostra
3112 4062 3292 4134 lingua
3351 4063 3564 4127 dicitur,
3601 4061 3714 4114 Do-

2123 4158 2297 4210 minus
2346 4157 2552 4210 militia:
2620 4165 2784 4226 atque
2846 4157 3200 4222 exercituum,
3256 4157 3371 4211 sive
3426 4157 3710 4219 virtutum.

2121 4250 2317 4305 Edncit
2349 4259 2529 4304 autem
2560 4247 2719 4320 juxta
2755 4265 3043 4304 numerum
3097 4249 3361 4304 ctelorum
3395 4249 3651 4303 militiam
3691 4266 3709 4302 :

2133 4353 2194 4395 ut
2220 4351 2274 4396 et
2297 4342 2398 4405 sol,
2433 4352 2488 4395 et
2517 4341 2668 4403 luna,
2700 4351 2758 4396 et
2817 4349 2966 4396 astra
2999 4351 3220 4405 caetera,
3257 4356 3378 4411 qua:
3433 4341 3708 4395 Abraham

2135 4448 2424 4488 numerare
2452 4449 2557 4486 non
2581 4433 2773 4502 potuit,
2809 4432 2886 4487 illi
2917 4441 3203 4488 numerata
3236 4436 3365 4495 sint,
3390 4441 3444 4486 et
3465 4433 3716 4488 serviant

2133 4525 2309 4582 ollieio
2341 4525 2588 4596 delegato
2627 4525 2778 4596 (Gen.
2815 4525 2906 4593 xv)
2951 4541 2966 4579 :
3001 4525 3128 4580 dttm
3149 4527 3398 4580 eumdem
3422 4526 3545 4581 εωιὶ
3576 4542 3712 4581 cur-

2131 4634 2251 4674 sum
2293 4618 2374 4673 sol
2407 4635 2513 4671 uno
2544 4633 2708 4683 anno,
2747 4618 2942 4673 lucifer
2977 4634 3281 4688 vespcrque
3310 4619 3548 4684 biennio,
3583 4621 3711 4674 luna

2133 4711 2360 4780 singulis
2403 4711 2584 4779 explet
2624 4711 2941 4776 mensibus,
2989 4724 3288 4778 onmesque
3329 4713 3499 4765 stella:
3542 4714 3715 4767 certis

2134 4804 2473 4873 temporibus
2539 4811 2824 4872 peragunt,
2861 4813 2917 4856 et
2959 4805 3206 4871 quaedam
3243 4819 3306 4856 ex
3341 4803 3407 4857 iis
3444 4813 3716 4858 vocantur

2133 4905 2398 4960 errantes,
2438 4904 2601 4964 atque
2627 4895 2920 4965 inaequales
2954 4911 3140 4948 earnm
3176 4903 3354 4948 mutus
3379 4898 3576 4961 oculis,
3605 4911 3714 4952 non

2136 4998 2316 5041 mente
2364 4987 2757 5055 conspicitrnts,
2797 5002 2896 5040 nec
2943 4997 3049 5040 tam
3105 4987 3480 5055 intelligimus,
3544 5001 3714 5055 quam

2137 5080 2418 5132 miramur.
2451 5077 2765 5146 Magnitudo
2797 5078 2937 5132 enim
2999 5077 3335 5132 fortitudinis
3370 5076 3462 5130 Dei
3495 5092 3597 5131 suo
3630 5078 3713 5133 fa-

2137 5170 2212 5223 cit
2239 5169 2428 5222 ordine
2463 5177 2657 5222 cuncta
2690 5172 2916 5223 servire.
2957 5167 3083 5222 Sive
3109 5167 3264 5234 juxta
3297 5166 3659 5237 Septuaginta
3685 5185 3716 5222 a

2138 5259 2484 5313 multitudine
2537 5259 2720 5329 gloria:
2750 5271 2803 5313 et
2833 5262 3083 5328 potentia:
3139 5261 3353 5313 virtutis
3400 5261 3540 5326 ejtts,
3576 5260 3722 5315 nihil

2138 5368 2258 5407 cum
2290 5354 2460 5407 latere
2496 5361 2674 5422 potest
2713 5369 2726 5408 :
2763 5354 2855 5406 sed
2904 5354 3143 5407 omnium
3187 5353 3303 5406 vias
3355 5355 3718 5424 rationesque

2139 5456 2194 5501 ct
2231 5462 2422 5502 cursus
2461 5447 2742 5502 Creatoris
2768 5447 3048 5515 majestate
3079 5445 3355 5514 cognoscit
3387 5446 3427 5498 ³.

2214 5649 2231 5680 ⁸
2275 5646 2424 5703 Unus
2457 5644 2656 5712 Valle"
2685 5656 2893 5702 creator
2924 5666 3017 5702 sua
3045 5650 3323 5716 majestate
3353 5653 3645 5721 cognoscit.
