3952 6180
268 256 383 323 625

812 258 1312 324 COMMENTAR.
1354 258 1436 320 IN
1477 256 1743 318 lSAIAM
1776 256 1851 316 PI

1961 256 2238 316 ’1111111111
2298 254 2443 318 LIB.
2484 254 2625 329 xu,
2663 254 2819 316 CAP.
2849 252 2970 348 XL.

3422 248 3532 312 426

287 403 3436 445 W

1258 576 1613 664 LIBER
1707 569 2535 663 DUODECIMUS.

344 909 542 966 Nullus
573 918 684 964 tam
716 908 1006 977 imperitus
1041 906 1278 973 scriptor
1314 909 1421 967 est,
1462 902 1552 972 qui
1586 901 1848 955 lectorem
1880 910 1926 965 Α
1953 899 2219 955 esurient.
2262 917 2283 953 1
2311 898 2443 954 Cum
2479 898 2881 967 Omnipotentis
2907 897 3002 953 Dei
3036 907 3184 953 tanta
3218 900 3289 955 sit
3327 900 3539 970 magni-

271 1023 380 1059 non
410 1004 651 1059 inveniat
679 1001 909 1056 similem
942 1001 1028 1055 sui
1054 1018 1069 1054 :
1100 1004 1381 1066 multoque
1418 1012 1546 1064 pars
1574 996 1748 1063 major
1769 1003 1853 1047 est

275 1099 523 1153 Milesias
592 1094 822 1150 fabellas
853 1092 868 1123 ¹
917 1090 1337 1152 revolventinm,
1399 1105 1559 1158 quam
1610 1085 1852 1141 Platonis

274 1194 467 1244 libros.
506 1189 566 1243 In
614 1188 790 1241 altero
836 1185 982 1240 enim
1024 1184 1181 1238 ludus
1231 1192 1285 1235 et
1320 1181 1613 1236 oblectatio
1658 1192 1764 1243 est,
1800 1180 1852 1232 in

270 1283 454 1337 altero
506 1277 795 1332 ditiicultas
849 1287 904 1330 et
958 1275 1126 1329 sudor
1167 1275 1368 1328 mixtus
1414 1273 1582 1327 labori
1620 1274 1665 1326 ⁸.
1698 1271 1855 1326 Deni-

270 1388 381 1443 que
432 1371 693 1426 Timaeum
748 1372 814 1424 de
874 1369 1062 1422 mundi
1116 1367 1402 1421 harmonia
1472 1374 1854 1433 astrorumque

272 1480 441 1518 cursu
493 1473 549 1517 et
604 1463 845 1516 numeris
910 1460 1319 1530 disputantem,
1372 1458 1487 1526 ipse
1541 1457 1629 1526 qui
1690 1458 1854 1508 inter-

272 1563 526 1624 pretatus
583 1564 665 1608 est
721 1553 956 1613 Tullius,
995 1566 1055 1605 se
1113 1565 1218 1604 non
1273 1549 1572 1618 intelligere
1631 1546 1853 1599 conﬁte-

270 1658 381 1702 tur.
411 1647 823 1701 Testamentum
858 1653 1037 1699 autem
1084 1643 1315 1698 Grunnii
1351 1642 1655 1697 Corocottm
1722 1639 1851 1693 Pur-

268 1740 396 1793 eelli
431 1740 728 1793 decantant
764 1737 817 1792 in
844 1736 1046 1792 scholis
1073 1750 1364 1804 puerorum
1394 1737 1610 1801 agmina
1632 1733 1856 1784 cachin-

269 1830 547 1884 nantium.
621 1829 785 1896 Igitur
844 1837 902 1882 et
959 1836 1146 1879 noster
1202 1824 1431 1878 Luscius
1487 1823 1769 1876 Lamtinus
1830 1823 1852 1853 ³

272 1926 495 1980 fruatur
545 1923 800 1981 testibus.
860 1920 974 1974 imo
1032 1918 1337 1972 fautoribus
1376 1919 1529 1985 suis;
1567 1918 1854 1983 vincatque

272 2016 646 2082 multitudine,
673 2018 795 2085 quia
830 2013 1059 2069 lorsitan
1100 2014 1270 2066 vincit
1308 2012 1547 2079 ingenio.
1580 2009 1853 2064 1111118111-

273 2110 388 2162 ticit
415 2122 718 2176 paucorum
780 2104 1180 2165 testimonium,
1241 2114 1296 2156 et
1355 2101 1654 2154 amicorum
1695 2100 1854 2154 laude

268 2212 565 2256 contentus
584 2215 726 2263 sum,
759 2199 849 2266 qui
888 2198 943 2250 in
986 2193 1304 2261 expetendis
1363 2193 1639 2262 opusculis
1692 2193 1850 2256 meis,

1961 991 2114 1052 tudo,
2148 1000 2207 1043 ut
2243 991 2377 1044 nihil
2414 1006 2535 1044 eum
2568 991 2754 1054 lateat,
2774 1001 2828 1046 et
2861 992 3043 1045 omnia
3093 992 3239 1048 illius
3300 995 3532 1049 arbitrio

1957 1087 2350 1152 gubernentur,
2370 1099 2537 1152 quare
2566 1083 2703 1137 dicis
2728 1081 2919 1145 Iacob,
2953 1085 3004 1139 id
3032 1093 3137 1149 est,
3191 1088 3311 1139 dine
3357 1088 3535 1141 tribus

1957 1193 2074 1245 qua:
2101 1177 2512 1244 appellabantur
2538 1176 2723 1240 Jud:e;
2762 1189 2817 1229 et
2844 1179 3086 1247 loqueris
3117 1177 3307 1243 ISI'ael,
3344 1181 3563 1235 decear‘

1958 1270 2077 1323 alite
2111 1272 2285 1322 trilius
2319 1272 2369 1323 in
2403 1270 2672 1333 Samaria,
2704 1286 2825 1337 qua:
2852 1271 2961 1333 jam
2992 1274 3219 1338 equirat:
3242 1273 3420 1326 dnctm
3451 1290 3538 1326 rs-

1960 1360 2028 1413 tis
2057 1361 2109 1413 in
2142 1362 2394 1429 Assyrios
2421 1377 2436 1413 :
2465 1361 2789 1415 Abscondita
2814 1370 2889 1414 est
2919 1363 3002 1414 viri
3040 1379 3154 1415 mea
3183 1380 3214 1415 a
3238 1361 3461 1417 Domino
3484 1378 3535 1418 ei

1958 1468 1987 1501 a
2017 1449 2119 1504 Deo
2144 1469 2260 1506 meo
2283 1452 2551 1519 judicium
2576 1470 2747 1507 meum
2771 1455 3062 1506 transibit?
3099 1454 3160 1506 Et
3183 1467 3262 1508 est
3292 1471 3493 1510 sensus
3518 1474 3533 1510 :

1959 1545 2171 1609 Dicitis,
2205 1549 2271 1599 ad
2308 1546 2472 1600 Deum
2508 1557 2724 1601 terrena
2768 1563 2875 1601 non
2900 1550 3197 1614 pertinent,
3267 1563 3366 1603 nec
3403 1564 3536 1604 cou-

1958 1639 2159 1691 slderat
2214 1638 2539 1710 4941111111
2607 1640 2985 1708 unusquisque
3055 1652 3297 1694 nostrmn
3361 1650 3534 1707 gerat.

1962 1728 2113 1783 Unde
2138 1737 2193 1783 et
2221 1746 2323 1783 nos
2342 1735 2407 1782 ab
2445 1731 2695 1784 hostibus
2723 1730 2929 1797 injuste
2955 1733 3342 1799 opprimimur,
3398 1745 3451 1783 tl
3481 1735 3532 1783 in

1954 1818 2323 1887 iumentorum
2359 1834 2412 1875 et
2441 1824 2666 1888 piscium
2690 1823 3124 1888 similitudinem,
3175 1826 3327 1892 juxta
3362 1822 3539 1879 [laba-

1957 1928 2081 1977 cue,
2106 1914 2313 1982 absque
2367 1915 2479 1969 ull‘o
2518 1928 2731 1970 rectore
2786 1917 3151 1982 disperdimnr
3197 1914 3429 1985 (llabac.
3468 1918 3534 1986 1).

1956 2006 2162 2073 Quibus
2185 2009 2470 2074 respondit
2493 2007 2633 2063 Deus
2662 2027 2676 2062 :
2707 2008 2982 2078 Numquid
3016 2012 3180 2063 nescis
3218 2011 3242 2064 7
3274 2026 3372 2065 nec
3406 2027 3541 2079 pra:-

1956 2101 2262 2154 eedentium
2297 2102 2703 2171 Scripturarunt
2734 2114 2786 2156 te
2824 2104 2985 2158 verba
3026 2103 3356 2169 docuerunt,
3417 2107 3534 2160 sive

1952 2192 2107 2262 juxta
2143 2192 2279 2246 LXX
2310 2194 2545 2263 ignoras,
2578 2196 2703 2262 quia
2737 2211 2840 2250 non
2867 2198 3066 2250 audisti
3099 2196 3242 2267 quod
3300 2209 3541 2250 aeternis

269 2303 463 2341 amore
498 2283 672 2341 nostri
702 2286 978 2347 labuntur,
1003 2294 1059 2338 et
1092 2282 1278 2338 studio
1304 2283 1754 2352 Scripturarutn;
1789 2298 1851 2337 ac
1885 2260 1924 2314 Β
1957 2287 2183 2337 Deus‘et
2218 2283 2447 2338 Crealor
2503 2288 2746 2339 omnium
2809 2287 3071 2342 Dominus
3133 2288 3312 2341 oninia
3368 2291 3537 2348 novit.

274 2380 575 2434 nonnullos
619 2379 739 2433 fore
766 2377 1003 2431 arbitror
1025 2377 1118 2443 qui
1162 2376 1265 2430 hoc
1302 2375 1477 2445 ipsum
1510 2372 1656 2441 quod
1678 2375 1742 2427 ad
1777 2383 1857 2437 te,

272 2470 657 2531 Eustochium,
687 2482 990 2523 sermonem
1037 2466 1201 2534 facio,
1235 2468 1620 2521 obtrectationi
1666 2478 1857 2535 patere

267 2559 634 2624 contendant,
666 2573 771 2612 non
799 2557 1218 2612 considerantes
1267 2555 1497 2612 Boldam
1536 2567 1591 2609 et
1642 2556 1855 2609 Annam

268 2664 334 2703 ac
374 2647 709 2712 Debboram,
747 2648 879 2702 viris
910 2648 1241 2709 tacentibus,
1294 2648 1688 2715 prophetasse:
1718 2648 1855 2700 etin

266 2739 542 2796 servitute
603 2739 804 2795 Christi
832 2755 1182 2810 nequaquam
1214 2738 1575 2794 diﬂ‘erentiam
1625 2754 1856 2794 sexuum

266 2836 480 2899 valere,
532 2836 630 2890 sed
662 2835 944 2888 mentium.
980 2833 1344 2888 Duodecimus
1372 2849 1504 2901 ergo
1541 2833 1593 2885 in
1666 2834 1856 2887 'S.li3I”

265 2927 729 2999 explanationum
765 2926 904 2980 liber
930 2927 1035 2980 hoc
1068 2926 1287 2980 habebit
1334 2928 1637 2979 exordium.

345 3018 523 3091 493
553 3017 740 3090 (Vers.
770 3018 839 3072 27
867 3033 1024 3087 seqq.
1064 3019 1083 3090 )
1119 3036 1137 3068 1
1177 3020 1358 3084 Quare
1384 3019 1540 3083 dicis,
1578 3017 1770 3081 Jacob,
1804 3031 1859 3075 ei

269 3111 540 3180 loqueris,
571 3109 759 3174 Israel,
786 3111 1107 3165 abscondita
1142 3122 1225 3165 est
1249 3112 1337 3164 via
1369 3127 1487 3164 mea
1522 3128 1548 3163 a
1586 3112 1854 3168 Domino:

266 3211 323 3256 et
354 3200 476 3254 Deo
540 3215 662 3254 meo
712 3200 975 3272 judicium
1015 3218 1193 3255 meum
1228 3203 1479 3256 transibit
1517 3200 1626 3274 [ΑΙ.
1659 3204 1857 3259 transi-

268 3289 369 3364 vit]
387 3291 417 3346 2
448 3290 727 3360 Numquid
757 3293 959 3355 neseis,
980 3305 1071 3346 ant
1097 3308 1203 3347 non
1228 3294 1464 3347 audisti?
1496 3295 1635 3349 Deus
1660 3297 1860 3367 sempi-

266 3395 491 3451 ternus,
519 3383 780 3440 Dominus
809 3386 900 3457 qui
925 3389 1130 3441 creavit
1154 3388 1419 3442 terminos
1437 3401 1615 3454 terrai,
1642 3405 1745 3443 non
1764 3392 1857 3445 de-

265 3478 445 3540 ﬁciet,
472 3492 649 3545 neque
678 3477 967 3546 laborabit,
992 3495 1088 3534 nec
1106 3492 1186 3534 est
1208 3482 1555 3552 investigatio
1574 3481 1857 3548 sapientia:

266 3574 419 3642 ejus.
450 3571 555 3637 Qui
587 3575 678 3627 dat
707 3572 854 3627 lasso
874 3573 1150 3638 virtutem,
1184 3584 1237 3627 et
1266 3573 1353 3628 his
1388 3574 1480 3644 qui
1513 3588 1617 3627 non
1649 3574 1856 3628 habent
1881 3602 1925 3661 ο

268 3664 680 3729 fortitudinem,
742 3665 908 3718 robur
962 3666 1299 3734 multiplicat.
1331 3665 1591 3721 Deﬁcient
1616 3668 1766 3735 pueri
1798 3676 1854 3721 et

266 3757 622 3822 laborabunt,
658 3767 714 3812 et
737 3758 968 3827 juvenes
1009 3759 1061 3812 iu
1118 3757 1440 3814 inﬁrmitate
1494 3762 1715 3814 cadent.
1748 3756 1851 3824 Qui

266 3859 459 3904 autem
490 3861 712 3917 sperant
748 3851 801 3903 in
829 3851 1085 3918 Domino,
1119 3853 1405 3904 mutabunt
1444 3849 1850 3916 fortitudinem,

264 3955 563 3998 assument
589 3959 800 4015 pennas
837 3946 980 3999 sicut
1007 3945 1229 4014 aquilae,
1265 3954 1511 4008 current.
1550 3958 1603 3999 et
1645 3962 1750 3998 non
1775 3946 1852 3998 la-

269 4035 589 4098 borabunt;
624 4033 1001 4098 ambulabunt,
1045 4041 1100 4087 et
1131 4048 1235 4086 non
1289 4032 1563 4094 deﬁcient,
1602 4050 1621 4082 1
1674 4029 1849 4084 LXX:

272 4146 293 4178 1
321 4124 452 4180 Non
473 4127 619 4180 enim
636 4125 810 4187 dicas,
833 4122 1002 4179 Jaeob
1021 4142 1036 4191 ;
1053 4134 1108 4178 et
1124 4124 1253 4193 quid
1275 4124 1487 4178 locutus
1506 4138 1585 4189 es,
1606 4120 1771 4177 Israel
1788 4123 1810 4152 ⁵
1832 4138 1848 4188 ;

264 4219 607 4274 Abseoudita
647 4228 734 4273 est
792 4219 879 4271 via
939 4232 1055 4270 utea
1110 4232 1139 4270 a
1191 4215 1342 4280 Deo,
1389 4226 1445 4270 et
1493 4213 1638 4269 Deus
1700 4228 1853 4268 meus

261 4311 540 4382 judicium
603 4325 787 4364 meum
848 4309 1115 4375 abstulit,
1177 4319 1233 4364 et
1266 4309 1519 4372 recessit,
1577 4318 1634 4362 et
1700 4323 1851 4375 nime

268 4405 479 4467 nescis,
511 4413 698 4457 etnon
750 4402 992 4457 audisti?
1041 4402 1183 4456 Dens
1243 4415 1503 4465 aeternus,
1566 4399 1709 4453 Dens
1756 4401 1849 4468 qui

264 4497 484 4552 creavit
514 4496 780 4551 terminos
808 4505 968 4549 terrae
991 4532 1009 4559 ,
1044 4510 1151 4549 non
1174 4495 1399 4558 esnriet,
1432 4509 1530 4548 nec
1557 4493 1848 4556 laborabit,

266 4605 371 4645 nec
404 4599 491 4643 est
518 4588 762 4642 inventio
795 4588 1103 4657 prudentiae
1130 4586 1271 4656 ejus.
1300 4588 1402 4655 Qui
1429 4590 1521 4642 dat
1556 4588 1854 4641 esurienti-

264 4684 371 4736 bus
400 4681 803 4743 lortitudinem,
833 4688 890 4734 et
913 4695 1016 4734 non
1034 4681 1342 4734 dolentibus
1369 4695 1683 4735 maerorem.
1716 4679 1853 4733 Esa-

265 4774 419 4829 rient
447 4774 596 4827 enim
621 4772 872 4841 juvenes,
925 4782 980 4827 et
1016 4771 1336 4825 laborabunt
1372 4772 1768 4831 adolescentes.
1795 4780 1851 4824 et

260 4866 430 4921 electi
459 4865 656 4919 inﬁrmi
680 4874 860 4919 erunt.
891 4864 994 4930 Qui
1040 4876 1219 4918 autent
1277 4874 1591 4931 exspectant
1654 4866 1844 4930 Deum,

1957 2376 2141 2426 Omnia
2182 2375 2448 2442 continet,
2486 2377 2670 2430 omnia
2723 2392 2817 2430 sna
2877 2376 3161 2444 majestate
3217 2378 3543 2445 dispensat?

1958 2463 2067 2517 Nec
2103 2464 2396 2532 aliquando
2424 2466 2630 2526 deticit.
2663 2481 2762 2519 nec
2794 2467 3050 2535 laborat;
3080 2480 3139 2520 111
3193 2477 3340 2522 11111111
3385 2469 3539 2537 judi-

1959 2559 2105 2609 cium
2140 2572 2245 2607 non
2282 2557 2563 2626 intelligat,
2594 2566 2648 2610 et
2684 2558 3016 2613 abscondita:
3044 2560 3152 2614 sint
3202 2561 3270 2614 ab
3306 2576 3373 2613 eo
3418 2561 3543 2617 vita:

1961 2658 2063 2702 tua:
2089 2648 2112 2699 't
2139 2645 2251 2702 Nec
2282 2658 2387 2708 est.
2423 2651 2617 2717 inquit,
2663 2650 3018 2718 investigatio
3071 2652 3356 2719 sapientia:
3391 2654 3537 2717 ejus.

1958 2739 2025 2791 de
2051 2755 2158 2806 quo
2189 2740 2306 2793 loco
2334 2739 2460 2792 illud
2503 2741 2747 2808 Apostoli
2778 2754 3052 2809 sumptum
3105 2758 3229 2795 reor
3277 2760 3292 2795 :
3324 2741 3543 2797 Incom-

1958 2830 2330 2901 preltensibilia
2363 2831 2579 2901 judicia
2642 2833 2783 2902 ejus,
2846 2842 2895 2885 et
2939 2834 3326 2903 inuestigabili»
3372 2832 3542 2906 [forte

1960 2923 2405 2995 minvestigabiles
2435 2923 2572 2995 join:
2607 2925 2790 2986 illius(
2824 2924 2976 2979 Rom.
3033 2940 3109 2990 111,
3135 2927 3265 2996 ’55);
3316 2926 3449 2992 sive,
3483 2937 3542 2980 ut

1959 3016 2102 3072 LXX
2131 3019 2553 3083 transtulerunt,
2581 3034 2683 3071 non
2732 3019 2951 3083 esuriat,
3011 3029 3057 3071 et
3115 3036 3218 3073 non
3255 3018 3539 3073 laborabit.

1959 3108 2061 3164 Ubi
2094 3111 2240 3163 enim
2272 3108 2427 3163 cibus
2489 3109 2559 3162 ibi
2625 3108 2941 3179 frequenter
2966 3109 3201 3173 esuries,
3262 3113 3307 3165 si
3358 3111 3539 3165 cibum

1957 3204 2265 3259 detraxeris
2292 3223 2309 3270 ;
2342 3216 2398 3260 et
2422 3207 2511 3260 tibi
2536 3205 2777 3269 esuries,
2801 3203 2873 3257 ibi
2903 3215 2959 3257 et
2979 3203 3151 3258 IubOt‘.
3188 3204 3323 3258 Cum
3348 3215 3534 3260 autem

1957 3299 2011 3353 in
2047 3299 2159 3355 Deo
2189 3299 2306 3354 haec
2342 3315 2451 3353 non
2490 3299 2623 3364 sint,
2654 3314 2753 3352 cur
2780 3303 2829 3353 ei
2850 3298 3120 3352 humanas
3155 3298 3386 3368 jnngitis
3414 3313 3537 3366 pas-

1955 3392 2183 3447 siones?
2211 3393 2341 3462 quin
2374 3392 2555 3462 potius
2593 3393 2709 3461 ipse
2736 3392 3106 3447 esurientibus
3135 3401 3187 3444 et
3217 3390 3379 3445 lassis
3436 3392 3533 3445 dat.

1955 3484 2350 3547 fortitudinem,
2384 3496 2438 3540 et
2465 3487 2557 3556 qui
2584 3486 2837 3539 videnlur
2866 3486 2919 3538 in
2952 3484 3153 3538 saeculo
3185 3498 3308 3538 esse
3374 3484 3534 3554 quasi

1956 3578 2135 3643 nihili,
2185 3578 2439 3633 virtutem
2507 3579 2781 3647 roburque
2826 3577 3171 3663 mpltiplicat,
3202 3578 3339 3645 sive,
3379 3579 3534 3647 juxta

1962 3669 2124 3736 LXX,
2155 3671 2247 3740 qui
2281 3672 2472 3725 tribuit
2498 3688 2597 3725 non
2618 3671 2918 3725 dolentibus
2949 3685 3244 3733 utmorem,
3277 3677 3361 3724 est
3387 3670 3532 3724 enim

1963 3760 2184 3815 tristitia
2219 3776 2344 3830 quae
2368 3760 2516 3814 ducit
2547 3761 2613 3815 ad
2649 3770 2901 3821 mortem,
2933 3766 3099 3812 etest
3133 3758 3354 3811 tristitia
3416 3772 3540 3826 qua:

1961 3852 2108 3906 ducit
2140 3854 2204 3905 ad
2241 3852 2426 3905 vitam.
2446 3850 2603 3906 Unde
2632 3849 2719 3905 his
2739 3851 2828 3919 qui
2851 3850 3053 3903 habent
3071 3864 3167 3904 eor
3189 3849 3537 3917 impmnitens

1960 3944 2369 4007 dattriStitiam,
2406 3954 2463 3995 ut
2492 3955 2715 4012 pet-cata
2772 3957 2875 3995 sua
2938 3940 3269 4009 intelligant.
3313 3939 3377 3992 Et
3404 3939 3536 4010 quia

1961 4034 2117 4088 multi
2150 4036 2386 4104 gaudent
2426 4036 2477 4087 in
2510 4034 2761 4103 corporis
2784 4034 3039 4096 sanitate,
3104 4042 3159 4087 et
3214 4031 3537 4087 adolescen-

1962 4126 2092 4179 tiam
2123 4138 2289 4194 atque
2312 4127 2598 4193 pneritiatu
2632 4135 2819 4194 putant
2865 4142 2990 4179 esse
3021 4135 3360 4194 perpetuam,
3394 4122 3531 4193 jun-

1961 4219 2037 4287 git
2066 4230 2118 4271 et
2149 4219 2301 4280 dicit,
2320 4222 2461 4289 quod
2489 4220 2689 4274 llorcns
2712 4230 2847 4272 mtas
2878 4221 2989 4272 cito
3012 4217 3287 4280 concidat,
3319 4228 3376 4270 et
3408 4231 3532 4270 cor-

1960 4328 2088 4380 pora
2117 4313 2340 4367 robnSta
2377 4322 2738 4367 marcescant.
2762 4312 2865 4376 Qui
2894 4322 3073 4365 autem
3101 4326 3206 4363 non
3237 4311 3292 4363 in
3321 4309 3434 4363 suis
3448 4307 3531 4361 vi-

1960 4407 2131 4470 ribus,
2152 4409 2245 4459 sed
2283 4410 2334 4458 in
2367 4404 2476 4458 Deo
2506 4407 2741 4459 habeant
2772 4405 3046 4471 ﬁduciam,
3089 4403 3254 4477 495
3304 4415 3359 4459 et
3409 4404 3531 4474 ejus
3614 4440 3624 4463 -.

1958 4497 2617 4564 sempermisericordiam
2656 4500 3037 4565 praestolentnr
3067 4495 3178 4569 [Αι.
3219 4496 3538 4564 praestolan-

1960 4602 2013 4640 111
2025 4584 2094 4657 r],
2112 4596 2326 4640 mutent
2345 4587 2742 4654 lenitudinem,
2757 4602 2809 4643 et
2827 4590 3033 4644 vadant
3054 4593 3120 4644 de
3140 4591 3340 4645 virtute
3357 4590 3411 4643 111
3436 4590 3538 4645 vir-

1964 4693 2127 4735 tutem
2154 4724 2170 4747 ,
2192 4692 2243 4734 et
2270 4693 2549 4735 assumant
2574 4698 2781 4749 pennas
2806 4683 2950 4737 sicut
2969 4684 3190 4751 aquilae.
3215 4692 3267 4735 et
3289 4682 3533 4747 audiant,

1961 4771 2320 4827 Renovabitnr
2344 4775 2476 4827 sicut
2500 4777 2956 4843 aqitilenrcntus
2983 4789 3072 4830 tua
3101 4775 3274 4846 (Paul.
3331 4790 3428 4839 cu,
3449 4775 3533 4843 5);

1962 4876 2191 4921 currant
2223 4867 2289 4920 ad
2323 4868 2634 4931 Dominum,
2673 4880 2725 4923 et
2755 4871 2875 4938 ejus
2910 4870 3181 4924 desiderio
3229 4886 3334 4921 non
3378 4869 3533 4924 labo-

262 4960 563 5013 mutabunt
595 4957 989 5012 fortitudinem.
1014 4959 1312 5012 Assninent
1345 4959 1459 5012 alas
1510 4960 1662 5027 quasi
1695 4960 1851 5026 aqui-

1961 4969 2121 5023 rent;
2160 4960 2459 5023 ambulent,
2506 4971 2561 5015 et
2610 4978 2883 5031 nunquam
2921 4963 3192 5017 deliciam.
3217 4961 3423 5016 Crebro
3454 4959 3537 5015 di-

262 5052 366 5109 L‘B:
402 5061 649 5115 current,
676 5061 733 5105 et
760 5067 867 5105 non
904 5050 1220 5105 laborabunt
1247 5065 1261 5102 :
1297 5051 1637 5120 gradientur,
1660 5061 1713 5104 et
1744 5068 1847 5105 non

338 5207 361 5237 ⁸
384 5204 672 5260 Accedunt
702 5218 846 5257 nunc
877 5205 1033 5258 hisce
1084 5204 1505 5260 Commentariis
1566 5222 1828 5273 recogito.

263 5276 493 5332 scendis
519 5276 626 5328 duo
683 5277 1025 5328 Ambrosiam
1080 5291 1213 5328 mss.
1246 5292 1478 5332 quorum
1531 5280 1666 5327 alter
1713 5281 1845 5331 satis

263 5348 530 5410 antiquus
566 5341 603 5396 S
632 5343 835 5406 littera,
867 5355 923 5396 et
952 5361 1101 5398 1111111.
1133 5345 1204 5398 45
1226 5357 1582 5412 praenotatos,
1607 5345 1844 5399 Milesius

263 5426 317 5470 et
349 5416 580 5485 [abrttas
626 5412 717 5465 hic
755 5413 907 5485 legit.
964 5413 1166 5481 Nempe
1215 5414 1452 5485 Milesias
1512 5421 1848 5469 siitistanti':e

261 5482 457 5540 uisere
481 5483 737 5537 Veteres:
761 5494 815 5535 et
848 5483 1071 5538 Hieron.
1094 5494 1277 5536 contra
1317 5482 1566 5548 Ruﬁnum
1595 5487 1683 5539 lib.
1724 5500 1760 5545 I,
1794 5504 1847 5536 11.

264 5557 359 5610 Π.
414 5553 921 5609 Cirratorumturba
950 5553 1279 5607 Milesiarum
1305 5556 1570 5608 institutis
1602 5558 1851 5625 ﬁgmenta

262 5629 539 5679 decantat.
572 5625 722 5676 Alte’r
747 5630 1049 5692 praegraui-Et
1083 5625 1254 5677 iniuria
1284 5626 1325 5678 Ε
1353 5626 1529 5678 littera
1566 5641 1620 5681 et
1679 5645 1732 5680 11.
1784 5626 1853 5681 93

256 5698 611 5766 designatur,
637 5708 809 5763 eoque
844 5694 1045 5762 passim
1078 5706 1293 5749 utemur
1320 5697 1545 5750 111111⁸.υά

547 5788 817 5850 ΡΑτιιοι..
860 5786 1088 5852 XXIV.

1958 5052 2161 5117 annus,
2196 5055 2501 5123 aquilarum
2532 5066 2867 5110 senectutem
2898 5058 3229 5112 revirescere
3266 5060 3528 5113 mutatio-

1953 5278 1980 5329 ὑ
2008 5208 2027 5238 ¹
2070 5208 2461 5264 Ambrosianus
2527 5213 2828 5274 vetustior,
2875 5223 2921 5265 et
2968 5214 3151 5266 sudori
3196 5216 3395 5270 mixtus
3438 5218 3523 5273 la-

1987 5295 2063 5329 or.

1987 5295 2063 5331 01⁵.

2026 5350 2047 5380 ³
2083 5348 2178 5425 Sic
2211 5351 2417 5404 habent
2448 5365 2578 5405 mss.
2623 5354 3077 5425 quemadmodum
3130 5356 3255 5409 alibi
3304 5374 3519 5425 quoque
3556 5414 3559 5419 ,

1957 5423 2314 5496 reposuimus.
2346 5426 2516 5474 Antea
2544 5431 2660 5474 erat
2683 5421 3173 5496 Liteius_Laviiiiits.
3201 5428 3272 5481 De
3297 5421 3519 5496 porcelli

1958 5501 2135 5542 autem
2197 5489 2548 5543 Te~tainento
2604 5492 2824 5544 consule
2884 5493 3216 5549 Brtssoniunt
3287 5489 3524 5551 111Εο1·-

1960 5562 2130 5639 nrql.ﬂ;
2155 5559 2499 5639 Latiiheciiint
2529 5575 2746 5639 quoque
2764 5562 2830 5613 ad
2862 5565 3031 5639 Apicii
3062 5565 3158 5619 lib.
3181 5582 3299 5629 vm,
3326 5583 3451 5639 cap.
3473 5571 3531 5627 7.

2030 5632 2052 5658 δ
2073 5628 2292 5711 vulgati
2326 5630 2524 5682 addunt
2550 5631 2751 5711 dicens,
2780 5628 2925 5699 quod
2948 5636 3166 5689 verbum
3197 5628 3372 5711 neque
3396 5628 3529 5698 ittss.

1966 5700 2136 5759 nostri
2170 5701 2391 5769 habent,
2428 5714 2603 5771 neque
2626 5700 2847 5759 Grtccus
2878 5715 3078 5761 textus.

3188 5804 3263 5867 14
