3952 6180
496 283 598 347 427

1680 277 1738 340 S.
1776 275 2078 334 EUSEBII
2124 274 2170 333 ll
2190 274 2563 335 lERONYMI
3627 280 3713 347 128

497 417 563 454 ne
589 412 909 468 pennarum,
937 405 991 449 et
1009 395 1153 449 solas
1172 407 1292 449 esse
1312 392 1606 463 quaejubar
1629 391 1758 447 solis
1778 392 2068 460 aspiciam,
2103 399 2143 454 Α
2180 407 2298 443 rum
2358 403 2568 447 tantum
2633 394 2797 458 Deus,
2850 394 2944 447 sed
3004 398 3065 447 et‘
3091 394 3361 459 gentium,
3389 395 3479 463 qui
3530 402 3719 452 vocavit

498 499 556 543 et
590 486 937 558 splendorem
970 484 1247 539 radiorum
1280 485 1401 552 ejus
1465 482 1677 553 possint
1737 482 2068 536 micantibus

497 582 672 635 oculis
722 578 959 633 intueri:
998 576 1282 647 pullosque
1334 588 1462 630 suos
1506 590 1574 629 an
1628 574 1886 643 generosi
1937 573 2068 637 sint,

498 673 603 725 huc
626 670 998 738 experimento
1026 667 1277 736 probent.
1314 665 1500 735 Itaque
1522 674 1579 719 et
1604 675 1831 721 sanctos
1876 678 2070 733 repueu

501 778 720 817 rasccre
741 801 756 825 ,
784 769 839 815 et
862 769 1137 826 assumpto
1163 757 1459 811 immortali
1514 770 1768 826 corpore,
1834 755 2069 809 laborem

501 871 605 907 non
632 852 831 906 sentire
859 850 1192 913 mortalium,
1240 848 1331 900 sed
1382 847 1495 917 rapi
1522 847 1575 900 in
1601 846 1830 900 nubibus
1856 846 2069 901 obviam

497 944 737 1008 Christo,
776 950 829 994 et
864 955 1203 1009 nequaquam
1255 939 1407 1006 juxta
1462 936 1602 991 LXX
1665 936 1895 1002 esurire,
1943 939 2070 1005 quia

497 1043 817 1105 prtesenlem
862 1032 1145 1085 Dominqu
1180 1030 1418 1085 habeant
1440 1029 1644 1083 cibum.

568 1126 722 1196 (Cap.
782 1126 922 1179 XLI.
971 1154 1041 1166 —
1071 1125 1233 1177 Vers.
1265 1126 1287 1178 ‘l
1333 1126 1507 1192 seqq.)
1546 1141 1565 1174 ι
1604 1124 1847 1178 Taceaut
1889 1125 1956 1179 ad
1990 1140 2074 1179 tne

502 1219 714 1281 insulae,
750 1228 804 1270 et
829 1228 1019 1284 gentes
1060 1224 1269 1268 mutent
1315 1215 1738 1280 fortitudinem;
1782 1218 2071 1282 accedant,

498 1322 552 1365 et
583 1321 711 1366 tunc
741 1311 1067 1379 loquantur,
1118 1309 1278 1362 simul
1312 1310 1378 1362 ad
1427 1308 1689 1375 judicium
1744 1310 2076 1378 propinque-

502 1418 643 1456 mus.
673 1402 805 1466 Quis
828 1400 1118 1455 suscitavit
1168 1400 1234 1453 ab
1288 1399 1507 1452 Oriente
1566 1401 1777 1454 .ltlstunt
1806 1440 1821 1455 .
1862 1401 2074 1454 vocavit

503 1502 699 1549 eumut
731 1502 1049 1562 sequeretur
1073 1493 1169 1546 se?
1201 1492 1358 1546 Dabit
1381 1493 1431 1544 in
1466 1504 1767 1562 conspectu
1798 1494 1914 1561 ejus
1943 1510 2077 1563 gett-

509 1595 613 1652 tes,
642 1594 697 1641 et
726 1600 877 1655 reges
906 1585 1192 1638 obtinebit.
1220 1584 1378 1638 Dabit
1400 1587 1551 1653 quasi
1589 1586 1865 1654 pulverem
1894 1587 2076 1656 gladio

503 1679 667 1746 ejus,
719 1677 860 1731 sicut
911 1676 1169 1746 stipulam
1210 1685 1375 1729 vento
1428 1686 1632 1746 raptam
1689 1678 1837 1731 arcni
1905 1677 2071 1732 illius.

500 1767 1019 1837 Perseqnetur'eos.
1064 1768 1317 1822 transibit
1351 1769 1402 1820 in
1429 1783 1580 1831 pace,
1616 1770 1809 1822 semita
1836 1769 1888 1822 in
1922 1769 2077 1835 pedi-

499 1862 603 1916 bus
631 1863 753 1930 ejus
781 1876 888 1914 non
920 1860 1232 1929 apparebit.
1260 1858 1393 1925 Qnis
1413 1859 1529 1915 haec
1580 1870 1838 1929 operatus
1889 1871 1970 1917 est
2021 1872 2075 1917 ct

508 1956 670 2021 fecit,
701 1969 901 2007 vocans
926 1953 1308 2021 generationes
1341 1952 1409 2006 ab
1461 1953 1717 2006 exordio?
1758 1953 1865 2025 ligo
1894 1953 2078 2009 Domi-

502 2062 624 2112 utts,
650 2045 855 2113 primus
873 2053 926 2097 et
943 2044 1272 2096 novissimus
1295 2058 1396 2110 ego
1420 2059 1561 2096 sum.
1589 2042 1853 2097 Viderunt
1880 2044 2072 2099 insula:

501 2147 556 2190 ct
583 2137 881 2190 timuerunt
922 2142 1202 2188 :extrema
1240 2144 1396 2188 terrm
1413 2134 1828 2205 obstupuerunt,
1881 2152 2075 2206 appro-

500 2226 895 2296 pinquaverunt
916 2236 969 2278 et
996 2234 1363 2280 acce~serunt.
1411 2222 1799 2293 Unusquisque
1826 2227 2076 2296 proximo

499 2333 597 2370 suo
644 2316 1026 2376 auxiliabitnr,
1082 2324 1135 2368 et
1178 2315 1331 2368 fratri
1382 2330 1486 2369 suo
1546 2316 1691 2371 dicet
1748 2314 1859 2389 [ΑΙ.
1894 2316 2071 2389 dicit],

505 2411 854 2468 Conforlare.
922 2409 1267 2466 Confot'tavit
1339 2406 1451 2479 [ΑΙ.
1506 2410 1858 2483 coniorlabit]
1924 2411 2075 2466 faber

499 2505 728 2557 atrocius
752 2500 1065 2573 percutiens
1098 2499 1294 2553 malleo
1343 2514 1467 2554 eum
1503 2500 1598 2567 qui
1651 2498 1897 2557 cudebat
1944 2509 2074 2555 tunc
2106 2529 2114 2536 ~

502 2598 782 2663 temporis,
808 2596 1013 2661 dicetis,
1047 2593 1253 2664 glutino
1286 2592 1490 2647 bonum
1523 2604 1604 2646 est
1642 2608 1659 2659 ;
1688 2603 1740 2646 et
1801 2592 2077 2649 (Oufenti-

498 2691 575 2743 vit
604 2705 726 2742 eum
760 2690 812 2741 in
833 2688 1021 2747 clavis,
1052 2694 1233 2740 utnon
1269 2694 1548 2739 moveatur
1576 2684 1690 2756 [Αι.
1715 2685 2072 2756 moveretan

498 2781 671 2837 LXX:
708 2799 726 2832 t
760 2778 1095 2835 lnnovamini
1120 2780 1186 2830 ad
1228 2793 1343 2842 me,
1373 2777 1588 2841 insulae,
1622 2779 1897 2848 priuetpes
1928 2780 2072 2832 enim

499 2874 787 2927 mutabunt
842 2872 1140 2923 virtutem:
1198 2870 1630 2937 appropinquent
1686 2878 1741 2922 et
1782 2868 2074 2938 loquantur

502 2963 707 3025 simul,
747 2961 1147 3030 luncjudicium
1194 2959 1544 3013 aununtient.
1599 2958 1733 3023 Quis
1785 2959 2073 3014 suscitavit

2172 480 2446 536 Christum
2476 483 2766 539 Dominum
2800 483 3160 549 Salvatorem,
3194 486 3290 553 qui
3344 483 3514 541 factus
3543 497 3620 542 est
3639 505 3720 541 nu.

2174 571 2256 627 bis
2281 575 2545 644 sapientia
2570 575 2757 640 aDeo,
2785 576 3003 645 justitia
3028 588 3083 633 et
3101 579 3390 645 sanctitas,
3423 589 3478 633 et
3499 582 3724 648 redemp-

2177 666 2251 717 tio
2287 664 2339 734 (Ι
2375 667 2499 723 Cor.
2550 668 2612 735 t).
2666 669 2722 722 In
2778 684 2887 737 quo
2932 669 3083 735 juxta
3130 671 3383 722 eumdem
3434 670 3721 739 Apostoltnu

2181 756 2507 823 Deijustitia
2539 760 2816 813 revelatur
2849 760 3066 832 (Ibid.).
3107 761 3333 816 Vocavit
3380 770 3552 816 autem
3596 778 3722 819 eum.

2175 859 2231 899 ιιι
2261 861 2319 901 se
2348 849 2400 902 in
2431 851 2688 906 omnibus
2720 865 3062 922 sequeretur,
3092 863 3147 909 et
3177 870 3353 925 opera
3382 854 3554 909 Patris
3599 854 3725 910 iacc-

2177 951 2292 1005 ret;
2325 952 2379 993 et
2408 940 2536 994 ilhtd
2567 943 2818 1012 impleret
2857 945 3083 1000 dicens:
3127 946 3291 1012 Deus,
3317 958 3374 1000 ιιι
3417 947 3629 1016 facerent
3649 964 3725 1001 vo-

2186 1030 2446 1084 luntatem
2510 1046 2655 1087 tuum
2690 1035 2831 1087 uului
2884 1035 3058 1104 (Paul.
3102 1053 3292 1104 sunt,
3342 1038 3421 1108 9).
3481 1037 3537 1093 ln
3591 1039 3728 1106 hujus

2176 1136 2467 1192 conspectu
2501 1140 2654 1195 reges
2684 1134 2737 1179 ct
2760 1138 2948 1196 gentes
2979 1129 3116 1183 colla
3146 1130 3496 1193 submitteut,
3552 1139 3603 1184 et
3631 1131 3726 1198 gla-

2177 1212 2264 1265 dio
2299 1213 2443 1267 illius
2489 1230 2552 1268 ac
2577 1216 2794 1285 sagittis
2844 1218 3177 1273 adversaria:
3222 1228 3541 1287 potestates,
3592 1223 3724 1290 quasi

2176 1305 2374 1372 stipula
2409 1305 2770 1374 suhjicientur
2823 1319 2877 1361 et
2910 1308 3111 1377 pulvis.
3144 1308 3501 1379 Persequetur
3526 1324 3627 1373 eos,
3652 1326 3724 1362 re-

2177 1410 2272 1465 ges
2315 1396 2567 1451 videlicet
2587 1408 2638 1452 et
2661 1398 2939 1470 principes
2970 1403 3213 1470 gentium
3247 1401 3581 1473 singularum
3610 1419 3623 1454 :
3672 1400 3726 1453 lit

2176 1489 2526 1549 pertransibit
2560 1491 2615 1542 in
2643 1507 2791 1558 pace,
2830 1492 2896 1544 ad
2932 1506 3119 1558 pacem
3151 1505 3381 1547 cunctos
3417 1508 3622 1555 vocans,
3678 1503 3725 1543 ut

2180 1580 2601 1634 reconcilientur
2632 1581 2762 1635 Deo.
2795 1581 2997 1636 Semita
3026 1585 3079 1636 in
3101 1586 3320 1651 pedibus
3346 1584 3487 1637 illius
3515 1599 3609 1636 non
3642 1599 3723 1647 ap-

2178 1674 2406 1739 parebit,
2439 1674 2491 1727 id
2524 1684 2627 1740 est,
2665 1676 2766 1729 via:
2794 1677 3035 1731 laborem
3068 1693 3175 1733 non
3235 1681 3453 1743 sentiet,
3497 1692 3590 1732 nec
3636 1679 3720 1730 at.-

2178 1764 2776 1831 quamjtnhecillitatis
2811 1769 3062 1821 humanae
3104 1767 3480 1822 lassitudinem
3514 1783 3528 1831 ;
3559 1767 3642 1821 sed
3670 1769 3723 1816 d--.

2180 1863 2419 1910 torrente
2471 1857 2617 1910 bibet
2664 1857 2716 1911 iu
2747 1860 2857 1926 via,
2901 1869 2956 1912 et
3011 1869 3299 1927 propterea
3356 1859 3548 1914 levabit
3582 1869 3720 1930 caput

2180 1946 2359 2017 (Psal.
2421 1947 2555 2017 cu).
2588 1948 2739 2013 Quis,
2768 1949 2963 2019 inquit,
2988 1952 3098 2004 hinc
3128 1960 3379 2016 operatus
3412 1961 3485 2004 est
3513 1960 3557 2003 et
3584 1950 3723 2020 fecit?

2177 2039 2310 2104 Quis
2338 2041 2627 2093 suscitavit
2655 2039 2887 2110 justum,
2908 2042 3020 2095 sive
3046 2041 3321 2107 justitiam
3341 2041 3364 2093 ?
3384 2040 3511 2107 Quis
3538 2041 3584 2096 ei
3610 2055 3719 2112 gen.

2178 2141 2258 2187 tes
2286 2142 2340 2186 et
2372 2148 2524 2202 reges
2555 2132 2818 2187 tradidit?
2847 2132 2980 2199 Quis
3010 2133 3191 2202 gladio
3225 2133 3349 2201 ejus
3370 2142 3421 2185 et
3451 2132 3590 2187 arcni
3616 2118 3721 2183 uni-

2178 2242 2333 2281 versa
2370 2226 2643 2295 subjecit?
2696 2228 2883 2296 utique
2920 2227 3058 2291 ille,-
3100 2229 3194 2296 qui
3237 2228 3306 2281 ab
3363 2227 3515 2279 initio
3561 2224 3718 2279 mundi

2179 2320 2290 2372 lucc
2327 2318 2507 2370 futura
2544 2317 2812 2386 pitedixit,
2844 2320 2937 2385 qui
2969 2319 3216 2371 omnium
3259 2319 3506 2372 conditor
3551 2325 3641 2369 est.
3668 2315 3720 2366 lt

2176 2411 2301 2480 quia
2332 2409 2546 2464 dixerat
2582 2410 2916 2464 sciscitantis
2952 2408 3193 2463 ali‘eetu:
3229 2409 3361 2475 Qui:
3395 2406 3643 2463 suscitavit
3667 2405 3718 2457 ab

2177 2500 2392 2556 Oriente
2435 2501 2667 2572 justum,
2740 2512 2872 2566 etc.,
2922 2502 3135 2555 cunctis
3175 2501 3479 2555 tacentibus
3504 2498 3598 2552 sibi
3627 2498 3721 2562 ipse

2177 2592 2453 2661 respondit
2484 2612 2497 2647 :
2534 2591 2645 2662 Ego
2680 2609 2794 2645 tum
2824 2591 3103 2656 Dominus,
3132 2593 3340 2661 primus
3371 2606 3416 2645 et
3448 2590 3718 2644 novissimus

2173 2702 2268 2755 ego
2300 2702 2434 2740 sum.
2468 2686 2583 2754 Ipse.
2605 2694 2685 2738 est
2714 2688 2805 2754 qui
2838 2696 2893 2738 et
2924 2685 2975 2738 in
3006 2684 3331 2755 Apocalypsi
3354 2682 3566 2738 Joannis
3579 2678 3719 2752 497

2178 2777 2413 2844 loquitur
2458 2776 2618 2845 :Ego
2677 2792 2791 2829 sum
2844 2793 2878 2828 α
2928 2785 2975 2829 et
3005 2796 3075 2839 to,
3123 2777 3443 2846 principium
3500 2786 3545 2828 et
3594 2774 3697 2838 ﬁnit

2176 2867 2365 2935 (Apoc.
2404 2884 2440 2929 t,
2474 2868 2540 2934 8,
2574 2876 2619 2918 et
2647 2884 2777 2932 uti,
2816 2868 2922 2935 l3).
2962 2868 3229 2923 Viderunt
3286 2870 3497 2929 insulze,
3560 2866 3604 2917 id
3651 2871 3720 2913 ist

2176 2972 2392 3027 gentes,
2425 2958 2537 3011 sive
2568 2958 2827 3013 Ecclesia:
2862 2963 2927 3014 de
2966 2961 3223 3028 gentibus
3255 2968 3716 3029 congregata',t|tm'

501 3057 566 3109 de
590 3050 1098 3118 Orientejnstitiam
1124 3067 1138 3103 :
1169 3053 1378 3103 vocavit
1402 3064 1520 3103 t‘atlt
1558 3049 1621 3103 ad
1656 3049 1819 3119 pedes
1865 3066 1992 3105 suos
2018 3059 2071 3105 et
2104 3070 2149 3128 (ς
2186 3051 2366 3103 nmndi
2403 3051 2558 3118 hujus
2590 3055 2862 3106 sustinent
2923 3063 3305 3122 tempestates;
3343 3062 3396 3106 et
3454 3051 3716 3103 timuerqu

501 3145 695 3201 vadet?
723 3145 878 3199 Dabit
910 3149 960 3196 in
1020 3154 1311 3209 conspectu
1380 3141 1659 3210 gentium,
1714 3150 1767 3195 et
1822 3155 1975 3210 reges
2024 3140 2076 3194 iit
2182 3142 2504 3195 Dominum:
2544 3142 2878 3210 Principium
2904 3143 3040 3197 enim
3072 3145 3349 3213 sapientia:
3378 3145 3527 3197 timor
3568 3137 3717 3193 Domi-

502 3251 777 3301 smporem
816 3237 1014 3298 mittet,
1048 3245 1102 3287 et
1126 3234 1274 3287 dabit
1309 3233 1364 3287 in
1393 3243 1593 3288 terram
1624 3233 1833 3302 gladios
1857 3247 2073 3294 eorun,
2182 3234 2237 3288 ni
2272 3233 2459 3297 (Prov.
2521 3249 2595 3295 ιιι,
2648 3233 2756 3288 ldl.
2797 3233 3000 3287 Omnes
3065 3244 3341 3288 terrarum
3396 3232 3595 3287 termini
3660 3229 3715 3281 ad

503 3339 559 3381 et
582 3328 722 3382 sicut
755 3326 1003 3395 stipulam
1046 3324 1343 3393 projectum
1372 3339 1532 3378 arcus
1578 3338 1809 3389 eorum;
1842 3332 1895 3377 et
1951 3338 2074 3390 per-
2182 3326 2547 3394 apostolorum
2586 3326 2750 3379 verba
2792 3334 3159 3391 tremuerunt,
3226 3326 3712 3397 appropinquantes,

503 3427 766 3488 sequetur
797 3433 914 3483 eos,
940 3414 1190 3469 transibit
1214 3416 1265 3467 in
1293 3429 1424 3482 pace
1451 3415 1530 3466 via
1557 3415 1753 3484 pedum
1782 3415 1921 3482 ejus.
1947 3413 2080 3479 Quis
2181 3429 2227 3469 et
2263 3420 2328 3469 ad
2352 3417 2555 3470 Christi
2590 3415 2952 3486 Evangeliqu
2993 3418 3196 3486 pariter
3228 3422 3557 3474 accedentes.
3579 3412 3716 3468 Cum-

503 3521 775 3581 operatns
795 3518 879 3564 est
901 3518 953 3563 et
987 3507 1113 3561 fecit
1143 3505 1300 3561 l'aec'l
1358 3507 1573 3558 vorabit
1619 3521 1758 3569 eam,
1794 3509 1881 3575 qui
1926 3516 2080 3558 vocat
2183 3525 2290 3578 que
2319 3509 2528 3577 seipsos
2558 3518 2848 3562 cernerent
2878 3524 3002 3563 esse
3034 3508 3296 3576 salvatus,
3327 3509 3378 3563 id
3418 3510 3549 3575 quod
3578 3518 3712 3573 supra

503 3620 623 3658 eam
659 3617 687 3656 a
719 3602 1129 3670 generationum
1166 3599 1456 3667 principio.
1491 3595 1601 3665 Ego
1638 3596 1778 3650 lteus
1844 3600 2075 3664 primus.
2183 3603 2470 3655 audit-rant
2510 3618 2525 3655 :
2581 3602 2888 3665 Accedant,
2929 3612 2979 3657 et
3043 3612 3165 3656 tunc
3235 3603 3544 3673 loquantur,
3581 3607 3717 3665 opem

506 3704 560 3748 ct
590 3696 642 3748 in
698 3695 813 3748 btet:
848 3707 968 3759 qua:
994 3700 1219 3744 ventura
1290 3700 1415 3743 sunt
1465 3704 1565 3757 ego
1618 3704 1759 3742 sum.
1815 3687 2081 3742 Viderunt
2183 3693 2629 3760 compleverunt;
2663 3703 2721 3746 ut
2768 3692 3168 3747 auxiliarentur
3199 3694 3462 3765 proximis
3522 3690 3640 3751 suis,
3672 3694 3715 3739 el

506 3796 693 3853 etintes
743 3794 799 3837 et
838 3785 1133 3837 timuerunt
1169 3797 1187 3850 ;
1222 3780 1439 3835 termini
1475 3789 1632 3833 terrre
1686 3783 2081 3847 obstupuerunt
2184 3786 2387 3837 fratres
2412 3798 2540 3838 suos
2573 3784 2772 3837 vellent
2798 3783 2851 3837 in
2881 3781 3116 3839 Domino
3140 3785 3471 3848 confortare,
3502 3792 3551 3837 et
3595 3778 3714 3834 dice-

501 3881 668 3954 496
702 3887 757 3932 et
811 3884 1205 3941 accesserunt;
1252 3881 1523 3928 venerunt
1574 3873 1756 3935 simul,
1827 3872 2079 3938 judicans
2181 3887 2298 3928 rent
2334 3875 2452 3927 eis:
2491 3873 2744 3928 Recedite
2798 3874 2868 3927 ab
2908 3875 3086 3941 idolis,
3134 3877 3425 3931 simulacra
3453 3873 3711 3930 daemonum

506 3972 879 4041 unusquisque
929 3971 1176 4038 proximo
1233 3980 1332 4020 suo
1397 3965 1651 4019 auxiliari
1700 3975 1755 4018 et
1810 3964 2081 4024 fratr;;et
2182 3966 2403 4031 antiqua
2446 3965 2797 4031 contemnite,
2847 3978 2967 4033 qua!
3023 3966 3262 4022 humana
3325 3966 3479 4023 finxit
3530 3974 3709 4024 manus,

486 4060 649 4118 ’dicct
680 4079 696 4117 :
742 4059 1139 4115 Pratvalnitvir
1162 4058 1354 4111 artifex
1388 4068 1439 4111 et
1498 4058 1726 4110 aerarius
1773 4066 2080 4124 percutiens
2182 4075 2302 4126 qua:
2343 4057 2536 4111 malleo
2576 4059 2805 4111 cudente
2838 4059 3103 4128 producta
3131 4073 3287 4132 sunt,
3325 4077 3441 4134 qua:
3470 4065 3711 4128 compacta

505 4154 699 4209 malleo
722 4150 881 4205 simul
928 4149 1290 4219 producens;
1334 4145 1627 4213 aliquando
1664 4143 1882 4214 quidem
1928 4143 2078 4207 dicit,
2182 4147 2411 4216 glutino,
2447 4165 2569 4218 qua:
2625 4148 2866 4202 stabilita
2904 4150 3099 4214 clavis.
3123 4163 3181 4207 ut
3240 4169 3346 4207 non
3404 4156 3712 4205 moveantur;

504 4244 756 4299 solidatio
788 4243 925 4296 bona
973 4248 1075 4294 est.
1126 4239 1589 4293 Confortaverunt
1658 4253 1742 4302 ea,
1804 4238 1855 4290 in
1913 4236 2081 4291 clavis
2182 4253 2387 4296 etcum
2421 4241 2699 4307 steterint,
2724 4242 3003 4298 ambulare
3028 4259 3136 4299 non
3169 4246 3407 4300 valeant.
3461 4243 3580 4313 Qua:
3631 4251 3713 4291 nos

507 4341 707 4401 ponent
737 4345 798 4385 ea
838 4371 853 4396 ,
886 4340 941 4383 et
969 4344 1076 4384 non
1110 4328 1492 4382 movebuntur.
1528 4346 1546 4378 ι
1601 4325 1824 4386 Gentes.
1877 4326 1929 4381 id
1972 4336 2078 4390 est,
2112 4400 2146 4407 _
2185 4346 2346 4400 super
2372 4347 2601 4399 persena
2640 4332 2843 4388 Christi
2871 4344 2927 4389 et
2955 4337 3243 4392 vocatione
3278 4336 3513 4407 gentium
3539 4341 3712 4399 etprae-

494 4400 717 4489 'insulte,
746 4436 865 4491 quas
895 4420 1047 4475 falsis
1080 4420 1394 4488 atnarisque
1417 4419 1575 4488 hujus
1626 4422 1807 4473 saeculi
1838 4422 2078 4473 tundun-
2112 4400 2156 4455 θ
2185 4424 2459 4477 dicatione
2499 4424 2775 4493 Evangelii
2815 4434 2976 4494 atque
3008 4400 3714 4484 ίὰοΙοΓυίιι-εοιιάειιιηίιῑίθηο

508 4530 595 4569 tur
628 4515 906 4578 fluctibus,
941 4511 1205 4582 jubentur
1222 4511 1414 4564 audire
1435 4522 1489 4564 et
1520 4526 1613 4564 ora
1639 4511 1995 4578 concludere,
2023 4520 2078 4566 et
2187 4516 2522 4585 interpretati
2556 4533 2765 4581 sumus,
2796 4518 3013 4587 quidam
3042 4519 3110 4573 ad
3133 4520 3331 4590 Cyrum
3362 4533 3530 4589 regem
3559 4514 3715 4566 Persa-

506 4609 636 4664 iilud
665 4622 827 4661 nosse
848 4606 994 4674 quod
1024 4605 1090 4657 ad
1123 4604 1279 4657 Israel
1304 4604 1503 4657 dictum
1524 4614 1603 4657 est
1646 4605 1854 4669 :Andi,
1882 4601 2077 4671 Israel,
2183 4623 2299 4661 rum
2350 4607 2628 4675 referunt,
2679 4610 2825 4678 quod
2894 4612 3247 4667 suscitaverit
3296 4628 3413 4667 eum
3463 4610 3708 4663 adversum

503 4714 552 4756 et
584 4712 735 4766 tace;
770 4708 823 4753 et
859 4705 1074 4751 mutare
1105 4695 1500 4761 fortitudinem,
1530 4710 1594 4749 ne
1615 4710 1710 4764 per
1739 4696 2078 4750 itnbecillita-
2181 4698 2503 4769 Babylonios
2529 4704 2597 4755 de.
2638 4700 2880 4772 Oriente,
2916 4713 2970 4759 ct
2990 4720 3177 4774 parere
3200 4724 3313 4762 sua»
3345 4703 3523 4761 iecerit
3547 4699 3713 4766 iussio-

494 4807 613 4849 1em
649 4794 959 4864 pristinam,
990 4788 1085 4844 Dei
1109 4789 1443 4857 nonpossint
1501 4789 1692 4841 audire
1745 4803 2076 4854 sermonem,
2183 4792 2266 4855 ni,
2291 4803 2647 4862 prosternens
2679 4794 2726 4850 ei
2759 4804 2954 4865 gentes
2980 4797 3269 4866 plurimas,
3300 4808 3354 4854 et
3402 4795 3567 4867 gladio
3596 4790 3712 4844 illius

494 4896 562 4939 ut
589 4886 855 4940 accedant
877 4884 1031 4951 prius
1056 4881 1122 4934 ad
1155 4878 1468 4939 Dominum,
1501 4890 1553 4931 et
1615 4879 1755 4946 quod
1809 4896 1913 4934 non
1972 4883 2082 4935 sint
2182 4894 2237 4938 ct
2262 4900 2409 4937 arcut
2439 4895 2634 4940 cuncta
2670 4885 3004 4954 subjiciens:
3035 4899 3092 4944 et
3113 4899 3304 4945 castora
3320 4905 3436 4961 qua:
3455 4889 3712 4954 sequuntur

489 4977 728 5047 ‘propria
752 4977 928 5030 salute
959 4982 1266 5035 contentae;
1308 4972 1401 5024 sed
1436 4972 1580 5039 quod
1616 4972 1930 5035 didicerint,
1978 4987 2083 5026 (κυ-
2185 4975 2249 5027 ad
2283 4974 2403 5045 ejus
2433 4991 2722 5045 personam
2752 4978 3017 5045 referunt,
3044 4984 3186 5050 quod
3215 4982 3423 5037 scilicet
3448 4969 3711 5047 Babyloniis

500 5080 659 5121 'tet'os
682 5070 943 5124 doceant.
984 5075 1037 5119 et
1078 5079 1200 5118 cum
1258 5061 1487 5116 Domino
1537 5063 1835 5132 disputent,
1901 5077 2085 5120 utrum
2184 5066 2324 5120 idola
2360 5082 2461 5123 sua
2488 5084 2592 5122 non
2636 5070 2960 5138 profuerint,
2991 5090 3111 5143 qua:
3176 5075 3409 5129 humano
3453 5071 3578 5124 facta
3608 5072 3711 5117 sunt

511 5160 749 5212 omnium
773 5159 912 5213 Deus
942 5158 957 5189 ¹
992 5156 1135 5224 justa
1161 5157 1483 5211 servaverit.
1513 5155 1605 5209 Sic
1633 5167 1815 5210 autem
1845 5159 2080 5211 interro-
2184 5160 2389 5224 studio,
2417 5169 2473 5215 et
2504 5172 2620 5216 arte
2647 5164 2829 5218 mrarii
2862 5166 3153 5221 suscitata.
3194 5162 3442 5222 Nonnulli
3481 5159 3709 5215 Hebra'o-

511 5263 595 5317 eat
634 5265 749 5312 eos,
782 5261 836 5302 et
864 5248 930 5303 ad
964 5246 1401 5317 respondendum
1428 5256 1707 5314 provocat,
1765 5256 1821 5298 ut
1854 5250 2084 5301 interro-
2186 5268 2304 5305 runt
2338 5253 2407 5307 de
2449 5251 2721 5309 Abraham
2755 5255 2955 5310 dictum
2992 5267 3219 5327 putant,
3258 5260 3348 5329 qui
3394 5263 3595 5313 vocatus
3649 5243 3711 5302 sit

508 5342 725 5410 patione
753 5340 948 5394 doceat
984 5341 1126 5409 quod
1168 5340 1420 5409 ignorant
1456 5354 1470 5393 :
1505 5340 1635 5403 Quia
1687 5341 1961 5393 suscitavit
2019 5341 2082 5393 ab
2179 5344 2362 5414 justus
2393 5345 2462 5399 ab
2492 5346 2734 5411 Oriente,
2784 5346 2837 5402 id
2879 5357 2984 5413 est,
3037 5349 3104 5404 de
3159 5350 3445 5415 Chaldmis,
3492 5359 3550 5400 eo
3589 5334 3706 5408 (ιυυά

510 5437 727 5488 Oriente
746 5432 976 5501 justum,
1012 5433 1127 5485 sive
1137 5430 1453 5497 justitiam?
1482 5428 1668 5500 Neque
1701 5434 1848 5486 enitn
1870 5430 2085 5488 Judteo-
2186 5435 2334 5488 solus
2357 5434 2539 5505 justus
2596 5437 2852 5493 inventus
2872 5446 2988 5507 est;
3009 5448 3060 5494 et
3078 5451 3297 5498 secutus
3324 5450 3405 5497 est
3428 5450 3562 5499 sunt.
3581 5438 3708 5498 οὔτθ’

582 5567 596 5596 ¹
621 5565 961 5619 Ambrosiam.
1002 5561 1301 5631 antiquior,
1340 5578 1359 5612 t
1405 5558 1610 5631 Utrum
1637 5561 1879 5615 omnium
1944 5564 2086 5618 Deus

514 5638 624 5698 ipse
655 5636 750 5703 sit,
785 5636 877 5704 qtti
932 5635 1036 5704 ista
1067 5629 1367 5704 dispensat,
1393 5644 1461 5683 an
1505 5629 1671 5704 idola,
1713 5633 1910 5699 quibus
1948 5648 2085 5688 vane

512 5699 820 5775 “justeque
849 5699 1180 5761 servierunt.
1221 5700 1311 5756 Sic
1340 5706 1520 5754 autem
1549 5699 1870 5771 interrogat,
1913 5722 1931 5755 ι
1963 5714 2067 5758 etc.

2186 5570 2338 5651 llaud
2367 5572 2949 5651 equidemscio,_num
2984 5590 3048 5632 ex
3084 5577 3387 5651 Hieronymi
3415 5573 3619 5632 calatum
3645 5573 3704 5615 ³η

2186 5656 2253 5696 ex
2285 5642 2600 5712 glossatoris
2627 5644 2869 5714 ingenio.
