3952 6180
373 255 478 320 £29

887 253 1385 315 COMMENTAB.
1430 252 1509 313 IN
1565 251 1830 312 ISAIAM
1873 249 2333 310 PROI’IIETAM
2375 252 2517 313 LIB.
2565 251 2706 324 XII,
2738 250 2902 310 CAP.
2938 249 3092 311 XLI.

3531 243 3637 306 430

374 369 530 424 diens
563 364 632 420 de
657 366 831 438 patria
859 379 955 420 sua
989 364 1042 418 in
1091 372 1292 417 terram
1325 377 1489 432 quam
1537 363 1838 425 nesciebat,
1903 369 1957 414 et
1987 365 2028 421 Α
2062 359 2284 426 Quaeres
2319 375 2436 426 eos,
2467 372 2521 416 et
2547 378 2650 414 non
2679 360 2942 421 invenies,
2969 356 3221 412 homines
3246 355 3335 425 qui
3362 357 3640 411 insanient

375 458 658 512 tradiderit
694 473 843 526 reges
877 457 929 509 in
963 473 1127 510 manu
1151 457 1290 527 ejus,
1317 458 1414 523 qui
1451 456 1739 509 adversum
1768 454 1946 508 Sodo-

373 565 512 602 mam
539 558 594 602 et
622 547 978 602 Gomorrbam
1004 545 1293 612 venerant;
1318 557 1372 601 et
1411 556 1536 600 ante
1559 547 1794 616 gladium
1837 547 1956 613 ejus

371 650 426 694 et
454 653 642 692 arcum
675 639 867 693 l'ecerit
895 656 991 694 eos
1019 655 1140 693 es~e
1168 640 1324 707 quasi
1357 640 1609 709 stipulam
1667 650 1719 690 et
1769 638 1951 706 pulve-

374 746 529 795 rem;
585 741 1009 800 persecutusque
1041 731 1282 795 sitillos,
1308 740 1362 783 et
1388 746 1640 783 reversus
1695 731 1746 782 in
1805 745 1954 798 pzttfe.

373 835 430 878 et
450 824 594 894 longi
620 823 832 879 itineris
875 839 1096 878 cursum
1132 839 1237 876 non
1276 826 1530 885 senserit,
1587 833 1642 876 et
1675 823 1776 876 hoc
1845 837 1953 874 non

375 915 489 972 suis
514 915 745 978 viribus,
772 913 869 968 sed
908 914 1122 968 Domini
1163 915 1355 968 fecerit
1390 915 1797 975 misericordia,
1857 914 1952 981 qui

374 1009 445 1062 ab
461 1009 617 1062 initio
639 1009 751 1062 haec
773 1008 955 1062 futura
977 1008 1590 1078 cognoverit.Viderunt,
1613 1010 1709 1072 ait,
1739 1006 1952 1069 insulw,

375 1100 427 1155 id
454 1111 540 1154 est
585 1110 776 1170 gentes
808 1101 860 1154 in
895 1101 1146 1164 circuitu,
1169 1109 1224 1154 et
1244 1099 1388 1153 illius
1418 1100 1618 1152 virtute
1653 1099 1958 1166 perterritae

375 1202 504 1246 sont
537 1210 553 1247 :
588 1191 654 1244 Et
691 1200 929 1244 extrema
972 1201 1147 1248 terrae.
1175 1191 1304 1247 Sem
1335 1192 1588 1245 videlicet
1637 1191 1780 1244 [ilius
1815 1189 1950 1254 Noe,

377 1287 474 1354 qui
506 1296 748 1354 tempore
786 1293 1329 1338 extremoterrarum
1363 1299 1484 1336 cum
1536 1292 1688 1350 patre
1733 1293 1784 1336 et
1831 1298 1956 1335 cum

377 1380 641 1434 l'ratribus
666 1379 733 1432 de
772 1379 972 1432 diluvio
1005 1386 1290 1444 evaserat;
1317 1387 1369 1431 et
1419 1394 1589 1448 usque
1621 1380 1685 1429 ad
1745 1387 1956 1443 tempus

376 1471 511 1524 illud
543 1473 714 1524 fuerat
743 1480 1048 1524 reservatus
1081 1485 1095 1536 ;
1138 1485 1295 1538 quem
1332 1467 1688 1522 Melcltisedec
1723 1468 1738 1498 ⁸
1799 1467 1959 1521 intel-

379 1562 468 1631 ligi
506 1561 712 1624 volunt,
945 1569 997 1612 et
1045 1559 1262 1612 veniSse
1293 1557 1506 1611 obviam
1563 1558 1835 1611 Abraham
1894 1559 1960 1612 de

378 1652 565 1723 praelio
589 1630 902 1713 revertenti,
923 1658 980 1706 et
1003 1651 1304 1719 accepisse,
1339 1660 1391 1703 et
1424 1651 1766 1704 benedixisse
1813 1651 1884 1714 ei,
1906 1663 1960 1702 et

373 1762 498 1800 eum
542 1745 632 1798 Dei
657 1743 1129 1798 benedictionibus
1180 1744 1567 1796 corroborasse
1597 1741 1771 1812 (Gem.
1810 1743 1956 1811 xiv);

379 1841 671 1904 ipsumque
698 1851 817 1890 esse
847 1835 1057 1888 fabrum
1077 1837 1333 1889 aerarium
1377 1837 1468 1903 qui
1509 1835 1780 1888 Abraham
1819 1848 1955 1887 con-

375 1927 612 1992 ﬂaverit,
639 1939 695 1981 et
718 1927 914 1983 malleo
944 1941 1057 1982 suae
1083 1928 1215 1981 artis
1239 1933 1305 1980 ad
1333 1927 1555 1980 meliora
1590 1925 1920 1996 produxerit
1941 1941 1955 1956 ·

376 2029 430 2072 et
452 2019 659 2072 dixisse
691 2019 763 2080 ei,
794 2017 1003 2071 Bonum
1031 2028 1115 2072 est
1194 2025 1253 2070 ut
1293 2017 1489 2071 timore
1522 2015 1734 2072 Domini
1795 2016 1962 2085 gluti-

379 2111 527 2164 neris
550 2110 868 2178 etjungaris
908 2109 981 2162 ei.
1015 2109 1078 2164 Et
1098 2110 1433 2163 conlortavit
1481 2125 1634 2173 eum,
1668 2109 1786 2163 sive
1837 2109 1964 2162 soli-

378 2203 529 2255 davit
554 2205 605 2255 in
634 2203 800 2256 clavis
825 2214 1224 2271 praeceptorum
1261 2202 1503 2265 Domini,
1538 2211 1596 2253 ut
1625 2216 1732 2255 non
1773 2216 1961 2257 move-

380 2302 557 2355 retur,
590 2295 685 2346 sed
708 2293 759 2344 in
787 2292 978 2346 timore
1001 2292 1143 2345 illius
1173 2303 1533 2360 permaneret.

453 2382 637 2453 (Vers.
669 2383 703 2437 8
733 2385 915 2452 seqq.)
950 2401 968 2434 ι
1008 2381 1072 2436 Ει
1104 2391 1178 2446 ιιι,
1206 2381 1374 2437 ISrael
1403 2398 1558 2438 serve
1584 2398 1754 2448 mens,
1789 2382 1956 2437 Jacob

381 2491 544 2544 quam
574 2473 734 2542 elegi,
786 2489 970 2526 semen
1005 2475 1286 2526 Abraham
1344 2474 1503 2528 amici
1565 2475 1693 2528 mei.
1735 2475 1791 2528 In
1852 2491 1961 2542 quo

383 2566 723 2633 apprehendi
761 2575 809 2618 te
840 2566 907 2617 ab
956 2566 1220 2620 extremis
1263 2576 1446 2630 terrae,
1473 2575 1527 2620 et
1580 2581 1611 2619 a
1644 2567 1958 2637 longinquis

379 2660 500 2725 ejus
530 2657 717 2709 vocavi
760 2665 842 2719 te,
886 2665 940 2708 et
980 2655 1076 2708 tibi
1127 2654 1236 2708 dixi
1270 2672 1284 2709 :
1319 2657 1521 2708 Servus
1571 2672 1721 2710 meus
1750 2673 1807 2710 es
1844 2667 1901 2709 tu
1940 2673 1954 2709 :

380 2750 517 2815 elegi
547 2758 622 2811 te,
673 2758 728 2802 et
780 2763 885 2802 non
944 2745 1115 2812 alijeci
1147 2757 1222 2800 te.
1252 2745 1331 2800 Ne
1365 2749 1579 2813 timeas,
1616 2751 1742 2817 quia
1782 2761 1960 2803 tecum

381 2857 503 2894 sum
539 2855 681 2909 ego:
715 2853 780 2892 ne
813 2837 1050 2893 declines
1074 2878 1089 2902 ,
1135 2839 1258 2906 quia
1303 2853 1401 2907 ego
1464 2838 1606 2892 Deus
1637 2848 1780 2902 tuus,
1829 2853 1964 2892 con-

382 2934 586 2988 fortavi
644 2944 729 2996 te,
795 2940 850 2985 et
901 2931 1194 2984 auxiliatus
1240 2945 1358 2983 sum
1411 2930 1482 2983 tui
1537 2929 1647 3000 [ΑΙ.
1708 2929 1828 3001 tibi]
1869 2938 1966 2984 aet

2059 452 2112 506 in
2150 464 2219 506 te.
2272 452 2438 506 Erunt
2476 454 2621 506 enim
2670 451 2824 521 quasi
2854 466 2962 504 non
3026 450 3156 515 sint,
3211 458 3266 504 et
3313 464 3418 503 non
3471 457 3637 503 erunt

2059 555 2358 615 pugnantes
2407 545 2693 597 adversum
2744 554 2814 598 te.
2864 542 3002 609 Quia
3025 558 3124 612 ego
3170 541 3435 595 Dominus
3494 543 3636 595 Deus

2059 647 2182 690 tuus
2211 638 2302 705 qui
2354 647 2512 690 teneo
2547 637 2824 690 dexteram
2864 646 3007 688 tuam
3047 634 3183 702 :qui
3227 633 3520 695 dico‘tibi,
3572 650 3638 687 nc

2061 731 2287 794 timeas,
2321 727 2509 793 Jacob,
2551 729 2773 797 parvule
2822 728 3009 781 Israel.
3053 726 3163 795 Ego
3189 726 3483 779 auxiliatos
3519 741 3636 780 sum

2062 824 2161 887 toi,
2203 824 2333 884 dicit
2365 820 2527 886 Deus,
2594 822 2683 890 qui
2745 821 2950 874 redimo
2989 831 3040 874 te
3104 821 3341 874 Sanctus
3401 819 3566 873 Israel
3589 818 3630 870 ³.

2060 914 2200 968 Ecce
2239 916 2338 968 reci
2367 923 2420 968 te
2452 914 2607 982 quasi
2643 924 2790 968 rotas
2837 914 3063 982 plaustri
3108 912 3421 967 tt‘iturantis
3473 927 3642 962 novas

2058 1004 2224 1076 499
2251 1005 2303 1058 iu
2326 991 2603 1059 serraruin
2638 1016 2855 1060 modum
2885 1023 2898 1059 :
2926 1013 2979 1058 et
3015 1004 3304 1058 tuiturabis
3335 1014 3546 1057 montes
3592 1012 3643 1056 et

2060 1099 2396 1152 comminues
2419 1099 2588 1153 colles
2622 1115 2636 1151 :
2671 1108 2798 1151 etut
2822 1098 3094 1166 pulverem
3124 1112 3290 1162 pones
3322 1105 3378 1150 et
3414 1095 3642 1149 ventilat-

2072 1187 2183 1251 bis,
2209 1199 2263 1240 et
2300 1198 2493 1243 ventus
2534 1187 2756 1242 auferet
2806 1203 2923 1254 eos,
2959 1199 3013 1241 et
3047 1198 3343 1256 tempestas
3369 1188 3645 1255 disperget

2064 1280 2204 1333 illos.
2235 1279 2315 1333 Tu
2341 1290 2518 1334 autem
2544 1281 2821 1335 laetaberis
2855 1281 2906 1332 in
2966 1280 3193 1332 Domino
3222 1291 3278 1334 et
3325 1278 3377 1331 in
3433 1278 3643 1331 sanctis

2061 1374 2250 1429 Israel.
2295 1392 2312 1424 ι
2350 1373 2521 1428 Jacob
2540 1385 2594 1428 et
2622 1373 2786 1428 Israel
2814 1388 2935 1428 esse
2981 1373 3256 1426 carnalem
3291 1383 3345 1424 et
3379 1387 3499 1424 esse
3531 1372 3643 1439 spi-

2060 1466 2340 1530 ritualem,
2403 1465 2602 1519 Paulus
2669 1464 2960 1533 Apostolus
3001 1466 3199 1518 docet:
3248 1464 3421 1517 Videte
3469 1461 3644 1518 Israel

2061 1560 2350 1613 secundum
2384 1575 2602 1612 carnem
2638 1559 2684 1628 (l
2719 1558 2845 1614 Cor.
2875 1574 2927 1620 x,
2966 1557 3074 1627 l8).
3126 1557 3201 1610 Ex
3238 1572 3345 1626 quo
3391 1555 3646 1623 intelligi-

2065 1669 2183 1706 mus
2227 1667 2349 1706 csse
2382 1663 2436 1705 et
2466 1652 2703 1704 alterum
2737 1653 2890 1716 juxta
2934 1651 3226 1722 spiritum;
3253 1659 3306 1703 et
3339 1651 3404 1702 ad
3454 1664 3649 1702 carna-

2063 1744 2168 1798 lem
2195 1744 2298 1798 dici
2325 1743 2488 1796 Israel
2513 1761 2527 1796 :
2563 1743 2622 1797 Si
2643 1742 2745 1808 ﬁlii
2773 1744 2952 1795 essetis
2976 1742 3268 1804 Abraham,
3296 1756 3457 1809 opera
3477 1741 3645 1792 Abra-

2063 1836 2183 1888 ham
2216 1836 2458 1903 faceretis
2481 1835 2662 1905 (Joau.
2696 1851 2811 1899 vni,
2839 1835 2952 1902 59).
2990 1833 3196 1899 Quibus
3226 1843 3281 1886 et
3303 1846 3464 1899 supra
3494 1831 3640 1898 (cap.
3707 1874 3710 1875 ν

2065 1943 2154 1990 xL,
2179 1926 2494 1996 27)dicitur
2527 1943 2541 1980 :
2614 1927 2793 1993 Quare
2843 1927 3000 1991 dicis,
3033 1925 3210 1992 ,Jarob
3238 1965 3252 1987 ,
3301 1934 3348 1977 et
3390 1923 3641 1990 loqueris,

2064 2017 2237 2071 Israel
2272 2033 2288 2071 .'
2317 2018 2635 2071 Abscondita
2666 2027 2740 2070 est
2778 2018 2862 2069 via
2896 2033 3011 2068 utea
3046 2033 3076 2068 a
3122 2015 3369 2078 Domino,
3395 2024 3444 2067 et
3473 2033 3504 2067 a
3534 2013 3644 2068 Deo

2065 2125 2176 2162 meo
2206 2108 2467 2178 judicium
2501 2124 2673 2160 meum
2697 2109 2939 2160 transivit
2969 2107 2992 2159 ?
3022 2106 3061 2160 Ε
3091 2109 3369 2159 contrario
3403 2121 3548 2158 nunc
3578 2105 3645 2158 ad

2065 2203 2404 2268 spiritualem
2463 2199 2609 2254 Deus
2641 2202 2883 2270 loquitur
2920 2201 3110 2264 Israel,
3171 2201 3261 2269 qui
3307 2198 3521 2275 Domini
3561 2202 3646 2253 sui

2065 2294 2303 2360 suscepit
2337 2293 2656 2357 adventum,
2698 2309 2857 2360 quem
2909 2293 3144 2360 primum
3195 2305 3416 2349 servum
3445 2328 3462 2354 ,
3523 2290 3645 2342 dein

2065 2385 2325 2449 electum,
2354 2385 2419 2438 ad
2453 2398 2756 2438 extremum
2789 2401 2975 2438 semen
3005 2385 3279 2450 Abraham
3304 2391 3480 2436 vocat.
3507 2379 3648 2434 Ante

2065 2481 2211 2530 enim
2275 2493 2586 2546 accepimus
2638 2480 2913 2544 -Spiritum
2980 2477 3261 2530 servitutis
3331 2479 3382 2528 in
3449 2475 3646 2526 timore

2069 2555 2418 2638 (Bonnvmj;
2475 2579 2527 2622 et
2566 2581 2750 2638 postea
2815 2569 2999 2629 electi,
3080 2568 3131 2620 in
3195 2565 3494 2618 amicitiam
3553 2564 3648 2617 Dei

2063 2659 2514 2729 jungimur.Post
2549 2659 2889 2713 vocationem
2927 2659 3092 2728 igitur
3123 2659 3390 2724 gentium,
3429 2653 3648 2722 quando

2068 2751 2318 2804 viderunt
2349 2753 2539 2805 insula:
2570 2762 2620 2804 et
2658 2754 2982 2814 tiumerunt,
3033 2761 3279 2804 extrema
3323 2759 3482 2802 terrae
3538 2746 3640 2801 ob-

2067 2855 2395 2912 stupuerunt
2439 2861 2452 2894 :
2505 2843 3084 2912 apprOpinquavcrunt
3134 2853 3187 2896 et
3240 2853 3640 2908 accesserunt,

2070 2944 2329 2988 vocantur
2383 2935 2672 3003 reliquiae,
2717 2936 2871 3004 juxta
2931 2935 3249 2989 electionem
3305 2935 3518 3006 gratiae,
3577 2932 3646 2988 de

380 3029 632 3093 suscepit
694 3033 746 3077 te
777 3025 996 3078 dextera
1036 3023 1174 3093 justi
1217 3023 1343 3076 mei.
1381 3021 1519 3076 Ecce
1563 3021 1965 3076 confoudeutur
1990 3064 2033 3122 α
2070 3027 2265 3093 quibus
2297 3026 2488 3080 scribit
2528 3035 2581 3080 et
2615 3025 2969 3096 Evangelium
3002 3044 3015 3080 :
3049 3025 3194 3079 Istos
3225 3025 3503 3078 duodecim
3535 3026 3648 3079 ete-

381 3125 437 3168 et
473 3115 807 3170 erubescent
864 3128 1055 3167 omnes
1103 3114 1196 3182 qui
1257 3123 1496 3183 pugnant
1553 3115 1956 3167 adversumte:

381 3218 551 3261 erunt
605 3207 762 3274 quasi
796 3220 901 3258 non
961 3205 1072 3258 sint
1106 3220 1120 3260 :
1153 3213 1208 3258 et
1258 3206 1508 3273 peribunt
1555 3206 1656 3257 viri
1696 3205 1788 3274 qui
1827 3219 1959 3258 con-

386 3299 669 3351 tradicunt
697 3297 818 3350 tibi.
869 3295 1092 3361 Quaeres
1118 3312 1232 3361 eos,
1262 3307 1314 3351 et
1355 3313 1462 3349 non
1521 3299 1767 3351 invenies
1801 3315 1815 3355 ;
1863 3298 1962 3349 viri

384 3391 621 3446 rebelles
652 3391 768 3443 tui'
824 3400 985 3443 erunt
1016 3391 1170 3458 quasi
1227 3407 1330 3444 non
1362 3393 1470 3445 sint
1509 3408 1523 3448 :
1562 3401 1614 3442 et
1638 3391 1802 3444 veluti
1832 3406 1966 3442 con-

382 3480 628 3547 sumptio
669 3479 914 3533 homines
948 3479 1211 3532 bellantes
1248 3481 1537 3533 adversum
1573 3490 1644 3531 te.
1683 3483 1818 3542 Quia
1865 3493 1965 3548 ego

384 3571 654 3625 Dominus
683 3569 824 3624 Deus
853 3580 980 3623 tuus
1015 3571 1348 3639 apprehendi
1403 3586 1620 3622 Inuitum
1673 3581 1843 3634 tuam,
1880 3554 1960 3622 (Il-'-

382 3676 518 3716 cens
559 3659 660 3714 tibi
691 3675 708 3714 :
738 3657 818 3714 Ne
873 3660 1085 3724 timeas,
1121 3675 1220 3729 ego
1272 3660 1452 3729 adjuvi
1491 3670 1563 3712 te.
1592 3659 1710 3712 Noli
1749 3659 1964 3722 timere,

387 3755 594 3809 vermis
622 3751 813 3818 Jacob,
839 3754 928 3823 qui
957 3757 1151 3808 mortui
1179 3754 1310 3808 estis
1333 3769 1396 3806 ex
1446 3751 1633 3806 lsrael.
1670 3751 1778 3820 Ego
1807 3755 1969 3805 auxi-

384 3846 552 3898 liatos
585 3861 704 3899 sum
729 3846 827 3910 tui,
876 3846 1010 3900 dicit
1053 3846 1362 3902 Dominus;
1394 3856 1448 3898 ct
1488 3848 1802 3912 redemptor
1837 3859 1966 3900 tuus

385 3943 624 3995 Sanctus
656 3941 842 3994 lsrael.
876 3941 988 4008 Ego
1023 3939 1175 4007 posui
1210 3950 1259 3993 te
1293 3939 1452 4008 quasi
1477 3940 1778 4008 plaustrum
1813 3943 1970 3995 tritu-

387 4049 520 4088 rans
560 4049 782 4096 novum,
837 4034 1045 4086 habens
1083 4043 1260 4084 rostra
1322 4033 1616 4086 serrantia.
1655 4031 1966 4089 Triturabis

387 4139 608 4181 montes
657 4137 711 4179 et
735 4126 1116 4185 commiunes;
1157 4135 1212 4180 et
1273 4125 1442 4180 colles
1482 4128 1638 4193 quasi
1689 4127 1966 4194 pulverem

388 4233 586 4289 pones.
619 4217 918 4272 Ventilabis
956 4232 1075 4282 eos,
1136 4227 1192 4270 et
1246 4227 1436 4270 ventus
1491 4218 1662 4282 tollet,
1713 4232 1768 4273 et
1810 4220 1969 4275 turbo

384 4316 663 4381 disperget
690 4325 783 4364 eos
815 4327 831 4364 :
861 4322 914 4364 et
947 4318 1005 4363 tu
1034 4309 1333 4364 exsultabis
1365 4311 1417 4363 in
1449 4311 1699 4377 Domino,
1732 4313 1784 4366 in
1823 4311 1969 4366 San-

2067 3118 2140 3184 git
2169 3116 2342 3181 Jesus,
2371 3134 2498 3188 quos
2526 3128 2574 3171 et
2603 3123 2868 3186 apostolos
2905 3122 3193 3174 nominavit
3230 3119 3384 3190 (Luc.
3419 3136 3500 3186 v1,
3534 3121 3645 3190 15).

2068 3209 2159 3276 qui
2186 3221 2307 3279 post
2338 3212 2652 3263 servitutem
2689 3214 2995 3280 paedagoga:
3028 3209 3209 3279 Legis,
3237 3212 3394 3265 electi
3424 3223 3554 3266 sunt
3589 3214 3642 3266 in

2071 3301 2394 3368 Evangelio;
2441 3311 2493 3354 et
2526 3316 2714 3354 semen
2770 3303 3044 3356 Abraham
3073 3304 3234 3358 amici
3267 3303 3360 3358 Dei
3387 3321 3509 3359 esse
3537 3322 3650 3360 me-

2072 3402 2321 3444 ruerunt.
2357 3391 2415 3443 In
2446 3390 2539 3444 illo
2579 3394 2722 3444 enim
2767 3393 3130 3463 apprehendit
3173 3410 3268 3449 eos
3303 3394 3370 3448 ab
3402 3407 3648 3450 extremo

2074 3494 2252 3546 terrae,
2310 3492 2365 3536 et
2414 3499 2443 3535 a
2491 3484 2799 3552 longinquis
2833 3485 2950 3554 ejus
2982 3485 3179 3539 linibus
3230 3488 3443 3540 vocavit
3483 3488 3648 3542 Israel

2072 3576 2139 3630 de
2172 3576 2438 3630 universis
2461 3579 2800 3640 nationibus,
2833 3593 3169 3648 congregans
3205 3583 3438 3648 primum
3474 3596 3650 3652 popu-

2073 3664 2181 3718 lum
2223 3664 2538 3731 .Iudeorum,
2571 3670 2636 3720 de
2668 3668 2868 3734 quibus
2913 3680 2967 3722 et
3013 3667 3209 3721 I’aulus
3241 3671 3538 3740 Apostolus
3571 3674 3653 3727 di-

2071 3761 2144 3813 cit
2175 3773 2190 3811 :
2225 3757 2374 3811 Vobis
2403 3761 2678 3829 oportebat
2707 3763 2936 3828 primunt
2969 3765 3250 3832 praedicari
3301 3781 3592 3819 sermonem
3626 3784 3646 3831 ;

2071 3850 2318 3918 quoniam
2363 3862 2540 3903 autent
2565 3854 2798 3906 auertitis
2840 3870 2934 3906 nos
2954 3852 2995 3919 ",
3026 3856 3162 3908 imus
3195 3855 3266 3907 ad
3294 3867 3470 3925 gentes
3504 3859 3650 3927 (Act.

2072 3958 2194 4008 xm,
2223 3943 2339 4011 46).
2378 3944 2498 3997 Tibi
2526 3960 2676 4012 ergo,
2718 3948 2811 4023 qui
2852 3957 2902 4000 et
2927 3963 3118 4001 servus
3149 3965 3320 4014 meus,
3353 3960 3409 4004 et
3438 3952 3649 4006 electus

2073 4052 2248 4099 meus,
2277 4041 2365 4105 qui
2401 4039 2793 4107 praedicaturus
2825 4043 2877 4095 in
2913 4043 3160 4112 gentibus
3183 4060 3265 4107 es,
3296 4053 3349 4098 et
3396 4059 3653 4112 persecu~
3679 4051 3690 4054 ”

2074 4129 2248 4182 tiones
2276 4131 2534 4198 plurimas
2571 4147 2952 4201 perpessurus,
3000 4136 3122 4189 dico
3144 4134 3223 4189 Ne
3269 4140 3487 4204 timeas,
3520 4153 3648 4207 quia

2071 4227 2248 4273 tecum
2285 4237 2429 4285 sum,
2488 4225 2572 4276 cui
2637 4224 2830 4292 loquor
2878 4227 2932 4279 in
2986 4227 3276 4297 I‘Jvangelio
3313 4247 3327 4283 :
3365 4229 3500 4284 Ecce
3555 4248 3650 4301 ego

2072 4314 2331 4366 vobiscum
2354 4331 2469 4366 sum
2503 4331 2679 4369 omnes
2706 4315 2839 4379 dies,
2873 4334 3029 4386 usque.
3052 4319 3120 4371 ad
3141 4323 3652 4376 consummationem

381 4413 472 4458 cto
516 4401 686 4456 Israel
733 4401 1038 4454 laetaberis.
1075 4421 1092 4452 ι
1145 4399 1326 4456 LXX:
1368 4419 1386 4452 ι
1421 4400 1501 4454 Tu
1533 4415 1737 4469 autem,
1793 4401 1962 4458 Israel
1995 4415 2042 4474 υ
2071 4406 2254 4460 steruli
2279 4405 2500 4477 (Matth.
2537 4425 2732 4472 xxvttt,
2781 4408 2896 4479 20).
2932 4409 3050 4465 Non
3083 4427 3254 4477 erres,
3290 4430 3462 4484 neque
3491 4432 3522 4470 a
3557 4432 3651 4470 vc-

383 4511 522 4564 puer
587 4510 762 4558 meus,
819 4491 990 4547 Jacob
1047 4509 1203 4562 quem
1251 4494 1413 4563 elegi,
1449 4510 1636 4549 semen
1683 4496 1962 4551 Abraham

381 4603 552 4656 quem
586 4588 769 4650 dilexi,
805 4601 964 4655 quem
996 4588 1265 4655 assumpsi
1310 4587 1378 4640 ab
1404 4589 1666 4642 extremis
1701 4597 1880 4655 terrae,
1910 4597 1965 4642 et

381 4691 411 4728 a
445 4678 859 4730 summitatibus
907 4677 1025 4744 ejus
1049 4677 1236 4730 vocavi
1271 4686 1342 4741 te,
1375 4687 1428 4731 et
1481 4677 1592 4730 dixi
1626 4680 1720 4732 tibi
1755 4696 1770 4735 :
1820 4680 1964 4734 Puer

383 4780 544 4820 meus
572 4780 631 4820 es
667 4781 684 4820 z
717 4767 852 4834 elegi
876 4773 947 4829 te,
965 4775 1020 4819 et
1049 4783 1153 4819 nou
1179 4765 1445 4835 dereliqui
1489 4777 1562 4820 te.
1591 4766 1710 4820 Noli
1748 4769 1960 4831 timere,

383 4864 566 4907 tecum
613 4855 764 4909 enim
794 4871 914 4909 sum
972 4872 1041 4909 ne
1090 4871 1280 4923 erres;
1325 4872 1424 4924 ego
1469 4859 1614 4911 enim
1663 4874 1782 4912 sum
1822 4857 1963 4912 Deus

383 4954 511 4997 tuos
541 4946 630 5011 qui
660 4945 958 4998 eonl’ortavi
1007 4955 1081 5009 te,
1113 4957 1166 5000 et
1220 4949 1518 5001 auxiliatus
1570 4964 1688 5002 smn
1749 4951 1844 5014 tui,
1908 4958 1962 5003 et

385 5037 639 5088 roboravi
683 5047 736 5090 te
759 5036 980 5090 dextera
1004 5041 1148 5106 justa
1182 5056 1322 5093 mea.
1360 5039 1500 5093 Ecce
1534 5040 1956 5107 confundentur,

387 5138 434 5180 at
477 5128 804 5182 erubescent
859 5144 1049 5184 omnes
1103 5131 1405 5185 adversarii
1456 5133 1532 5185 tui
1561 5150 1576 5186 :
1605 5143 1771 5184 erunt
1813 5132 1959 5186 enim

385 5222 539 5286 quasi
604 5235 712 5272 non
766 5219 884 5273 sint
917 5238 932 5275 :
968 5233 1022 5274 et
1077 5223 1332 5290 peribunt
1364 5239 1551 5277 omnes
1585 5225 1790 5277 inimici
1857 5225 1958 5277 tui.

453 5397 469 5426 ¹
501 5394 700 5449 Confer
726 5395 952 5464 Epistol.
987 5398 1041 5452 in
1075 5409 1257 5454 nostra
1311 5407 1628 5458 recensioue
1666 5405 1754 5470 75,
1807 5424 1956 5461 num.

376 5482 654 5533 pt'ait'tpttc
677 5470 731 5521 4.

450 5540 469 5564 ¹
511 5533 658 5610 Unus
684 5539 1035 5614 Ambrosiam.
1076 5557 1198 5594 cum
1250 5542 1464 5609 Vulgat.
1493 5545 1716 5614 ipsaque
1757 5545 1949 5601 llict'o-

375 5620 634 5684 nyanLana
671 5611 944 5684 versione,
976 5614 1112 5664 viros
1141 5615 1350 5665 rebelles
1375 5625 1510 5666 tuos.

452 5679 472 5704 ⁴
509 5679 777 5748 Expungtt
801 5680 997 5736 Victor.
1035 5698 1216 5738 vocem
1245 5696 1475 5749 structus,
1508 5703 1668 5754 quam
1701 5704 1872 5757 neque
1901 5688 1956 5742 in

2069 4500 2230 4554 ritate
2257 4502 2516 4564 declines,
2549 4517 2652 4554 nec
2701 4514 2748 4556 te
2781 4502 2916 4559 falsa
2963 4507 3318 4576 persuasione
3367 4509 3604 4576 decipias
3632 4548 3648 4570 ,

2066 4594 2208 4660 quod
2242 4593 2350 4646 tuis
2378 4594 2582 4648 viribus
2621 4593 2908 4664 imperitus
2937 4608 2993 4652 et
3024 4601 3237 4666 nudus],
3285 4602 3473 4655 silvam
3519 4617 3651 4669 gen-

2044 4688 2203 4737 .tium
2237 4695 2509 4753 penetres,
2549 4699 2602 4740 et
2628 4689 2997 4744 ferocissimas
3033 4697 3280 4749 nationes
3302 4696 3367 4747 ad
3397 4710 3648 4748 mansue-

2066 4777 2303 4829 tudinem
2332 4793 2510 4832 voces.
2545 4778 2655 4848 Ego
2687 4797 2806 4835 sum
2836 4785 2926 4850 qui
2964 4785 3266 4838 confortavi
3301 4794 3374 4847 te,
3405 4798 3459 4840 et
3485 4791 3647 4840 auxi-

2066 4867 2229 4920 liatos
2263 4869 2336 4920 tui
2367 4884 2523 4935 sum;
2555 4883 2608 4924 et
2635 4876 2873 4940 suscepit
2906 4882 2977 4939 te,
3030 4878 3145 4928 sive
3202 4879 3470 4944 protexit,
3518 4879 3650 4933 dex-

2069 4970 2179 5012 tera
2201 4961 2330 5030 justi
2362 4965 2488 5024 mei,
2523 4965 2573 5017 id
2619 4976 2722 5031 est,
2759 4967 2968 5020 Domini
3003 4968 3326 5035 Salvatoris,
3375 4972 3487 5024 sive
3519 4973 3649 5026 dea:-

2066 5064 2178 5105 tera
2211 5071 2346 5118 mea,
2385 5068 2439 5108 ut
2468 5056 2607 5110 LXX
2638 5060 3054 5114 transtulerunt.
3093 5060 3230 5115 Ecce
3265 5064 3410 5118 enim
3450 5067 3648 5122 adver-

2065 5145 2190 5197 Sarii
2223 5147 2319 5208 tui,
2362 5152 2588 5216 populus
2611 5147 2918 5203 Judaeorntn
3135 5166 3188 5208 et
3217 5172 3406 5211 omnes
3430 5161 3519 5228 qui
3551 5175 3651 5228 pu«

2065 5249 2228 5306 guant
2257 5242 2542 5295 adversum
2574 5252 2642 5307 te,
2679 5255 3125 5312 etpersecutores
3161 5251 3234 5302 tui
3267 5263 3545 5307 vertentur
3592 5257 3646 5309 in

2065 5423 2366 5499 stiis_ttiss.,
2401 5435 2573 5488 neque
2603 5437 2765 5499 penes
2796 5423 2933 5478 LXX
2969 5428 3644 5499 suiexemplarisinvcnit.

2063 5488 2319 5620 alitum
2354 5506 2482 5543 vero
2514 5503 2601 5544 est
2631 5496 2732 5546 sub
2763 5501 3035 5553 asterisco
3080 5505 3132 5552 in
3172 5488 3378 5572 nupera
3405 5488 3648 5563 editione

2141 5577 2157 5606 ι
2229 5597 2241 5611 ι

2103 5574 2241 5624 γιος.

2132 5629 2153 5658 λ
2183 5628 2356 5697 Idem,
2386 5633 2628 5687 auertitis
2659 5651 2766 5688 vos.
