3856 6172
319 266 415 329 Ml

1507 264 1565 324 S.
1613 258 1929 321 EUSEBII
1973 257 2411 318 HIERONYMI

3475 254 3577 319 432

323 383 496 445 rihili,
533 397 847 451 qureresque
870 381 1219 436 adversarios
1262 389 1383 434 tuos
1417 387 1466 433 et
1495 394 1599 433 non
1635 376 1902 431 invenies.
1938 382 1979 437 Α
2011 373 2152 427 Deus
2181 371 2347 428 Israel
2377 392 2391 429 :
2419 382 2475 428 et
2516 386 2621 426 non
2666 370 3040 442 derelinquam
3060 385 3157 427 eos
3187 370 3319 432 :sed
3348 372 3576 439 aperiam

316 478 604 542 Causaque
634 474 873 528 redditur
901 489 1073 543 quare
1116 487 1225 526 non
1259 471 1501 524 intentat
1546 467 1898 523 adversarios

318 582 445 620 suos
485 583 500 619 :
532 565 674 642 Quia
706 574 861 618 erunt
891 565 1044 631 quasi
1067 579 1171 617 non
1203 564 1330 616 sint.
1358 562 1457 627 Qui
1487 560 1788 614 adversarii
1820 560 1902 613 in-

321 658 503 717 sanire
534 658 792 712 dicuntur
813 666 1002 712 contra
1044 655 1338 725 apostolos,
1373 656 1454 708 vel
1486 654 1640 723 juxta
1669 653 1901 708 Hebrai-

325 768 468 814 cnm,
526 767 637 804 esse
696 751 1017 818 consumpti.
1078 748 1283 803 Idcirco
1335 757 1514 801 autem
1565 748 1755 800 timere
1790 763 1899 799 non

325 843 508 903 debes,
548 841 668 908 quia
692 856 790 909 ego
821 840 1151 908 apprehendi
1196 854 1411 891 manum
1447 849 1617 899 tuam,
1660 837 1753 906 qui
1782 837 1902 890 ilico

324 935 438 993 libi.
472 931 545 985 Nc
580 936 770 988 timeas
812 953 823 988 ε
859 949 958 1001 ego
985 933 1166 1003 adjuvi
1202 932 1435 999 te;'tmli
1457 932 1675 994 timere,
1705 933 1903 999 vermis

317 1022 506 1083 Iacuit.
537 1025 621 1089 qui
676 1025 869 1077 tnortni
910 1027 1045 1079 estis
1077 1040 1142 1078 ex
1204 1024 1395 1091 Israel,
1442 1027 1576 1088 sive.
1612 1037 1672 1079 ut
1727 1023 1893 1092 LXX,

320 1117 637 1168 l’aucissimi
664 1131 728 1168 ea:
779 1114 969 1170 Israel.
1010 1114 1122 1170 Iloc
1163 1117 1306 1185 quod
1344 1119 1643 1183 posuimus,
1675 1133 1768 1184 ego
1798 1117 1897 1168 (ιιι-

310 1207 423 1272 juvi
448 1216 540 1259 te:
589 1206 697 1258 noli
731 1209 932 1268 timere,
970 1206 1158 1257 vermis
1189 1203 1380 1267 Iacob,
1405 1207 1454 1257 in
1490 1203 1629 1258 LXX
1663 1223 1766 1258 non
1805 1205 1899 1258 lia-

321 1301 498 1350 betur.
539 1296 752 1351 Vermis
773 1308 949 1350 autem
982 1299 1071 1366 qui
1094 1297 1359 1351 Hebraice
1384 1297 1609 1359 dicitur,
1642 1313 1896 1352 mourn

322 1375 541 1457 (1137:7111)
586 1400 808 1458 propter
868 1388 1233 1442 humilitatem
1294 1400 1459 1458 alque
1526 1400 1898 1458 contemptum

321 1495 543 1536 vocatur
576 1483 965 1551 Apostolorum
995 1483 1215 1545 chorus,
1251 1483 1471 1537 imitans
1523 1481 1899 1547 Salvatorem,

318 1576 411 1644 qui
467 1576 710 1645 Ianitur
739 1576 791 1628 in
842 1576 1093 1643 psalmo:
1136 1573 1250 1645 Ego
1291 1591 1407 1629 sum
1446 1576 1661 1641 vermis,
1704 1586 1749 1628 et
1788 1592 1895 1628 non

318 1672 498 1733 homo,
557 1669 894 1735 opprobrium
963 1667 1281 1729 hominum,
1342 1678 1391 1720 et
1449 1666 1677 1736 abjeclio
1737 1665 1900 1730 plebis

316 1760 493 1827 (Psal.
528 1776 641 1822 xxI,
666 1761 743 1828 7).
788 1759 944 1813 Sicut
975 1759 1118 1813 enim
1153 1760 1357 1813 vermis
1386 1767 1588 1813 terram
1615 1769 1900 1828 penetrat:

317 1855 388 1905 ita
417 1868 596 1905 sermo
620 1851 949 1919 apostolicus
987 1851 1292 1921 penetravit
1336 1850 1579 1921 gentium
1627 1851 1904 1912 civitates.

314 1953 366 1996 et
401 1947 674 2009 ingressus
711 1951 796 1996 est
858 1941 1010 2009 prius
1060 1941 1224 1995 corda
1266 1942 1581 1996 durissima.
1616 1941 1684 1996 Et
1755 1951 1906 1997 recte

319 2036 474 2099 pauci
498 2034 843 2104 appellantur
874 2048 938 2088 ex
968 2034 1156 2099 Israel,
1189 2035 1312 2102 quia
1341 2035 1408 2088 ad
1438 2033 1904 2104 comparationem

318 2129 483 2179 totius
539 2127 710 2190 orbis,
771 2126 951 2195 gentis
1011 2106 1249 2179 Judiicae
1305 2126 1614 2193 paucissimi
1656 2125 1909 2179 credide-

320 2229 465 2280 runt,
494 2216 692 2286 quibus
722 2217 774 2270 in
804 2215 1097 2285 Evangelio
1133 2215 1396 2269 Dominus
1446 2214 1688 2283 loquitur
1731 2232 1744 2268 :
1781 2212 1907 2268 Noli

320 2323 522 2371 timere,
568 2322 697 2378 grca:
727 2310 984 2377 parvulus
1009 2307 1163 2378 (Luc.
1193 2323 1289 2371 stt,
1322 2307 1436 2375 5‘2).
1468 2304 1593 2361 Sive
1617 2308 1773 2375 juxta
1805 2305 1909 2359 lle-

321 2402 590 2466 Ιιτειὶειιιιι,
638 2402 834 2455 mortui
889 2417 953 2454 ea:
1001 2398 1196 2464 Israel,
1249 2401 1494 2469 quicum
1529 2398 1792 2468 Apostolo
1828 2396 1909 2450 di-

318 2504 447 2546 runt
479 2508 497 2549 :
528 2490 771 2557 Quotidie
826 2494 1026 2546 morior
1060 2490 1114 2562 (1
1149 2490 1271 2547 Cor.
1306 2506 1397 2555 xv,
1430 2490 1544 2558 51).
1608 2490 1677 2544 Ει
1722 2489 1848 2544 alibi
1891 2505 1908 2544 :

319 2588 452 2640 tium
482 2585 693 2640 Christo
724 2587 1012 2654 cruciﬁxus
1044 2602 1182 2640 sum.
1222 2585 1348 2638 Vivo
1385 2594 1583 2651 autent,
1634 2601 1739 2637 non
1774 2598 1907 2651 ego;

318 2684 440 2735 rivit
466 2698 585 2735 vero
616 2680 672 2734 in
713 2696 792 2732 me
836 2678 1076 2734 Christus
1124 2676 1330 2746 (Galut.
1391 2693 1452 2730 tt.
1486 2677 1602 2747 ΞΟ).
1645 2675 1911 2745 ριιοιιιμιθ

319 2776 616 2844 sequitur:
664 2772 773 2842 Ego
825 2774 981 2839 posui
1013 2781 1061 2824 te
1106 2772 1261 2840 quasi
1294 2771 1597 2838 plaustrum
1652 2770 1907 2821 trituram

319 2885 533 2931 rtovutz,
569 2868 760 2919 habens
791 2875 965 2917 rostra
996 2866 1278 2927 serrantia,
1311 2863 1414 2916 hoc
1444 2862 1741 2930 signiﬁcat,
1766 2861 1909 2929 quod

321 2961 639 3027 praedicatio
692 2957 1011 3027 Et‘attgelica
1064 2964 1315 3010 conterat
1371 2954 1717 3008 adversarias
1758 2963 1909 3021 pole-

323 3064 518 3116 statcs,
542 3064 590 3104 et
615 3050 955 3120 spiritualem
983 3047 1284 3116 nequitiam
1305 3045 1610 3101 elevantent
1636 3061 1695 3100 se
1719 3056 1906 3098 contra
1935 3078 1978 3134 ο

322 3147 607 3201 scientiam
645 3143 737 3197 Dei
772 3157 930 3211 :qure
957 3157 1055 3210 pro
1087 3141 1349 3195 varietate
1386 3142 1657 3208 superbiae
1691 3151 1903 3192 montes

323 3237 572 3309 appellati
602 3248 688 3289 tur
724 3244 780 3288 et
808 3234 994 3289 colles.
1030 3233 1250 3304 lllisque
1301 3233 1553 3296 sublatis.
1587 3244 1639 3288 et
1675 3233 1907 3286 turbinis

326 3345 477 3383 more
509 3329 793 3396 dispersis,
834 3326 1065 3380 exsultet
1089 3326 1253 3380 Israel
1285 3337 1448 3396 atque
1480 3325 1761 3381 lteteturin
1803 3323 1905 3376 Do—

322 3426 473 3477 mino
506 3421 705 3475 Sancto
738 3419 925 3473 Israel.
955 3419 1253 3475 Possumus
1279 3432 1498 3489 quoque
1527 3418 1734 3481 dicere,
1758 3415 1904 3486 quod

320 3515 728 3570 ecclesiasticus
752 3516 831 3567 vir
880 3512 1093 3567 habens
1140 3510 1467 3581 evangelica:
1500 3509 1905 3580 przedicationis

323 3619 500 3663 rostra
540 3606 810 3661 serrantia
839 3605 894 3659 in
922 3605 1163 3675 plaustro
1195 3619 1354 3668 novo,
1377 3602 1523 3673 quod
1559 3616 1903 3670 nequaquam

321 3713 582 3770 operatur
611 3700 666 3752 in
698 3705 968 3751 Vetustate
1009 3697 1228 3759 litterae,
1262 3694 1356 3748 setl
1387 3695 1438 3746 in
1471 3693 1710 3746 novitate
1744 3690 1910 3760 spiri-

320 3802 428 3857 tus,
465 3798 713 3844 conterat
765 3788 1165 3842 incredulorum
1209 3786 1373 3839 corda
1430 3784 1721 3840 durissima
1762 3802 1775 3838 :
1816 3798 1904 3837 se-

323 3898 522 3952 paratis
556 3882 797 3935 triticum
831 3896 859 3933 a
893 3880 1083 3948 paleis,
1112 3888 1166 3933 et
1205 3889 1417 3933 montes
1445 3877 1720 3944 collesque
1749 3889 1903 3928 com—

324 3979 597 4040 miuuens,
658 3975 711 4028 id
768 3987 875 4039 est,
924 3990 1118 4041 omnes
1169 3974 1549 4029 haereticorum
1605 3972 1903 4041 principes,

319 4068 414 4135 qui
447 4068 765 4123 comminuti
797 4077 959 4136 atque
985 4067 1231 4131 cootriti,
1266 4064 1587 4136 redigantur
1614 4066 1667 4117 in
1708 4068 1902 4141 pulve-

327 4178 463 4225 rem,
503 4171 559 4214 et
594 4162 727 4213 nihil
748 4174 872 4213 esse
904 4159 1224 4222 doceantur,
1264 4167 1320 4210 ut
1357 4156 1446 4224 qui
1496 4156 1634 4210 male
1680 4154 1907 4208 luerunt

321 4252 651 4320 congregati,
696 4251 1013 4303 dividantur
1053 4250 1104 4301 iu
1134 4251 1333 4303 bonum
1372 4264 1554 4302 suum.

395 4340 573 4412 (Vere.
612 4341 669 4393 l7
700 4339 874 4408 seqq.)
908 4338 1063 4409 501
1098 4356 1118 4389 ι
1157 4337 1321 4405 Egetti
1354 4347 1406 4389 et
1437 4351 1700 4406 pauperes
1754 4351 1906 4405 qua:-

1934 1722 1984 1782 Β

2005 463 2058 516 in
2089 463 2360 517 montibus
2385 462 2629 528 ﬂumina,
2653 471 2708 517 et
2740 464 2793 516 in
2826 463 3002 516 medio
3032 476 3349 534 camporum
3373 461 3574 517 fontes:

2003 553 2196 609 faciam
2238 556 2514 611 desertum
2539 556 2595 611 in
2640 555 2886 624 paludes,
2918 566 2973 610 et
2999 554 3277 611 sitientem
3310 565 3507 608 terram
3531 558 3579 609 in

2001 649 2370 716 aquaeductus.
2408 645 2613 701 Portam
2667 648 2722 700 in
2778 659 2978 701 terram
3026 648 3236 716 absque
3309 660 3446 714 aqua
3496 661 3578 700 ce-

2001 740 2185 804 drum,
2226 751 2278 794 et
2310 740 2531 802 buxum,
2559 750 2612 792 et
2638 747 2898 810 myrtum,
2933 749 2987 792 et
3011 739 3371 808 cyparissum,
3402 745 3457 792 et
3489 752 3579 806 po-

2001 834 2212 903 pulum,
2272 845 2329 887 ut
2375 833 2614 897 videant,
2663 841 2720 887 et
2749 831 2949 895 sciant,
2978 838 3035 885 et
3058 829 3318 900 cogitent,
3351 838 3407 884 et
3430 844 3584 885 nove-

2006 930 2112 981 rint
2148 928 2313 981 simul
2342 927 2469 996 quia
2517 940 2712 979 mautts
2749 925 2960 978 Domini
3008 923 3141 978 fecit
3190 924 3329 987 hac,
3362 934 3416 977 et
3448 923 3585 977 Sau-

2003 1032 2123 1073 ctus
2162 1018 2328 1073 Israel
2364 1017 2632 1073 ostendit.
2673 1034 2694 1069 »
2733 1014 2992 1071 Gentium
3045 1014 3277 1086 populus
3310 1024 3586 1084 pauperet

2006 1113 2206 1173 tenuis,
2245 1109 2336 1176 qui
2372 1125 2476 1164 non
2513 1108 2744 1163 habebat
2801 1109 3083 1162 scientiam
3137 1108 3402 1171 veritatis,
3441 1108 3627 1201 quib;

2007 1204 2074 1255 rit
2116 1217 2211 1271 per
2243 1202 2490 1256 diversos
2519 1203 2828 1269 magistros,
2860 1210 2910 1254 et
2951 1201 3101 1255 varia
3142 1200 3634 1278 philosophorum}

2003 1296 2256 1364 dogmata
2290 1310 2463 1363 aquas
2499 1296 2770 1360 salubres,
2826 1302 2883 1346 et
2924 1309 3032 1348 non
3064 1293 3296 1361 invenit,
3328 1294 3454 1362 quia
3485 1307 3583 1346 non

2004 1399 2163 1451 sinit;
2206 1388 2386 1457 lingua
2417 1401 2607 1441 eorum
2634 1387 2724 1441 siti
2757 1387 2924 1451 aruit,
2952 1387 3074 1441 sine
3096 1384 3240 1456 Lege
3269 1400 3334 1439 ac
3355 1383 3587 1452 PrOphe-
3621 1386 3627 1391 ’

2006 1481 2097 1533 tis.
2132 1478 2362 1533 Omnem
2412 1480 2557 1532 enim
2589 1477 2743 1546 juxta
2784 1476 3068 1548 Evangelii
3104 1476 3288 1541 ﬁdem,
3337 1480 3584 1530 substan-

2007 1572 2135 1626 tiam
2169 1587 2322 1626 suatu
2357 1573 2409 1625 in
2443 1571 2686 1626 medicos
2715 1581 3137 1639 consumpserat
3169 1567 3321 1640 (Luc.
3354 1569 3505 1639 vni);
3537 1578 3587 1621 et

2008 1680 2036 1716 a
2089 1679 2284 1717 cruore
2315 1662 2657 1724 idololatriae.
2713 1669 2770 1715 et
2801 1662 3074 1731 sanguine
3108 1661 3451 1716 victimarum
3489 1674 3586 1713 non

2012 1766 2225 1827 poterat
2275 1756 2522 1811 liberari.
2585 1756 2879 1825 Propterea
2924 1755 3190 1809 Dominus
3227 1754 3373 1808 Deus
3421 1751 3585 1807 Israel

2015 1866 2118 1904 non
2148 1863 2242 1904 eos
2266 1848 2486 1920 penitus
2544 1848 2861 1920 dereliquit,
2903 1840 3004 1903 nec
3041 1848 3093 1902 in
3124 1858 3391 1902 aeternum
3414 1845 3588 1915 perire

2010 1959 2207 2013 passus
2236 1953 2354 2006 est;
2422 1944 2515 1996 sed
2542 1942 2755 2009 aperuit
2778 1943 2830 1995 in
2864 1941 3075 2012 supinis
3093 1940 3349 2005 collibus,
3380 1940 3498 1993 sive
3535 1938 3585 1991 iu

2013 2034 2293 2089 montibus
2325 2033 2572 2095 llutniua.
2608 2043 2665 2087 et
2709 2034 2763 2087 in
2802 2035 2981 2088 medio
3030 2048 3355 2101 camporum
3393 2031 3586 2086 fontes.

2013 2127 2143 2193 ριιω
2201 2127 2422 2180 llutniua
2468 2143 2533 2180 ex
2570 2126 2660 2181 illo
2689 2125 2852 2180 ﬂuvio
2886 2127 3089 2180 duxere
3123 2125 3469 2192 principium,
3499 2122 3586 2194 qui

2013 2221 2066 2274 itt
2092 2219 2320 2274 Psalmis
2352 2219 2586 2287 legitur:
2619 2217 2889 2272 Fluminis
2931 2219 3158 2286 impetus
3193 2215 3427 2284 la'tiﬁcat
3465 2216 3586 2269 civi-

2016 2325 2178 2368 tatem
2199 2312 2294 2366 Dei
2325 2313 2501 2383 (Psal.
2524 2311 2741 2382 smul).
2770 2312 2834 2365 Et
2873 2312 2925 2364 itt
2951 2310 3058 2363 alio
3084 2308 3203 2363 Iooc
3223 2325 3237 2362 :
3256 2306 3469 2361 Fluoius
3497 2304 3589 2360 Dei

2013 2409 2240 2476 repletus
2267 2418 2344 2460 est
2364 2406 2513 2474 aquis
2543 2402 2719 2473 (Psal.
2759 2418 2906 2470 Lstv,
2946 2402 3013 2456 10
3038 2404 3057 2472 )
3078 2400 3208 2469 Quae
3224 2417 3379 2471 aqua:
3396 2408 3452 2454 et
3478 2400 3592 2456 Ion-

2014 2509 2093 2553 tes
2124 2498 2190 2552 de
2212 2498 2305 2552 illo
2340 2499 2487 2551 lonle
2514 2507 2822 2559 manarunt,
2846 2494 2939 2565 qui
2978 2510 3074 2564 per
3102 2493 3393 2549 Ieremiatn
3420 2492 3588 2561 loqui-

2018 2606 2101 2646 lttl’
2126 2609 2147 2647 ;
2166 2590 2255 2645 Me
2286 2592 2682 2661 dereliquerunt
2719 2590 2917 2658 [autem
2947 2606 3100 2661 aqute
3128 2594 3260 2646 viva:
3284 2588 3498 2660 (larem.
3530 2583 3586 2652 ti,

2016 2686 2126 2754 15).
2154 2684 2217 2739 Et
2237 2699 2403 2753 supra
2429 2684 2481 2738 itt
2509 2686 2615 2738 huc
2639 2685 2829 2738 eodem
2855 2686 3128 2752 Pmplteta
3148 2686 3380 2739 dicitur:
3413 2682 3587 2738 Bibent

2014 2794 2178 2848 aquas
2204 2781 2267 2831 de
2291 2776 2524 2842 fontibus
2559 2775 2880 2831 Saluatoris.
2911 2776 2987 2830 De
3015 2777 3217 2846 quibus
3251 2787 3304 2832 et
3363 2780 3414 2832 in
3447 2778 3590 2831 Psal-

2014 2872 2119 2924 mis
2138 2870 2353 2923 eauitur
2383 2886 2398 2923 :
2432 2868 2738 2921 Benedicite
2775 2867 3058 2922 Dominum
3084 2868 3250 2921 Deum
3274 2874 3343 2921 de
3365 2867 3587 2937 [antibus

2014 2960 2189 3015 Israel
2220 2959 2398 3028 (Psul.
2437 2974 2606 3023 van,
2631 2959 2748 3030 27).
2776 2959 2840 3011 Et
2870 2959 3075 3028 posuit,
3101 2957 3302 3025 inquit,
3328 2960 3586 3012 desertum

2015 3054 2068 3105 in
2105 3065 2352 3122 stagnum
2411 3068 2697 3122 aquarum,
2750 3062 2799 3105 et
2849 3060 3045 3105 terram
3105 3051 3306 3103 inviam
3356 3053 3410 3102 in
3456 3050 3586 3102 rivos

2011 3131 2292 3213 aquarum.
2329 3146 2400 3196 De
2426 3144 2623 3211 quibus
2655 3147 2820 3213 aquis
2851 3153 2905 3197 et
2948 3144 3197 3197 Salvator
3229 3145 3280 3194 in
3307 3142 3587 3210 Evangelio

2012 3244 2238 3310 mystico
2287 3254 2543 3292 sermone
2603 3239 2817 3293 dicebat
2859 3237 3040 3308 (Joan.
3084 3253 3157 3300 tr,
3197 3237 3286 3297 I3.
3326 3238 3410 3306 16)
3443 3251 3457 3286 :
3489 3235 3586 3301 Qui

2010 3332 2194 3384 biberit
2225 3334 2288 3385 de
2318 3331 2479 3401 502
2526 3348 2667 3401 aqua
2736 3348 2891 3403 quam
2929 3348 3021 3401 ego
3055 3331 3192 3384 dabo
3222 3332 3291 3393 ei,
3327 3348 3431 3383 non
3457 3331 3584 3382 sitiet

2008 3424 2065 3476 in
2093 3435 2349 3477 aeternum
2375 3466 2392 3489 ,
2414 3424 2506 3477 sed
2538 3441 2677 3494 aqua
2695 3412 2867 3491 quam
2899 3440 2993 3492 ego
3026 3424 3217 3477 dedero
3250 3423 3321 3488 ei,
3346 3422 3435 3486 lict
3456 3423 3509 3475 in
3527 3436 3581 3473 eo

2009 3516 2127 3584 {ous
2158 3530 2309 3583 aqua:
2333 3515 2570 3569 salientis
2622 3516 2679 3568 in
2708 3516 2871 3570 vitam
2903 3530 3179 3571 wtcrnam.
3230 3516 3294 3571 Et
3331 3517 3521 3569 iterum
3556 3529 3571 3542 ’

2012 3609 2211 3679 Siquis
2231 3609 2368 3673 sitit,
2414 3609 2586 3663 veniat
2630 3611 2700 3663 ad
2743 3623 2824 3660 me
2854 3617 2904 3661 et
2948 3608 3111 3662 bibat.
3151 3607 3256 3672 Qui
3292 3606 3482 3662 biberit
3524 3608 3582 3661 ds

2014 3716 2150 3766 aqua
2175 3716 2336 3769 quant
2365 3717 2458 3770 ego
2488 3699 2624 3754 dabo
2650 3702 2718 3765 ei,
2749 3702 2975 3770 ﬂumina
3005 3701 3071 3753 de
3101 3710 3277 3755 ventre
3297 3702 3416 3769 ejus
3437 3702 3583 3770 ﬂuent

2009 3807 2160 3860 aqua:
2209 3794 2335 3847 vim
2394 3791 2582 3863 (Joan.
2646 3808 2753 3855 ut.
2802 3794 3018 3861 37-59;.
3084 3796 3197 3847 Hoc
3249 3805 3456 3860 autem,
3514 3796 3583 3842 iu-

2019 3884 2139 3953 quit
2168 3885 2526 3953 evangelista,
2571 3886 2773 3940 dicebat
2830 3887 2896 3940 tle
2936 3888 3141 3954 Spiritu
3191 3898 3418 3953 sancto,
3449 3901 3579 3956 qustu

2007 3981 2281 4033 credentes
2313 3980 2367 4034 in
2383 3996 2443 4033 eo
2477 3983 2741 4046 accepturi
2781 3989 2956 4034 erant.
3002 3980 3138 4046 Quia
3178 3981 3346 4051 igitur
3379 3981 3574 4035 deserta

2011 4076 2288 4142 quondam
2318 4072 2576 4128 Ecclesia:
2609 4074 2920 4140 multitudo,
2952 4076 3110 4144 aquis
3135 4074 3392 4130 vitalibus
3428 4076 3581 4128 fuerat

2011 4166 2258 4234 irrigata,
2279 4175 2560 4233 propterea
2576 4164 2731 4232 juxta
2751 4164 2891 4219 LXX
2909 4175 3205 4220 nascuntur
3224 4167 3276 4219 in
3297 4181 3359 4220 ea
3382 4166 3579 4228 cedrus,

2011 4264 2064 4308 et
2097 4257 2295 4319 buxus,
2353 4265 2407 4309 et
2461 4266 2699 4326 myrtus,
2758 4266 2812 4310 et
2869 4258 3179 4327 cyparissus
3207 4267 3265 4311 et
3316 4255 3530 4328 populus
3561 4267 3575 4282 '

2010 4347 2159 4416 juxta
2192 4346 2543 4412 Hebraicum,
2598 4360 2652 4402 et
2687 4358 2913 4405 caeteros
2979 4350 3355 4419 interpretes,
3380 4351 3577 4409 cedrus.

327 4446 665 4503 runtaquas,
699 4447 752 4488 et
803 4448 912 4486 non
949 4441 1082 4486 sunt
1121 4448 1137 4488 ι
1170 4431 1353 4500 lingua
1383 4444 1567 4484 eorum
1605 4430 1692 4482 siti
1744 4431 1908 4485 aruit.
1946 4428 1988 4481 ἰ)
2018 4446 2178 4499 seua,
2235 4447 2291 4493 ct
2344 4449 2575 4508 myrtus,
2628 4448 2683 4493 et
2738 4439 2942 4509 lignum
2980 4440 3157 4505 olivae,
3200 4450 3257 4495 et
3313 4440 3477 4506 abies,
3528 4449 3580 4492 et

322 4527 436 4594 ligo
469 4524 731 4578 ltotninus
754 4521 1037 4577 exaudiam
1062 4537 1156 4576 eos
1185 4539 1199 4576 :
1230 4522 1369 4575 Deus
1401 4520 1568 4575 Israel
1611 4537 1717 4574 non
1751 4522 1910 4574 dere»

323 4621 563 4687 lmquam
600 4619 738 4672 illos.
756 4617 1009 4687 Aperiatn
1052 4617 1104 4669 itt
1139 4615 1350 4684 supinis
1375 4616 1600 4669 collibus
1629 4613 1850 4667 ﬂuttiina
1894 4627 1910 4667 :

322 4725 376 4768 et
438 4715 490 4767 in
558 4711 735 4766 medio
789 4725 1102 4779 camporum
1153 4708 1350 4763 fontes.
1391 4706 1595 4762 Ponant
1638 4708 1908 4759 desertum

325 4809 378 4860 iu
417 4816 668 4874 stagnum
701 4818 967 4873 aquarum
1031 4811 1084 4856 et
1140 4798 1339 4855 terram
1397 4799 1594 4854 inviam
1661 4800 1712 4851 in
1768 4799 1913 4850 rivos

328 4915 616 4969 aquarum.
668 4899 816 4953 Dabo
855 4897 906 4952 itt
940 4895 1230 4951 solitudine
1251 4893 1473 4948 cedrum
1498 4903 1556 4946 et
1588 4890 1820 4959 spinam,
1860 4900 1914 4942 et

330 5005 586 5062 myrtum,
620 5003 672 5046 et
721 4992 922 5060 lignum
973 4989 1149 5044 olivae.
1193 4987 1393 5041 Ponant
1430 4985 1483 5038 in
1515 4984 1732 5038 deserto
1759 4984 1909 5035 aliie-

329 5097 462 5149 tem,
495 5086 717 5152 ulmum,
751 5093 804 5138 et
834 5086 1034 5137 buxum
1064 5081 1221 5136 simul
1253 5088 1349 5136 :ut
1378 5078 1617 5138 videant,
1645 5085 1695 5129 et
1720 5074 1915 5137 sciant,

328 5188 381 5227 et
421 5176 735 5242 l'Cl‘OgllL‘III,
767 5183 820 5228 et
853 5174 1153 5243 intelligant
1183 5172 1408 5240 pariter,
1428 5173 1552 5237 quia
1579 5182 1774 5220 manus
1800 5165 1911 5217 Do-

330 5270 461 5323 mini
504 5268 627 5322 fecit
667 5269 787 5329 hoc,
841 5276 898 5321 et
945 5267 1179 5321 Sanctus
1227 5262 1388 5317 Israel
1436 5263 1642 5316 creavit
1694 5261 1845 5314 illud.
1884 5276 1902 5309 ι

332 5361 473 5416 LXX
510 5374 525 5415 :
559 5381 577 5412 ι
617 5360 681 5415 Et
712 5359 1056 5414 exsultabant
1094 5374 1363 5429 pauperes
1407 5366 1462 5411 et
1490 5358 1677 5426 inopes
1707 5372 1722 5413 :
1761 5356 1911 5423 quae-

330 5465 450 5508 rent
488 5452 633 5507 enim
665 5466 885 5521 aquam,
934 5458 991 5503 et
1041 5463 1147 5503 non
1179 5454 1283 5502 erit
1312 5465 1328 5505 :
1367 5448 1545 5517 lingua
1578 5461 1764 5501 eorum
1798 5460 1909 5513 pra:

334 5547 422 5601 siti
484 5548 717 5601 exaruit.
767 5542 879 5612 Ego
933 5540 1193 5597 Dominus
1225 5541 1366 5596 Deus
1417 5541 1702 5595 exaudiam
1764 5540 1910 5606 ipsos

2021 4530 2199 4584 ulmus
2257 4542 2313 4584 et
2346 4531 2523 4587 buxus
2575 4531 2759 4587 simul.
2794 4532 2923 4599 Qua:
2962 4534 3258 4587 varietates
3309 4535 3575 4595 arborum,

2020 4621 2392 4676 diversitatem
2428 4623 2740 4694 signiﬁcant
2770 4627 2961 4694 gratiae
3012 4626 3335 4695 spiritualis.
3373 4623 3437 4679 Et
3461 4627 3574 4693 quia

2021 4717 2277 4769 omnibus
2311 4728 2500 4770 natura
2532 4732 2719 4771 earum
2772 4728 2897 4772 nota
2947 4728 3050 4786 est,
3078 4719 3146 4772 de
3205 4719 3385 4778 Ser-rs
3410 4719 3573 4790 (illiilli)

2019 4819 2227 4860 tantum
2262 4805 2529 4864 Hebraico
2555 4809 2953 4875 etlisseratnus,
2986 4826 3150 4879 quant
3183 4814 3391 4882 spinam
3424 4810 3575 4865 I‘lteo-

2023 4902 2174 4955 dotio
2206 4904 2508 4955 transtulit.
2541 4900 2638 4957 Est
2664 4912 2844 4957 autem
2871 4918 3044 4971 genus
3079 4903 3292 4959 arboris
3321 4903 3572 4958 nascentis

2023 4992 2075 5044 in
2107 5005 2312 5056 eremo,
2348 4993 2519 5060 spinae
2550 4993 2687 5048 alba
2736 4994 2939 5048 habens
2966 4995 3411 5062 similitudinem;
3448 4997 3571 5049 unde

2022 5083 2204 5135 omnia
2237 5082 2376 5149 ligna
2426 5086 2629 5146 arcte“,
2673 5094 2729 5139 et
2762 5086 3097 5140 tabernaculi
3144 5085 3288 5142 facta
3333 5096 3453 5144 sunt
3502 5089 3571 5140 in-

2014 5186 2337 5240 strumenta,
2364 5190 2487 5245 quae
2518 5177 2862 5246 appellantur
2893 5177 3085 5233 Saltim
3105 5178 3306 5249 (Exod.
3333 5180 3525 5246 xxxvn)
3554 5194 3567 5230 :

2013 5266 2159 5337 quod
2222 5267 2428 5337 lignum
2486 5270 2822 5339 imputribile
2859 5282 2912 5325 et
2951 5273 3316 5339 levissimum,
3352 5272 3568 5328 omnium

2015 5359 2310 5431 lignorum,
2363 5369 2473 5414 tam
2512 5363 2563 5416 itt
2596 5362 2918 5419 fortitudine
2952 5380 3115 5433 quam
3155 5365 3206 5420 itt
3244 5368 3435 5428 nitore,
3459 5362 3570 5417 soli-

2016 5454 2238 5508 ditatem
2281 5465 2504 5524 superat
2532 5464 2586 5509 et
2641 5458 3123 5525 pulchritudinem.
3157 5460 3364 5513 Cedrus
3413 5466 3565 5509 autem

2014 5550 2071 5597 et
2108 5556 2457 5615 cyparyssus,
2506 5553 2560 5601 et
2595 5558 2825 5617 myrtus,
2887 5549 3071 5604 odoris
3117 5548 3307 5621 optimi
3348 5558 3488 5612 sunt,
3523 5552 3569 5601 et

410 5735 426 5766 ¹
460 5734 633 5802 Alias,
659 5750 784 5789 arte.
813 5734 1085 5802 Atnbros.,
1122 5733 1300 5787 omnia
1327 5734 1377 5786 in
1411 5748 1549 5788 arca:
1579 5742 1627 5786 et
1657 5729 1986 5788 tabernaculi
2013 5734 2163 5802 [acta
2190 5741 2314 5786 sunt
2345 5736 2719 5789 instrumento,
