3952 6180
284 5029 305 5059 ο

288 5066 307 5081 1

325 395 420 458 433

801 393 1294 454 COMMENTAR.
1336 393 1418 451 IN
1468 392 1733 451 ISAIAM
1777 393 2244 456 l’llOPHETAM
2297 398 2442 456 LIB.
2472 396 2608 456 XII.
2652 395 2996 457 CAP.XI.I.

3454 389 3561 452 xiiii

327 504 693 573 itnpntriniles.
723 505 911 560 Ulmus
932 520 1149 573 quoque
1184 515 1239 560 et
1261 506 1514 575 populus,
1540 506 1655 561 sive
1685 506 1878 567 buxus,
1922 509 1967 564 Α
1996 509 2149 562 nobis
2180 508 2260 561 vel
2294 511 2588 576 praeterita,
2620 509 2705 562 vel
2741 508 2941 572 lotium,
2971 517 3025 561 et
3056 522 3121 561 ex
3156 505 3572 582 rertim’eventi-

325 595 401 649 vel
447 593 769 648 maritandis
824 595 1029 649 vitibus
1076 595 1402 665 junguntur,
1434 595 1520 649 vel
1552 594 1617 648 ad
1669 594 1887 647 diversa

324 701 479 755 Opera
505 686 799 755 aptissima!
842 694 992 740 sunt.
1046 684 1171 741 Haec
1226 696 1406 740 autem
1468 685 1652 740 omnia
1689 686 1892 753 pariter

323 782 593 845 ponuntur
628 775 681 829 in
729 775 1042 839 solitudine,
1081 791 1147 831 ne
1185 775 1381 830 saltem
1414 790 1522 830 una
1586 775 1790 830 chorda
1826 775 1892 827 de

326 867 520 920 cithara
555 865 790 930 Domini,
819 874 875 919 et
917 866 1098 934 aliqua
1131 866 1305 920 virtus
1348 868 1647 932 gratiarum
1696 864 1889 919 Eccle-

325 960 408 1011 sia:
436 958 627 1013 deesse
650 958 918 1013 videatur.
944 957 1013 1012 Ut
1033 972 1226 1013 omnes
1262 958 1588 1027 intelligant,
1613 967 1665 1012 et
1686 956 1894 1026 pariter

328 1061 497 1104 mente
524 1058 895 1114 cognoscant,
948 1049 1073 1116 quia
1130 1063 1319 1102 manus
1348 1047 1558 1103 Domini
1613 1048 1731 1102 haec
1772 1048 1895 1101 uni-

326 1155 471 1194 versa
497 1139 806 1207 perfecerit,
838 1148 898 1193 ut
928 1138 981 1191 in
1015 1139 1267 1192 ariditate
1291 1140 1535 1207 gentium
1564 1138 1886 1193 inveniren—

327 1243 405 1286 tur
437 1232 639 1286 ﬂuenta
667 1231 950 1295 virtutum,
982 1240 1035 1284 et
1068 1232 1121 1284 in
1159 1242 1301 1285 terra
1340 1233 1614 1300 quondam
1663 1230 1886 1285 deserta

327 1324 585 1391 plenaque
604 1322 919 1392 salsuginis.
936 1323 1130 1376 cedrus
1161 1332 1215 1377 et
1235 1338 1363 1393 cypa
1374 1324 1565 1388 rissus,
1588 1333 1644 1376 et
1663 1323 1783 1376 alia:
1806 1338 1898 1375 ar-

327 1416 881 1478 lmres-nascerentnr,
903 1429 1129 1483 quarum
1153 1414 1541 1468 sublimitatem
1563 1422 1618 1468 et
1638 1414 1897 1467 verticem

327 1502 386 1555 ad
421 1504 659 1557 carlestia
692 1501 1065 1566 festinantem,
1108 1504 1439 1559 illuminaret
1478 1505 1686 1575 lignum
1716 1505 1893 1569 olivo,

328 1594 463 1663 quod
490 1595 882 1649 nutrimentum
902 1595 1043 1649 lucis
1063 1606 1221 1650 estet
1256 1597 1617 1650 laborantium
1646 1599 1889 1664 requies.

394 1684 578 1755 (Vers.
600 1684 663 1739 2i
696 1687 873 1755 seqq.)
905 1705 923 1737 ι
956 1684 1132 1756 Prope
1160 1687 1322 1742 facite
1343 1688 1607 1756 judicium
1635 1702 1897 1751 vestrum,

324 1775 453 1829 dicit
485 1773 747 1829 Dominus
778 1791 794 1831 :
825 1775 1015 1830 aﬂ'erte
1047 1777 1092 1830 si
1127 1777 1257 1846 quid
1304 1777 1445 1830 forte
1495 1778 1727 1841 habetis,
1765 1776 1901 1831 dixit

328 1881 415 1921 rex
444 1864 618 1921 Jacob
656 1906 670 1921 .
701 1870 975 1921 Accedant
998 1867 1039 1931 ¹,
1075 1875 1129 1921 ct
1159 1869 1408 1923 nuntient
1440 1868 1598 1923 nobis
1646 1883 1901 1938 quaecun-

331 1975 435 2028 que
465 1968 697 2012 ventura
746 1967 871 2013 sunt
901 1976 915 2013 :
947 1965 1124 2029 priora
1158 1975 1278 2029 quae
1325 1961 1562 2023 luerunt,
1611 1963 1856 2014 nuntiate
1888 1977 1903 2015 :

328 2060 380 2104 et
428 2063 695 2118 ponemus
740 2065 837 2103 cor
886 2060 1168 2116 nostrum,
1224 2059 1277 2104 et
1325 2052 1561 2105 sciemus
1614 2052 1906 2104 novissima

328 2156 513 2195 eorum
550 2159 565 2195 :
597 2150 650 2196 et
694 2140 804 2214 [ΑΙ.
839 2141 980 2212 hate]
1029 2159 1146 2207 qum
1194 2153 1421 2196 ventura
1475 2155 1620 2204 sunt,
1673 2144 1910 2197 indicate

330 2235 505 2290 nobis.
544 2238 878 2290 Annuntiate
908 2236 1066 2306 503
1102 2251 1220 2304 quae
1247 2245 1474 2290 ventura
1508 2247 1635 2289 sunt
1664 2238 1717 2289 in
1757 2236 1904 2290 l'utu-

331 2344 445 2380 rum
481 2342 501 2383 :
536 2337 592 2380 et
624 2329 863 2382 sciemus
907 2328 1032 2396 quia
1079 2328 1153 2382 dii
1202 2330 1332 2382 estis
1372 2344 1486 2382 vos.
1526 2327 1668 2382 Bene
1696 2344 1939 2397 quoque-

331 2428 420 2470 ant
459 2417 603 2470 male
631 2418 675 2470 si
710 2419 956 2486 potestis,
996 2417 1178 2485 facite,
1215 2430 1267 2474 et
1306 2421 1609 2488 loquamur,
1647 2431 1697 2474 et
1733 2422 1912 2474 videa-

334 2524 451 2561 mus
501 2508 684 2562 simul.
735 2509 874 2562 Ecce
921 2524 1022 2563 vos
1068 2512 1202 2565 estis
1268 2526 1370 2580 pro
1403 2511 1557 2564 nihili
1611 2510 1799 2583 [Vulg.
1844 2529 1910 2564 ex

332 2597 527 2671 nihilo]
558 2617 574 2656 :
609 2611 661 2654 et
692 2614 828 2668 opus
853 2610 1094 2655 vestrum
1121 2618 1184 2655 ex
1215 2616 1280 2656 eo
1314 2605 1452 2669 quod
1488 2619 1595 2656 non
1626 2612 1711 2655 est
1741 2623 1753 2655 :
1783 2603 1914 2655 abo-

334 2690 558 2743 tninatio
609 2701 694 2744 est
733 2692 824 2759 qui
859 2690 1017 2761 elegit
1051 2706 1169 2746 vos.
1213 2709 1233 2744 ι
1287 2690 1428 2744 LXX
1475 2710 1489 2746 :
1546 2710 1565 2741 ι
1616 2690 1781 2745 Juxta
1830 2703 1915 2747 est

333 2779 599 2849 judicium
652 2794 914 2845 vestrum,
963 2783 1096 2837 dicit
1129 2782 1385 2838 Dominus
1434 2783 1613 2838 Dens:
1648 2794 1916 2839 venerunt

333 2884 385 2925 ct
448 2875 1027 2943 appropinquaverunt
1086 2876 1311 2929 consilia
1365 2888 1579 2938 vestra,
1634 2877 1766 2930 dicit
1821 2892 1910 2931 res

332 2961 521 3018 Jacob.
556 2966 1000 3035 Appropinquent
1031 2966 1146 3037 [ΑΙ.
1183 2966 1468 3039 accedant]
1504 2977 1554 3020 et
1593 2970 1917 3022 annuntient

335 3055 499 3108 nobis
550 3070 672 3123 qua:
724 3069 943 3109 ventura
998 3066 1298 3111 sunttattt
1352 3058 1529 3125 priora
1585 3073 1704 3126 qua:
1764 3068 1918 3111 erant

1998 602 2097 656 IIIIS
2124 612 2364 657 vestram
2397 602 2691 665 potentiam
2724 600 3112 653 demonstrate.
3148 595 3259 650 Hoc
3290 604 3467 649 autem
3498 597 3572 647 si-

1996 692 2235 761 gniﬁcat,
2271 691 2415 757 quod
2448 701 2568 756 post
2619 692 2909 745 adventum
2959 688 3161 742 Christi
3196 682 3381 741 omnia
3429 687 3568 741 idola

1994 783 2402 857 centicuerjnt;
2460 782 2551 836 ubi
2606 782 2798 849 Apollo
2859 780 3179 847 Delphicus,
3236 788 3289 830 et
3344 776 3571 833 Losias.

1997 872 2311 947 Deliusque,
2345 883 2397 927 et
2441 871 2681 947 Clarius,
2726 881 2781 926 et
2810 882 3006 926 caetera
3063 870 3226 931 idola,
3265 869 3570 922 futurorum

1995 946 2278 1019 scientiam
2342 946 2691 1032 pollicentia,
2749 977 2871 1030 quae
2949 976 3106 1028 reges
3168 960 3576 1029 potentissimos

1997 1052 2361 1121 deceperunt?
2389 1052 2499 1107 Cur
2552 1053 2618 1106 de
2667 1050 2883 1105 Christo
2928 1049 3059 1103 nihil
3110 1058 3337 1115 potuere
3384 1047 3577 1115 praede

1998 1159 2158 1210 cere;
2186 1142 2320 1196 nihil
2344 1144 2411 1197 de
2431 1140 2696 1211 apostolis
2715 1140 2868 1208 ejus;
2893 1139 3028 1192 nihil
3046 1137 3117 1191 de
3138 1138 3310 1192 ruinis
3330 1147 3384 1191 et
3405 1136 3580 1190 aboli-

2000 1235 2147 1289 tione
2184 1232 2626 1301 tetnplorutn‘lSi
2649 1247 2777 1300 ergo
2814 1246 2972 1284 suum
3012 1230 3290 1283 interitum
3331 1244 3435 1282 non
3475 1243 3576 1294 po-

2003 1337 2152 1382 tuere
2173 1327 2488 1397 praedicere,
2511 1323 2784 1391 quomodo
2802 1322 2965 1394 505
2981 1323 3179 1384 aliena,
3201 1321 3282 1374 vel
3313 1320 3475 1379 mala.
3495 1320 3578 1372 κει-ι

2002 1422 2140 1476 bona
2165 1430 2451 1487 potuerunt
2473 1418 2587 1491 [Αι.
2610 1417 2915 1490 potuerint]
2934 1417 3187 1472 nuntiare
3205 1417 3229 1470 ?
3249 1416 3401 1481 Quod
3425 1415 3469 1468 si
3493 1414 3583 1467 ali.

2001 1512 2352 1581 quisdixerit,
2373 1512 2538 1564 multa
2564 1511 2631 1564 ab
2654 1510 2815 1565 idolis
2830 1524 2955 1564 esse
2979 1508 3257 1577 praedicta,
3282 1508 3384 1560 hoc
3405 1507 3581 1560 scien-

2002 1608 2130 1656 dum
2159 1602 2299 1669 quod
2330 1616 2545 1669 semper
2571 1601 2914 1654 mendacium
2944 1599 3230 1669 jnuserint
3260 1597 3495 1662 veritati,
3527 1605 3581 1647 ct

2003 1697 2083 1748 sic
2133 1697 2434 1747 sententias
2479 1691 2863 1760 temperarint,
2894 1700 2952 1745 nt
3001 1705 3097 1743 seu
3143 1690 3269 1743 boni
3304 1703 3400 1743 seu
3453 1689 3581 1741 mali

2007 1788 2134 1854 quid
2186 1783 2503 1848 accidisset,
2540 1792 2833 1852 utrumque
2880 1791 3066 1851 posset
3116 1780 3362 1850 intelligi.
3395 1778 3469 1836 Ut
3499 1791 3584 1834 est

2011 1880 2137 1933 illud
2174 1877 2366 1947 Pyrrhi
2400 1874 2542 1942 regis
2574 1873 2915 1943 Epirotarum
2945 1889 2962 1937 ;

2165 1980 2255 2030 Aio
2288 1984 2340 2027 te
2379 1977 2422 2036 ',
2444 1976 2662 2035 Eacida,
2695 1975 2942 2025 Romanos
2963 1975 3163 2021 vincere
3188 1982 3353 2034 posse.

2010 2065 2074 2117 Et
2100 2062 2271 2117 Croesi
2304 2081 2317 2116 :
2343 2061 2553 2117 Crassus
2582 2071 2933 2128 transgressus
2959 2055 3128 2126 Halyn
3155 2053 3387 2106 maxima
3426 2066 3587 2119 regna

2009 2154 2210 2219 perdet.
2243 2150 2403 2204 Aliud
2454 2163 2670 2218 quoque
2711 2148 2922 2217 signum
2972 2156 3078 2206 est,
3112 2142 3252 2197 idola
3300 2141 3432 2196 deos
3481 2156 3584 2191 non

2011 2259 2150 2304 esse,
2182 2244 2321 2309 quod
2355 2256 2454 2295 nec
2489 2240 2630 2296 bene
2659 2239 2873 2306 possint
2908 2236 3106 2300 facere,
3140 2250 3239 2288 nec
3271 2233 3427 2286 male.
3476 2231 3588 2283 Non

2011 2350 2119 2402 quo
2172 2334 2349 2392 idola.
2400 2332 2482 2386 vel
2539 2332 2812 2385 daemones
2861 2328 3161 2381 assidentes
3210 2324 3403 2384 idolis.
3449 2322 3589 2376 mala

2012 2439 2154 2494 smpe
2185 2439 2291 2478 non
2339 2422 2603 2485 fecerint;
2633 2420 2725 2474 sed
2757 2432 2866 2486 quo
2894 2417 2995 2469 nisi
3029 2429 3288 2469 toncessa
3321 2416 3401 2467 eis
3430 2411 3593 2465 fuerit

2011 2525 2253 2587 potestas
2286 2531 2315 2568 a
2350 2513 2600 2579 Domino,
2640 2514 2741 2566 hoc
2786 2510 2967 2564 facere
3015 2524 3119 2561 non
3162 2508 3395 2574 possint.
3430 2504 3595 2558 Deni-

2015 2625 2117 2675 que
2150 2609 2205 2662 in
2244 2605 2532 2675 Evangelia
2565 2604 2947 2672 deprecantur,
2983 2609 3040 2676 ut
3081 2598 3313 2652 habeant
3354 2603 3596 2664 potesta-

2018 2711 2120 2755 tem
2171 2703 2226 2753 in
2263 2712 2549 2767 porcorum
2601 2709 2820 2766 gregem
2868 2688 3085 2759 (Matth.
3122 2686 3260 2756 vnt).
3297 2687 3361 2738 Et
3406 2686 3457 2739 in
3491 2681 3596 2737 Job

2015 2792 2267 2859 legimus,
2299 2792 2507 2859 alisque
2549 2786 2760 2841 Domini
2804 2783 3071 2849 iussione,
3107 2795 3232 2832 eutn
3276 2773 3594 2847 (diabolum)

2018 2874 2118 2938 viri
2164 2883 2341 2937 sancti
2373 2896 2439 2935 ne
2464 2880 2705 2948 jumenta
2739 2878 2953 2945 quidem
2997 2884 3052 2927 et
3094 2869 3462 2940 posseSsiones
3494 2882 3593 2917 va-

2021 2978 2181 3028 luisse
2210 2972 2528 3041 disperdere
2561 2968 2684 3034 (lob
2718 2969 2779 3032 t).
2834 2965 2945 3018 Nec
2978 2966 3169 3015 uirum
3206 2963 3309 3013 hoc
3353 2960 3418 3024 de
3462 2957 3593 3018 Deo,

2020 3084 2140 3118 cum
2172 3065 2335 3119 etiam
2382 3062 2663 3132 apostolus
2709 3057 2910 3111 Paulos
2959 3059 3139 3110 tradat
3186 3054 3448 3120 quosdam
3498 3047 3598 3103 Sa-

335 3147 552 3200 dicite:
600 3157 654 3200 et
706 3163 1037 3216 apponetnus
1092 3163 1354 3213 sensum;
1397 3160 1450 3203 et
1506 3150 1741 3204 sciemus
1795 3166 1912 3219 quae

2022 3168 2179 3221 tante,
2215 3164 2272 3209 ut
2301 3155 2515 3208 discant
2546 3168 2652 3206 nott
2686 3152 3066 3217 blasphemare
3108 3145 3157 3215 (l
3196 3144 3330 3198 Tini.
3363 3147 3425 3211 ι).
3468 3141 3597 3196 Sive

336 3249 464 3291 sunt
516 3238 827 3294 novissima.
869 3239 1103 3294 Ventura
1141 3255 1358 3308 quoque
1404 3242 1567 3296 dicite
1620 3242 1810 3304 nobis,
1863 3253 1918 3298 et

338 3330 663 3383 annuntiate
718 3345 838 3399 quae
895 3342 1119 3385 ventura
1175 3343 1303 3386 sunt
1360 3334 1410 3387 iu
1473 3334 1814 3401 novissimo;
1867 3344 1921 3388 et

337 3418 580 3473 sciemus
612 3421 867 3487 quoniam
901 3422 974 3473 dii
1007 3422 1163 3475 estis.
1212 3422 1353 3476 Bene
1383 3423 1548 3478 facite
1577 3436 1630 3479 et
1675 3426 1836 3488 male,
1867 3434 1922 3479 et

337 3511 734 3564 admirabimur
758 3528 774 3574 ;
813 3521 868 3565 et
894 3512 1204 3568 videbimus
1228 3514 1393 3568 simul
1423 3517 1562 3570 unde
1586 3516 1703 3569 sitis
1727 3531 1843 3578 vos.
1868 3528 1924 3572 et

338 3604 485 3656 unde
531 3602 605 3656 sit
653 3618 789 3672 opus
841 3612 1078 3657 vestrum
1109 3623 1124 3670 ;
1159 3605 1225 3660 de
1256 3616 1401 3660 terra
1453 3608 1920 3662 ahominationutn

334 3695 625 3766 elegerunt
676 3711 793 3751 vos.
837 3714 857 3747 ι
897 3695 1181 3763 Quomodo
1231 3714 1395 3769 supra
1446 3700 1700 3766 diximus,
1749 3702 1920 3770 dupli-

338 3801 459 3839 cem
515 3802 633 3840 esse
676 3784 845 3842 Jacob
881 3797 935 3841 et
984 3788 1174 3849 Israel.
1222 3806 1330 3843 non
1378 3790 1711 3844 credentium
1760 3803 1923 3858 atque

341 3877 687 3931 credentium
743 3878 794 3930 in
844 3878 1131 3932 Dominum
1182 3880 1559 3946 Salvatorem;
1607 3882 1677 3935 ita
1720 3883 1923 3936 vocatis

337 3970 617 4039 gentibus,
648 3979 702 4023 et
727 3970 779 4022 in
809 3971 1024 4026 deserto
1052 3972 1323 4040 quondam
1357 3973 1609 4027 Ecclesiae
1637 3990 1924 4043 erumpen-

342 4061 490 4114 tibus
520 4059 700 4114 ﬂnviis
748 4060 1118 4129 tenuibusque,
1151 4072 1207 4115 et
1256 4063 1449 4115 mirum
1482 4066 1536 4117 in
1573 4065 1789 4117 modum
1831 4079 1924 4119 co-

341 4163 530 4205 mante
562 4152 825 4206 varictate
869 4152 1148 4215 arborum,
1181 4154 1394 4207 cuttctis
1425 4154 1674 4209 ubertate
1714 4157 1922 4225 plenis-

339 4245 524 4308 simis,
557 4242 651 4311 qui
696 4244 749 4296 in
780 4242 1060 4298 Christum
1092 4259 1158 4298 ex
1188 4244 1440 4314 gentibus
1485 4249 1709 4300 credere
1739 4248 1926 4302 nolue-

338 4346 496 4397 runt,
532 4347 895 4401 provocamur
928 4337 993 4389 ad
1022 4335 1315 4404 judicium,
1349 4345 1407 4389 ut
1437 4339 1795 4405 respondeant
1826 4357 1925 4393 cur

340 4429 551 4491 videre,
584 4435 637 4480 et
670 4426 812 4481 scire
855 4437 911 4481 et
942 4427 1268 4496 recogitare,
1302 4438 1358 4482 et
1408 4429 1709 4499 intelligere
1739 4432 1922 4485 nolue-

2025 3252 2122 3304 hoc
2156 3246 2464 3311 dicendum,
2501 3246 2643 3313 quod
2694 3252 2840 3297 tnttta
2892 3240 3184 3295 simulacra
3232 3236 3506 3290 hominum
3540 3248 3598 3289 ct

2021 3337 2383 3399 insensibilia.
2434 3352 2535 3403 nec
2584 3335 2718 3388 bene
2771 3332 2983 3403 poSsint
3035 3332 3237 3396 facere,
3288 3344 3389 3383 nec
3435 3329 3594 3391 male,

2025 3446 2124 3486 nec
2174 3428 2445 3496 praeterita
2496 3441 2679 3485 nosse.
2732 3440 2833 3478 nec
2883 3423 3087 3486 latura,
3142 3420 3268 3488 quia
3322 3434 3390 3473 ex
3429 3418 3599 3472 nihilo

2023 3524 2153 3584 sint,
2187 3532 2239 3575 et
2263 3535 2329 3574 ex
2359 3535 2424 3572 eo
2457 3517 2598 3587 quod
2629 3533 2736 3570 non
2767 3524 2871 3577 est,
2901 3525 2956 3568 et
2989 3529 3094 3566 non
3130 3522 3237 3565 tant
3268 3511 3383 3578 ipsa
3434 3525 3595 3577 quam

2024 3614 2114 3667 ille
2139 3612 2230 3681 qui
2262 3627 2324 3665 ea
2356 3611 2521 3673 colat,
2552 3609 2961 3663 abominatione
2988 3604 3290 3672 condignus
3321 3604 3411 3656 sit.
3442 3600 3598 3655 Idala

2023 3705 2163 3756 enim
2199 3704 2451 3771 gentium,
2501 3709 2774 3765 argentum
2807 3707 2857 3750 et
2901 3712 3115 3758 aurum,
3149 3709 3305 3760 opera
3348 3708 3598 3744 numnum

2030 3796 2321 3848 hominum.
2389 3792 2463 3846 0s
2522 3792 2745 3853 habent,
2818 3797 2867 3840 et
2942 3803 3044 3841 non
3100 3784 3374 3854 loquentur
3428 3782 3590 3851 (Paul.

2025 3883 2254 3943 canna.
2278 3880 2351 3950 5).
2381 3881 2664 3945 Quomodo
2694 3892 2821 3945 ergo
2854 3883 3075 3945 possunt
3099 3874 3238 3928 scire
3267 3882 3318 3927 et
3349 3871 3599 3925 nuntiare

2028 3986 2273 4034 ventura,
2311 3985 2401 4025 aut
2438 3986 2658 4023 narrare
2690 3968 2984 4037 prauerita,
3027 3976 3081 4020 et
3117 3966 3252 4019 bene
3283 3963 3485 4027 facere,
3514 3965 3595 4016 vel

2028 4068 2188 4128 male,
2225 4082 2345 4136 qua:
2373 4080 2473 4118 nec
2505 4064 2782 4116 hominum
2829 4074 3049 4113 sensum
3094 4057 3314 4121 habent,
3343 4072 3441 4111 nec
3472 4055 3601 4111 bru-

2029 4169 2207 4212 torutn
2261 4155 2654 4211 animantium?
2697 4153 2807 4207 Nec
2842 4153 3070 4205 interest
3122 4150 3189 4203 de
3220 4164 3326 4217 qua
3375 4150 3600 4201 ntatetia

2028 4249 2168 4304 facta
2205 4249 2511 4311 videantur,
2547 4263 2669 4301 cum
2720 4245 2970 4298 universa
3009 4251 3223 4296 terrena
3260 4242 3390 4295 sint.

2102 4340 2279 4410 (Vcrs.
2307 4340 2379 4393 25
2403 4339 2546 4407 ch.)
2576 4357 2594 4388 ι
2630 4335 2921 4390 Snscitavit
2949 4334 3017 4387 ab
3038 4333 3325 4401 Aquilone.
3349 4339 3403 4384 et
3429 4330 3605 4384 \cnict

2028 4435 2095 4487 ab
2138 4444 2260 4487 ortu
2292 4432 2422 4484 solis
2450 4447 2464 4483 :
2497 4428 2713 4483 vocabit
2745 4426 2857 4499 [AL
2891 4423 3133 4496 vocavit]
3162 4438 3356 4477 nomen
3400 4438 3602 4481 tneinn,

339 4521 475 4581 rint,
513 4518 636 4583 quia
688 4532 880 4571 manus
931 4517 1140 4572 Domini
1189 4518 1293 4572 ista
1329 4518 1540 4583 fecerit,
1584 4530 1640 4573 et
1687 4519 1922 4575 Sanctus
1962 4552 2003 4606 υ
2033 4537 2087 4579 et
2120 4525 2353 4578 adducet
2388 4522 2739 4591 magistratus
2768 4518 2922 4587 qttasi
2958 4519 3128 4572 lutum
3161 4533 3176 4570 :
3210 4526 3267 4571 et
3299 4514 3444 4569 velut
3470 4512 3602 4582 ligu-

337 4608 513 4663 lsracl
543 4609 815 4663 creaverit
861 4610 1134 4663 universa.
1185 4610 1482 4676 Accedant,
1535 4611 1729 4680 inquit,
1781 4613 1923 4667 idola

337 4714 554 4765 vestra,
586 4715 706 4767 qua:
741 4700 945 4769 putatis
976 4714 1097 4754 esse
1143 4700 1461 4756 fortissima.
1498 4700 1591 4756 Vel
1637 4704 1845 4769 an‘erte,
1878 4707 1922 4760 si

338 4791 479 4859 quid
514 4791 652 4846 forte
688 4791 903 4845 habetis
937 4793 991 4844 in
1019 4790 1213 4857 vobis;
1244 4801 1299 4845 et
1329 4801 1503 4845 vestra
1551 4796 1759 4861 aperite
1791 4812 1925 4850 cun-

336 4883 494 4944 silia,
545 4895 651 4950 qua
701 4883 935 4944 ratione,
979 4895 1090 4950 quo
1136 4895 1302 4935 sensu
1352 4881 1635 4937 nolueritis
1678 4895 1921 4953 apertam

336 4975 629 5039 suscipere
680 4974 987 5027 veritatem.
1040 4970 1320 5043 Simulque
1369 4974 1424 5028 lit
1475 4978 1805 5045 apostropha
1856 4983 1922 5031 ad

338 5068 462 5134 ipsa
509 5064 669 5130 idola,
714 5079 835 5134 quae
869 5063 1207 5119 insensibilia
1254 5076 1403 5130 sunt,
1432 5076 1486 5120 et
1519 5083 1617 5121 nec
1671 5070 1922 5123 audiendi

337 5174 447 5213 nec
469 5158 829 5231 respondendi
856 5156 1134 5225 possident
1156 5155 1487 5211 facultatem.
1513 5159 1704 5223 Dicite,
1725 5156 1925 5230 inquit,

312 5301 332 5378 ,ἓ
416 5315 435 5345 ⁸
476 5313 761 5379 Perperam
792 5326 947 5369 antea
974 5324 1094 5367 erat
1123 5319 1438 5373 Accendnnt.

416 5387 439 5417 ³
471 5384 529 5436 In
554 5385 712 5439 Ennii
750 5387 1063 5453 fragiuentis
1085 5402 1149 5440 ex
1172 5388 1290 5442 Vet.
1318 5386 1512 5438 Annal.
1544 5384 1735 5441 Cicero
1761 5389 1850 5443 lib.
1884 5406 1921 5444 tt

337 5455 408 5507 de
446 5453 691 5509 Divinat.
728 5474 746 5509 :
807 5474 825 5506 ι
868 5454 1083 5525 Utrum,
1130 5458 1323 5525 inqiiit,
1376 5470 1562 5507 eorum
1613 5460 1920 5524 accidisset,

336 5538 540 5578 verum
590 5526 873 5578 oraculum
923 5524 1131 5580 luisset.
1165 5524 1275 5581 Cur
1322 5533 1503 5578 autem
1556 5525 1658 5581 hoc
1704 5532 1918 5582 credam

335 5607 588 5661 unquam
636 5595 841 5647 editum
874 5593 1098 5648 Croeso?
1140 5607 1231 5651 aut
1261 5594 1590 5648 Herodotum
1638 5612 1735 5651 cur
1765 5613 1922 5651 vera-

332 5664 556 5735 ciorem
607 5664 798 5718 duram
851 5662 1060 5735 Ennio?
1102 5664 1240 5719 Num
1290 5664 1465 5735 minus
1514 5663 1603 5718 ille
1650 5669 1825 5735 potuit
1856 5667 1922 5723 de

334 5732 563 5790 Crasso,
595 5749 757 5800 quam
789 5735 854 5786 de
882 5732 1091 5802 Pyrrho
1121 5739 1319 5804 lingere
1352 5732 1558 5787 Ennius
1589 5751 1604 5788 :

512 5828 601 5873 Aio
629 5833 698 5886 te,
728 5824 939 5883 tiiacida,
965 5827 1204 5877 Romanos
1241 5825 1435 5875 vincere
1480 5826 1659 5881 posse?

2034 4617 2115 4671 lus
2146 4613 2476 4669 conculcans
2509 4610 2619 4683 [ΑΙ.
2666 4608 3030 4681 conculcavit]
3067 4612 3308 4662 lntnttttn.
3344 4605 3475 4670 Quis
3506 4619 3604 4656 an~

2034 4703 2307 4759 nuntiavit
2355 4704 2424 4758 ab
2464 4702 2712 4765 exordio,
2745 4712 2803 4755 ut
2836 4704 3073 4755 sciamus
3107 4719 3123 4756 :
3156 4710 3207 4753 et
3243 4714 3272 4750 a
3313 4696 3601 4764 principio,

2033 4806 2090 4849 ut
2120 4796 2372 4849 dicamus
2407 4813 2420 4849 :
2453 4793 2637 4855 Justus
2666 4809 2746 4847 es.
2786 4791 2905 4848 Non
2933 4807 3015 4847 est
3047 4806 3222 4860 neque
3253 4790 3599 4851 annuntians,

2033 4901 2209 4954 neque
2242 4885 2564 4955 praedicens,
2599 4901 2775 4954 neque
2807 4886 3033 4939 audiens
3062 4895 3342 4935 sermones
3374 4890 3599 4933 vestros.

2037 4982 2248 5036 l’rinius
2283 4984 2348 5033 ad
2383 4983 2510 5037 Sion
2563 4982 2701 5034 dicet
2735 4998 2748 5034 :
2799 4980 2933 5034 Ecce
2981 4979 3175 5031 adsunt
3210 4976 3250 5043 ³,
3284 4988 3337 5030 et
3387 4973 3606 5030 Jerusa«

2037 5073 2140 5125 Ιθιιι
2176 5073 2563 5139 evangelistam
2597 5073 2754 5125 dabo.
2789 5069 2851 5129 Et
2882 5070 3011 5135 vidi,
3041 5078 3091 5122 et
3137 5084 3244 5122 non
3279 5078 3398 5121 erat
3428 5083 3603 5137 neque

2034 5178 2100 5217 ex
2134 5163 2251 5217 iStis
2280 5164 2563 5233 quisquam
2595 5162 2685 5231 qui
2720 5163 2881 5216 iniret
2925 5159 3209 5214 consilium
3246 5178 3259 5213 :
3292 5171 3346 5214 et
3377 5162 3603 5213 intem»

2033 5315 2269 5369 Primum
2302 5315 2494 5369 batitte
2518 5314 2706 5383 Apollo
2754 5324 3031 5378 nunquam
3069 5314 3279 5369 lucutus
3306 5325 3407 5383 est,
3436 5324 3538 5369 etc.
3578 5332 3594 5361 ι

2029 5387 2097 5438 At
2147 5386 2321 5453 potuit
2371 5386 2575 5455 dixisse
2617 5384 2848 5455 GirtcceL
2873 5384 3048 5455 Νικᾷν
3098 5384 3148 5436 δ’
3177 5386 3426 5454 Αἰακιδη.
3467 5384 3604 5436 Ῥω-

2035 5451 2231 5523 pater);
2281 5457 2425 5522 φημι
2477 5454 2759 5506 δύνασθαι.
2820 5451 3003 5523 Ρονιιί
3042 5457 3273 5507 altctntn
3325 5451 3599 5507 oraculum

2031 5522 2111 5577 Sic
2141 5524 2202 5604 in.
2227 5540 2356 5576 mss.
2387 5524 2628 5589 eﬂ'ertur,
2670 5524 2876 5577 Croesus
2920 5522 3101 5593 Halyn
3135 5525 3392 5577 transiens
3421 5530 3602 5592 perdet

2032 5602 2336 5647 exercitum.

2105 5663 2125 5694 ³
2160 5661 2447 5729 Perperam
2498 5662 2768 5727 Martium,
2824 5661 2953 5716 Ecce
3001 5664 3228 5725 adsunt;
3268 5663 3362 5717 sed
3410 5671 3466 5714 et
3496 5661 3613 5716 alia

2035 5732 2342 5805 hujusntodi
2379 5734 2544 5787 multa
2579 5750 2742 5804 supra
2781 5744 2937 5805 atque
2969 5734 3105 5787 inl‘ra
3143 5734 3495 5802 castigamus.
