3952 6180
308 429 418 486 425

1461 433 1522 490 S.
1574 433 1884 492 EUSEBH
1944 437 2385 500 IIIERONYMI

3445 427 3550 510 436

305 543 461 599 gntus
495 535 842 603 responderet
874 537 1114 592 verbum.
1148 537 1284 593 Et’Ct‘
1319 539 1478 610 505
1518 555 1705 595 omn‘cs
1738 540 1879 613 inju—
1907 553 1952 609 Α
1986 560 2126 605 nam
2182 552 2505 620 pravitatis;
2536 562 2589 607 et
2624 553 2689 608 ad
2725 554 2998 624 principes
3039 570 3224 609 eorum
3274 555 3552 612 haresiar-

309 624 402 684 sti,
441 633 494 676 et.
527 641 663 679 vana
701 639 860 695 opera
897 643 1083 681 eoruut
1121 645 1134 682 :
1170 637 1357 683 ventus
1385 644 1438 684 ct
1483 633 1665 685 inania
1712 637 1881 689 simu-

311 715 454 768 lacra
489 731 697 771 eorum.
738 737 755 768 ι
805 719 940 772 LXX
980 737 993 773 :
1034 739 1050 771 ‹
1096 721 1204 787 Ego
1236 733 1414 773 autem
1461 726 1718 778 suscitavi
1757 743 1914 780 eum.

311 807 401 874 qui
432 807 499 860 ab
530 811 793 876 Aquilone
826 823 930 872 est,
964 823 1012 865 et
1045 814 1135 880 qui
1165 814 1376 868 abortu
1410 817 1581 870 solis:
1611 819 1883 871 vocabun-

313 908 400 950 tur
427 902 646 952 nomine,
682 915 802 954 meo
829 903 870 956 '.
906 903 1130 957 Veniant
1163 906 1440 974 principes
1468 917 1520 961 et
1549 909 1685 963 sicut
1713 909 1880 964 lntutn

313 991 453 1056 liguli
485 1010 499 1055 ;
538 1001 589 1044 et
624 993 758 1046 sicut
798 995 988 1063 figulus
1019 997 1344 1050 conculcans
1385 1000 1574 1065 lutmn,
1622 1004 1702 1055 sic
1750 1017 1881 1055 con-

306 1083 672 1136 ctilcabimini.
707 1085 840 1148 Quis
877 1087 1021 1137 enim
1055 1087 1398 1142 annuntiahit
1427 1089 1577 1143 vobis
1611 1106 1672 1143 ea
1709 1107 1825 1157 quae
1853 1107 1880 1146 a

309 1173 576 1240 principio
609 1185 758 1238 smn,
794 1186 848 1227 ut
889 1191 1282 1244 cognoscamus
1316 1193 1377 1232 ea
1422 1195 1540 1246 qua:
1571 1181 1622 1232 in
1658 1180 1837 1235 futuro
1867 1201 1879 1245 ;

309 1276 362 1320 et
399 1266 642 1320 dicemus
677 1269 800 1336 quia
859 1281 1042 1323 verum
1082 1271 1193 1332 sit;
1243 1288 1345 1324 non
1382 1283 1465 1327 est
1499 1275 1588 1342 qni
1628 1275 1884 1342 praedicet

313 1355 422 1424 [ΑΙ.
481 1357 798 1429 prmdicat],
847 1375 1022 1428 neque.
1073 1363 1169 1428 qui
1222 1365 1407 1417 audiat
1455 1368 1620 1420 verba
1681 1379 1881 1423 vestra.

315 1448 643 1513 I’tincipittm
683 1451 810 1503 Sion
841 1452 1016 1510 dabo;
1048 1464 1098 1504 et
1139 1452 1442 1509 Jerusalem
1476 1458 1801 1513 consolabor
1831 1460 1881 1512 in

310 1537 396 1590 via
427 1555 440 1600 ;
480 1555 601 1590 nam
637 1543 702 1593 de
732 1542 983 1608 gentibus
1028 1545 1203 1597 nullus
1235 1553 1336 1608 est,
1371 1553 1424 1600 et
1467 1548 1532 1602 de
1578 1549 1885 1605 simulacris

313 1629 553 1696 ipsormu
587 1646 690 1683 non
721 1643 838 1686 erat
868 1633 957 1701 qui
990 1636 1381 1702 annuntiaret;
1413 1647 1464 1692 et
1505 1639 1549 1692 si
1586 1640 1886 1710 interroga-

313 1735 444 1774 vero
475 1737 590 1779 eos.
625 1723 764 1776 ttllde
799 1724 950 1791 estis,
985 1741 1090 1778 non
1127 1729 1524 1796 respondebunt
1553 1731 1684 1784 mihi
1715 1749 1729 1797 ;
1758 1741 1886 1786 sunt

313 1811 456 1864 enim
491 1812 725 1867 factores
773 1817 972 1880 vestri,
1023 1827 1077 1869 et
1128 1816 1326 1871 frustra
1378 1821 1644 1875 seducunt
1693 1838 1806 1877 vos.
1859 1841 1878 1874 ›

1983 637 2137 703 chas,
2188 640 2355 707 quod,
2384 639 2600 695 Christo
2645 657 2828 710 pacem
2874 641 3130 698 Ecclesia;
3163 647 3468 708 nuntiante,
3499 657 3554 703 et

1985 739 2322 785 monstrante
2352 733 2431 786 eis
2463 734 2711 788 veritatis
2741 735 2906 798 viam,
2945 735 3044 804 ipsi
3077 746 3372 804 sequantur
3399 754 3554 792 erro-

1983 834 2138 885 rem;
2194 830 2246 872 et
2294 833 2454 877 vento
2503 839 2567 878 ac
2617 826 2814 880 turbini
2867 838 3272 895 comparentur.
3322 829 3550 896 Hebmi,

1985 912 2307 965 suscitatum
2341 914 2409 967 ab
2439 913 2740 985 Aquilone,
2792 925 2846 970 et
2894 918 3078 972 venire
3121 923 3190 972 ab
3232 930 3352 972 ortu
3390 919 3552 979 solis.

1985 1001 2266 1071 Assyrium
2322 1005 2745 1075 interpretantur
2792 1017 2845 1062 et
2895 1008 3136 1072 Persam,
3171 1010 3260 1079 qui
3307 1012 3555 1064 venerint

1984 1091 2320 1158 Jerusalem,
2356 1106 2408 1149 et
2455 1112 2643 1152 omnes
2683 1098 2952 1168 principes
3004 1101 3150 1155 illius
3199 1102 3566 1156 conculcavc-'

1987 1184 2126 1248 rint;
2160 1184 2475 1254 nullumque
2521 1188 2789 1242 idolorum
2825 1203 2945 1258 quae
2974 1191 3246 1255 colebant,
3285 1192 3387 1246 hoc
3421 1194 3561 1246 scie-

1987 1277 2057 1329 rit.
2101 1291 2220 1330 esse
2267 1290 2579 1344 venturum,
2625 1282 2726 1336 nisi
2777 1283 2924 1337 solus
2958 1275 3236 1349 Dominus,
3282 1285 3374 1354 qui
3416 1285 3561 1339 ultus

1985 1378 2066 1421 est
2096 1383 2189 1422 eos
2223 1383 2318 1436 pro
2349 1371 2584 1438 peccatis
2615 1374 2749 1427 suis.

2059 1459 2210 1528 (Cap.
2250 1459 2673 1516 XLIl.—Vers.
2707 1462 2727 1515 l
2764 1463 2905 1534 seq.)
2941 1482 2960 1516 ι
2992 1462 3131 1518 Ecce
3166 1479 3354 1519 servus
3383 1481 3560 1530 meus,

1986 1549 2273 1618 suscipiam
2331 1566 2452 1604 eum
2495 1552 2743 1617 ;electns
2795 1569 2966 1616 meus,
3017 1555 3344 1624 complacuit
3372 1557 3476 1610 sibi
3509 1558 3562 1609 in

1985 1640 2079 1716 illo
2127 1641 2304 1693 anima
2361 1657 2496 1697 mea.
2543 1643 2671 1696 Dedi
2705 1645 2954 1709 spiritqu
2993 1660 3169 1698 meum
3218 1661 3380 1715 super
3411 1661 3562 1708 eum,

1982 1730 2245 1799 judicium
2297 1733 2551 1801 gentibus
2609 1733 2873 1803 proferet.
2911 1735 3030 1790 Non
3066 1735 3346 1800 clamabit,
3388 1753 3566 1806 neque

1989 1821 2217 1888 accipiet
2264 1838 2573 1888 personam,
2640 1840 2743 1879 uec
2802 1827 3050 1881 audietur
3089 1825 3220 1880 loris
3267 1842 3367 1880 vox
3419 1829 3564 1894 ejus.

315 1904 506 1957 Adhuc
556 1915 741 1957 contra
780 1905 922 1959 idola
977 1908 1233 1974 l0qnitur,
1273 1919 1324 1962 et
1365 1926 1459 1964 eos
1492 1915 1582 1981 qui
1637 1923 1756 1982 post
1790 1917 1884 1966 ad-
1917 1889 1961 1948 Β
1989 1910 2267 1964 Calamum
2299 1925 2614 1982 quassatum
2649 1931 2754 1968 non
2791 1925 3055 1980 conteret,
3085 1924 3139 1969 et
3187 1917 3359 1971 linum
3399 1916 3568 1969 furni-

318 2003 541 2050 veutum
589 1997 815 2061 Christi,
850 2014 912 2051 ea
961 2001 1263 2068 relinquere
1313 2003 1621 2057 noluerunt.
1668 2005 1885 2077 Illisque

320 2091 765 2155 permanentibus
815 2093 866 2142 in
900 2105 1112 2154 errore,
1144 2093 1262 2160 ipse
1310 2095 1378 2147 ab
1405 2096 1669 2164 Aquilone
1712 2101 1885 2152 susci-

319 2188 466 2232 tasse
494 2195 551 2233 se
580 2180 709 2233 dicit
741 2181 987 2249 populum
1018 2182 1320 2238 nationum.
1351 2186 1431 2237 Ab
1457 2188 1716 2254 Aquilone
1741 2189 1884 2242 enim

319 2273 678 2324 exardeSreut
725 2275 860 2323 mala
913 2287 1078 2342 super
1110 2289 1297 2328 oumes
1345 2275 1673 2332 habitatores
1707 2288 1882 2332 teme.

321 2361 386 2412 Et
433 2364 497 2413 ad
543 2361 836 2417 Jcremiam
885 2363 1080 2415 dicitur
1112 2381 1124 2418 :
1162 2363 1300 2429 Quid
1330 2375 1384 2418 tu
1421 2367 1582 2429 vides,
1613 2365 1889 2423 Ieremia?

319 2453 386 2508 Et
419 2455 508 2506 illc
544 2457 817 2516 respondit
845 2471 861 2520 ;
893 2455 1062 2510 Ollam
1097 2473 1403 2511 succensum
1431 2473 1448 2510 :
1474 2469 1522 2511 et
1553 2461 1740 2528 faciem
1774 2463 1888 2530 ejus

320 2564 352 2599 a
401 2546 534 2614 facie
563 2545 832 2613 Aquilonis
869 2546 1086 2615 (Jerem.
1120 2564 1160 2612 ι,
1191 2550 1300 2618 15).
1336 2549 1679 2604 Suscitantur
1707 2562 1886 2606 autem

319 2640 388 2692 ab
416 2639 702 2708 Aquilone,
735 2651 789 2692 ut
831 2641 1057 2694 credant
1089 2640 1138 2692 iu
1168 2655 1288 2693 cum
1321 2641 1408 2709 qui
1439 2643 1645 2695 venerit
1673 2642 1740 2695 ab
1766 2654 1888 2696 orttt

321 2731 476 2784 solis.
519 2732 592 2784 De
642 2745 748 2799 quo
797 2747 959 2799 supra
1013 2731 1278 2800 legimus:
1329 2731 1461 2797 Quis
1511 2733 1780 2786 suscitavit
1827 2734 1890 2786 ab

323 2822 538 2876 Oriente
565 2823 794 2890 justum,
821 2827 933 2877 sive
959 2824 1357 2892 justitiam?Et
1388 2827 1439 2877 in
1467 2826 1570 2877 alio
1591 2826 1738 2880 loco:
1761 2823 1894 2880 Ecce

320 2915 399 2967 rir
432 2913 616 2967 Oriens
667 2929 852 2967 nomen
900 2915 1012 2983 ejus
1059 2913 1245 2985 (Zach.
1278 2931 1354 2979 vr,
1392 2915 1504 2982 12).
1538 2916 1642 2981 Qui
1677 2917 1894 2971 vocabit

325 3006 433 3074 [AL
473 3003 708 3074 vocavnt]
739 3019 831 3058 eos
862 3007 1083 3059 nomine
1112 3020 1251 3066 meo,
1283 3014 1338 3058 ut
1367 3006 1642 3060 derelictis
1670 3007 1895 3061 simula-

324 3097 456 3158 eris,
510 3110 674 3148 unum
720 3095 899 3149 colant
947 3095 1137 3149 Deum.
1190 3095 1308 3164 Ipse
1357 3098 1500 3150 enlm
1556 3087 1794 3167 loquitur
1838 3097 1892 3152 iu

324 3185 653 3256 Evangelia:
691 3185 801 3258 Ego
832 3187 946 3239 veni
973 3187 1027 3240 in
1061 3189 1263 3241 nomine
1310 3187 1488 3243 Patris
1533 3193 1654 3252 mei,
1699 3199 1745 3242 et
1792 3205 1894 3246 non

324 3275 625 3350 suscepistis
667 3297 747 3334 me
773 3295 792 3333 :
821 3278 962 3333 alius
993 3282 1157 3333 veniet
1203 3281 1257 3332 in
1300 3282 1507 3334 nomine
1551 3297 1664 3348 suo,
1699 3291 1747 3336 et
1777 3297 1894 3335 sus-

325 3373 525 3440 cipietis
572 3386 686 3425 eum
721 3371 902 3440 (Joan.
931 3389 982 3432 ν.
1015 3370 1127 3439 45).
1177 3369 1298 3440 Ipse
1339 3371 1606 3439 principes
1639 3379 1692 3424 et
1727 3372 1895 3442 magi-

329 3472 554 3524 stratus,
581 3473 636 3516 et
677 3477 889 3516 onmem
940 3462 1123 3515 mundi
1172 3462 1479 3531 superbiam
1528 3462 1892 3521 conculcabit.

327 3563 382 3608 et
427 3553 787 3621 subjicieutur
837 3555 882 3608 ei
933 3553 1085 3622 quasi
1124 3553 1293 3607 lutum
1334 3553 1511 3622 ﬁgulo.
1547 3565 1604 3606 ut
1643 3553 1802 3607 faciat
1829 3569 1894 3607 ex

327 3645 408 3698 eis
435 3645 580 3700 aliud
623 3660 720 3700 vas
763 3646 816 3699 in
869 3647 1164 3709 honorem,
1216 3644 1358 3698 aliud
1410 3645 1463 3699 in
1512 3643 1894 3698 contumeliam

329 3734 500 3806 (Rom.
536 3734 635 3806 ιι).
672 3735 793 3790 ΙΙωο
819 3751 937 3804 qum
976 3751 1072 3806 ego
1097 3735 1250 3804 juxta
1280 3735 1726 3790 consuetudinem
1772 3747 1894 3802 pro-

330 3830 596 3898 phetalem
626 3829 821 3885 fecisse
853 3845 936 3884 me
968 3832 1109 3896 uico,
1139 3831 1296 3900 quasi
1321 3831 1432 3900 jam
1469 3828 1737 3899 praeterita
1766 3830 1896 3890 sint,

333 3923 417 3976 vel
463 3924 618 3992 juxta
677 3923 1097 3994 Symumchum,
1148 3926 1331 3992 futura
1383 3922 1674 3994 polliceor,
1723 3918 1900 3973 nullus

330 4017 633 4069 deumnon»
661 4027 712 4069 et
744 4015 1008 4068 idolorum
1047 4026 1225 4085 potest
1255 4014 1570 4084 praedicere.
1599 4012 1756 4070 Unde
1779 4025 1902 4064 ora-

331 4108 452 4162 cula
485 4119 677 4162 cuiu-ta
729 4117 1036 4168 tacuerunt.
1088 4108 1208 4177 quia
1249 4123 1404 4161 nemo
1438 4117 1521 4160 est
1550 4106 1640 4175 qui
1689 4119 1904 4156 annun-

335 4200 453 4260 tiet,
483 4214 643 4252 nemo
677 4200 768 4268 qui
803 4200 1005 4262 audiat,
1040 4202 1164 4252 dum
1199 4199 1356 4252 bruta
1392 4197 1538 4263 prius
1565 4196 1728 4250 corda
1772 4209 1904 4263 gen-

336 4294 506 4348 tilium
554 4295 937 4348 intellexernnt
971 4309 1211 4348 errarem
1245 4308 1424 4352 suum.
1465 4301 1517 4344 et
1551 4291 1683 4344 falsa
1719 4288 1905 4343 vatici-

339 4386 422 4438 nia
459 4385 815 4453 reliquerunt.
851 4387 1174 4454 Primusque
1204 4387 1226 4416 ’
1263 4385 1520 4437 Dominus
1555 4384 1806 4452 loquetur
1837 4383 1902 4438 ad

335 4479 486 4545 Sion,
523 4477 572 4531 id
618 4489 698 4530 est
732 4479 795 4530 ad
829 4476 1122 4532 Ecclesium
1155 4491 1331 4544 sit-ant,
1364 4487 1418 4530 et
1446 4476 1588 4530 dicet
1630 4479 1678 4530 ei
1710 4492 1725 4532 :
1764 4475 1906 4529 Ecce

1985 2018 2120 2068 gans
2155 2019 2261 2057 non
2306 2005 2617 2074 etstiuguet
2651 2022 2667 2061 :
2698 2006 2751 2061 in
2777 2007 3008 2061 veritate
3041 2007 3236 2061 educet
3273 2008 3566 2077 judicium.

1985 2091 2099 2147 Non
2154 2094 2262 2148 erit
2326 2094 2498 2150 tristis
2546 2111 2720 2166 neque
2770 2097 3136 2162 turbulentus,
3171 2099 3344 2153 donec
3399 2110 3569 2168 ponat

1989 2179 2043 2236 in
2093 2193 2237 2237 terra
2283 2183 2572 2254 judicium,
2597 2195 2650 2239 et
2677 2186 2846 2255 legem
2895 2187 3014 2257 ejus
3059 2190 3250 2245 insulte
3281 2199 3570 2260 exspecta-

1989 2271 2140 2326 bunt.
2172 2290 2190 2322 ι
2225 2272 2366 2328 LXX
2397 2291 2410 2326 :
2441 2293 2459 2325 ‹
2494 2274 2657 2330 Jacob
2689 2290 2820 2345 puer
2848 2277 3058 2341 meus',
3092 2293 3363 2332 assumam
3395 2294 3521 2332 eum
3550 2297 3567 2334 :

1995 2362 2164 2417 Israel
2191 2363 2397 2418 electus
2433 2379 2603 2428 meus,
2633 2367 2869 2436 suscepit
2903 2382 3025 2420 eum
3054 2369 3235 2421 anima
3260 2384 3403 2423 mea.
3433 2364 3570 2422 Dedi

1990 2455 2236 2526 spiritum
2274 2471 2454 2510 meum
2485 2472 2648 2526 super
2675 2473 2821 2522 eum,
2849 2458 3112 2530 judicium
3148 2460 3400 2527 gentibus
3433 2463 3573 2516 edu-

1992 2555 2118 2608 cet:
2153 2561 2257 2599 non
2313 2546 2587 2612 clamabit,
2640 2563 2813 2616 neque
2873 2548 3132 2614 dimittet,
3163 2565 3262 2604 nec
3316 2554 3574 2604 audietur

1994 2636 2125 2690 loris
2153 2653 2252 2691 vox
2286 2637 2426 2707 ejus.
2459 2637 2746 2693 Calamqu
2780 2638 3016 2693 fractum
3066 2655 3171 2694 non
3203 2651 3474 2706 conteret,
3517 2655 3577 2694 et

1993 2726 2167 2781 linum
2193 2727 2464 2796 l'umigans
2489 2744 2592 2782 non
2622 2731 2952 2800 exstinguet,
2981 2733 3074 2786 sed
3103 2734 3155 2785 in
3185 2734 3414 2789 veritate
3440 2736 3579 2789 edu-

1992 2829 2076 2872 cet
2101 2816 2364 2886 judicium
2393 2837 2407 2873 :
2444 2819 2766 2888 splendebit,
2799 2831 2854 2875 et
2882 2838 2986 2876 non
3028 2834 3358 2887 conteretur,
3397 2825 3578 2880 donec

1997 2919 2160 2977 ponat
2219 2923 2382 2977 super
2441 2919 2638 2963 terram
2690 2912 3054 2982 judicium,et
3115 2915 3164 2967 in
3212 2916 3430 2968 nomine
3455 2916 3577 2982 ejus

1996 3011 2182 3071 gentes
2214 3003 2526 3070 sperabunt.
2569 3021 2588 3055 ι
2627 3002 2794 3057 Jacoh
2827 3013 2882 3058 et
2926 3005 3088 3059 Israel
3118 3006 3168 3058 in
3201 3007 3452 3073 pricsenti
3483 3022 3580 3060 ca-

1997 3091 2167 3161 pitulo
2191 3107 2295 3145 non
2329 3091 2622 3156 habentur,
2643 3093 2786 3158 qttod
2810 3109 2909 3147 nec
2930 3094 3212 3148 illattbazus
3243 3095 3578 3165 evangelista

1998 3182 2203 3252 posuit,
2233 3190 2455 3237 secutus
2501 3182 2822 3238 Hebraicam
2855 3185 3166 3238 veritatem.
3198 3183 3308 3238 Iioc
3342 3186 3580 3238 dicimus

1998 3274 2051 3328 in
2090 3274 2517 3344 suggillationem
2561 3291 2748 3330 eorum
2811 3277 2902 3344 qui
2969 3287 3152 3330 nostra
3196 3286 3578 3329 contenmunt.

1998 3363 2072 3420 De
2132 3383 2242 3436 quo
2295 3370 2503 3437 plenius
2533 3369 2585 3421 in
2629 3367 2863 3421 Matthaai
2898 3368 3397 3434 Commentariolis,
3418 3377 3472 3422 et
3524 3369 3580 3422 in

1997 3458 2136 3514 libro
2187 3475 2345 3529 quem
2401 3461 2470 3513 ad
2500 3460 2774 3530 Algasiam
2831 3476 3006 3528 nuper
3041 3461 3359 3530 scripsimus
3380 3460 3422 3525 ‘,
3461 3461 3584 3514 dis-

1998 3560 2241 3620 putatum
2293 3562 2396 3606 est.
2437 3552 2501 3605 Et
2562 3554 2779 3606 interim
2837 3552 3153 3618 notandum,
3186 3554 3326 3621 quod
3378 3553 3468 3606 ubi
3509 3551 3584 3606 de

1999 3649 2371 3711 apostolorum
2426 3643 2688 3697 scribitur
2720 3646 2909 3705 choro,
2943 3653 2999 3697 et
3029 3642 3194 3697 Jacol:
3223 3652 3275 3697 et
3304 3643 3493 3706 Israel,
3526 3652 3584 3697 et

2000 3751 2185 3790 semen
2246 3733 2404 3805 507
2458 3736 2800 3804 appellantur
2827 3737 3098 3790 Abraham
3128 3751 3145 3793 :
3175 3739 3371 3806 quibus
3419 3738 3584 3804 quasi

2001 3829 2310 3882 lmmiuibus
2367 3843 2432 3882 ac
2489 3829 2661 3882 servis
2718 3836 3118 3896 consequenter
3175 3829 3394 3891 dicitur,
3445 3826 3586 3917 Noli

2003 3926 2221 3986 timere,
2263 3923 2451 3976 vermis
2495 3920 2682 3983 Jacob,
2715 3935 2767 3976 et
2820 3922 3072 3991 parvulus
3131 3939 3347 3977 numero
3379 3923 3583 3978 Israel.

2011 4014 2110 4072 Ubi
2140 4029 2316 4070 autem
2355 4016 2422 4070 de
2454 4017 2672 4072 Christo
2701 4027 2786 4070 est
2807 4017 3146 4080 vaticinium,
3178 4017 3383 4085 absque
3413 4014 3586 4069 Jacob

2003 4118 2059 4162 et
2091 4107 2251 4162 Israel
2277 4109 2491 4176 legitur,
2527 4108 2663 4163 Ecce
2691 4126 2868 4163 servus
2903 4125 3070 4174 meus,
3105 4111 3388 4176 suscipiam
3426 4124 3584 4172 eum;

2005 4199 2199 4252 electus
2237 4216 2403 4263 meus,
2435 4200 2753 4268 complacuit
2788 4200 2890 4252 sibi
2927 4201 2978 4253 in
3003 4201 3095 4253 illo
3135 4201 3316 4253 anima
3346 4215 3485 4253 mea.
3520 4200 3590 4252 Et

2007 4290 2060 4342 iu
2099 4292 2554 4360 consequentibus
2583 4309 2595 4345 :
2632 4289 2767 4345 Dedi
2795 4304 2842 4346 te
2872 4293 2926 4345 in
2958 4301 3326 4346 testamentum
3357 4292 3586 4362 generis,

2007 4382 2062 4434 in
2085 4381 2252 4436 lucem
2278 4385 2553 4436 nationum
2588 4399 2606 4436 :
2646 4385 2850 4446 aperire
2872 4385 3050 4437 oculos
3081 4399 3361 4446 cwcorum,
3385 4397 3431 4438 et
3458 4386 3592 4437 eduo

2009 4489 2122 4528 cere
2150 4473 2214 4526 de
2245 4472 2464 4527 vinculis
2491 4473 2765 4544 alligatos,
2793 4483 2842 4527 et
2866 4474 2928 4528 de
2955 4479 3112 4528 domo
3157 4476 3385 4528 carceris
3435 4476 3592 4528 habi-

333 4574 531 4627 adsunt
566 4571 658 4625 lilii
706 4571 804 4636 tui,
841 4585 977 4636 quos
1009 4569 1101 4621 tibi
1135 4582 1227 4637 per
1270 4581 1442 4620 meam
1491 4567 1686 4621 donavi
1723 4565 1900 4620 iidem.
1933 4563 1984 4623 D
2013 4574 2184 4618 tantes
2221 4565 2274 4620 in
2321 4564 2564 4618 tenebris.
2611 4563 2721 4619 Nec
2776 4569 2968 4618 mirmn
3028 4567 3072 4619 si
3126 4581 3314 4620 servus
3339 4578 3590 4633 vocetur,

335 4665 616 4736 Signiﬁcat
651 4672 829 4717 autem
878 4661 1169 4730 aposmlos,
1205 4662 1293 4730 qui
1330 4661 1381 4712 in
1427 4668 1540 4715 leto
1569 4657 1700 4714 orbe
1729 4659 1899 4713 Evan-

334 4759 526 4825 gelium
555 4753 717 4826 506
747 4755 1130 4823 prtcdicarunt.
1168 4752 1294 4807 Sion
1328 4762 1383 4807 et
1406 4752 1705 4807 Jerusalem
1737 4751 1905 4803 nomi-

335 4849 493 4901 nibus
527 4846 815 4912 diﬂ'ernut;
849 4853 1100 4901 Caeterum
1142 4857 1199 4898 ut
1246 4862 1350 4899 una
1386 4845 1534 4908 urbs,
1571 4845 1650 4897 sic
1699 4851 1754 4897 et
1802 4857 1904 4896 una

336 4939 576 4994 Eu-t-lesia
627 4949 731 4995 est.
783 4938 986 4994 Omnes
1040 4937 1203 5006 igitur
1243 4946 1447 5004 gentes,
1482 4951 1602 5004 qua:
1644 4934 1904 4989 idolurmu

337 5043 636 5100 sequuntur
665 5047 929 5095 errorem,
983 5031 1384 5099 interrogentur
1428 5043 1455 5082 a
1511 5027 1685 5087 nobis,
1719 5035 1777 5078 ut
1823 5039 1909 5077 re-

338 5127 643 5192 spondeant
698 5126 840 5177 unde
901 5124 1029 5176 sint.
1085 5121 1153 5176 Et
1206 5124 1317 5175 haec
1369 5120 1473 5174 erit
1529 5119 1907 5172 universarum

341 5217 638 5282 responsio,
665 5213 806 5281 quod
840 5227 1028 5267 omnes
1054 5212 1348 5264 vanitatem
1377 5218 1676 5276 sequantur
1704 5215 1759 5260 et
1787 5221 1913 5258 ven-

341 5317 449 5372 tos,
487 5315 541 5358 ct
579 5306 804 5359 adorent
838 5319 1000 5373 Opera
1043 5317 1298 5356 manuum
1343 5313 1588 5353 suarum.
1639 5297 1912 5364 Quidquid

342 5399 408 5454 de
440 5398 599 5453 idolis
644 5406 697 5450 et
748 5398 999 5467 gentibus
1047 5397 1300 5458 diximus,
1345 5393 1642 5448 referamus
1693 5390 1761 5444 ad
1785 5391 1916 5456 dog-

419 5576 440 5609 ⁸
476 5574 567 5630 Sic
596 5575 796 5630 habent
840 5570 1178 5625 Ambrosiani
1221 5569 1434 5624 codices
1477 5567 1626 5637 juxta
1672 5564 1916 5618 Graecum

345 5645 713 5716 κληθήσονται
743 5642 820 5713 τῷ
848 5642 1074 5711 ὀνόματί
1123 5657 1248 5708 μου.
1286 5644 1454 5692 Antea
1490 5646 1628 5700 erat,
1662 5644 1920 5689 vocantur

346 5717 558 5772 nonzine
600 5732 732 5768 meo.
925 5725 932 5730 ’
1267 5751 1273 5758 -

417 5790 438 5819 ³
473 5785 723 5850 Legimus
752 5801 873 5838 cum
910 5780 1144 5836 \‘ictorio
1174 5780 1476 5848 primusque
1511 5791 1528 5828 :
1560 5790 1657 5846 pro
1691 5789 1797 5843 quo
1827 5789 1922 5826 an-

345 5866 431 5914 lca
465 5864 577 5910 erat
608 5855 936 5924 priusquam.

2004 4662 2181 4716 iactus
2209 4669 2274 4708 ex
2295 4655 2537 4716 muliere,
2556 4655 2836 4722 laetusque
2865 4653 2967 4709 sub
2996 4653 3110 4722 lege
3139 4654 3343 4725 (Colat.
3362 4657 3435 4724 tv)
3459 4671 3475 4721 ;
3497 4659 3589 4724 qui

2005 4764 2121 4801 cum
2168 4749 2220 4800 in
2255 4748 2430 4817 forma
2481 4748 2576 4802 Dei
2604 4757 2756 4810 esset,
2781 4747 3075 4801 Itumiliavit
3102 4763 3177 4813 se,
3197 4747 3427 4815 formam
3454 4750 3594 4800 servi

2006 4840 2349 4907 accipiens,et
2368 4841 2547 4891 liabilu
2579 4841 2811 4891 iuventus
2829 4851 2882 4891 ut
2909 4839 3060 4891 homo
3085 4838 3416 4909 (Rhilippm,
3447 4841 3592 4906 6-8).

2010 4930 2066 4983 In
2098 4944 2208 4998 quo
2259 4929 2594 4995 complacuit
2624 4929 2725 4982 sibi
2760 4931 2938 4981 anima
2980 4931 3097 4994 Dei,
3143 4946 3374 4984 cernens
3409 4933 3461 4982 iu
3502 4933 3594 4983 illo

2013 5036 2201 5076 Omnes
2243 5036 2366 5074 esse
2396 5023 2625 5072 virtutes
2659 5038 2671 5072 :
2711 5020 2820 5074 imo
2848 5022 3021 5090 ipsum
3056 5036 3175 5074 esse
3201 5021 3295 5074 Dei
3334 5022 3590 5074 virtutem

2017 5122 2180 5181 atque
2222 5111 2566 5181 sapientiam.
2617 5109 2768 5176 Dedi,
2801 5113 2995 5180 inquit,
3029 5113 3270 5179 spiritum
3303 5128 3470 5164 meum
3506 5130 3599 5163 su-

2021 5221 2111 5272 per
2132 5219 2286 5258 eum:
2315 5203 2404 5272 qui
2435 5203 2713 5258 descendit
2740 5207 2790 5256 in
2817 5205 2996 5270 specie
3020 5205 3297 5256 eoluniltw.
3320 5201 3594 5253 Judicimn

2022 5295 2260 5366 gentibus
2295 5294 2547 5363 proferet,
2586 5297 2725 5361 quod
2760 5307 2914 5346 antea
2948 5292 3285 5346 nesciebant.
3318 5288 3442 5343 Non
3483 5291 3598 5341 clu-

2020 5387 2181 5440 mabit
2233 5402 2251 5449 .f
2287 5389 2390 5442 erit
2429 5387 2572 5440 enim
2623 5387 2767 5438 mitis
2804 5397 2968 5451 atque
3017 5395 3363 5446 mansuetus;
3392 5392 3440 5434 et
3490 5398 3595 5433 mm

2094 5566 2114 5597 ³
2153 5562 2450 5632 l'raqtosuit
2473 5560 2721 5614 Martiau.
2757 5575 2891 5622 ecce,
2917 5557 3059 5627 quod
3106 5570 3277 5625 neque
3308 5554 3358 5608 iu
3394 5549 3598 5607 nostris

2026 5653 2158 5692 mss.
2185 5646 2288 5700 est,
2330 5649 2501 5699 neque
2531 5635 2580 5684 in
2623 5632 2808 5685 Graeco
2846 5641 3014 5688 texui.

2104 5706 2123 5735 ⁵
2168 5695 2489 5771 Εμίἐιυιίίὶιι
2526 5711 2705 5773 nostra
2734 5701 3046 5752 recensione
3076 5695 3200 5773 liii,
3226 5697 3596 5753 circaannum

2023 5778 2144 5831 data
2169 5772 2756 5844 quadringentesiumm
2790 5778 3019 5826 sextum.
