3952 6180
423 350 527 409 4229

1615 367 1672 427 S.
1707 367 2020 426 EUSEBH
2063 369 2506 432 ΙΙΙΕΗΟΝΥΜΙ

3556 378 3650 443 UO

426 465 564 532 quod
602 467 644 518 si
680 469 925 532 dixisset,
952 472 1266 528 exclusisset
1288 485 1338 527 et
1368 475 1555 529 Filium
1581 496 1594 541 ;
1622 480 1737 543 sr-d,
1771 481 1990 548 gloriam

2097 495 2221 538 sunt
2258 497 2598 552 retrorsum;
2655 487 3062 543 confundamini
3115 487 3270 558 511
3322 489 3649 557 confusione,

425 572 590 607 meum
630 560 790 611 alteri
820 577 918 612 non
947 564 1102 623 dabo,
1140 573 1329 632 prmter
1355 579 1425 628 te,
1455 568 1539 618 cui
1572 569 1714 630 dctli',
1755 571 1840 622 cui
1890 571 1986 623 (la-

425 655 582 700 turus
618 663 757 702 sum.
796 649 944 704 Unde
996 655 1385 721 proprietatem
1436 670 1636 712 sancta:
1695 660 1989 727 Scripturte

424 739 777 792 vehementer
837 743 1099 816 admiror,
1165 748 1306 813 quod
1353 749 1573 800 verbum
1632 766 1767 804 Αιιιςιι
1825 753 1988 820 (una)

424 841 614 881 omnes
647 830 972 898 Interpretes
1008 849 1136 885 voce
1169 850 1408 890 consona
1452 840 1872 903 transtulerunt,
1904 843 1988 892 al-

426 927 617 982 terum,
654 923 746 988 qui
783 923 833 974 in
868 923 1048 978 multis
1075 924 1195 978 aliis
1225 927 1366 978 soliti
1392 940 1517 979 sunt
1551 929 1879 996 discrepare.
1919 929 1990 984 Ut

424 1027 605 1064 autem
643 1012 881 1066 sciamus
945 1030 1041 1083 per
1081 1017 1220 1070 hanc
1270 1020 1592 1070 senlentiam
1630 1037 1732 1071 nun
1776 1020 1985 1073 excludi

422 1098 638 1166 Filium,
670 1105 760 1156 sed
810 1104 975 1166 idola,
1027 1108 1306 1172 sequentia
1340 1109 1501 1160 verba
1541 1118 1811 1162 lt‘Slaztllll‘
1844 1129 1857 1163 :
1923 1111 1988 1163 Et

424 1192 630 1246 laudem
661 1211 828 1247 meam
853 1198 1205 1266 sculptilibas.
1241 1199 1343 1251 Pro
1372 1214 1480 1266 quo
1524 1197 1660 1251 LXX
1694 1217 1708 1252 :
1770 1217 1860 1252 nec
1891 1203 1992 1254 vir-

423 1291 558 1336 tutes
617 1301 758 1338 mem
810 1286 973 1355 510
1019 1289 1337 1342 sinmlacris.
1378 1289 1512 1342 Cum
1552 1292 1695 1343 enim
1736 1292 1989 1346 Christus

423 1374 518 1426 Dei
550 1375 722 1430 tirtus
753 1379 844 1440 sit,
881 1378 1081 1446 Deique
1132 1381 1418 1447 sapientia.
1457 1397 1648 1436 omnes
1701 1384 1751 1436 in
1793 1399 1851 1437 se
1881 1387 1991 1436 vir-

426 1475 569 1520 tutes
593 1470 833 1521 continet
870 1469 1064 1524 Patris.
1108 1469 1380 1538 Sequitur,
1411 1473 1538 1537 Qua?
1561 1476 1730 1540 prima
1752 1479 1987 1539 luerunt,

422 1573 540 1610 ecce
595 1573 862 1612 venerant.
907 1560 970 1615 Et
1006 1571 1090 1614 est
1126 1578 1348 1617 sensus;
1391 1564 1518 1629 Quae
1566 1565 1778 1618 loeutus
1844 1581 1988 1628 sum,

423 1665 544 1716 quae
600 1667 696 1718 per
771 1651 986 1721 Moysen
1052 1655 1446 1724 prophetasque
1505 1656 1777 1724 pollicitus
1826 1671 1989 1718 sum,

425 1741 681 1795 universa
704 1744 965 1813 completa
1003 1757 1146 1799 sunt.
1171 1745 1319 1800 Nunc
1343 1757 1522 1801 autem
1550 1750 1815 1803 annuntio
1842 1750 1991 1803 vobis

421 1830 793 1902 Erangelium,
824 1837 1160 1890 vocationem
1211 1841 1474 1906 gentium,
1498 1841 1802 1909 passionem
1834 1842 1986 1896 Chri-

422 1928 515 1990 sti,
538 1928 827 1980 novitatem
863 1930 980 1982 fidei
1012 1946 1026 1995 ;
1064 1941 1120 1981 ut
1150 1933 1414 1999 quoniodu
1442 1935 1621 2002 priora
1659 1935 1878 1989 cernitis
1905 1951 1992 1989 re»

422 2019 525 2074 bas
562 2023 794 2088 expleta,
827 2022 905 2075 sic
930 2033 985 2076 et
1023 2039 1081 2074 ca
1111 2039 1230 2090 qua:
1265 2039 1409 2078 nunc
1444 2026 1718 2094 polliceor,
1754 2027 1992 2081 credatis

419 2125 540 2163 esse
580 2123 828 2165 ventura.

493 2199 672 2270 (Vers.
702 2202 788 2266 10,
821 2205 875 2257 il
917 2210 1058 2275 seq.)
1090 2224 1108 2254 ι
1145 2204 1336 2259 Canite
1360 2203 1466 2260 Deo
1495 2205 1514 2278 [
1545 2207 1696 2277 Vulg.
1737 2207 1988 2279 Domino]

422 2295 694 2347 canticum
731 2311 926 2349 novum
953 2313 968 2364 ;
1002 2297 1113 2351 laus
1150 2297 1267 2366 ejus
1295 2300 1362 2351 ab
1393 2300 1652 2354 extremis
1684 2309 1869 2365 terrae;
1901 2300 1989 2368 qui

421 2387 753 2440 descenditis
793 2389 845 2440 in
877 2404 1050 2454 mare,
1083 2400 1135 2442 et
1184 2391 1465 2457 plenitudo
1495 2390 1646 2458 ejus;
1701 2393 1890 2446 insulae
1938 2402 1990 2444 et

420 2477 759 2533 habitatores
784 2494 994 2532 earum.
1055 2481 1217 2534 Levet
1271 2479 1457 2552 [Vulg].
1495 2480 1828 2553 sublevetur]
1891 2481 1988 2536 de-

419 2581 625 2624 sertum
659 2579 713 2625 et
741 2570 988 2626 civitates
1029 2573 1183 2639 ejus:
1215 2574 1267 2626 in
1309 2575 1558 2628 dentibus
1601 2575 1866 2629 habitabit
1889 2576 1991 2629 Ce-

422 2666 542 2727 dar,
568 2661 780 2716 laudate
818 2664 1155 2720 habitatores
1181 2665 1371 2730 Petrae,
1402 2667 1470 2720 de
1501 2669 1703 2722 vertice
1729 2670 1988 2722 mentium

421 2755 751 2809 clamabunt.
779 2755 986 2811 Penent
1011 2755 1238 2810 Domino
1258 2758 1505 2828 gloriam,
1531 2769 1585 2812 et
1615 2758 1826 2813 laudent
1876 2759 1990 2828 ejus

425 2849 485 2900 in
515 2848 708 2902 insulis
737 2851 1081 2905 nuntiabunt.
1123 2851 1382 2905 Dominus
1409 2853 1544 2907 sicut
1567 2852 1722 2906 fortis
1745 2851 1990 2923 egredie-

423 2948 536 3004 tur,
572 2940 714 2994 sicut
743 2941 827 2993 vir
880 2945 1156 3009 praeliath
1198 2944 1482 2999 suscitabit
1514 2944 1734 2999 zelum:
1794 2944 1993 2999 vocife-

423 3030 632 3084 rabitur
675 3041 729 3086 et
778 3033 1070 3088 clamabit:
1119 3049 1285 3102 super
1318 3033 1567 3088 inimicos
1599 3048 1728 3089 suos
1779 3036 1990 3090 confor.

426 3121 651 3176 tabitur.
687 3121 854 3177 Tacui
887 3139 1121 3194 semper,
1158 3125 1302 3189 silui,
1327 3125 1540 3194 patiens
1573 3125 1647 3179 fui
1677 3141 1692 3181 :
1727 3125 1869 3180 sicut
1891 3141 1985 3195 pa-

424 3213 573 3269 riens
608 3212 784 3286 [ναις.
839 3215 1171 3288 parturiens]
1218 3218 1444 3286 loquar:
1497 3216 1770 3284 dissipabo
1801 3227 1855 3272 et
1900 3218 1993 3271 ab-

425 3305 660 3367 sorbebo
696 3307 875 3361 simul.
928 3307 1180 3365 Desertus
1222 3307 1413 3362 faciam
1451 3321 1660 3364 montes
1697 3317 1752 3365 et
1802 3310 1991 3373 colles,

424 3408 480 3450 et
508 3413 670 3452 omne
709 3413 930 3467 gramen
975 3415 1162 3454 eorum
1203 3402 1512 3468 exsiccabo,
1545 3411 1599 3455 et
1651 3417 1842 3469 ponam
1894 3403 1993 3454 llu-

424 3491 570 3543 mina
625 3492 681 3545 in
715 3492 939 3555 insulas,
989 3503 1043 3546 et
1075 3503 1258 3564 stagna
1293 3494 1606 3548 arefaclam.
1641 3494 1706 3548 Et
1763 3493 1988 3548 educam

429 3581 617 3654 [Vulg.
664 3582 886 3652 ducam}
915 3599 1086 3640 caecos
1131 3587 1182 3640 itt
1219 3587 1362 3639 viam
1405 3601 1567 3655 quam
1617 3586 1889 3650 nesciunt,
1941 3593 1996 3641 et

429 3679 482 3729 in
514 3676 724 3731 semitis
753 3691 890 3744 quas
925 3677 1174 3746 ignorant
1226 3677 1411 3750 jVu/g.
1440 3677 1847 3750 iguoraverunt]
1880 3695 1994 3733 ant-

426 3768 618 3823 bulare
640 3783 733 3822 eos
767 3768 983 3823 faciam.
1015 3768 1215 3823 Poaam
1243 3773 1490 3825 tenebras
1512 3786 1691 3826 coram
1716 3772 1798 3825 eis
1829 3775 1882 3825 in
1916 3772 1995 3825 lu-

427 3873 569 3924 cem,
608 3867 661 3913 et
689 3875 852 3929 prava
892 3862 943 3913 in
970 3869 1150 3927 recta;
1193 3861 1307 3915 haec
1351 3863 1510 3915 verba
1535 3861 1636 3916 feci
1670 3865 1770 3927 eis,
1805 3871 1989 3917 etnon

426 3950 691 4018 dereliqui
745 3968 859 4010 eus.
911 3953 1172 4007 Conversi
1236 3963 1358 4008 sunt
1395 3963 1692 4008 retrorsum
1721 3971 1735 4010 :
1767 3954 1991 4008 confun-

428 4041 994 4107 danturcontusione,
1044 4043 1132 4112 qui
1163 4042 1444 4098 confidunt
1485 4046 1538 4098 in
1590 4045 1851 4114 sculptili,
1902 4045 1995 4116 qui

426 4128 621 4185 dicunt
650 4132 945 4188 conﬂatili:
981 4148 1077 4186 vos
1110 4133 1184 4188 dii
1229 4136 1455 4188 nostri.»
1495 4132 1636 4186 LXX
1669 4151 1682 4190 :
1724 4152 1743 4185 ι
1769 4135 1998 4190 Cantate

428 4220 660 4275 Domino
706 4225 972 4278 canticum
999 4241 1194 4278 novum
1221 4226 1606 4294 :‘principatus
1640 4225 1762 4295 ejus
1793 4226 1998 4295 gloritl-

430 4325 603 4379 catur,
644 4325 696 4369 et
728 4332 922 4369 nomen
949 4317 1092 4370 illius
1119 4332 1146 4368 a
1173 4321 1486 4372 summitate
1517 4328 1707 4385 terrae;
1749 4319 1838 4386 qui
1867 4319 1992 4372 des-

428 4412 671 4464 cendunt
690 4409 739 4461 in
768 4423 916 4462 mare
937 4409 1259 4478 etnavigant
1276 4409 1421 4468 illud.
1452 4410 1639 4463 insnlm
1657 4421 1710 4462 et
1735 4409 1999 4462 habitata.

2093 575 2183 641 qui
2221 577 2492 631 contiditis
2529 593 2690 646 super
2716 577 3082 644 sculptilibus,
3110 578 3203 647 qui
3236 578 3415 632 dicitis
3461 578 3651 633 conﬂa-

2093 666 2182 730 tis,
2221 683 2313 720 vos
2344 667 2472 720 estis
2501 669 2574 722 dii
2623 670 2847 722 nostri.»
2884 667 2982 732 Qui
3037 668 3188 737 prius
3234 667 3446 722 dixerat
3481 684 3495 726 :
3533 669 3650 732 Quae

2096 758 2264 821 prima
2303 757 2538 823 fuerant,
2571 773 2686 810 ecce
2723 766 3006 821 venerunt;
3057 772 3191 809 nova
3220 772 3424 825 quoque
3447 773 3534 824 ego
3564 775 3650 808 an-

2098 849 2319 902 nuntio:
2349 860 2627 918 antequam
2662 849 2925 912 oriantur,
2954 849 3138 901 audita
3171 847 3364 917 faciam
3396 849 3562 909 vobis;
3600 859 3649 901 et

2093 954 2150 991 se
2179 939 2506 1006 promiserat
2539 939 2682 1002 quod
2711 937 3030 1008 ignorabant
3053 952 3174 992 esse
3202 937 3468 991 dicturum
3494 953 3508 1003 ;
3541 953 3648 1004 qua:

2093 1030 2200 1081 sint
2235 1029 2322 1080 illa
2360 1046 2518 1093 nova,
2558 1031 2802 1098 sequenti
2861 1045 3113 1083 sermone
3175 1039 3472 1086 testantur,
3526 1044 3647 1096 apo-

2093 1120 2245 1171 stolis
2281 1119 2615 1189 praecipiens,
2649 1131 2702 1174 et
2728 1119 3038 1188 apostolicis
3058 1119 3208 1180 viris,
3237 1129 3293 1171 ut
3321 1131 3516 1172 canant
3535 1133 3651 1171 can-

2095 1211 2258 1264 ticutn
2287 1225 2508 1274 novum,
2539 1227 2880 1280 nequaquam
2919 1211 2974 1264 in
3007 1219 3274 1264 vetustate
3296 1211 3513 1268 litterae.
3565 1211 3648 1261 sed

2094 1299 2147 1354 in
2165 1301 2401 1353 novitate
2422 1300 2663 1367 spiritus.
2687 1301 2792 1354 Nec
2809 1301 2984 1357 solum
3007 1301 3060 1354 in
3078 1299 3252 1355 Veteri
3275 1299 3648 1363 Instrumenta,

2093 1390 2186 1444 sed
2220 1392 2270 1443 in
2297 1389 2443 1444 Novo
2471 1409 2485 1456 ;
2511 1400 2564 1444 et
2594 1391 2713 1444 laus
2736 1393 2852 1460 ejus
2871 1399 3115 1458 penetret
3138 1404 3311 1458 usque
3333 1391 3397 1440 ad
3424 1399 3645 1443 extrema

2097 1492 2272 1538 terrre.
2299 1484 2340 1535 A
2375 1499 2590 1537 summo
2615 1485 2758 1539 enim
2791 1485 2932 1538 cmlo
2959 1497 3214 1552 egressus
3243 1481 3364 1550 ejus
3401 1490 3455 1534 et
3490 1495 3647 1545 usque

2095 1575 2161 1628 ad
2212 1590 2484 1628 summum
2532 1575 2674 1629 illius
2725 1590 2986 1628 occursus
3039 1575 3158 1642 ejus
3232 1571 3409 1644 (Psal.
3484 1571 3644 1636 xvut).

2098 1664 2156 1720 In
2183 1679 2397 1719 Omnem
2429 1675 2630 1718 terram
2684 1665 2813 1718 exiit
2851 1663 3219 1729 apostolorum
3275 1677 3463 1723 sonus.
3523 1672 3569 1714 et
3602 1667 3645 1710 in

2098 1760 2352 1814 terminos
2405 1758 2557 1814 orbis
2607 1761 2768 1814 verba
2817 1774 3024 1813 eorum;
3083 1758 3208 1812 Sive
3255 1759 3406 1826 juxta
3461 1753 3646 1809 LXX:

2094 1851 2398 1920 Gloriﬁcate
2421 1867 2605 1904 nomen
2629 1855 2744 1920 ejus
2775 1851 2830 1904 in
2862 1851 3095 1904 terminis
3126 1857 3316 1909 terrae,
3351 1856 3410 1899 ut
3449 1846 3498 1899 in
3535 1846 3636 1897 nni-

2091 1959 2251 1998 verso
2286 1944 2490 1997 mundo
2523 1942 2725 1996 Christi
2760 1956 2958 1995 nomen
2994 1939 3352 1993 annnntietur
3386 1953 3485 2007 gen
3514 1936 3641 1988 ibus.

2093 2035 2196 2100 Qui
2231 2034 2339 2087 sint
2369 2044 2551 2088 autem
2578 2033 2666 2087 isti
2716 2032 2806 2100 qui
2855 2045 3052 2086 canere
3083 2030 3316 2082 debeant
3391 2027 3644 2080 canticum

2091 2139 2312 2188 novum,
2353 2125 2630 2192 sequentia
2663 2122 2823 2176 verba
2856 2128 3163 2174 testantur:
3196 2118 3304 2184 Qui
3331 2118 3644 2178 descenditis,

2092 2216 2550 2284 inquit,inmare,
2588 2223 2642 2267 et
2669 2214 2932 2281 navigatis
2956 2212 3106 2274 illud,
3140 2211 3646 2280 sivepleniludoma»

2088 2307 2187 2360 ris.
2213 2306 2504 2376 Apostolus
2521 2305 2664 2361 enim
2689 2304 2875 2358 videns
2889 2299 3045 2357 Iesus
3065 2303 3115 2354 in
3142 2302 3326 2356 littore
3343 2302 3488 2371 juxta
3513 2312 3645 2353 mare

2089 2398 2392 2452 Genezaret
2427 2399 2734 2452 relicientes
2767 2396 2897 2450 retia
2930 2409 3051 2458 sua,
3085 2395 3304 2448 vocavit
3333 2403 3388 2446 et
3422 2392 3559 2445 misit
3592 2390 3639 2444 in

2091 2504 2344 2559 magnum
2375 2504 2522 2542 mare
2559 2485 2706 2558 (Luc.
2739 2487 2832 2559 v);
2860 2494 2920 2541 ut
2937 2487 3005 2540 de
3031 2470 3397 2555 piscatoribus
3433 2485 3641 2550 piscium

2089 2582 2297 2638 faceret
2333 2579 2612 2635 hominum
2647 2581 2968 2648 piscatores,
3011 2579 3102 2648 qui
3137 2579 3201 2632 de
3240 2575 3538 2632 Jerusalem
3567 2590 3644 2626 us-

2089 2687 2194 2743 que
2225 2677 2290 2727 ad
2323 2673 2597 2744 “lyricum
2629 2679 2687 2727 et
2715 2671 3008 2742 Hispanias
3036 2670 3385 2738 Evangelinm
3410 2667 3642 2737 praedica.

2094 2774 2217 2818 runt
2249 2782 2263 2818 :
2298 2765 2572 2832 capientes
2593 2764 2645 2817 in
2673 2763 2822 2818 brevi
2857 2773 3100 2830 tempore
3123 2762 3295 2830 ipsam
3323 2773 3532 2829 quoque
3547 2756 3642 2809 Bo-

2090 2871 2262 2909 manze
2295 2857 2444 2910 urbis
2471 2854 2792 2919 potentiam.
2858 2851 2953 2908 Vel
2984 2863 3130 2908 certe
3171 2851 3564 2907 descenderunt
3592 2847 3639 2899 in

2091 2963 2242 3003 mare
2261 2958 2315 3003 et
2339 2949 2730 3018 navigaverunt
2759 2945 2926 3014 illud;
2954 2955 3308 3017 tempestates
3332 2955 3386 3000 et
3409 2956 3641 3013 persecu-

2095 3041 2270 3094 tiones
2299 3039 2456 3092 istius
2495 3038 2677 3093 saeculi
2702 3037 3054 3092 sustinentes.
3101 3035 3314 3090 Insulas
3357 3046 3563 3102 quoque
3595 3038 3640 3081 et

2015 3155 2062 3217 ο
2096 3129 2428 3183 habitatores
2451 3143 2662 3192 earum,
2704 3128 2785 3182 vel
2813 3127 3186 3181 diversitatem
3215 3126 3454 3196 gentium
3497 3121 3640 3176 intel-

2095 3220 2217 3290 lige,
2249 3221 2333 3274 vel
2363 3221 2720 3275 Ecclesiarutn
2749 3219 3169 3273 multitudinem.
3206 3218 3364 3272 Leret
3422 3215 3526 3289 [AL
3554 3213 3643 3268 ele-

2092 3313 2220 3384 vet],
2240 3313 2431 3381 inquit,
2453 3314 2720 3366 desertum
2739 3321 2788 3365 et
2811 3309 3170 3380 civitateaejua
3192 3324 3381 3380 vocem
3404 3323 3568 3368 suam,
3585 3308 3642 3357 de

2095 3417 2200 3472 qua
2220 3412 2274 3456 et
2293 3417 2454 3470 supra
2479 3403 2738 3457 diximus.
2790 3403 2914 3458 Sive
2940 3403 3153 3458 laetetur
3187 3402 3459 3456 desertum
3481 3405 3533 3451 et
3553 3393 3639 3446 vici

2095 3493 2237 3564 ejus,
2258 3506 2310 3550 et
2332 3496 2532 3560 Cedar,
2557 3512 2677 3566 quae
2699 3497 2971 3565 quondam
2998 3495 3370 3551 inhabitabilis
3394 3492 3492 3546 fuit
3514 3488 3641 3558 regio

2095 3595 2246 3641 trans
2269 3587 2524 3640 Arabiam
2550 3588 2966 3642 Saracenorum.
2993 3586 3060 3640 Et
3096 3585 3440 3639 habitatores
3464 3581 3637 3634 Petrae.

2095 3690 2215 3746 qua:
2235 3687 2288 3730 et
2306 3677 2416 3745 ipsa
2435 3678 2564 3732 urbs
2586 3677 2882 3732 Palaestinae
2906 3685 3009 3730 est.
3031 3676 3144 3731 Hoc
3165 3686 3350 3729 autem
3376 3671 3639 3742 signiﬁcat,

2097 3771 2241 3840 quod
2265 3774 2505 3839 gentium
2532 3770 2765 3840 populus
2789 3769 3034 3824 desertus
3057 3769 3207 3836 prius
3231 3767 3425 3821 notitia
3464 3761 3568 3824 Dei,
3595 3767 3641 3810 cl

2098 3862 2421 3918 idololatria;
2450 3863 2730 3916 erroribus
2767 3862 3062 3930 obligatus,
3113 3860 3180 3913 ad
3217 3860 3403 3912 laudes
3448 3848 3638 3906 Domini

2098 3963 2466 4008 convertatur.
2492 3952 2620 4007 Sive
2644 3955 2766 4022 quia
2792 3951 2964 4005 Cedar
2993 3952 3388 4020 interpretatur
3419 3944 3640 4000 tenebras,

2099 4045 2321 4114 etjuxta
2346 4045 2666 4115 Apostolum
2712 4043 2766 4111 (l
2790 4041 2916 4099 Cor.
2950 4045 3004 4114 ι)
3047 4054 3197 4113 petra
3225 4041 3491 4100 Christus,
3524 4048 3643 4102 prte-

2098 4137 2297 4205 cipitur
2325 4137 2539 4191 cunctis
2567 4137 2934 4200 credentibus,
2967 4146 3026 4188 ut
3053 4136 3142 4204 qui
3175 4145 3303 4187 ante
3322 4129 3541 4186 erantin
3569 4137 3638 4178 tc-

2099 4230 2306 4294 nebris,
2341 4239 2394 4282 et
2433 4245 2576 4283 nunc
2608 4229 2836 4283 credunt
2867 4230 2919 4281 in
2956 4227 3243 4280 Dominum
3305 4224 3639 4278 SaIVatorem,

2098 4321 2166 4374 de
2193 4321 2395 4374 vertice
2425 4319 2691 4372 montium
2720 4319 3026 4381 clamitent,
3062 4326 3116 4370 et
3141 4324 3330 4382 aperte
3371 4309 3640 4382 praedicent

2099 4410 2394 4475 Christum,
2433 4409 2594 4478 512
2654 4410 2849 4477 quibus
2879 4417 2934 4460 et
2965 4421 3126 4476 supra
3195 4407 3337 4475 (cap.
3370 4419 3454 4465 XL,
3484 4401 3532 4469 9)
3569 4397 3640 4447 di-

429 4515 518 4556 res
551 4516 775 4565 earum;
812 4501 994 4556 lunare
1037 4502 1312 4556 desertum
1339 4512 1393 4555 et
1429 4503 1534 4555 vici
1584 4501 1736 4570 ejus;
1771 4501 1909 4555 tilla)
1938 4511 1992 4553 et
2028 4501 2072 4552 D
2099 4511 2243 4554 ctum
2275 4509 2357 4552 est
2385 4514 2398 4552 :
2429 4496 2490 4550 In
2521 4508 2744 4552 montem
2775 4497 3034 4552 excelsum
3055 4499 3295 4560 ascende,
3329 4497 3418 4566 qui
3448 4503 3641 4557 evange-

432 4593 768 4647 habitatores
793 4593 988 4647 Cedar.
1026 4591 1378 4646 laetabuntur
1405 4593 1498 4662 qui
1534 4594 1780 4646 habitant
1816 4594 1865 4645 iu
1899 4593 1996 4645 Pe-

431 4697 510 4741 tra
539 4704 552 4750 ;
586 4689 651 4739 de
672 4687 983 4740 summitate
1005 4688 1270 4739 montium
1299 4686 1628 4740 clamatmnt.
1655 4685 1861 4738 Dabunt
1890 4683 1997 4737 Deo

427 4780 679 4849 gloriam,
717 4779 943 4831 virtutes
987 4776 1104 4846 ejus
1143 4777 1196 4830 in
1249 4778 1442 4831 insulis
1494 4776 1842 4831 nuntiabunt.
1896 4776 1996 4828 Do-

429 4877 612 4931 minus
640 4875 782 4928 Deus
808 4873 1068 4926 virtutum
1097 4869 1408 4939 egredietur
1429 4878 1482 4924 et
1504 4878 1747 4923 conteret
1775 4867 1994 4931 bellum,

429 4968 718 5022 suscitaltit
758 4966 935 5019 zelum
979 4972 1035 5017 et
1072 4963 1330 5017 clamabit
1360 4977 1520 5031 super
1565 4963 1813 5015 inimicus
1869 4977 1998 5013 suos

430 5073 553 5114 cum
591 5059 930 5113 fortitudine.
969 5055 1136 5110 Tacui
1193 5071 1222 5108 a
1280 5055 1565 5124 principio,
1613 5070 1733 5106 nutu
1787 5068 1998 5119 semper

431 5150 622 5205 tacebo
663 5160 718 5206 et
767 5150 1086 5206 sustinebo?
1119 5149 1272 5202 Sicut
1312 5147 1526 5216 pariens
1569 5147 1836 5213 patienter
1891 5148 1994 5212 egi,

431 5257 714 5310 erumpam
741 5253 794 5295 et
861 5240 1156 5296 arefaciam
1201 5239 1382 5303 simul,
1413 5239 1636 5291 vastabo
1678 5247 1890 5290 montes
1947 5247 2000 5290 et

431 5335 622 5396 colles,
653 5343 706 5387 et
732 5348 891 5386 omne
926 5335 1108 5387 fenum
1137 5348 1324 5388 eorum
1353 5330 1669 5384 arefaciatu.
1706 5328 1765 5381 Et
1805 5345 1996 5397 pnnun

429 5429 654 5481 ﬂittnina
691 5429 743 5481 in
774 5425 1001 5488 insulas,
1029 5437 1081 5480 et
1119 5425 1343 5493 paludes
1362 5424 1600 5478 siccabo.
1639 5422 1704 5475 Et
1737 5423 1996 5475 adducam

429 5537 602 5574 rmcos
634 5536 726 5587 per
769 5519 910 5571 viam
961 5533 1122 5585 quam
1177 5517 1443 5576 nesciunt,
1503 5527 1555 5566 et
1610 5515 1831 5567 semitas
1863 5529 2001 5582 quas

431 5615 837 5680 ignoraverunt,
868 5610 1078 5667 calcare
1111 5626 1206 5662 eos
1235 5610 1452 5674 faciam;
1493 5608 1685 5661 faciam
1736 5606 1814 5661 eis
1850 5620 1995 5660 tene-

430 5705 554 5757 bras
585 5707 635 5758 in
671 5708 869 5765 lucem,
911 5714 964 5757 et
997 5717 1160 5772 prava
1190 5704 1240 5754 in
1271 5712 1437 5754 recta.
1469 5701 1590 5754 llaec
1621 5700 1782 5752 verba
1808 5698 1994 5751 faciam

431 5798 634 5861 iiii~,ct
678 5812 778 5849 non
812 5797 1182 5864 ilcrci‘nquatn
1241 5809 1352 5856 eos,
1405 5793 1503 5862 ipsi
1561 5807 1690 5846 \cro
1747 5789 1994 5846 conversi

2099 4593 2230 4645 lizas
2290 4592 2439 4646 Sion.
2495 4592 2652 4646 Eleva
2701 4593 2754 4645 in
2784 4591 3096 4661 fortitudine
3140 4582 3315 4643 vacem
3359 4600 3519 4645 tuam,
3563 4577 3640 4649 qui

2097 4685 2422 4754 evangelizas
2456 4683 2777 4740 Jerusalem.
2831 4685 2893 4737 Et
2921 4697 3116 4752 ponam
3153 4683 3380 4752 gloriam
3428 4679 3539 4747 ejus
3592 4673 3636 4722 ίιι

2101 4778 2315 4842 insulis,
2374 4779 2438 4830 de
2489 4776 2687 4845 quibus
2744 4777 2891 4844 prius
2967 4776 3228 4829 diximus.
3293 4769 3640 4832 Describitth

2099 4883 2280 4923 sermo
2312 4869 2657 4939 propheticus
2692 4867 2983 4937 gloriosum
3021 4865 3320 4920 Salvatoris
3351 4866 3636 4917 atlvcttltttu,

2103 4962 2167 5014 de
2197 4977 2304 5030 quo
2350 4941 2649 5015 et'Paulus
2697 4960 2987 5025 Apostolus
3034 4958 3312 5026 loquitur:
3367 4946 3635 5008 Secundum

2099 5053 2539 5106 illuminationem
2565 5052 2746 5122 gloria:
2767 5051 2943 5120 magni
2979 5049 3070 5104 Dei
3105 5059 3152 5102 et
3181 5047 3470 5104 Saluatori:
3493 5035 3638 5092 nostri

2101 5144 2229 5199 Iesu
2261 5145 2456 5198 Christi
2504 5143 2590 5213 (Il
2625 5144 2748 5196 Cor.
2784 5157 2860 5206 tv,
2896 5144 2966 5209 ὃς
3019 5139 3076 5193 II
3111 5139 3635 5202 Tim.t,10);etettm

2103 5239 2218 5290 viro
2253 5237 2549 5291 [artissimo
2573 5244 2874 5304 comparat,
2903 5235 2993 5300 qui
3020 5243 3355 5301 pugnaturus
3379 5232 3444 5282 sit
3470 5230 3633 5276 contra

2101 5330 2444 5383 adversarios
2471 5343 2620 5387 suos.
2658 5328 3028 5380 suscitaturus
3059 5328 3257 5378 zelum.
3293 5322 3364 5376 Ite
3393 5334 3492 5388 quo
3514 5324 3560 5368 et
3588 5311 3634 5363 in

2099 5421 2318 5474 cantico
2360 5419 2758 5472 Deuleronomii
2803 5421 3174 5485 prophetatum
3229 5427 3312 5469 est
3347 5428 3364 5467 :
3421 5409 3524 5474 Ipsi
3566 5415 3635 5454 me

2103 5509 2274 5563 zelare
2309 5511 2538 5578 fecerunt
2584 5511 2635 5561 in
2665 5525 2723 5561 eo
2750 5509 2838 5577 qui
2873 5524 2974 5560 non
3013 5516 3124 5561 erat
3154 5506 3312 5564 Deus.
3339 5514 3386 5556 et
3423 5498 3634 5554 irritave-

2102 5613 2223 5656 rnnt
2265 5618 2345 5654 me
2389 5603 2442 5654 in
2481 5602 2638 5654 idolis
2671 5602 2822 5662 suis;
2854 5610 2900 5652 ει
2935 5614 3028 5668 ego
3066 5599 3238 5651 zelare
3266 5612 3355 5650 eos.
3382 5591 3559 5664 faciam
3587 5585 3631 5634 in

2101 5705 2256 5766 gente
2287 5712 2401 5765 qua:
2432 5711 2532 5747 non
2573 5705 2668 5758 est,
2710 5703 2756 5746 et
2793 5694 2848 5746 in
2895 5705 3042 5762 gente
3083 5690 3391 5743 stultissima
3439 5675 3635 5740 irritabo

2104 5789 2220 5844 ilics
2255 5788 2430 5856 (Deut.
2469 5803 2648 5854 χχχιι,
2704 5785 2817 5853 ⁸21).
2880 5782 3283 5840 Vociferabitut:
3342 5785 3539 5850 quoque
3585 5770 3630 5818 ct
