3952 6180
174 363 252 426 ill
715 361 1204 422 COMMENTAR.
1240 361 1320 421 ΙΝ
1357 361 1620 421 lSAIAM
1661 360 2120 420 PROPHETAM
2155 309 2298 422 LiB.
2328 362 2472 432 XII,
2509 362 2672 428 CAP.
2707 365 2893 424 XLll.

3289 363 3395 428 442

173 477 400 530 clamabit
451 484 637 529 contra
673 475 925 530 inimicos
961 490 1114 538 Suos,
1165 485 1354 544 aperte
1383 473 1716 554 eoruminﬁ—
1745 477 1794 534 Α
1823 477 2092 544 rapinam,
2126 493 2226 532 nec
2256 489 2337 532 est
2368 479 2459 546 qui
2497 490 2651 535 eruat
2680 499 2692 534 :
2726 481 2775 532 in
2809 478 3187 549 direptionem,
3211 486 3264 532 et
3291 495 3393 531 non

174 569 420 623 tlelitatom
449 568 770 637 reprobans,
811 577 865 622 et
890 582 1010 621 cum
1043 568 1281 622 clamore
1311 569 1716 637 pronuntians:

175 658 334 722 Tacui,
362 672 567 726 seraper
584 656 728 718 silui,
761 657 963 725 patiens
986 657 1085 724 fui,
1112 657 1251 722 sive,
1283 665 1341 711 ut
1371 656 1514 711 LXX
1548 669 1725 711 trans-

173 750 455 803 tulerunt:
532 745 719 812 Tacui,
787 749 1042 817 numquid
1083 763 1285 815 semper
1356 750 1581 803 tacebo?
1651 748 1722 804 Ut

172 839 442 906 impleatur
491 837 624 890 illud
690 837 836 906 quod
908 853 1004 906 per
1057 838 1406 894 Salomonem
1471 842 1719 895 dicitur:

174 932 376 998 Tempus
428 929 664 991 tacendi,
695 940 742 982 et
777 940 979 1000 tempus
1012 930 1258 1000 loquendi
1289 929 1506 1000 (Eccle.
1535 947 1615 998 ιιι,
1645 933 1720 1001 7).

173 1023 230 1076 Et
256 1029 331 1074 est
358 1035 555 1074 sensus
589 1037 604 1074 :
643 1020 741 1074 Diu
785 1036 880 1074 vos
905 1021 1278 1090 delinquentes
1309 1038 1450 1093 smpe
1480 1025 1722 1091 portavi;

174 1113 252 1166 sed
279 1114 398 1180 quia
430 1123 559 1166 ante
584 1121 884 1175 tacueram,
915 1128 1258 1183 nequaquam
1288 1115 1430 1170 ultra
1463 1117 1721 1172 reticebo.

177 1205 226 1258 Et
261 1203 526 1270 quomodo
566 1205 786 1274 pariens
831 1205 884 1258 in
917 1206 1092 1259 lucem
1140 1206 1419 1275 profundit
1443 1206 1725 1270 infantem,

177 1309 217 1349 et
244 1307 478 1365 apertum
510 1295 643 1351 facit
666 1311 789 1351 esse
817 1296 960 1366 quod
991 1297 1145 1367 prius
1185 1299 1428 1353 clausum
1467 1299 1518 1353 in
1555 1300 1731 1353 visce-

179 1389 308 1440 ribus
337 1387 625 1441 tenebatur
654 1403 674 1442 :
728 1389 810 1443 sic
861 1403 962 1456 ego
991 1388 1237 1443 dolorem
1273 1405 1450 1442 meum
1495 1401 1548 1443 et
1573 1391 1731 1444 dissi-

178 1478 505 1548 mulationem
545 1492 712 1547 quam
764 1492 982 1547 semper
1031 1478 1195 1532 habui
1239 1493 1401 1548 super
1432 1479 1730 1535 sceleribus

177 1571 373 1629 vestris.
410 1585 563 1623 nunc
609 1569 906 1639 proferam,
946 1580 999 1622 et
1027 1569 1304 1640 dissipabo
1338 1580 1520 1625 vestra
1547 1571 1730 1626 consi-

179 1662 236 1715 lia
263 1679 276 1714 :
304 1676 512 1730 unoque
555 1669 802 1730 tempore
832 1661 849 1691 ί
883 1661 1190 1716 absorbebo
1227 1662 1538 1715 universam
1596 1677 1730 1732 gen-

181 1763 292 1816 tem,
343 1763 393 1807 et
423 1766 642 1806 omnem
681 1753 990 1822 superbiam
1026 1752 1298 1807 montium
1346 1763 1732 1823 tumoremque

182 1847 370 1900 collium
399 1852 730 1898 vestrorum.
751 1819 831 1898 Ἐι
858 1841 1063 1909 fenum,
1091 1843 1158 1898 de
1193 1859 1302 1914 quo
1338 1860 1500 1910 supra
1525 1819 1728 1899 dictum
1765 1819 1805 1874 Β

183 1948 286 1990 est:
332 1935 451 1989 Vere
473 1935 656 2006 fenum
677 1947 752 1990 est
785 1936 1030 2005 populus,
1075 1936 1127 1990 id
1164 1945 1271 2002 est,
1304 1947 1413 1990 tam
1453 1938 1730 2006 principes

185 2045 319 2095 quant
342 2028 526 2098 vulgus
558 2028 820 2096 ignobile,
857 2029 909 2081 in
952 2028 1235 2082 desertum
1268 2028 1540 2097 redigam.
1571 2027 1730 2093 Quod

185 2120 226 2171 in
254 2118 380 2172 LXX
403 2121 468 2173 de
493 2118 891 2173 Theodotionis
937 2119 1176 2174 editione
1215 2119 1459 2174 additum
1500 2127 1605 2178 est.
1637 2119 1730 2187 qui

186 2211 281 2264 hanc
307 2211 457 2264 verba
485 2217 735 2265 tacuerat
773 2209 794 2279 (
819 2207 945 2262 Vide
972 2225 1159 2275 supra,
1190 2225 1307 2274 cap.
1339 2224 1416 2272 tv,
1459 2208 1534 2278 7).
1571 2209 1733 2263 Curu-

186 2316 272 2371 que
295 2316 380 2354 vos
409 2316 437 2351 a
478 2302 661 2369 capite
690 2315 864 2369 usque
891 2299 955 2354 ad
984 2300 1148 2368 pedes
1184 2301 1533 2353 exsiccavero
1564 2309 1731 2366 atque

193 2395 434 2459 ilclcvero,
487 2404 624 2448 tunc
674 2392 902 2446 ﬂumina
951 2391 1215 2446 doctrina:
1267 2407 1400 2446 mea:
1433 2393 1486 2444 in
1537 2391 1731 2446 insulis

189 2491 394 2555 gentium
434 2502 663 2542 currere
690 2485 911 2551 faciam,
941 2496 997 2541 et
1045 2496 1234 2555 stagna
1271 2495 1454 2539 vestra
1491 2485 1607 2538 sive
1639 2500 1730 2552 pa-

191 2579 317 2631 ludes
364 2579 605 2647 redigam
652 2578 706 2631 in
759 2577 1108 2638 ariditatem,
1153 2589 1209 2632 ut
1260 2578 1310 2631 iu
1363 2577 1617 2646 gentibus
1659 2576 1732 2628 sit

192 2673 386 2725 scientia
409 2670 847 2740 Scripturarum,
867 2682 923 2724 et
955 2674 1009 2725 in
1025 2671 1180 2725 vobis
1194 2669 1457 2725 doctrinae
1479 2669 1729 2722 ariditas.

195 2764 472 2832 Ilucantque
498 2779 679 2820 caecos
712 2779 808 2833 per
841 2764 1005 2828 viam,
1041 2778 1202 2830 quam
1235 2773 1362 2816 ante
1394 2762 1731 2824 nesciebant,

193 2856 245 2907 ile
272 2857 450 2923 quibus
494 2866 552 2911 et
595 2871 762 2923 supra
800 2854 1066 2922 legimus:
1096 2853 1226 2907 Dedi
1270 2863 1318 2907 te
1344 2854 1399 2906 in
1439 2853 1606 2922 foedus
1635 2870 1733 2921 po-

194 2948 305 3012 puli,
334 2949 386 3000 in
417 2947 588 3001 lucem
633 2947 884 3015 gentium.
913 2956 969 2997 ut
990 2946 1216 3010 aperires
1238 2945 1416 2998 oculos
1451 2959 1729 2999 ctecorum.

196 3036 246 3087 lli
284 3040 535 3091 ducentur
589 3053 687 3106 per
718 3039 888 3100 viam,
927 3039 994 3090 de
1024 3052 1127 3105 qua
1175 3035 1429 3091 Christus
1475 3039 1733 3106 loquitur.

1822 579 1907 621 est
1936 569 2026 636 qui
2053 567 2198 622 dicat
2235 585 2249 627 ;
2279 569 2482 626 Redde.
2518 569 2650 635 Quis
2685 581 2766 623 est
2818 571 2870 622 in
2899 571 3052 624 vobis
3085 570 3176 636 qui
3214 569 3398 621 audiat

1827 663 1947 724 hoc,
1981 664 2221 714 attendat
2250 672 2303 714 et
2325 663 2590 715 auscultet
2627 663 2854 717 futura?
2887 662 3020 728 Quis
3057 661 3204 713 dedit
3240 662 3289 712 iu
3318 659 3402 711 di-

1824 755 2121 822 reptionem
2144 752 2330 817 Jacob,
2360 766 2411 809 et
2449 755 2607 809 Israel
2669 755 3044 808 vastantibus?
3074 738 3263 806 Nonne
3296 752 3399 804 Do-

1828 846 2007 898 minus
2041 844 2177 912 ipse,
2209 845 2295 898 cui
2330 846 2712 912 peccavimus?
2746 845 2810 896 Et
2863 845 3150 898 noluerunt
3202 843 3255 894 itt
3303 840 3403 892 viis

1824 936 1940 1003 ejus
1975 935 2352 997 ambulare,et
2373 951 2476 990 non
2510 936 2800 989 audierunt
2835 936 3008 1004 legem
3042 933 3180 999 ejus.
3227 932 3292 985 Et
3326 929 3405 982 ef-

1829 1027 1965 1080 fudit
1993 1042 2154 1094 super
2179 1042 2298 1080 eum
2328 1027 2756 1094 indignationem
2797 1026 2997 1087 furoris
3023 1027 3129 1080 sui.
3163 1033 3219 1078 et
3263 1024 3404 1076 forte

1829 1121 2022 1174 bellmn
2051 1137 2067 1174 :
2099 1130 2153 1172 ct
2177 1119 2481 1175 combussit
2528 1129 2649 1173 eum
2703 1120 2756 1172 in
2788 1118 3038 1182 circuitu,
3074 1125 3130 1170 et
3171 1129 3273 1166 nou
3308 1128 3402 1164 co-

1828 1213 2010 1280 gnovit
2040 1229 2054 1265 :
2088 1221 2142 1265 ct
2170 1210 2452 1265 succendit
2472 1224 2617 1274 euut,
2648 1219 2700 1262 et
2732 1225 2836 1262 non
2867 1206 3153 1261 intellexit.
3181 1223 3199 1256 ι
3222 1201 3360 1256 LXX
3386 1219 3400 1254 :

1836 1322 1855 1354 ι
1895 1302 2076 1366 Surdi,
2106 1301 2312 1362 audite,
2347 1311 2402 1354 et
2435 1301 2584 1359 carci.
2609 1300 2865 1368 suspicite
2921 1309 2976 1350 ut
3003 1295 3249 1350 videatis.
3271 1293 3403 1358 Quis

1829 1404 1913 1448 est
1943 1408 2138 1458 caecus,
2165 1393 2268 1446 nisi
2301 1392 2451 1461 pueri
2487 1393 2634 1446 mei:
2666 1399 2720 1445 et
2760 1389 2932 1451 surdi,
2967 1387 3065 1441 nisi
3103 1385 3192 1454 qui
3226 1383 3402 1438 domi-

1833 1493 2028 1538 nantur
2057 1484 2285 1537 eorum?
2313 1483 2444 1549 Quis
2471 1496 2648 1536 caecus
2675 1484 2859 1550 (juxta
2895 1477 3156 1546 Complut.
3181 1476 3405 1530 edition.

1831 1576 1938 1629 τῶν
1977 1575 2139 1642 LXX)
2168 1575 2271 1629 nisi
2306 1575 2398 1640 qui
2450 1573 2654 1641 recepit
2683 1590 2697 1627 :
2731 1586 2786 1626 et
2815 1571 3072 1625 excaecati
3098 1579 3223 1623 sunt
3255 1569 3398 1623 servi

1834 1665 1950 1720 Dei.
1986 1665 2208 1721 Vidistis
2242 1679 2403 1730 saepe,
2431 1673 2483 1717 et
2513 1679 2621 1717 non
2653 1660 2968 1715 custodistis
3003 1677 3017 1711 :
3055 1669 3254 1724 apertae
3279 1667 3405 1708 sunt

1834 1773 2016 1822 aures,
2041 1767 2094 1810 et
2122 1771 2230 1810 non
2275 1755 2526 1809 audistis.
2560 1752 2822 1806 Dominus
2880 1749 3023 1804 Deus
3050 1748 3217 1800 voluit
3243 1747 3406 1815 utjn-

1837 1849 2183 1910 stilicaretur,
2213 1856 2266 1899 et
2294 1845 2664 1913 magnillcaret
2691 1842 2928 1897 laudem.
2953 1841 3016 1894 Et
3045 1840 3176 1902 vidi,
3204 1847 3257 1892 et
3288 1847 3405 1892 erat

1837 1939 2064 2009 papulus
2100 1945 2340 1990 vastatus
2392 1944 2552 2000 atque
2581 1933 2846 2002 direptus.
2899 1929 3150 1999 Laqueus
3174 1927 3317 1981 enim
3351 1927 3402 1977 in

1837 2029 2106 2084 cubilibus
2143 2027 2357 2097 ubique,
2410 2035 2466 2080 et
2497 2025 2551 2078 in
2603 2023 2860 2078 domibus
2909 2018 3096 2082 simul,
3124 2019 3176 2071 in
3209 2016 3407 2083 quibus

1837 2122 2243 2176 absconderunt
2291 2133 2406 2173 eos.
2466 2115 2616 2170 Facti
2667 2125 2795 2168 sunt
2843 2115 2896 2166 in
2931 2110 3289 2180 direptionem
3325 2117 3411 2161 :et

1838 2229 1942 2267 non
1971 2222 2087 2266 erat
2117 2214 2207 2280 qui
2237 2219 2451 2265 erueret
2505 2208 2739 2278 praedam
2775 2244 2791 2259 .
2820 2213 2871 2260 et
2898 2219 3008 2258 non
3065 2209 3184 2255 erat
3204 2199 3296 2268 qui
3327 2198 3413 2251 di-

1839 2316 1985 2360 ceret
2019 2323 2032 2358 :
2071 2303 2272 2357 lledde.
2303 2302 2436 2368 Quis
2463 2310 2550 2355 est
2583 2299 2636 2353 in
2668 2297 2821 2352 vobis
2848 2297 2940 2364 qul
2972 2295 3085 2348 haec
3116 2291 3317 2357 audiat,
3359 2299 3416 2344 et

1838 2395 2018 2450 futura
2042 2393 2376 2463 cognoscat?
2401 2391 2534 2457 Quis
2561 2389 2705 2444 dedit
2741 2389 2791 2440 in
2826 2387 3188 2456 direptionem
3220 2382 3411 2444 Jacob,

1837 2497 1892 2542 et
1918 2488 2080 2542 Israel
2108 2485 2272 2557 515,
2307 2482 2678 2538 vastantibus?
2728 2479 2918 2534 Nonne
2956 2478 3120 2540 Deus,
3161 2477 3246 2531 cui
3282 2489 3412 2543 pec-

1839 2578 2138 2634 caverunt?
2169 2586 2224 2631 et
2258 2573 2574 2629 noluistisiu
2605 2574 2702 2626 viis
2735 2571 2879 2624 illius
2905 2567 3206 2633 ambulare,
3238 2580 3414 2634 neque

1840 2673 2028 2728 audire
2067 2672 2238 2740 legem
2260 2670 2398 2737 ejus.
2434 2667 2497 2720 Et
2527 2664 2738 2720 induxit
2767 2678 2934 2731 super
2962 2676 3056 2715 eos
3087 2659 3224 2713 iram
3263 2657 3412 2711 furo-

1840 2767 1917 2821 ris
1950 2765 2030 2819 sui
2059 2781 2072 2818 :
2105 2772 2160 2818 et
2203 2759 2490 2832 praevaluit
2534 2758 2799 2810 adversus
2847 2768 2940 2807 eos
2993 2751 3215 2813 belltnn,
3240 2757 3295 2802 et
3321 2748 3411 2816 qui

1842 2857 2236 2912 comburebant
2267 2866 2363 2906 eos
2399 2865 2494 2919 per
2547 2847 2830 2902 circuitum
2864 2851 2962 2898 :et
3020 2857 3124 2895 non
3166 2839 3418 2908 c0gnovit

1841 2950 2235 3019 unusquisque,
2298 2958 2393 2998 nec
2451 2947 2747 3010 posuerunt
2775 2952 2938 3005 super
2985 2936 3247 2988 animant.
3286 2950 3306 2983 ι
3333 2931 3418 2982 Ne

1843 3045 1963 3112 quis
1999 3048 2209 3111 putaret
2271 3054 2364 3090 .toc
2409 3035 2551 3102 quod
2595 3033 2798 3085 dicitur
2838 3046 2852 3085 :
2891 3027 3077 3088 Surdi,
3135 3025 3336 3086 audite,
3369 3031 3420 3076 et

199 3125 289 3195 Ego
318 3145 426 3182 sum
455 3130 562 3193 ria,
627 3130 740 3183 sive
770 3131 857 3182 via
909 3127 1068 3198 513
1109 3128 1354 3183 scientiae
1389 3128 1502 3192 Dei,
1538 3137 1593 3182 et
1643 3143 1738 3198 per

1846 3136 1990 3198 caeci,
2019 3132 2298 3188 intuemini
2341 3131 2409 3183 ad
2439 3127 2740 3189 videndum,
2785 3126 2848 3177 ad
2879 3123 3121 3193 gentium
3163 3116 3420 3188 populum

200 3222 389 3276 semitas
434 3223 784 3291 propbetales
833 3222 1114 3276 ambulare
1159 3235 1254 3276 eos
1307 3221 1524 3275 iaciam.
1583 3220 1736 3276 Tunc

203 3313 405 3367 tenebrat
451 3328 643 3368 eorum
698 3313 1052 3366 mutabuntur
1104 3313 1156 3365 in
1216 3313 1414 3378 lucem,
1461 3321 1514 3365 et
1566 3326 1736 3381 prava

201 3413 472 3459 vertentur‘
501 3407 556 3460 in
617 3415 790 3468 recta,
823 3415 882 3458 ut
940 3404 1242 3472 intelligant
1283 3420 1404 3474 qua:
1445 3404 1648 3474 legunt,
1685 3414 1740 3457 et

200 3496 350 3549 cordis
377 3497 544 3551 oculis
576 3497 790 3549 clarum
824 3497 876 3549 in
921 3492 1104 3550 Veteri
1157 3495 1509 3550 Testamento
1534 3494 1738 3549 Christi

203 3586 355 3640 lumen
382 3588 670 3656 aspiciant.
707 3587 982 3656 Simulque
1011 3586 1175 3640 infert
1204 3605 1219 3641 :
1275 3584 1407 3640 Haec
1430 3586 1586 3640 verba
1623 3601 1740 3655 qua:

203 3678 300 3746 feci,
331 3681 438 3734 sive
465 3681 665 3749 faciam
695 3680 792 3744 eis,
841 3695 1180 3749 nequaquam
1211 3678 1349 3733 ultra
1399 3679 1578 3732 futura
1614 3694 1744 3746 pro-

203 3769 432 3835 mittens;
478 3775 570 3825 sed
625 3786 743 3840 qua:
773 3780 898 3825 ante
933 3771 1314 3835 promiseram,
1348 3771 1603 3824 reddens.
1661 3768 1742 3822 Me

205 3868 361 3912 autem
389 3863 485 3916 ista
519 3863 761 3926 dicente,
796 3876 1098 3916 conversus
1124 3872 1206 3915 est
1247 3870 1548 3914 retrorsum
1577 3873 1743 3929 popu-

205 3946 274 4001 lus
315 3948 622 4006 Juda:orum
678 3963 736 4004 ιιι
785 3967 890 4006 non
923 3953 1172 4005 crederet
1210 3951 1568 4021 promittenti,
1601 3961 1658 4004 et
1690 3953 1744 4004 in

206 4040 302 4095 suis
331 4045 754 4098 confunderetur
797 4044 1107 4109 erroribus,
1147 4052 1202 4096 et
1246 4043 1548 4113 negligeret
1577 4059 1745 4112 spon-

208 4135 385 4187 sionem
419 4135 533 4203 Dei,
573 4138 672 4205 qui
708 4135 868 4190 idolis
901 4145 1026 4189 ante
1061 4135 1391 4189 crediderat.
1452 4135 1581 4190 Sive
1625 4149 1746 4188 cum

209 4229 462 4286 intraverit
489 4230 771 4301 plenitudo
802 4229 1069 4298 gentium,
1107 4239 1232 4284 tunc
1257 4230 1422 4283 etiam
1447 4228 1618 4284 Israel
1653 4243 1749 4295 po-

209 4319 342 4383 pulus
382 4332 732 4374 convertetnr
788 4318 964 4390 (Rom.
1003 4321 1113 4388 XI),
1181 4332 1235 4373 et
1285 4320 1572 4387 ptenitebit
1625 4335 1747 4372 eum

209 4413 385 4465 erroris
435 4414 540 4477 sui,
597 4429 698 4482 per
725 4429 887 4480 quem
953 4411 1115 4464 idolis
1157 4421 1282 4466 ante
1318 4413 1606 4467 servierat.
1649 4415 1752 4464 Αυι

1845 3227 2139 3298 pertinere,
2172 3227 2262 3292 qui
2299 3223 2449 3291 prius
2481 3220 2677 3273 surdus
2706 3227 2761 3272 et
2796 3231 2974 3270 caecus
3001 3212 3182 3267 fuerat
3208 3213 3292 3276 (ut
3320 3205 3420 3260 Ju-

1844 3320 1942 3374 daei
1979 3319 2145 3372 stulta
2200 3313 2656 3383 interpretatione
2710 3308 3010 3379 approbare
3041 3299 3421 3367 contendunt),

1845 3413 1960 3481 ipse
1989 3407 2343 3477 propheticus
2393 3419 2572 3458 sermo
2623 3403 2982 3460 demonstrat,
3030 3396 3121 3464 qui
3177 3391 3326 3446 surdi
3365 3402 3418 3445 et

1847 3501 1973 3556 caeci
2000 3499 2224 3567 intelligi
2242 3497 2492 3551 debeant.
2531 3493 2686 3559 Quis,
2721 3491 2920 3558 inquit,
2955 3501 3146 3545 aecus,
3177 3483 3282 3536 nisi
3310 3497 3420 3534 ser-

1847 3613 1938 3651 vus
1999 3610 2146 3648 meus
2178 3602 2268 3646 :et
2320 3588 2534 3652 surdus,
2591 3588 2694 3640 nisi
2743 3583 2812 3637 ad
2837 3597 2985 3652 quem
3043 3579 3252 3632 nuntios
3284 3589 3421 3626 meos

1849 3686 2006 3739 misi?
2046 3685 2186 3738 haud
2219 3682 2439 3736 dubium
2466 3679 2592 3746 quin
2637 3679 2928 3746 prophetas
2968 3670 3260 3739 signiticet.
3294 3665 3424 3727 Quis

1852 3793 2040 3842 cwcus,
2089 3775 2189 3828 nisi
2214 3773 2305 3843 qui
2332 3770 2664 3826 venundatus
2715 3776 2795 3822 est
2819 3763 3057 3833 peccatis
3112 3757 3264 3812 suis?
3295 3755 3426 3820 Quis

1850 3883 2027 3922 caecus
2081 3865 2180 3918 nisi
2207 3865 2296 3932 qui
2324 3864 2472 3931 prius
2502 3875 2693 3916 servus
2741 3858 2842 3912 fuit
2874 3851 3123 3909 Domini?
3152 3850 3249 3905 Cui
3281 3847 3422 3900 dici-

1855 3971 1943 4014 tur
1971 3976 1986 4013 :
2013 3957 2057 4012 Ο
2082 3954 2245 4010 Israel
2287 3954 2375 4022 qui
2407 3953 2555 4005 vides
2587 3950 2776 4014 multa,
2824 3958 2880 4002 et
2928 3947 3094 3999 habes
3137 3941 3425 4012 prophetas

1855 4051 2142 4122 plurimos,
2172 4060 2267 4114 per
2294 4059 2432 4114 quos
2476 4042 2564 4096 Dei
2599 4042 2852 4094 mandata
2901 4049 3218 4104 cognoscas,
3249 4044 3427 4084 nonne

1855 4144 2129 4199 custodies
2163 4155 2283 4210 quae
2315 4139 2410 4192 tibi
2463 4143 2732 4206 praecepta
2765 4132 2925 4185 sunt?
2954 4129 3057 4196 Qui
3085 4135 3304 4196 apertas
3331 4124 3430 4175 ha-

1857 4237 1951 4290 bes
1980 4249 2162 4299 aures,
2215 4245 2393 4285 nonue
2423 4228 2608 4282 audies
2669 4240 2790 4294 quae
2840 4223 3115 4283 dicuntur,
3147 4218 3215 4271 de
3245 4229 3352 4284 quo
3376 4221 3430 4265 et
3459 4237 3461 4242 π

1859 4342 2020 4396 supra
2055 4326 2317 4392 legimus:
2359 4320 2560 4375 Auditu
2583 4318 2828 4382 audietis,
2866 4331 2916 4368 et
2957 4328 3059 4366 non
3082 4307 3382 4377 intelligetis
3410 4319 3430 4358 :

1858 4429 1905 4472 et
1936 4418 2161 4471 videntes
2205 4414 2487 4481 aspicietis,
2522 4421 2569 4464 et
2595 4415 2715 4463 ‘non
2750 4404 2991 4462 videbitis
3023 4417 3043 4458 :
3076 4405 3434 4456 incrassatum

211 4513 331 4555 certe
357 4515 470 4570 post
505 4505 848 4559 vocationem
881 4504 1120 4572 gentium
1152 4513 1456 4557 revertetur
1491 4509 1555 4556 ad
1593 4506 1744 4572 pritr-
1783 4516 1824 4569 ι)
1856 4520 1930 4563 εει
1963 4511 2100 4562 enim
2131 4523 2221 4560 cor
2247 4505 2427 4576 populi
2456 4503 2613 4573 hujus
2648 4500 2780 4571 Usa.
2824 4514 2899 4564 vt,
2939 4498 3018 4566 9).
3044 4495 3326 4553 Dominus,
3355 4488 3436 4540 iu-

210 4595 514 4664 cipiumzut
557 4598 729 4662 dicat,
779 4611 970 4650 omnes
1022 4606 1231 4663 gentes,
1289 4612 1406 4664 quae
1464 4597 1760 4666 EVangelio

212 4689 407 4742 credere
441 4690 755 4752 noluerunt,
791 4688 844 4740 in
880 4688 992 4740 suis
1016 4686 1174 4740 idolis
1210 4688 1648 4741 conlumlendas.

271 4782 435 4851 (Vers.
473 4784 562 4849 18,
599 4784 666 4838 l9
693 4784 871 4852 seqq.)
903 4801 922 4833 ι
963 4783 1145 4845 Surdi,
1171 4784 1373 4842 audite,
1412 4795 1464 4836 et
1497 4785 1649 4844 caeci,
1677 4783 1764 4835 in-

217 4877 415 4928 tuemini
435 4878 498 4929 ad
523 4876 838 4929 videndum.
858 4872 990 4938 Quis
1015 4889 1210 4937 caecus,
1235 4873 1336 4926 nisi
1359 4888 1552 4927 servus
1577 4871 1764 4925 meus?

215 4973 258 5017 et
279 4968 478 5030 surdus,
512 4968 616 5019 nisi
649 4967 716 5019 ad
771 4980 929 5031 quem
966 4965 1188 5018 nuntios
1239 4979 1390 5016 meos
1427 4963 1588 5017 misi?
1632 4963 1765 5029 Quis

218 5067 390 5119 czecus,
422 5058 522 5111 nisi
559 5057 648 5123 qui
705 5057 1048 5109 venundatus
1109 5055 1234 5108 est?
1293 5065 1345 5107 et
1392 5057 1516 5122 quis
1568 5071 1763 5120 caecus,

217 5147 307 5200 ni~i
338 5165 518 5204 servus
545 5149 796 5203 Domini?
827 5150 926 5214 Qui
963 5148 1115 5200 vides
1151 5149 1342 5208 inulta,
1381 5163 1558 5200 nonne
1581 5157 1765 5200 custo-

222 5237 351 5292 dies?
379 5242 463 5308 qui
501 5251 717 5309 apertas
775 5240 941 5293 babes
988 5254 1167 5302 aures,
1210 5255 1386 5292 nonne
1426 5241 1652 5292 audies?
1703 5241 1768 5293 Et

226 5326 456 5385 Dominus
487 5335 648 5386 voluit
683 5342 742 5386 ut
773 5336 1144 5385 sanctilicaret
1177 5347 1324 5394 eunt,
1369 5341 1420 5384 et
1454 5331 1770 5398 magniﬁca-

228 5432 293 5473 ret
317 5422 502 5490 legem,
533 5435 586 5478 et
605 5425 908 5479 extolleret.
941 5425 1058 5487 Ipse
1106 5432 1286 5476 autem
1321 5423 1558 5488 papulus
1590 5424 1770 5491 direp-

230 5521 302 5566 tus
321 5525 472 5583 atque
501 5530 743 5571 vastatus
773 5537 786 5572 :
822 5517 1052 5586 laqueus
1099 5516 1357 5583 juvenutu
1394 5529 1605 5579 oumes,
1638 5517 1769 5570 etin

230 5602 449 5661 domibus
497 5625 776 5663 carcerum
833 5607 1131 5662 abscoznliti
1179 5615 1348 5660 sunt:
1383 5604 1508 5660 lacti
1547 5617 1675 5662 sunt
1717 5609 1770 5662 in

288 5792 308 5819 "
333 5792 492 5848 Antea
509 5804 621 5848 crat
647 5813 660 5847 ;
706 5793 812 5850 L'tm
835 5807 1033 5860 quoque
1073 5798 1318 5857 tempore,
1349 5801 1451 5843 ctc.

1865 4603 2001 4671 quit,
2036 4601 2207 4655 voluit
2252 4609 2311 4653 ut
2346 4597 2714 4652 sanctilicaret
2757 4607 2902 4652 eum,
2956 4599 3011 4642 et
3066 4587 3437 4655 magnilicaret

1865 4698 2036 4766 legent
2061 4709 2238 4756 suam,
2267 4698 2323 4746 et
2371 4689 2626 4758 populum
2656 4687 2928 4751 iacentem
2954 4681 3240 4736 extolleret
3274 4691 3335 4729 ac
3363 4675 3437 4726 lo-

1865 4797 2036 4843 varet.
2099 4785 2205 4840 Sed
2259 4784 2349 4837 ille
2405 4783 2496 4836 Dei
2543 4780 2720 4834 facere
2765 4777 2937 4832 noluit
2968 4773 3300 4826 voluntatem
3337 4784 3352 4827 :
3385 4777 3438 4818 et

1867 4882 2074 4937 idcirco
2106 4879 2174 4933 ab
2194 4875 2527 4931 adversariis
2552 4873 2665 4927 suis
2723 4871 2967 4938 direptus
3005 4874 3089 4918 est
3119 4873 3282 4929 atque
3342 4875 3434 4910 τει-

1868 4983 2065 5034 status,
2093 4983 2229 5038 quos
2249 4967 2332 5020 vel
2361 4966 2656 5025 daunooes,
2681 4961 2762 5015 vel
2793 4960 2976 5014 hostes
3010 4953 3314 5018 intelligere
3343 4952 3438 5002 dc-

1870 5063 2082 5117 betnus.
2117 5061 2354 5126 Laqueus
2371 5057 2623 5126 jtwenum
2643 5068 2848 5114 omnes,
2866 5066 2914 5103 et
2933 5050 2985 5103 in
3004 5047 3243 5101 domibus
3261 5061 3318 5096 ca
3329 5061 3440 5096 περ

1871 5171 1987 5206 rttm
2013 5152 2300 5205 absconditi
2322 5159 2466 5204 sunt.
2488 5148 2636 5211 Sive,
2665 5157 2719 5197 ut
2740 5142 2876 5196 LXX
2901 5139 3309 5202 transtulerunt,
3333 5137 3438 5190 Lu-

1871 5264 2033 5314 queus
2063 5247 2117 5298 in
2145 5243 2397 5298 cubilibus
2445 5241 2650 5310 ubique,
2703 5247 2750 5289 et
2780 5238 2835 5288 in
2885 5232 3123 5287 domibus
3173 5231 3354 5290 simul,
3389 5232 3440 5280 in

1871 5341 2057 5408 quibus
2079 5336 2458 5390 absconderant
2490 5347 2575 5385 eos
2602 5345 2621 5383 :
2651 5328 2870 5383 Scribas
2889 5323 3202 5395 signiﬁcans
3225 5332 3276 5376 et
3302 5322 3437 5374 Pha-

1874 5429 2080 5490 risazos,
2111 5427 2199 5494 qui
2229 5425 2434 5493 plebem
2465 5419 2827 5475 miserabilem
2861 5419 3214 5484 decopcrnnt,
3243 5424 3297 5465 ct
3326 5412 3442 5461 ubi-

1873 5533 1980 5588 que
2012 5521 2314 5586 posuerunt
2356 5511 2584 5568 insidias
2632 5517 2822 5564 contra
2875 5507 3162 5562 Dominum
3196 5503 3444 5556 Salvato-

1878 5625 1985 5664 revn
2010 5619 2060 5663 et
2096 5607 2372 5676 apostolos
2419 5600 2710 5672 ejus(Luc.
2750 5600 2824 5668 ιιι)
2866 5615 2883 5653 :
2916 5598 3177 5653 habentes
3237 5594 3442 5648 clavem
