3952 6180
127 344 226 409 με.

643 344 1139 407 COMMENTAR.
1174 349 1254 411 IN
1300 351 1569 415 ISAIAM
1610 354 2065 417 PROPHETAM
2110 360 2257 421 LIB.
2296 362 2437 433 XII,
2474 364 2631 427 CAP.
2675 365 2897 430 XLIII.

3284 371 3395 436 illi

130 462 447 518 ﬂuminibus
504 460 834 535 Babylonios
859 503 877 527 ,
933 464 987 518 in
1048 466 1173 532 igne
1240 465 1565 523 Macedonas
1590 484 1617 534 ,'
1662 470 1714 523 in
1747 473 1792 528 Α
1822 474 1986 526 modo
2021 490 2168 529 nunc
2209 476 2416 530 locutus
2457 487 2539 532 est
2578 518 2592 540 ,
2628 477 2742 549 Ego
2778 484 2947 545 testis,
2985 481 3111 535 dicit
3146 481 3398 539 Dominus

127 557 336 611 ﬂamma
394 553 684 612 Romanos
738 558 965 628 intelligi
1021 559 1216 615 velint.
1265 561 1473 616 Idcirco
1527 573 1710 617 autem

132 647 364 716 praecipit
380 637 477 703 eis
501 662 567 704 ne
588 648 838 713 timeant,
858 651 981 717 quia
1009 648 1268 705 Dominus
1294 651 1434 705 Deus
1461 650 1715 706 Salvator

126 754 330 798 eorum.
360 748 423 794 et
450 750 682 797 sanctus
710 740 878 796 Israel
904 741 973 795 sit
997 756 1122 796 cum
1148 742 1248 809 eis,
1277 743 1366 811 qui
1400 743 1591 798 fecerit
1618 759 1713 797 eos

130 829 380 899 Egypto.
416 829 741 899 Ethiopite,
779 842 833 886 et
878 831 1097 902 Syenae.
1143 844 1197 889 et
1230 836 1492 890 extremis
1529 835 1710 891 mundi

127 921 367 974 terminis
404 922 728 987 praedicare.
759 922 866 977 Pro
895 921 1064 994 Syene
1089 927 1132 989 ί,
1165 926 1358 995 reliqui
1388 927 1713 994 interpretes

128 1022 425 1081 posuerunt
466 1028 595 1068 sses
630 1015 815 1082 (tuo),
846 1016 987 1070 unde
1018 1014 1115 1070 fuit
1148 1019 1333 1087 regina
1365 1019 1570 1083 Austri,
1592 1035 1711 1088 quae

128 1106 266 1156 venit
321 1105 662 1172 sapientiam
718 1107 909 1161 audire
960 1102 1271 1163 Salomonis
1309 1109 1428 1177 (Ill
1452 1109 1577 1180 Reg.
1630 1112 1709 1179 x).

130 1193 497 1259 Quamobrem
518 1196 851 1253 honorabilis
873 1199 1050 1255 lactus
1085 1212 1166 1255 est
1189 1203 1558 1271 apostolorum
1584 1206 1713 1259 cho-

131 1303 214 1341 rus
245 1288 298 1339 in
324 1301 633 1356 conspectu
670 1289 787 1355 Dei,
819 1303 875 1347 et
905 1294 1134 1349 dilectus
1165 1295 1235 1349 ab
1260 1309 1326 1349 eo
1353 1312 1368 1349 :
1398 1305 1453 1350 et
1479 1304 1708 1350 cuncto-

136 1394 239 1431 rum
281 1381 573 1434 hominum
604 1384 750 1437 salus
780 1394 946 1452 atque
971 1389 1319 1456 pepnlornm,
1353 1388 1445 1457 qui
1481 1405 1577 1457 per
1615 1404 1709 1443 eos

131 1471 189 1523 ad
216 1470 580 1541 Evangelium
628 1486 755 1529 sunt
788 1479 989 1543 vocati,
1022 1490 1076 1533 et
1112 1482 1504 1546 reputabuntur
1533 1483 1585 1537 in
1620 1498 1709 1536 sa-

137 1562 286 1616 lutem
316 1565 640 1619 animarum
662 1582 871 1621 eorum.
901 1568 1251 1640 Undejungit
1274 1581 1328 1624 et
1364 1573 1494 1625 dicit
1527 1590 1541 1626 :
1579 1572 1707 1625 Noli

137 1656 324 1718 timere,
352 1673 455 1723 ego
492 1667 663 1711 tecum
695 1677 835 1724 sum,
879 1662 972 1729 qui
1001 1662 1156 1717 vobis
1205 1664 1255 1717 in
1299 1662 1591 1732 Evangelia
1628 1665 1707 1718 lo-

140 1761 259 1812 quor
288 1764 303 1799 :
338 1746 479 1802 Ecce
518 1751 787 1806 uobiscum
821 1768 938 1806 sum
968 1755 1207 1808 omnibus
1235 1756 1417 1807 diebus
1445 1772 1606 1825 usque
1638 1756 1710 1808 ad

139 1840 635 1894 consummationem
691 1844 872 1896 sa'cttli
924 1842 1144 1914 (Matth.
1198 1862 1386 1909 xxvnt.
1451 1845 1565 1913 20).
1622 1848 1704 1904 Ab

141 1925 342 1982 Oriente
372 1931 526 1984 enim
562 1941 618 1986 et
662 1933 728 1986 ab
759 1931 1053 1989 Oct-idente
1084 1935 1352 1992 adducam
1385 1938 1525 1992 filios
1558 1949 1701 2004 tuos,

143 2019 221 2086 qui
271 2024 629 2090 requiescant
674 2025 729 2078 in
775 2027 897 2080 sinu
942 2027 1237 2096 Abraham,
1285 2037 1340 2083 et
1386 2032 1452 2085 de
1495 2033 1706 2088 cunctis

145 2113 309 2167 mundi
332 2115 596 2183 partibus
623 2117 853 2172 liliornm
878 2134 1120 2174 meorum
1144 2130 1199 2174 et
1217 2120 1448 2175 filiarum
1476 2124 1705 2192 populus

143 2208 567 2276 congregabitnr,
611 2210 700 2279 qui
745 2210 827 2264 vel
870 2209 1127 2266 invocent
1155 2229 1350 2266 nomen
1396 2202 1703 2277 meum..vel

145 2314 249 2352 tneo
274 2310 547 2355 vocentur
582 2304 821 2368 nomine,
857 2312 915 2354 ut
944 2304 1285 2372 appellentur
1317 2304 1611 2358 Christiani
1650 2308 1702 2359 in

145 2395 346 2460 gloriam
392 2394 701 2448 conditoris
746 2397 852 2451 sui.
896 2396 1161 2463 Quodque
1194 2403 1441 2465 sequitur
1498 2417 1512 2453 :
1558 2398 1705 2453 biduo

151 2483 274 2549 [oras
304 2485 561 2552 pupulum
587 2501 804 2549 cweum,
838 2496 886 2538 et
913 2488 1091 2540 oculos
1114 2488 1384 2541 habentem
1407 2504 1426 2552 ,'
1461 2490 1702 2553 surdum,

149 2586 190 2632 et
207 2593 356 2631 aures
378 2579 426 2631 ei
448 2588 599 2641 sunt,
625 2579 777 2633 multi
800 2590 989 2649 putant
1008 2580 1110 2633 dici
1137 2581 1202 2632 de
1224 2581 1417 2649 populo
1434 2582 1705 2651 gentium,

150 2672 228 2737 qui
256 2687 346 2737 per
376 2671 752 2739 apostolorum
787 2673 1089 2726 doctrinam
1121 2672 1312 2726 audire
1341 2686 1627 2740 cteperunt
1654 2686 1708 2730 et

150 2761 331 2815 videre.
366 2761 475 2817 Sed
512 2777 609 2815 nos
633 2764 795 2817 etiam
831 2764 945 2818 lues
970 2762 1039 2816 de
1070 2764 1317 2831 disperso
1345 2765 1708 2835 intelligamus

152 2850 313 2914 Israel,
350 2855 444 2922 qui
500 2862 727 2908 vocatus
772 2857 843 2909 sit
911 2870 1006 2923 per
1060 2856 1355 2923 Apostolos’
1394 2858 1706 2925 primusque

155 2944 450 3010 crediderit;
498 2929 692 3013 quibus
725 2946 961 3015 loquitur
1007 2958 1059 3001 et
1094 2945 1295 3001 Paulus
1335 2967 1348 3001 :
1395 2946 1547 3001 Vobis
1597 2951 1709 3017 pri-

156 3052 273 3089 tntntt
309 3041 545 3105 oportuit
586 3040 869 3104 pradica’ri
913 3057 1203 3094 sermonem
1251 3041 1345 3095 Dei
1392 3041 1537 3112 (Act.
1584 3059 1703 3105 xttt,

1821 566 1997 631 Dens;
2023 576 2071 619 et
2096 584 2221 632 puer
2241 584 2392 638 quem
2418 568 2571 639 elegi,
2595 570 2812 626 dicente
2838 574 2941 627 hnc
2967 574 3142 643 ipsum
3175 575 3400 629 Domino

1817 658 1871 713 in
1916 657 2255 729 Evangelia:
2313 659 2550 715 Duorum
2598 663 2866 718 hominum
2908 668 3265 721 testimonium
3315 683 3402 720 νε-
3442 734 3445 737 _

1817 767 1935 804 rum
1963 761 2060 806 est.
2093 751 2201 821 Ego
2230 769 2347 807 sum
2390 756 2481 823 qui
2521 757 2881 811 testimonium
2917 759 3161 824 perhibeo
3201 760 3264 812 de
3294 776 3393 822 me,

1815 851 1863 895 et
1908 844 2000 910 qui
2042 845 2185 897 misit
2235 861 2315 899 me
2351 842 2515 900 Pater
2547 845 2729 912 (Joan.
2767 864 2888 915 vm,
2923 850 3010 914 I7,
3048 849 3161 919 I8).
3210 842 3301 904 Sic
3346 860 3398 903 et

1816 935 1882 986 de
1928 935 2215 991 divinitate
2249 936 2390 991 illius
2422 937 2767 994 sentiendum
2799 949 2902 1004 est,
2935 940 3076 1010 quod
3113 940 3294 995 nullus
3326 939 3397 995 sit

1817 1025 1977 1090 Dens,
2011 1026 2114 1083 nisi
2146 1029 2261 1097 ipse
2289 1030 2380 1098 qui
2412 1030 2670 1099 loquitur,
2703 1042 2758 1085 et
2789 1046 2922 1099 puer
2956 1030 3070 1098 ejus
3100 1047 3259 1100 quem
3290 1031 3399 1083 ele-

1814 1119 1910 1189 git.
1945 1118 2280 1189 Pulchreque
2315 1131 2512 1189 praeter
2560 1120 2729 1175 Deum
2778 1121 2987 1175 Patrem
3029 1121 3167 1175 alter
3212 1121 3394 1175 nullus

1813 1218 1898 1263 est
1928 1209 2093 1274 Deus,
2150 1210 2274 1277 quia
2319 1210 2576 1267 Christus
2601 1211 2697 1266 Dei
2744 1218 2917 1265 virtus
2960 1220 3064 1276 est,
3094 1219 3149 1265 et
3178 1210 3271 1264 Dei
3305 1226 3394 1265 sa-

1813 1304 2016 1369 pientia
2049 1298 2329 1373 (10013.1),
2355 1304 2447 1373 qui
2473 1303 2719 1374 loquitur
2746 1304 2801 1358 in
2829 1304 3119 1374 Evangelia
3148 1308 3164 1357 ε
3199 1302 3310 1371 Ego
3342 1302 3395 1357 in

1810 1392 1973 1447 Patre
2000 1433 2016 1458 ,
2074 1402 2124 1447 et
2174 1392 2340 1447 Pater
2376 1394 2432 1447 in
2483 1411 2564 1449 me
2611 1403 2691 1450 est
2726 1393 2914 1465 (Joan.
2948 1411 3058 1461 inv,
3096 1395 3211 1465 II).
3245 1396 3399 1449 Sicut

1811 1484 1958 1539 enim
1992 1501 2132 1540 unus
2166 1484 2418 1540 Christus
2460 1486 2722 1540 Dominus
2768 1502 2872 1540 non
2921 1486 3101 1541 aufert
3144 1480 3291 1540 Patri
3330 1503 3398 1541 ne

1812 1573 2073 1629 Dominus
2099 1575 2212 1638 sit;
2240 1573 2321 1628 sic
2351 1589 2486 1628 unus
2520 1574 2661 1628 Deus
2688 1575 2847 1628 Pater
2902 1586 3006 1629 non
3045 1570 3224 1628 aufett
3258 1572 3397 1627 Filio

1815 1680 1881 1719 ne
1909 1666 2053 1720 Deus
2082 1666 2151 1717 sit
2184 1680 2199 1718 :
2232 1666 2325 1734 qui
2357 1667 2412 1719 in
2441 1666 2698 1734 principio
2733 1674 2847 1720 erat
2890 1664 3136 1729 Verbum,
3170 1675 3218 1719 et
3261 1664 3391 1719 Ver-

1813 1754 1935 1809 bum
1961 1765 2073 1809 erat
2103 1757 2245 1825 apud
2271 1755 2458 1822 Deum,
2483 1766 2533 1810 et
2563 1755 2699 1810 Deus
2718 1766 2828 1810 erat
2863 1754 3087 1809 Verbum
3114 1772 3132 1809 :
3158 1756 3251 1808 hoc
3275 1765 3394 1809 erat

1813 1848 1869 1900 in
1911 1847 2164 1915 principio
2198 1847 2338 1914 apud
2390 1845 2551 1899 Deum
2596 1844 2780 1915 (Ioan.
2828 1861 2866 1911 ι,
2914 1845 2968 1913 1,
3003 1845 3084 1910 2).
3133 1843 3393 1913 Quodque

1813 1937 2057 2002 sequitur
2091 1940 2105 1986 ε
2145 1933 2210 1989 Et
2254 1952 2358 1989 non
2395 1945 2472 1989 est
2513 1936 2707 2004 absque
2738 1951 2819 1989 me
2852 1924 3123 1999 Saluator,
3157 1936 3395 1989 ostendit

1815 2029 1869 2083 in
1900 2028 2060 2082 Patre
2088 2026 2283 2082 Filium
2314 2038 2512 2081 cuncta
2545 2029 2777 2083 salvare.
2819 2027 2896 2082 De
2940 2041 3047 2098 quo
3089 2027 3228 2082 idem
3265 2042 3394 2095 pro-

1812 2119 1973 2188 pheta
1999 2129 2227 2172 testatur
2256 2137 2270 2173 :
2301 2120 2372 2174 Et
2392 2118 2623 2173 dimittet
2647 2119 2721 2174 eis
2753 2117 3013 2174 Dominus
3040 2117 3393 2181 Saluatorem,

1813 2215 1903 2282 qui
1920 2211 2093 2265 salvos
2111 2228 2197 2265 eos
2222 2212 2380 2284 faciet
2405 2210 2547 2283 (Isa.
2579 2227 2696 2275 xtx,
2721 2211 2839 2276 20).
2867 2210 3056 2282 Neque
3078 2214 3220 2266 enim
3253 2211 3396 2265 Deus

1813 2306 2033 2374 sapiens
2063 2312 2118 2357 et
2154 2304 2331 2369 fortis,
2366 2306 2486 2357 sine
2512 2318 2611 2357 sua
2652 2311 2829 2372 potest
2859 2314 2981 2362 esse
3015 2302 3279 2373 sapientia
3313 2310 3397 2356 at-

1813 2413 1919 2465 que
1947 2396 2164 2451 virtute.
2193 2394 2327 2451 Cum
2353 2409 2484 2462 ergo
2506 2395 2573 2449 ab
2602 2393 2755 2449 initio
2781 2408 2882 2465 ego
2910 2394 3025 2449 haec
3050 2393 3229 2449 futura
3255 2410 3394 2465 prte-

1813 2488 2067 2552 dixerim,
2092 2485 2391 2541 nulluserit
2411 2486 2500 2554 qui
2528 2484 3163 2541 mererenuatvoluntati
3212 2498 3229 2538 :
3285 2485 3395 2538 imo

1813 2596 1935 2650 quae
1964 2594 2064 2648 ego
2096 2579 2300 2642 fecero,
2333 2587 2521 2648 posset
2550 2579 2702 2633 irrita
2737 2577 2938 2632 facere.
2966 2575 3103 2631 Haec
3142 2578 3394 2631 dicuntur

1815 2674 2028 2739 quidem
2053 2673 2119 2726 ad
2142 2669 2309 2726 Iacob
2330 2679 2385 2725 et
2414 2668 2602 2735 Israel,
2625 2672 2718 2725 sed
2743 2668 3055 2724 referuntur
3082 2669 3149 2723 ad
3180 2677 3395 2737 aposto—

1815 2766 1975 2820 licum
2007 2766 2233 2819 chorum
2264 2771 2319 2818 et
2347 2776 2537 2817 omnes
2593 2760 2684 2830 qui
2734 2763 2800 2817 de
2848 2760 3051 2831 popqu
3078 2759 3389 2815 Iudaeorum

1813 2856 1867 2911 in
1900 2856 2173 2910 Christum
2206 2853 2475 2909 voluerint
2508 2854 2759 2908 credere.

1885 2948 2064 3019 (Vers.
2089 2946 2197 3018 II.)
2228 2965 2247 2997 ι
2274 2944 2399 3019 Haec
2416 2946 2549 3001 dicit
2570 2946 2836 3002 Dominus
2857 2946 3173 3016 redemptor
3192 2954 3391 3012 vester,

1816 3039 2048 3093 Sanctus
2081 3028 2277 3093 Israel.
2322 3037 2553 3101 Propter
2581 3052 2681 3093 vos
2720 3038 2840 3092 misi
2875 3038 2928 3092 in
2955 3036 3300 3108 Babylonem,
3339 3049 3395 3090 et

156 3124 249 3191 Ili).
274 3126 335 3182 Et
358 3130 478 3198 ipse
507 3128 776 3183 Dominus
800 3130 853 3182 in
883 3127 1176 3197 Evangelia
1206 3149 1220 3186 :
1247 3131 1326 3185 Ite
1354 3133 1426 3186 ad
1454 3149 1569 3187 oues
1593 3148 1710 3201 per-
1736 3138 1784 3207 (ζ
1816 3130 2022 3187 detraxi
2071 3138 2255 3183 vectes
2301 3131 2607 3194 universos,
2648 3137 2705 3184 et
2746 3128 3032 3183 Chaldaeos
3065 3128 3116 3179 in
3167 3126 3396 3181 navibus

159 3218 275 3270 dites
298 3220 487 3273 doetus
517 3218 689 3275 Israel
714 3220 935 3291 (Matth.
962 3238 1017 3283 χ,
1045 3220 1122 3283 6).
1157 3218 1399 3291 Denique
1418 3225 1662 3292 sequitur
1692 3242 1707 3279 :

164 3303 325 3362 Omnes
350 3320 532 3377 gentes
556 3323 886 3381 congregata:
916 3323 1039 3366 sunt
1063 3314 1246 3378 simul,
1266 3322 1314 3367 et
1337 3313 1568 3369 collech
1588 3323 1710 3370 sunt

162 3400 314 3465 tribus,
348 3404 539 3468 idest,
578 3417 702 3456 cum
740 3403 936 3473 p0pulo
966 3406 1058 3471 qui
1105 3404 1339 3459 credidit
1378 3421 1441 3460 ex
1485 3404 1707 3475 Iudaeis,

165 3499 208 3541 nt
245 3494 428 3564 duplex
464 3497 703 3556 vocatio.
737 3496 829 3561 sit,
867 3496 1302 3552 circumcisionis
1346 3506 1399 3550 et
1436 3498 1707 3566 prmputii.

164 3581 287 3644 Quod
327 3597 510 3642 autem
560 3588 778 3651 dicitur,
816 3587 987 3650 Educ,
1030 3588 1098 3642 ad
1136 3587 1335 3641 Filium
1380 3602 1561 3643 sermo
1604 3595 1706 3642 est.

168 3673 285 3740 Sive,
327 3678 486 3746 juxta
537 3677 698 3745 LXX,
742 3677 903 3733 Pater
955 3678 1022 3734 de
1068 3676 1208 3732 Filio
1260 3680 1520 3749 loquitur,
1567 3677 1715 3749 quod

164 3769 375 3823 eduxerit
404 3771 671 3838 populum
704 3785 861 3826 suum
899 3785 1105 3825 caecum
1134 3778 1184 3825 et
1219 3770 1466 3837 surdum,
1496 3779 1549 3825 et
1575 3782 1713 3841 gen-

168 3858 283 3914 tibus
322 3860 611 3932 copularit,
647 3869 703 3915 et
736 3860 929 3915 fecerit
999 3876 1066 3914 ex
1102 3860 1182 3916 eis
1213 3860 1411 3916 multos
1453 3858 1711 3918 Ecclesia

164 3949 422 4020 principes.
472 3951 638 4022 518
678 3950 1016 4021 Miraturque
1051 3952 1314 4020 propheta
1350 3952 1495 4022 quod
1529 3952 1711 4008 nullus

169 4039 210 4091 in
237 4043 471 4105 gentibus
501 4044 615 4096 haec
649 4043 902 4112 praescire
946 4042 1213 4111 potuerit,
1261 4057 1359 4097 nec
1412 4044 1503 4098 Dei
1550 4058 1711 4100 nosse

168 4133 391 4202 consilia;
417 4135 515 4190 sed
551 4145 759 4189 tantum
794 4135 1021 4204 populus
1051 4135 1168 4204 ejus
1194 4135 1285 4200 qni
1317 4134 1516 4207 Legem
1550 4150 1711 4192 acce-

171 4223 299 4287 perit,
325 4240 375 4280 et
402 4228 702 4297 prephetas
729 4226 985 4281 habuerit
1018 4230 1032 4278 ε
1073 4225 1247 4280 Notus
1272 4228 1416 4280 enim
1441 4228 1494 4279 in
1516 4224 1710 4282 Judtea

172 4311 309 4382 Deus,-
330 4320 378 4373 in
402 4317 579 4373 Israel
603 4333 848 4388 magnum
874 4334 1059 4372 nomen
1092 4318 1208 4386 ejus
1239 4316 1413 4389 (Psal.
1438 4328 1600 4385 Lxxv,
1631 4319 1709 4387 Ξῖ,

174 4404 272 4461 Sive
298 4409 404 4479 ipse
443 4413 586 4465 Deus
616 4410 772 4464 testis
805 4425 1027 4465 suorum
1060 4426 1371 4466 sermonum
1407 4413 1477 4466 sit
1528 4421 1583 4467 et
1616 4426 1714 4482 pa-

1814 3224 1931 3279 suis
1956 3220 2256 3291 gloriantes
2290 3236 2306 3273 :
2340 3238 2442 3290 ego
2470 3222 2734 3276 Dominus
2768 3228 2991 3274 sanctus
3018 3217 3182 3291 519
3215 3228 3395 3273 vester

1814 3328 2031 3377 creans,
2062 3309 2228 3366 Israel
2272 3326 2367 3366 rex
2414 3322 2612 3366 vester.
2653 3329 2673 3361 ι
2711 3307 2851 3364 LXX
2892 3322 2908 3364 :
2947 3327 2966 3361 ι
3004 3306 3096 3364 Sic
3124 3310 3254 3363 dicit
3286 3310 3391 3362 Do-

1812 3405 1991 3458 minus
2025 3402 2186 3469 Deus,
2220 3404 2310 3472 qui
2344 3402 2573 3456 redemit
2620 3416 2715 3456 vos
2747 3398 2980 3456 Sanctus
3012 3400 3172 3454 Israel
3204 3413 3220 3452 :
3260 3399 3395 3454 Pro-

1813 3508 1931 3567 pter
1958 3512 2053 3552 vos
2091 3497 2301 3551 mittam
2330 3495 2382 3549 In
2417 3493 2767 3566 Babylonem,
2797 3503 2852 3549 et
2873 3493 3154 3548 suscitabo
3185 3493 3396 3562 fugien-

1813 3597 1897 3642 tes
1924 3589 2231 3651 universos,
2255 3595 2309 3641 et
2333 3584 2570 3641 Chaldaei
2596 3585 2649 3638 in
2675 3587 2899 3639 navibus
2920 3585 3253 3639 vincientur.
3281 3583 3394 3654 Ego

1812 3676 2076 3734 Dominus
2120 3678 2262 3734 Deus
2306 3686 2524 3733 sanctus
2574 3677 2761 3741 Israel,
2808 3678 2901 3746 qui
2952 3676 3166 3732 ostendi
3223 3676 3393 3731 Israel

1814 3784 1992 3839 regem
2029 3779 2296 3825 vestrum.
2326 3786 2346 3821 ι
2377 3764 2539 3823 Juxta
2564 3766 2890 3824 I‘Iebralcmn
2925 3768 3103 3823 adhuc
3129 3769 3195 3823 ad
3218 3767 3391 3823 Israel

1812 3863 2165 3931 propheticus
2187 3874 2368 3916 sermo
2396 3861 2669 3931 dirigitur,
2696 3860 2843 3930 quod
2868 3862 3177 3929 redemptor
3199 3874 3391 3915 eorum

1810 3948 2075 4008 Dominus
2102 3962 2157 4008 et
2191 3953 2424 4008 Sanctus
2448 3951 2635 4017 Israel,
2657 3952 2773 4006 haec
2805 3950 2872 4005 ad
2904 3966 3000 4007 eos
3029 3950 3239 4007 loeutus
3271 3953 3344 4007 sit
3373 3971 3395 4005 ε’

1810 4044 2042 4116 Propter
2090 4060 2187 4103 vos
2236 4044 2328 4114 qui
2390 4058 2601 4099 mecum
2646 4042 2997 4113 Evangelium
3042 4045 3387 4112 prmdicatis,

1812 4143 2006 4213 quibus
2038 4152 2201 4210 supra
2237 4138 2346 4193 dixi
2378 4153 2394 4191 :
2424 4134 2553 4191 Noli
2580 4136 2784 4202 timere,
2814 4136 3063 4206 quoniam
3094 4150 3188 4206 ego
3223 4146 3389 4190 tecum

1812 4252 1949 4297 sum,
1994 4233 2083 4301 qui
2129 4230 2262 4287 estis
2316 4235 2485 4285 testes
2523 4228 2818 4283 voluntatis
2866 4240 3021 4293 mete,
3066 4237 3121 4282 et
3163 4242 3390 4297 puerum

1816 4341 1991 4380 meum
2028 4324 2258 4377 alterum
2302 4328 2494 4375 testem
2540 4318 2745 4374 mundo
2790 4319 3072 4374 incredqu
3108 4321 3391 4384 nuntiatis,

1816 4414 1939 4470 misi
1968 4410 2170 4467 Filium
2218 4425 2395 4465 meum
2443 4410 2496 4464 in
2542 4408 2869 4480 Babylonem
2912 4418 2969 4465 et
3014 4409 3390 4465 confusionem

174 4510 330 4585 Irator,
368 4514 423 4560 et
457 4520 591 4575 puer
626 4504 748 4572 eius
793 4518 875 4562 ac.
900 4518 1091 4559 servus
1139 4519 1299 4575 quem
1337 4506 1523 4576 elegit.
1559 4504 1707 4559 IIaud
1743 4484 1784 4540 θ
1816 4508 1974 4576 hujus
1999 4503 2206 4561 saeculi.
2236 4502 2299 4558 Et
2322 4501 2533 4558 detraxi
2556 4516 2747 4558 omnes
2790 4510 2974 4558 vectes
2999 4503 3136 4573 ejus.
3162 4503 3255 4571 qui
3287 4502 3392 4557 lle-

174 4588 351 4648 dubiutn
372 4597 505 4668 quin
532 4595 814 4651 Christum
839 4594 1134 4664 signiﬁcet.
1159 4595 1247 4650 cui
1272 4605 1325 4651 et
1351 4610 1515 4666 supra
1541 4596 1709 4652 dicit.‘

174 4681 383 4754 "agnum
430 4690 522 4743 tibi
569 4700 643 4744 est
686 4691 862 4743 uocari
907 4699 955 4741 te
1006 4704 1221 4756 puerum
1258 4705 1449 4743 meum.
1494 4688 1562 4743 Et
1602 4688 1715 4743 haec

176 4780 316 4831 omnis
344 4782 495 4844 ﬁent,
521 4792 582 4835 ut
604 4782 807 4836 veritas
835 4784 1038 4835 mundo
1060 4782 1408 4849 praediCetur,
1437 4795 1490 4837 et
1513 4785 1709 4848 sciant,

174 4876 215 4918 ct
236 4874 455 4937 credam,
486 4884 542 4928 et
569 4874 891 4942 intelligant,
920 4889 1149 4942 quorum
1188 4889 1343 4929 mens
1379 4875 1529 4944 prius
1552 4874 1709 4929 bruta

176 4970 332 5013 eratet
362 4964 715 5029 insensibilis,
748 4964 891 5033 quod
928 4975 1127 5034 przeter
1161 4981 1326 5018 unum
1368 4965 1555 5031 Deum,
1587 4966 1712 5019 unl-

179 5046 244 5103 lus
266 5054 391 5111 alius
422 5056 563 5112 Deus
588 5057 675 5121 sit,
705 5071 809 5110 nec
835 5065 981 5122 ante,
1008 5071 1105 5110 nec
1129 5066 1338 5125 postea.
1362 5052 1547 5123 Neque
1566 5054 1710 5109 enim

183 5148 442 5212 temporum
497 5150 747 5202 conditor
795 5149 957 5203 habet
1009 5147 1299 5216 aliquando
1362 5147 1709 5216 principium,

181 5242 275 5284 Cum
307 5236 397 5292 hoc
440 5238 641 5308 ipsum,
676 5240 984 5308 aliquando,
1022 5241 1094 5293 sit
1138 5240 1417 5309 temporis.
1469 5238 1531 5292 Et
1575 5254 1710 5308 (μισ-

240 5433 412 5510 '_Qnod
432 5457 627 5495 nomen
646 5442 882 5510 positum
913 5452 995 5495 est
1020 5459 1048 5495 a
1075 5440 1237 5496 LXX.
1266 5441 1534 5493 (lu-ternm
1562 5438 1706 5503 paria

189 5499 374 5579 “(Saba
403 5511 458 5565 in
494 5499 875 5579 Itnnc'qnoqtte
906 5513 1080 5566 locum
1118 5513 1380 5564 Eusebius
1407 5499 1648 5562 dissctil.

236 5571 255 5604 ⁸
287 5572 534 5651 Nonnulla
570 5571 767 5651 hac-de
790 5571 1113 5651 i-tymolngia
1147 5582 1380 5634 diximus
1412 5582 1476 5630 ad
1513 5579 1707 5632 librum

187 5634 428 5718 Monum
464 5665 526 5703 ex
558 5648 758 5706 Genesi
793 5666 808 5718 ;
845 5642 898 5703 iit
933 5634 1059 5705 vcrii
1107 5653 1240 5704 nihil
1283 5652 1706 5711 dissitnnletnus,

191 5708 270 5765 IaIli
310 5721 550 5772 videntur
599 5708 1028 5787 Plnlu,'aliiqttt:
1080 5721 1464 5774 Ilehraicarntn
1516 5708 1707 5773 vocum

196 5789 359 5843 veteres
383 5790 696 5860 etymologi,
738 5808 802 5848 cx
839 5807 1066 5863 quorum
1114 5791 1435 5847 auctoritate
1480 5787 1703 5845 Hieron.

1814 4600 1996 4654 braice
2053 4596 2391 4666 appellantur
2419 4609 2643 4651 ιιιιειιιηι
2675 4593 2788 4668 [Αι.
2829 4593 3117 4669 barichitn]
3146 4593 3395 4663 D’nm

1813 4701 1867 4744 ct
1898 4702 2033 4760 quos
2065 4687 2368 4744 Theodotio
2394 4687 2560 4757 fortes
2588 4688 2979 4757 interpretatus
3005 4700 3109 4742 est.
3142 4688 3207 4742 Et
3231 4687 3396 4740 Chal-

1814 4783 1980 4844 daeos,
2026 4780 2218 4849 inquit,
2256 4777 2578 4833 subauditur
2623 4778 2733 4832 ἀπὸ
2775 4776 2984 4843 κοινοῦ,
3025 4777 3256 4839 detraxi,
3299 4777 3393 4844 qui

1814 4871 1867 4924 in
1902 4870 2016 4923 suis
2056 4868 2429 4938 gloriabantur
2465 4868 2693 4922 navibus
2728 4883 2744 4922 :
2781 4869 2833 4922 in
2872 4869 2957 4922 his
2989 4868 3261 4931 videlicet,
3293 4870 3390 4936 qui

1815 4962 1990 5016 instar
2020 4962 2237 5014 navium
2271 4961 2414 5014 inter
2446 4960 2583 5014 idola
2619 4959 2983 5015 ﬂuctuabant.
3019 4958 3092 5013 De
3121 4958 3392 5014 Chaldaeis

1815 5055 1993 5109 nullus
2036 5051 2283 5123 ambigil,
2327 5056 2457 5124 quin
2506 5054 2771 5108 diemque:
2813 5052 3085 5108 sonent’.
3126 5051 3237 5121 Ego
3285 5051 3391 5104 Do-

1814 5148 1993 5201 minus
2027 5149 2140 5202 ba'e
2173 5149 2349 5199 futura
2384 5147 2629 5215 pra:d.xi,
2674 5146 2764 5212 qni
2801 5161 2922 5200 sum
2954 5143 3183 5200 Creator
3214 5153 3394 5199 vester

1811 5252 1859 5292 cl
1893 5254 1984 5292 rt-x
2027 5237 2211 5291 Israel.
2247 5238 2419 5291 Porro
2449 5238 2601 5306 juxta
2634 5233 2774 5290 LXX
2804 5238 2975 5291 multo
2995 5236 3131 5291 alter
3156 5247 3239 5291 est
3263 5251 3393 5292 sen-

1815 5437 2073 5503 loquitur,
2107 5445 2359 5504 pntnnlt's
2393 5435 2714 5490 Hebraicum
2750 5435 3003 5491 Clmsdim
3036 5435 3395 5506 componier;

1811 5511 1942 5572 cuph
1979 5509 2150 5559 Ιιῑιιιτςι
2185 5507 2577 5570 siiuilittulinis,
2614 5519 2669 5560 et
2715 5521 2851 5561 voce
2891 5510 3083 5568 sedim,
3125 5505 3248 5572 quae
3279 5505 3393 5559 da:-

1813 5594 1986 5629 mones
2015 5587 2189 5629 sonat.
2224 5574 2461 5629 Chaldaei
2496 5577 2639 5629 enim
2684 5592 2714 5631 a
2760 5577 2971 5632 Chesed
3006 5578 3119 5631 lilio
3148 5574 3389 5640 Naehor,

1809 5648 1967 5714 cujus
1995 5648 2191 5700 ltlcnlit)
2221 5642 2375 5717 Gen._
2395 5660 2548 5711 unt,
2582 5646 2677 5717 20,
2735 5647 2890 5717 quasi
2921 5647 3166 5717 Chasdmi
3199 5648 3384 5714 appel-

1809 5718 1904 5771 lati
1934 5730 2075 5777 sunt,
2110 5735 2131 5770 δ
2161 5717 2331 5768 littera
2365 5715 2417 5768 in
2450 5716 2468 5765 Ι
2498 5721 2564 5772 ad
2596 5715 2788 5787 lingua:
2810 5718 2931 5789 ejus
2957 5716 3232 5788 ingenium
3265 5733 3388 5787 per-

1812 5797 2035 5841 ωυῑιιιδι.
