3952 6180
562 367 666 431 ΗῚ

1734 368 1791 428 S.
1839 366 2153 427 EUSEBII
2192 355 2638 428 HIERONYMI

3719 365 3813 429 448

560 491 653 529 sus
689 491 706 529 ι
742 473 854 544 Ego
891 472 1148 530 Dominus
1205 474 1300 543 qui
1356 481 1408 528 te
1465 474 1532 529 de
1589 474 1850 542 periculis
1895 475 2147 540 liberavi,
2177 479 2226 535 Α
2254 475 2445 530 bestiae
2474 486 2528 531 et
2554 477 2844 541 dracones,
2874 483 2929 532 et
2957 473 3297 530 struthiones
3324 474 3419 546 qui
3447 476 3501 530 in
3538 474 3814 529 solitudine

561 572 617 620 et
636 564 868 618 Sanctus
895 565 1061 617 lsrael
1090 578 1107 629 ;
1138 574 1357 632 propter
1383 578 1476 617 vos
1503 563 1714 618 mittam
1744 564 1796 618 in
1822 564 2145 636 Babylonem

562 671 745 724 regem
801 655 1075 710 Medorum
1132 662 1298 722 atque
1341 655 1663 718 Persarum,
1711 664 1766 709 et
1818 655 2150 710 habitatores

560 749 680 814 ejus
722 747 904 818 fugere
951 746 1144 824 faciam
1183 761 1198 798 :
1240 755 1296 800 et
1328 745 1572 801 Chaldaei
1608 746 1698 814 qui
1736 763 1832 801 vos
1868 758 2147 816 ceperant,

561 839 728 891 vincti
763 854 858 908 per
902 836 1050 892 mare
1096 836 1355 908 Caspium
1399 839 1463 893 ad
1506 849 1693 908 gentes
1736 839 1875 893 alias
1912 838 2149 893 transfe-

561 942 771 984 rentur.
812 930 924 998 Ego
963 931 1223 985 Dominus
1260 933 1371 987 haec
1424 931 1601 986 futura
1639 933 1877 998 decrevi,
1923 934 2020 1003 qui
2062 947 2150 986 os-

561 1022 706 1073 tendi
743 1019 907 1075 Israel
945 1037 1127 1089 regem
1170 1022 1510 1077 credentium
1562 1020 1703 1078 fore.

629 1112 808 1181 (Vers.
846 1113 934 1176 16,
978 1115 1039 1168 Π
1070 1114 1253 1184 seqq.)
1307 1133 1326 1166 ι
1377 1114 1501 1169 Haec
1551 1115 1683 1170 dicit
1722 1114 2007 1181 Dominus,
2053 1114 2145 1184 qui

560 1206 711 1258 dedit
739 1205 790 1258 in
823 1207 956 1260 mari
985 1207 1127 1260 viam
1155 1217 1210 1261 et
1244 1207 1296 1259 in
1328 1206 1485 1276 aquis
1514 1207 1846 1261 torrentibus
1867 1208 2142 1261 semitam.

558 1296 659 1357 Qui
708 1294 897 1348 eduxit
938 1295 1254 1363 quadrigam
1288 1306 1343 1350 et
1379 1313 1601 1365 equum,
1632 1312 1825 1365 agmen
1864 1305 1918 1351 et
1982 1301 2142 1352 robu-

557 1398 706 1440 stum
744 1404 761 1439 :
797 1387 1414 1452 simulobdormierunt,
1440 1402 1540 1441 nec
1570 1400 1890 1457 resurgant;
1924 1390 2142 1444 contriti

559 1488 705 1541 sunt,
741 1479 893 1547 quasi
930 1478 1119 1545 linum,
1157 1480 1411 1534 exstincti
1450 1489 1599 1534 sunt.
1650 1476 1742 1532 Ne‘
1779 1482 2140 1536 memineritis

561 1573 828 1639 priorum,
862 1579 916 1624 et
945 1570 1169 1640 antiqua
1201 1585 1269 1625 ne
1306 1571 1653 1625 intueatnini.
1688 1571 1834 1626 Ecce
1874 1588 1973 1641 ego
2001 1571 2142 1628 facio

557 1677 724 1726 nova,
752 1678 895 1715 nunc
920 1663 1203 1727 orientur;
1238 1663 1425 1731 utique
1453 1664 1797 1733 cognoscetis
1821 1678 1905 1717 ea.
1934 1663 2138 1719 Puuam

556 1756 610 1808 in
645 1756 856 1808 deserto
879 1756 1043 1819 viam,
1070 1763 1122 1809 et
1150 1755 1201 1807 in
1236 1756 1382 1809 invio
1410 1756 1657 1809 flumina.
1683 1755 2022 1811 Gloriﬁcabit
2054 1772 2139 1812 me

2260 560 2505 636 gentium
2556 569 2932 632 morabantur,
2979 576 3034 623 et
3061 566 3383 622 idololatria
3407 568 3688 639 sanguine,
3711 583 3813 621 mo-

2253 676 2485 727 rumque
2518 660 2731 716 feritate
2758 661 3057 715 bestiarum
3082 660 3293 715 similes
3319 668 3500 725 erant,
3526 660 3813 727 glorificent

2253 768 2340 806 tne
2380 752 2537 823 521
2581 760 2744 819 atque
2777 752 3109 807 collaudent.
3169 751 3275 806 Pro
3334 752 3675 814 draconibus,
3717 769 3813 821 quo

2251 846 2400 899 solus
2432 844 2753 907 Theodotio,
2788 854 2847 897 ut
2883 846 2934 897 in
2990 843 3256 899 llebraico
3301 845 3564 913 scriptum
3600 852 3699 906 est,
3732 860 3811 912 ap-

2250 939 2472 1009 pellavit
2523 954 2759 993 'rtmttvtu
2796 937 2910 1012 [ΑΙ.
2949 937 3209 1011 menum]
3264 938 3465 1005 (mm).
3515 935 3701 1002 reliqui
3736 936 3810 989 Si-

2250 1047 2403 1085 renas
2447 1030 2783 1099 interpretati
2832 1038 2980 1092 sunt,
3027 1029 3281 1082 animalia
3329 1036 3666 1098 portentosa.
3708 1043 3809 1096 quae

2248 1123 2393 1177 dulci
2429 1122 2675 1176 carmine
2720 1129 2886 1191 atque
2919 1120 3205 1175 mortifero
3236 1123 3559 1188 navigantes
3586 1119 3807 1189 Scyllmis

2248 1216 2477 1269 canibus
2531 1216 2857 1292 lacerandos
2907 1213 3340 1282 praecipitabant.
3391 1211 3612 1280 Hocque
3656 1213 3809 1279 signi-

2251 1305 2400 1370 fient,
2444 1306 2588 1374 quod
2637 1304 2903 1372 voluptati
2950 1307 3105 1374 prius
3152 1312 3207 1358 et
3252 1303 3485 1357 luxuriae
3527 1302 3714 1366 dediti,
3753 1304 3808 1355 ad

2250 1397 2569 1451 servitutem
2605 1396 2816 1450 Domini
2866 1403 3263 1449 convertantur
3297 1412 3312 1448 :
3346 1393 3475 1447 licet
3521 1393 3709 1446 melius
3748 1396 3809 1445 sit

2247 1491 2513 1544 dracones
2541 1490 2792 1560 intelligi,
2818 1490 2942 1557 quia
2971 1488 3279 1557 junguntur
3303 1497 3353 1539 et
3384 1485 3736 1544 struthiones,
3762 1494 3809 1537 ιιι

2245 1585 2370 1651 quia
2422 1580 2588 1637 semel
2623 1583 2688 1636 de
2723 1581 2914 1635 bestiis
2961 1577 3272 1633 solitudinis
3326 1576 3666 1646 loquebatur,
3714 1575 3809 1629 lucc

2246 1675 2545 1727 animantia
2601 1682 2847 1741 poneret,
2897 1687 3015 1741 quae
3065 1671 3284 1725 deserto
3336 1667 3630 1721 familiaria
3678 1676 3805 1720 sunt.

2245 1766 2571 1821 Laudabunt
2613 1774 2819 1827 autem,
2855 1764 3054 1830 inquit,
3088 1777 3195 1820 me.
3229 1769 3283 1815 et
3317 1759 3697 1831 glorificabunt
3728 1759 3807 1809 be-

556 1845 727 1898 bcstia
763 1845 902 1914 agri,
935 1843 1202 1899 dracones
1231 1854 1285 1899 et
1321 1845 1691 1908 strnthiones;
1749 1846 1874 1914 quia
1916 1846 2037 1899 dedi
2085 1846 2136 1899 in

2247 1859 2361 1912 stizn
2394 1857 2532 1926 agri,
2565 1866 2619 1908 et
2646 1854 2933 1916 dracones,
2966 1863 3018 1905 et
3052 1851 3415 1912 struthiones,
3452 1851 3583 1918 quia
3615 1847 3726 1901 dedi
3760 1847 3805 1899 in

555 1935 775 1989 deserto
811 1950 1002 2004 aquas,
1045 1935 1271 1989 ﬂumina
1318 1936 1370 1989 in
1417 1935 1590 1998 invio,
1629 1945 1687 1989 ut
1720 1936 1907 1989 darem
1956 1946 2137 2005 potum

559 2026 760 2095 pupulo
823 2026 999 2082 electo
1034 2026 1473 2096 meo.vPopulum
1506 2027 1665 2080 istnnt
1700 2027 1928 2080 formavi
1967 2028 2138 2094 mihi;

563 2119 778 2173 laudem
810 2134 984 2172 meam
1024 2119 1343 2173 narrabant.
1384 2138 1403 2171 ι
1448 2117 1591 2173 LXX
1624 2135 1637 2172 :
1679 2137 1698 2169 ι
1736 2119 1871 2185 Quia
1900 2121 1982 2173 sic
2011 2119 2142 2173 dicit

557 2210 841 2275 Dominus,
877 2211 967 2281 qui
999 2211 1092 2266 dat
1129 2210 1185 2264 in
1228 2211 1363 2264 mari
1402 2211 1566 2275 viam,
1598 2220 1651 2265 et
1702 2211 1756 2265 in
1808 2226 1949 2280 aqua
1978 2212 2142 2266 vehe-

559 2304 724 2357 menti
760 2303 1032 2359 semitam.
1071 2302 1235 2374 520
1264 2303 1368 2371 Qui
1398 2303 1582 2358 educit
1610 2319 1825 2369 currus,
1862 2314 1918 2358 et
1948 2319 2136 2374 equos,

559 2405 615 2450 et
665 2396 1068 2451 multitudinem
1114 2396 1577 2451 robustissimam.
1610 2396 1715 2451 Sed
1775 2398 2136 2460 dormierunt,

553 2502 606 2547 et
637 2505 740 2544 non
763 2501 1046 2560 resurgent
1078 2505 1093 2546 ε
1123 2490 1379 2545 exstincti
1409 2490 1713 2559 suntquasi
1743 2490 1912 2544 linum
1931 2492 2139 2544 exstin-

552 2594 724 2640 ctinn.
745 2582 924 2639 Nolite
951 2585 1264 2639 meminisse
1295 2583 1561 2653 priorum,
1591 2593 1646 2638 et
1677 2593 1861 2638 vetera
1888 2599 1955 2637 ne
1983 2598 2138 2637 reco-

553 2677 758 2743 gitetis.
797 2676 935 2732 Ecce
964 2691 1063 2745 ego
1097 2675 1297 2731 faciam
1334 2690 1493 2744 nova,
1528 2692 1649 2746 qua:
1683 2690 1831 2729 nunc
1866 2676 2134 2739 orientur,

553 2777 611 2819 ct
638 2767 985 2836 cognoscetis
1014 2783 1098 2832 ea,
1132 2776 1188 2821 et
1222 2766 1420 2820 faciam
1456 2767 1507 2819 in
1541 2770 1759 2820 deserto
1790 2768 1959 2827 viam,
1997 2774 2050 2820 et
2081 2766 2135 2818 in

553 2858 817 2925 inaquoso
846 2856 1091 2910 ﬂumina.
1127 2856 1464 2910 Beuedicent
1509 2871 1598 2909 me
1653 2856 1840 2911 bestia:
1888 2856 2027 2925 agri,
2059 2855 2138 2909 si-

554 2961 718 3001 renes
765 2955 821 3002 et
867 2945 993 3001 filiae
1039 2947 1433 3010 struthionum,
1479 2947 1608 3015 quia
1652 2947 1772 3001 dedi
1817 2948 1870 3000 in
1918 2947 2135 3002 deserto

555 3051 775 3106 aquam.
802 3045 857 3093 et
907 3036 1127 3092 flumina
1176 3036 1229 3091 in
1274 3037 1564 3105 inaquoso,
1597 3045 1657 3090 ut
1708 3037 1894 3092 bibere
1939 3035 2133 3091 faciam

2245 1954 2460 2004 deserto
2509 1926 2759 2016 ⁸ιιιξιιιίιιιιτι
2813 1961 3003 2014 aquas,
3035 1954 3088 1998 et
3135 1945 3186 1996 in
3236 1942 3491 1998 ariditate
3541 1926 3806 1995 nationum

2242 2038 2490 2105 flumina,
2531 2048 2590 2094 ut
2622 2038 2829 2092 biberet
2861 2035 3087 2105 populus
3118 2049 3290 2093 meus.
3323 2027 3652 2102 quem'elegi
3673 2029 3805 2090 mihi,

2242 2134 2359 2188 sive
2376 2148 2550 2204 genus
2573 2147 2753 2185 meum
2774 2131 3029 2194 electum,
3049 2138 3105 2183 et
3127 2128 3354 2197 populus
3373 2140 3535 2195 quem
3561 2124 3805 2193 acquisivi

2242 2229 2510 2297 sanguine
2542 2238 2685 2287 meo,
2706 2235 2766 2276 ut
2796 2223 2987 2276 laudes
3017 2235 3167 2274 meas
3191 2220 3527 2287 virtutesque
3556 2223 3804 2271 narraret.

2314 2318 2495 2391 (Vers.
2530 2318 2625 2384 22,
2655 2317 2727 2371 25
2758 2314 2938 2384 seqq.)
2972 2334 2991 2365 s
3029 2311 3143 2367 Non
3177 2324 3265 2364 me
3295 2310 3585 2370 iuvocasti,
3615 2307 3800 2369 Iacob;

2243 2429 2345 2469 nec
2368 2413 2631 2467 laborasti
2663 2410 2714 2464 in
2749 2424 2860 2472 me,
2892 2409 3085 2483 Israel,
3108 2404 3227 2459 Non
3256 2402 3505 2457 obtulisti
3531 2400 3664 2455 mihi
3689 2399 3806 2453 aric-

2241 2513 2349 2560 tem
2387 2500 2686 2557 bolocausti
2722 2499 2825 2561 tui,
2857 2508 2911 2552 et
2945 2495 3184 2551 victimis
3219 2493 3329 2547 tuis
3361 2508 3469 2546 non
3505 2488 3803 2560 gloriﬁcasti

2240 2608 2348 2649 me.
2383 2590 2499 2646 Non
2533 2599 2586 2643 te
2631 2589 2839 2645 servire
2875 2587 2974 2643 feci
3007 2587 3060 2642 in
3093 2584 3390 2647 oblatione,
3434 2600 3540 2638 nec
3587 2583 3801 2636 laborem

2241 2686 2336 2741 tibi
2364 2684 2566 2754 praebui
2602 2684 2655 2737 in
2692 2684 2875 2737 thure.
2900 2679 3020 2734 Non
3045 2678 3229 2734 emisti
3262 2677 3396 2732 mihi
3428 2689 3653 2747 argento
3679 2675 3805 2728 cala-

2239 2794 2410 2838 mum.
2442 2785 2499 2832 et
2528 2776 2684 2845 adipe
2715 2775 3060 2831 victimarum
3105 2782 3325 2826 tuarum
3375 2786 3481 2823 non
3539 2766 3805 2823 inebriain

2239 2871 2748 2928 me.Verumtamen
2775 2869 2985 2924 servire
3004 2881 3092 2921 me
3116 2865 3292 2919 fecisti
3324 2864 3375 2915 in
3405 2862 3641 2932 peccatis
3675 2861 3806 2915 tuis:

2237 2964 2514 3034 praebuisti
2571 2962 2707 3016 mihi
2762 2961 3002 3015 laborem
3056 2958 3109 3012 in
3176 2954 3560 3024 iniquitatibus
3611 2952 3735 3006 tuis.
3786 2969 3801 2999 ι

2237 3056 2380 3112 LXX
2419 3075 2480 3112 ;ι
2520 3053 2638 3109 Non
2669 3069 2811 3106 tumc
2845 3050 3029 3106 vocavi
3054 3062 3124 3112 te,
3149 3046 3337 3115 Jacob,
3370 3061 3552 3113 neque
3581 3044 3809 3099 laborare

558 3144 732 3199 genus
758 3144 935 3183 meum
959 3129 1216 3195 electum,
1246 3130 1503 3200 populum
1532 3144 1732 3193 meum,
1758 3145 1917 3197 quem
1947 3122 2134 3199 acqtti-
2166 3174 2209 3230 ί,
2243 3160 2296 3204 ιθ
2332 3150 2457 3213 τυσξ.
2500 3146 2689 3203 “uel.
2722 3143 2839 3199 Non
2886 3142 3115 3197 ειιυιῑειί
3168 3141 3301 3195 mihi
3338 3155 3471 3195 ονεε
3519 3134 3806 3193 bolocausti

558 3220 685 3283 sivi,
721 3230 778 3274 ut
808 3221 1042 3275 virtutes
1073 3236 1219 3274 meas
1251 3231 1458 3275 narret.
1508 3241 1526 3272 ι
1610 3221 1870 3275 Dominus
1911 3222 2000 3288 qui
2043 3226 2136 3274 de-

556 3312 762 3366 struxit
780 3320 833 3366 et
852 3312 1052 3381 abiecit
1067 3311 1420 3383 Babylonem,
1439 3322 1493 3367 et
1513 3313 1840 3369 fortissimos
1856 3314 1997 3369 illius
2015 3314 2146 3369 dex-

561 3405 730 3459 traxit
761 3405 829 3459 de
863 3406 1103 3472 potentia
1134 3420 1436 3474 omnesque
1468 3404 1749 3462 Chaldaeos
1794 3408 1888 3477 qui
1925 3408 1977 3461 in
2046 3408 2147 3461 flu-

561 3497 744 3553 ctlbus
771 3496 935 3566 hujus
980 3497 1163 3552 smculi
1207 3497 1439 3552 feliciter
1474 3498 1824 3568 navigabant,
1861 3500 1992 3555 fecit
2024 3516 2145 3556 esse

563 3589 809 3659 captivos
850 3606 867 3645 :
922 3590 1038 3659 ipse
1081 3590 1136 3645 in
1176 3592 1332 3659 aquis
1369 3591 1707 3646 torrentibus
1750 3595 1920 3648 maris
1968 3594 2141 3649 Rubri

567 3683 770 3752 reperit
803 3682 969 3745 viam,
1004 3691 1063 3737 ut
1094 3684 1355 3737 transiret
1388 3683 1616 3753 populus
1653 3684 1773 3754 ejus
1812 3684 1880 3739 de
1907 3684 2145 3758 Egypto

561 3779 846 3833 liberatus.
883 3773 1013 3831 Sive
1041 3777 1135 3846 qui
1166 3777 1316 3832 dedit
1345 3778 1399 3831 in
1433 3776 1568 3832 mari
1604 3777 1791 3833 Rubro
1822 3781 1997 3841 viam,
2033 3783 2143 3849 ipse

560 3881 619 3926 et
648 3871 702 3926 in
737 3870 895 3941 aquis
923 3869 1259 3925 torrentibus
1284 3867 1537 3926 Jordanis
1567 3870 1714 3925 ﬂuvii
1748 3873 1949 3940 reperit
1981 3873 2145 3928 semi-

560 3972 696 4029 tam,
732 3974 789 4016 ιιι
819 3973 873 4019 et
907 3964 1149 4033 egressio
1182 3977 1247 4017 ex
1282 3961 1545 4033 Egypto,
1573 3973 1632 4017 et
1664 3963 1922 4019 introitus
1950 3966 2004 4020 in
2037 3975 2144 4020 ter-

563 4070 677 4109 ram
713 4052 1152 4121 repromissionis
1180 4052 1405 4107 haberet
1437 4052 1780 4107 miraculum.
1807 4053 1927 4125 Ipse
1948 4071 2144 4112 currus

559 4154 615 4199 et
646 4159 816 4213 equos
844 4153 899 4199 et
924 4157 1142 4198 omnem
1199 4143 1503 4198 exercitum
1555 4144 1858 4199 Pharaonis
1880 4145 2144 4201 demersit

564 4238 618 4289 iit
670 4235 1019 4304 prolundutn,
1064 4235 1159 4305 qui
1214 4234 1560 4290 dormierunt
1612 4251 1803 4291 somno
1853 4248 2140 4309 perpetuo.

563 4326 797 4383 (Ioutriti
823 4338 951 4381 sunt
975 4337 1031 4381 et
1055 4327 1333 4393 exstincti,
1356 4328 1511 4397 quasi
1534 4328 1703 4382 linum
1735 4328 1788 4383 in
1823 4330 1973 4385 brevi
2007 4340 2146 4384 tum-

563 4422 709 4488 poris
741 4418 940 4487 spatio,
976 4430 1033 4474 et
1074 4418 1128 4473 in
1173 4430 1376 4487 puncto
1412 4428 1578 4487 atque
1609 4433 1904 4477 momento.
1944 4421 2138 4476 Limtm

2250 3239 2323 3295 tul
2358 3259 2371 3294 :
2406 3255 2579 3310 neque
2621 3240 2674 3292 iu
2708 3236 2948 3292 victimis
2983 3234 3091 3289 tuis
3129 3232 3491 3304 magnificasti
3537 3246 3623 3284 me
3666 3248 3680 3282 :
3723 3243 3807 3281 nec

2253 3336 2462 3390 servire
2507 3343 2560 3388 te
2589 3330 2692 3387 feci
2725 3332 2779 3386 in
2821 3330 3037 3394 hostiis,
3078 3342 3179 3381 nec
3209 3327 3455 3382 laborem
3493 3326 3588 3379 tibi
3625 3321 3804 3394 pmlini

2248 3430 2302 3483 in
2353 3426 2532 3491 thure,
2576 3440 2675 3479 nec
2721 3421 2900 3478 emisti
2941 3420 3071 3474 mihi
3106 3428 3333 3489 argento
3375 3418 3691 3488 thymiama,
3722 3429 3805 3465 nec

2247 3517 2462 3586 adipem
2490 3514 2795 3569 bosﬁarum
2826 3523 3039 3567 tuarum
3067 3508 3383 3578 concupivi,
3416 3506 3512 3562 sed
3543 3506 3595 3561 in
3628 3519 3805 3572 pecca-

2248 3612 2318 3666 tis
2353 3613 2459 3667 tuis
2491 3607 2707 3664 defendi
2740 3617 2815 3670 te,
2843 3617 2898 3659 et
2924 3604 2977 3658 in
3003 3601 3386 3672 iniquitatibus
3416 3602 3546 3654 tuis.
3575 3618 3593 3651 ι
3628 3597 3805 3652 Bestiis

2246 3705 2383 3774 agri,
2414 3701 2743 3758 draconibus
2783 3707 2838 3752 et
2868 3694 3279 3752 struthiouibus
3323 3692 3671 3747 laudantibus
3707 3704 3799 3753 tne,

2249 3805 2301 3850 tu
2357 3793 2547 3858 Jacob,
2576 3805 2918 3860 nequaquam
2970 3802 3058 3842 me
3113 3788 3372 3841 invocare
3423 3783 3663 3845 voluisti,
3720 3795 3805 3832 nec

2247 3896 2432 3957 postea
2454 3886 2707 3939 laborare
2742 3878 3443 3951 utpeccatumemcndares
3480 3872 3800 3945 poenitentia.

2245 3974 2398 4043 Quod
2439 3983 2618 4028 autem
2656 3971 2940 4026 arbitraris
2981 3969 3248 4025 obtulisse
3283 3977 3333 4023 te
3370 3967 3501 4022 mihi
3553 3966 3801 4023 victimas,

2245 4080 2299 4125 et
2323 4069 2527 4123 arietes
2562 4065 2899 4127 immolasse,
2926 4062 3070 4118 scias
3099 4076 3195 4116 eos
3225 4076 3253 4113 a
3284 4075 3371 4114 me
3410 4074 3518 4114 non
3540 4073 3667 4113 esse
3695 4072 3803 4110 sus-

2245 4165 2454 4226 ccptos,
2483 4153 2607 4223 quia
2640 4153 2772 4207 mihi
2801 4161 2856 4208 et
2889 4152 3051 4208 idolis
3075 4164 3400 4206 communes
3434 4162 3613 4204 erant.
3644 4148 3803 4202 lllnm-

2244 4265 2350 4320 qne
2377 4264 2598 4303 sensum
2627 4247 2847 4317 repetit,
2880 4246 2946 4299 de
2969 4262 3080 4315 quo
3110 4260 3274 4314 supra
3307 4244 3520 4297 dixerat
3548 4258 3564 4296 :
3600 4239 3665 4295 Ut
3688 4239 3802 4311 quid

2246 4339 2378 4394 mihi
2408 4338 2804 4393 multitudinem
2833 4338 3168 4391 victimarum
3201 4344 3497 4389 vestrarum
3525 4335 3695 4388 .’dicit
3719 4333 3806 4387 Do-

2248 4439 2442 4490 minus.
2474 4434 2670 4488 Pleuus
2715 4450 2830 4487 sum
2863 4432 3173 4484 holocausta
3197 4431 3448 4495 arietum,
3468 4438 3519 4483 et
3553 4427 3703 4495 adipe
3728 4443 3805 4493 ag-

557 4512 699 4565 eoim
753 4513 983 4567 necdum
1022 4511 1145 4581 igne
1193 4520 1528 4580 correptum,
1576 4527 1678 4581 pro
1731 4513 1958 4569 levitate
2008 4518 2139 4570 sub-
2166 4510 2218 4570 D
2256 4541 2467 4589 ηοηιηι,
2512 4535 2561 4578 ει
2599 4524 2915 4604 sanguinem
2962 4529 3238 4575 taurorum
3284 4530 3332 4574 et
3373 4522 3637 4573 hircorum
3680 4516 3799 4571 nolo.

557 4607 773 4660 s:anti:e
810 4607 995 4660 statim
1036 4606 1393 4672 exstinctum,
1437 4606 1492 4660 in
1521 4606 1761 4662 favillam
1803 4609 2139 4667 dissolvitur.

556 4698 729 4766 igitur
757 4697 863 4753 hoc
890 4698 1147 4767 praecipio
1174 4696 1353 4765 vobis,
1389 4707 1448 4753 ut
1474 4698 1618 4753 inter
1643 4699 1795 4770 signa
1832 4716 1951 4756 mea
1979 4713 2143 4772 atque

554 4789 849 4852 miracula,
882 4790 1083 4859 quibus
1116 4789 1355 4862 Babylon
1390 4793 1524 4846 urbs
1552 4793 1930 4859 potentissima
1964 4795 2143 4850 diruta

556 4893 662 4948 est,
688 4895 738 4938 et
771 4885 970 4954 quibus
1002 4890 1055 4938 iu
1095 4885 1236 4939 mari
1270 4883 1457 4939 Rubro
1485 4897 1648 4956 atquc
1680 4886 1918 4941 Iordane
1948 4891 2144 4958 populo

559 4992 684 5032 meo
715 4990 900 5045 aperta
951 4988 1036 5034 est
1077 4979 1189 5044 via,
1220 4994 1561 5049 nequaquam
1605 4981 1970 5036 memineritis
2000 4994 2144 5037 vetc-

546 5080 703 5133 ‘rum,
745 5072 1003 5140 quoniam
1049 5074 1101 5125 in
1138 5070 1432 5141 Evangelio
1463 5072 1634 5126 multo
1667 5088 1788 5126 sum
1823 5076 2024 5141 majora
2059 5073 2143 5129 fa-

557 5176 775 5225 cturus;
806 5179 1042 5232 quorum
1075 5164 1507 5232 comparatione,
1534 5167 1808 5232 praeterita
1858 5164 2010 5219 sileri
2045 5168 2141 5221 de-

562 5256 745 5307 ιδιιίιιιι.
780 5255 1129 5326 Nequaquam
1165 5260 1311 5312 enim
1339 5261 1479 5313 ultra
1529 5261 1582 5313 in
1617 5262 1753 5313 mari
1791 5258 2002 5324 Rubro,
2048 5261 2141 5315 sed

561 5342 614 5394 in
657 5344 875 5395 deserto
909 5347 1075 5399 totius
1108 5346 1293 5401 mundi
1328 5348 1597 5416 reperiam
1635 5348 1800 5404 viam.
1855 5348 1966 5404 Nec
2002 5366 2142 5404 unus

539 5434 778 5511 ⁸ίισιιιὶυε.
829 5434 945 5488 sive
972 5436 1090 5490 fons
1120 5448 1367 5507 erumpet
1392 5439 1459 5493 de
1488 5448 1665 5507 petra,
1698 5443 1791 5494 sed
1833 5441 2004 5494 multa
2042 5441 2143 5496 ilu-

562 5529 735 5591 tttLua,
766 5541 886 5594 qum
929 5544 1034 5582 non
1097 5546 1324 5597 corpora
1355 5542 1414 5586 nt
1462 5533 1634 5602 prius,
1686 5531 1781 5588 scd
1821 5535 2035 5590 animus
2072 5535 2146 5589 si-

562 5621 761 5677 tientes
780 5619 1049 5690 reﬁciant,
1083 5631 1144 5676 ut
1173 5624 1465 5694 impleatur
1515 5624 1645 5679 illud
1686 5626 1830 5692 quod
1869 5641 2030 5691 supra
2070 5627 2147 5681 le-

563 5711 741 5776 gimus
771 5729 785 5767 ε
820 5710 1023 5769 Bibetis
1048 5731 1214 5785 aquas
1240 5717 1304 5771 dc
1322 5717 1554 5786 fontibus
1574 5714 1868 5772 Saluatoris
1889 5719 2026 5787 (cap.
2048 5735 2142 5783 xit,

568 5800 645 5871 5).
679 5802 828 5858 'l'uuc
860 5807 1001 5874 quod
1033 5824 1306 5877 nunquam
1335 5812 1537 5866 factum
1581 5820 1686 5879 cst,
1722 5810 1834 5881 lict,
1860 5822 1917 5865 ιιι
1955 5828 2144 5867 omnes

2243 4616 2429 4687 Neque
2450 4618 2619 4677 enim,
2646 4616 2743 4681 ait,
2768 4616 3067 4685 pretiosum
3089 4630 3119 4667 a
3145 4624 3196 4668 te
3218 4613 3493 4685 quidpiam
3520 4611 3760 4682 requisivi
3789 4650 3801 4663 .

2246 4718 2304 4763 nt
2339 4710 2390 4763 in
2426 4707 2683 4778 parandis
2712 4706 2812 4768 cis,
2845 4707 3095 4761 laborare
3131 4714 3183 4760 te
3216 4705 3473 4758 facerem.
3510 4703 3627 4757 Non
3670 4702 3802 4769 exegi

2244 4816 2274 4853 a
2308 4809 2361 4852 te
2393 4799 2719 4861 oblationes,
2749 4812 2849 4851 nec
2881 4797 3039 4850 thura
3072 4794 3300 4864 quiesivi
3337 4808 3354 4862 ;
3391 4809 3497 4847 non
3533 4793 3802 4847 calamum.

2243 4906 2422 4960 neque
2452 4891 2757 4954 incensum,
2786 4898 2842 4943 et
2871 4890 3084 4943 diversa
3121 4888 3395 4957 pigmenta
3423 4886 3663 4956 generis,
3690 4898 3806 4952 quo.

2249 5000 2365 5037 rum
2408 4982 2571 5053 522
2604 4980 2752 5035 fumo
2783 4981 3083 5036 iuebriares
3118 4995 3202 5033 me
3234 4990 3398 5048 atque
3430 4978 3682 5033 saliares.
3712 4972 3804 5028 Sed

2245 5077 2633 5137 obedientiam,
2668 5090 2789 5144 quae
2820 5084 2898 5129 est
2932 5090 3094 5142 supra
3138 5074 3493 5135 sacrificium,
3559 5082 3615 5127 ct
3658 5067 3806 5124 sacri-

2244 5168 2449 5233 ficium,
2482 5168 2549 5221 de
2580 5182 2686 5237 quo
2721 5167 2774 5220 in
2810 5166 3041 5221 Psalmis
3073 5165 3238 5220 David
3276 5164 3403 5219 dicit
3439 5180 3455 5218 :
3492 5162 3803 5231 Sacri/icium

2245 5260 2356 5315 Deo
2392 5263 2610 5329 spiritus
2643 5248 3086 5314 contribulatus‘:
3114 5276 3207 5312 cor
3236 5259 3522 5311 contritum
3566 5269 3614 5311 et
3653 5256 3804 5310 Intimi-

2245 5352 2435 5405 liatum
2457 5351 2594 5404 Deus
2621 5367 2724 5404 non
2748 5350 2965 5419 despicit
2996 5348 3165 5419 (Psal.
3192 5366 3242 5415 L,
3274 5351 3382 5419 19),
3409 5350 3500 5403 illa
3536 5350 3699 5414 volui,
3728 5349 3802 5401 illa

2245 5443 2494 5514 qizgesivi.
2527 5440 2605 5494 Tu
2635 5450 2816 5495 autem
2850 5456 2935 5495 me
2958 5439 3171 5496 servire
3201 5451 3255 5494 et
3286 5440 3536 5493 laborare
3566 5438 3734 5493 fecisti
3764 5437 3804 5490 in

2247 5535 2486 5604 peccatis
2512 5534 2637 5598 tuis,
2665 5545 2724 5588 ut
2746 5547 2971 5603 cogerer
2989 5533 3171 5588 dicere
3193 5537 3211 5584 .‘
3234 5528 3504 5585 Laborari
3526 5535 3805 5587 sustinens:

2245 5635 2302 5681 et
2329 5640 2671 5696 nequaquam
2693 5625 2831 5678 ultra
2849 5623 2992 5677 ferre
3011 5635 3061 5677 te
3079 5619 3372 5691 possum.U
3385 5622 3487 5678 nde
3503 5632 3558 5678 ct
3576 5639 3668 5692 per
3684 5624 3805 5673 Osce

2248 5722 2388 5775 ident
2445 5719 2683 5788 loquitor
2718 5715 2860 5770 Deus
2891 5733 2903 5745 ·
2942 5714 3086 5780 Quid
3112 5713 3205 5768 tibi
3254 5714 3475 5784 faciam,
3521 5713 3805 5781 Ephreim:

2259 5822 2517 5882 orolegum
2550 5821 2616 5879 te,
2658 5809 2828 5865 Israel
2868 5807 3020 5877 {05cc
3050 5822 3126 5872 ιιι,
3161 5807 3258 5879 8)?
3292 5808 3430 5874 Quid
3464 5808 3557 5863 tibi
3590 5800 3805 5861 faciam?
