3952 6180
168 268 244 330 μυ
622 253 1108 317 COMMENTAR.
1152 248 1232 310 IN
1269 248 1532 308 [sanun
1574 242 2032 306 PROPHETAM
2076 242 2224 303 Lm.
2267 240 2405 306 xu,
2444 214 2608 301 «ns.
2651 241 2854 304 XLIV.

3252 240 3355 305 ιδο

164 380 278 449 quati
306 379 552 431 Admotum
595 388 787 443 ponam
823 381 896 433 te,
938 381 993 424 et
1021 367 1173 438 quasi
1220 365 1437 421 Seboim
1458 364 1482 413 ‘i
1509 362 1666 429 Quod
1700 366 1741 419 Α
1769 378 1947 414 eorum
1982 359 2153 429 (Psal.
2183 375 2309 425 cu,
2340 359 2417 425 6).
2449 358 2599 422 01's
2632 357 2833 411 ideirco
2862 354 3267 411 contaminasse
3297 370 3358 411 se

163 482 300 527 autem
326 465 452 520 LXX
479 473 793 535 posuerunt,
825 465 911 515 sed
943 461 995 511 in
1031 458 1255 527 peccatis
1283 454 1489 524 defendi
1521 463 1588 516 te,
1617 462 1667 504 et

163 560 469 628 iniquitatibus
501 558 621 617 tuis,
651 555 730 607 sic
772 562 946 623 potest
994 547 1369 615 superioribus
1403 545 1669 615 copulari,

166 665 206 707 ιιι
227 653 357 704 labor
380 651 446 703 sit
477 647 585 709 Dei,
619 656 671 699 et
708 644 972 697 lassitudo
1005 642 1298 695 defendere
1332 648 1670 708 peccatores.

214 740 363 811 (Vers.
402 738 488 799 25,
515 736 583 790 26
609 734 788 804 seqq.)
830 751 849 784 ι
886 732 1001 802 Ego
1046 746 1193 793 sum,
1222 745 1324 799 ego
1368 744 1485 782 sum
1530 727 1671 795 ipse,

164 834 230 901 qui
254 832 388 885 deleo
413 828 716 897 iniquitates
759 835 879 878 tuas
926 834 1145 893 propter
1184 836 1291 885 me,
1328 829 1382 875 et
1417 828 1674 890 peccato-

167 941 255 978 rum
290 935 484 976 tuorum
522 933 626 973 non
671 916 1021 972 recordabar.
1089 915 1273 968 Reduc
1320 927 1405 967 me
1453 913 1507 965 in
1564 925 1677 963 nte-

1773 452 1923 514 dicit,
1954 452 2096 519 quod
2131 460 2330 503 terram
2376 448 2816 519 repromissionis
2855 463 2958 500 nott
3000 446 3355 501 intraverint.

1779 540 2011 608 Dedique
2030 542 2101 592 ad
2124 541 2530 593 internecionem
2558 537 2747 603 Iacob,
2777 551 2825 593 et
2850 536 3026 593 Israel
3047 538 3099 591 in
3122 538 3363 605 blasphe-

1776 632 1972 695 miam,-
2001 632 2052 684 ot
2085 632 2291 695 nullus,
2319 643 2515 700 prieter
2538 631 2675 685 duos
2705 646 2771 685 ex
2800 631 2886 685 bis
2912 631 3003 700 qui
3031 630 3098 685 de
3124 628 3363 700 [Egypto

1777 723 1982 790 egressi
2030 731 2206 787 erant,
2242 724 2473 776 intraret
2508 722 2559 775 in
2613 721 2898 787 Iudaeam;
2947 723 3041 775 sed
3095 721 3363 775 cadavera

1777 830 1965 871 eorum
1998 814 2244 883 jacerent
2285 814 2338 867 in
2380 813 2697 867 solitudine.
2733 810 2896 867 Juxta
2936 811 3101 874 LXX,
3135 813 3227 880 qui
3265 812 3365 865 ad—

1780 904 2031 956 diderunt
2064 902 2130 956 de
2170 918 2268 956 suo
2303 918 2317 956 :
2352 902 2449 955 Dic
2492 914 2548 955 tu
2589 904 2734 969 prior
2776 903 3080 972 iniquitates
3123 912 3266 964 tuas,
3306 907 3366 953 ut

167 1014 365 1075 ntoriam,
402 1020 452 1062 ut
482 1009 786 1075 judicemur
815 1004 975 1058 simul
1006 1019 1021 1057 :
1057 1018 1221 1057 narra
1261 1003 1305 1057 si
1337 1001 1466 1070 quid
1511 1000 1678 1054 babes
1771 995 2110 1064 justiﬁceris,
2148 998 2214 1049 ad
2261 996 2637 1064 paenitentiam
2693 1010 2786 1048 eos
2822 1004 3079 1063 provocat
3115 994 3271 1057 Dens,
3309 1000 3364 1046 ut

167 1116 205 1155 ιιι
238 1101 539 1171 jnstiliceris.
577 1100 736 1153 Pater
777 1106 902 1152 tuus
944 1096 1152 1163 primus
1202 1095 1468 1163 peccavit.
1501 1102 1555 1145 et
1596 1091 1681 1144 iu-

168 1205 381 1261 lcrpreles
408 1192 481 1244 tui
513 1189 846 1259 prmvaricati
890 1198 1018 1244 sunt
1060 1187 1114 1241 iu
1160 1202 1266 1241 me.
1302 1185 1366 1239 Et
1408 1183 1679 1239 contami-

166 1286 257 1338 navi
281 1284 525 1353 principes
548 1291 787 1346 sanctos,
804 1281 924 1334 dedi
949 1279 1015 1332 ad
1046 1279 1469 1332 internecionem
1490 1273 1679 1339 Jacob,

165 1394 203 1431 rt
228 1379 363 1432 Israel
393 1377 441 1429 itt
479 1375 886 1443 blasphemiam.
926 1390 945 1423 ι
985 1368 1125 1424 LXX
1163 1387 1177 1423 :
1215 1386 1234 1419 ι
1269 1370 1377 1438 ligo
1405 1383 1551 1427 sum,
1583 1379 1684 1435 ego

166 1489 255 1526 smn
284 1470 366 1539 qtti
393 1469 536 1522 deleo
564 1468 878 1536 iniquitates
917 1476 1060 1528 tuas,
1100 1471 1152 1515 et
1184 1476 1292 1514 non
1327 1457 1682 1513 recordabar.

167 1562 223 1613 Tn
252 1575 362 1614 vero
392 1558 675 1619 memento,
711 1567 765 1611 et
789 1556 1123 1624 judicemur.
1156 1551 1249 1605 Dic
1282 1560 1333 1602 ttt
1368 1549 1686 1618 iniquitates

170 1668 260 1706 tuas
286 1652 493 1720 primus,
524 1661 577 1702 ut
618 1648 956 1719 jn~tiliceris.
1007 1648 1196 1699 Patres
1233 1642 1394 1697 vestri
1431 1654 1687 1710 peceave-

1781 1086 2088 1156 intelligant
2133 1087 2342 1139 scelera
2394 1100 2491 1139 sua
2548 1097 2714 1153 atque
2767 1096 3019 1154 peccata,
3050 1094 3105 1138 ct
3154 1085 3363 1136 veniam

1782 1188 2204 1245 consequantur.
2264 1174 2542 1245 Scriptum
2586 1186 2670 1230 est
2703 1178 2846 1230 enim
2881 1186 2935 1229 et
2972 1177 3023 1228 in
3069 1175 3175 1227 alio
3213 1175 3365 1238 loco;

1780 1264 1965 1319 Justus
2001 1278 2280 1320 acrusator
2312 1267 2395 1319 sui
2421 1278 2497 1319 est
2536 1267 2589 1319 in
2610 1265 2867 1334 principio
2899 1265 3155 1317 sermonis
3186 1262 3370 1331 (Pror.

1785 1374 1940 1420 xvnt,
1977 1360 2089 1428 ii).
2125 1358 2516 1429 Principesque
2561 1374 2751 1412 eorum
2798 1371 2853 1412 et
2900 1368 3081 1425 patres
3115 1356 3373 1409 dicuntur

1786 1451 1999 1505 Domini
2060 1461 2248 1507 Sancta
2296 1452 2556 1516 violasse,
2592 1466 2696 1504 non
2749 1450 3050 1504 servientes
3080 1448 3205 1516 Legi
3246 1447 3370 1509 Dei;

1786 1545 1881 1598 sed
1920 1545 2237 1597 traditiones
2265 1553 2320 1597 et
2367 1544 2627 1597 mandata
2670 1541 2951 1595 hominum
2988 1544 3374 1610 requirentes;

1789 1648 2007 1703 propter
2041 1649 2174 1702 quos
2208 1635 2369 1703 periit
2398 1635 2569 1688 Jacob
2612 1644 2665 1688 et
2714 1635 2766 1687 itt
2814 1634 3166 1703 opprobrium
3210 1632 3373 1687 datus

172 1752 326 1795 runtet
349 1744 606 1810 principes
628 1740 800 1792 vestri
827 1740 1013 1805 inique
1034 1744 1265 1801 egerunt
1291 1734 1342 1786 in
1368 1747 1473 1796 me,
1494 1744 1539 1784 et
1567 1746 1690 1785 con-
1725 1742 1761 1794 υ
1793 1736 1873 1781 est
1912 1727 2099 1792 ist-uel,
2133 1728 2338 1797 ejectus
2371 1731 2436 1782 de
2476 1742 2572 1781 sua
2609 1726 2907 1796 provincia,
2940 1736 2995 1781 et
3028 1727 3195 1780 totius
3222 1726 3374 1779 orbis

171 1838 513 1888 taminaverunt
543 1829 818 1900 principes
850 1836 1036 1880 sancta
1068 1840 1208 1878 mea.
1247 1824 1310 1876 Et
1341 1821 1461 1875 dedi
1487 1829 1546 1874 ut
1570 1835 1689 1888 per-

172 1930 311 1980 derent
324 1925 493 1990 Jacob,
506 1934 558 1979 et
575 1923 747 1977 Israel
769 1922 822 1974 in
838 1919 1207 1988 opprobrium.
1222 1935 1241 1967 ι
1263 1913 1341 1967 Tu
1364 1930 1472 1975 me,
1489 1913 1686 1981 inquit.

170 2016 297 2072 lacob
320 2028 367 2070 et
395 2016 573 2076 Israel,
606 2013 857 2067 laborare
892 2008 1070 2063 fecisti
1112 2007 1166 2060 in
1203 2006 1439 2076 peccatis
1475 2004 1600 2065 tuis,
1634 2008 1691 2054 et

172 2124 297 2162 onera
332 2108 663 2176 iniquitatum
697 2113 911 2156 tuarum
961 2109 1178 2169 portare
1212 2114 1301 2151 vtx
1349 2099 1520 2167 potui,
1554 2109 1689 2163 quos

175 2216 452 2271 tteqttaquam
479 2213 669 2255 servos
696 2212 844 2251 meos
873 2209 973 2247 nec
1006 2208 1202 2263 pueros
1233 2206 1389 2253 voco,
1417 2190 1510 2243 sed
1558 2190 1691 2242 sim-

179 2296 272 2361 plici
303 2296 499 2365 appello
535 2292 760 2347 nomine
793 2287 968 2343 Jacob
1006 2299 1059 2339 et
1094 2285 1281 2350 israel,
1317 2293 1375 2338 ut
1404 2283 1691 2336 ostendam

174 2400 213 2440 et
239 2402 426 2454 arguant
456 2394 796 2454 peccatores.
830 2382 941 2450 Ego
972 2390 1150 2433 autem
1184 2387 1401 2446 propter
1430 2390 1539 2438 me,
1564 2376 1693 2443 quia

177 2478 437 2531 misericors
468 2493 585 2529 smn
619 2485 674 2528 et
706 2476 941 2543 patiens,
972 2482 1023 2525 et
1054 2471 1344 2525 multarum
1383 2469 1693 2521 miseratio-

175 2585 289 2633 cum,
318 2571 491 2625 delebo
521 2583 718 2623 omnes
761 2567 1083 2636 iniquitates
1123 2574 1241 2617 tuas
1285 2564 1336 2614 in
1372 2561 1694 2629 aspersione

175 2670 215 2715 vi
236 2662 474 2734 sanguine
508 2658 649 2713 Novi
681 2657 1050 2711 Testameuti:
1083 2654 1271 2708 delebo
1312 2662 1465 2705 vetns
1508 2650 1696 2704 chiro-

175 2754 411 2822 graphum,
436 2758 574 2823 quod
608 2751 899 2805 adversum
929 2759 979 2802 te
1007 2747 1268 2815 scriptum
1302 2753 1453 2805 erat;
1488 2753 1537 2796 et
1572 2756 1693 2810 pec-

177 2858 370 2901 catorum
400 2859 608 2902 tttorum
648 2845 790 2899 ultra
823 2859 929 2895 non
962 2840 1312 2899 recordabar,
1344 2853 1464 2906 qua!
1498 2837 1617 2898 tibi,
1649 2835 1695 2891 si

176 2943 351 2994 credere
392 2938 650 3005 volueris,
684 2932 743 2992 itt
793 2934 1117 3004 baptismate
1173 2931 1504 2983 dimissurus
1551 2943 1695 2982 sum.

180 3030 321 3086 Reduc
344 3048 463 3102 ergo
495 3046 577 3085 me
609 3032 665 3084 in
695 3027 1013 3082 memoriam
1050 3041 1064 3078 :
1108 3025 1153 3077 si
1185 3024 1319 3093 quid
1367 3023 1536 3076 babes
1565 3018 1699 3091 juszi

1792 1821 1942 1872 exsul
1972 1829 2135 1887 atque
2166 1820 2504 1887 peregrinus.

1862 1907 2015 1978 (Cap.
2047 1908 2233 1964 XLIV.
2270 1942 2336 1953 —
2371 1910 2526 1967 Veis.
2561 1913 2584 1966 l
2632 1912 2816 1981 seqq.)
2864 1929 2883 1963 t
2926 1911 2993 1965 Et
3035 1927 3180 1967 nunc
3223 1913 3374 1977 audi,
3406 1908 3411 1909 ί

1789 1998 1960 2055 Jacob
1992 2017 2149 2056 serve
2182 2019 2360 2068 meus,
2394 2015 2447 2057 et
2479 2003 2662 2072 lsrael,
2696 2020 2857 2074 quem
2892 2004 3051 2076 elegi.
3084 2003 3209 2058 Haec
3246 2005 3378 2058 dicit

1794 2092 2077 2161 Dominus,
2116 2097 2322 2150 iaciens
2344 2107 2398 2150 et
2422 2096 2661 2151 formans
2689 2106 2740 2152 te
2768 2098 2837 2153 ab
2867 2109 3044 2164 utero,
3076 2098 3379 2152 auxiliator

1793 2187 1957 2260 524
1993 2198 2139 2243 tuus.
2195 2190 2310 2245 Noli
2358 2193 2571 2258 timere,
2617 2209 2773 2249 serve
2817 2194 2931 2264 [AL
2973 2192 3187 2265 servus]
3228 2209 3381 2250 meus

1792 2280 1989 2346 Jacob,
2038 2293 2092 2335 et
2141 2285 2448 2340 rectissime
2493 2302 2652 2355 quem
2706 2287 2865 2356 elegi.
2899 2285 3185 2340 Eli'nndam
3231 2302 3378 2341 enim

1796 2388 1964 2443 aquas
2011 2390 2174 2442 super
2214 2377 2516 2441 sitientem,
2553 2389 2609 2431 et
2658 2378 2859 2432 ﬂuenta
2911 2394 3076 2446 super
3117 2379 3376 2445 aridum;

1795 2465 2064 2519 eli‘andam
2115 2468 2365 2535 Spiritum
2424 2485 2602 2522 meum
2655 2486 2816 2538 super
2871 2485 3055 2525 semen
3110 2482 3284 2537 tuum,
3326 2481 3380 2524 et

1799 2561 2233 2617 benedictionem
2270 2582 2444 2619 meum
2477 2582 2643 2634 super
2676 2568 2901 2634 stirpem
2937 2576 3104 2622 luam.
3146 2567 3212 2620 Et
3252 2583 3379 2636 ger-

1802 2655 2082 2709 minabont
2118 2658 2259 2711 inter
2289 2658 2505 2723 herbas,
2537 2660 2693 2727 quasi
2740 2660 2936 2713 salices
2970 2662 3123 2729 juxta
3159 2673 3384 2728 pra-ter-

1800 2746 2031 2802 ﬂttrntes
2061 2764 2253 2817 aquas.
2290 2750 2397 2804 Isle
2428 2750 2589 2810 dicet.
2628 2750 2838 2804 Domini
2873 2768 2975 2818 ego
3007 2766 3127 2804 sum
3160 2759 3175 2782 ‘
3209 2762 3263 2804 et
3294 2753 3383 2804 ille

1804 2841 2013 2893 vocabit
2043 2842 2095 2894 itt
2127 2844 2343 2896 nomine
2372 2840 2562 2905 Jacob,
2595 2852 2653 2895 et
2687 2843 2773 2896 ltic
2806 2847 3013 2897 scribet
3058 2860 3220 2898 manu
3259 2861 3381 2908 sua,

1803 2934 2068 3000 Domino;
2100 2944 2150 2987 et
2180 2937 2230 2987 in
2266 2935 2481 2988 nomine
2512 2935 2673 2991 Israel
2698 2937 3110 2990 assitnilabitur.
3144 2956 3163 2989 ι
3201 2936 3380 2991 LXX:

1810 3045 1827 3077 ι
1876 3024 2029 3081 Nune
2080 3040 2260 3081 autem
2313 3031 2463 3090 audi,
2507 3027 2675 3082 Jacob
2720 3045 2854 3098 puer
2898 3045 3067 3091 tuens.
3118 3042 3172 3084 et
3221 3030 3387 3086 Israel

178 3123 285 3190 quod
324 3088 644 3194 respondeas
682 3120 838 3186 mibi,
873 3119 1101 3172 libenter
1135 3088 1430 3183 accipiam;
1471 3125 1527 3168 ut
1558 3088 1774 3181 j'udi-c
1805 3136 1965 3189 quem
2013 3121 2171 3190 elegi.
2227 3120 2338 3190 Ego
2392 3088 2651 3175 Dominus
2708 3088 2878 3186 Deus,
2925 3126 3016 3193 qui
3055 3088 3168 3179 luci
3219 3138 3290 3189 te,
3332 3136 3388 3181 et

179 3230 323 3267 ceutur
358 3217 531 3281 simul,
565 3226 625 3269 et
671 3228 868 3281 arguas
917 3226 1003 3264 me
1040 3225 1145 3262 non
1193 3208 1390 3261 iecisse
1422 3206 1520 3260 tibi
1555 3203 1699 3272 quod

180 3309 316 3360 lacere
336 3306 504 3360 debui.
534 3307 711 3371 Quem
742 3317 968 3356 sensum
997 3301 1049 3353 in
1082 3299 1302 3352 Micltaaa
1329 3298 1541 3367 plenius
1574 3296 1705 3363 legi-

180 3414 303 3451 mus:
335 3397 552 3467 Populus
589 3412 762 3457 meus,
793 3395 918 3465 quid
938 3393 1034 3464 feci
1065 3392 1183 3457 tibi,
1214 3402 1263 3445 et
1293 3390 1419 3461 quid
1452 3390 1702 3444 molestus

179 3492 238 3555 [ui
277 3492 397 3545 tibi?
440 3490 696 3560 responde
745 3489 872 3542 mihi
907 3502 926 3540 :
964 3487 1090 3553 quia
1150 3486 1309 3538 ednai
1358 3494 1406 3537 te
1450 3485 1514 3536 de
1563 3495 1703 3535 terra

179 3581 347 3653 [Ερμιιὶ
386 3595 432 3636 et
474 3585 535 3637 de
580 3583 745 3637 domo
795 3580 1065 3635 servitutis
1100 3576 1258 3646 523
1293 3574 1509 3629 liberavi
1543 3584 1613 3639 te,
1654 3581 1702 3626 et

182 3676 272 3727 misi
296 3685 402 3730 ante
428 3678 616 3747 facient
651 3685 797 3729 tuam
839 3672 1052 3742 Moysen
1083 3679 1131 3724 et
1158 3670 1339 3722 Aaron
1362 3675 1412 3721 et
1443 3664 1699 3718 Mariam.

182 3766 230 3819 lit
268 3769 313 3821 itt
364 3768 811 3839 quinquagesimo
865 3766 1076 3832 psalmo
1132 3762 1297 3815 David
1354 3760 1593 3829 loquitur
1639 3759 1704 3810 ad

180 3859 313 3914 Deum
343 3879 359 3919 :
392 3862 453 3918 Ut
478 3862 797 3933 justi/iceris
840 3864 894 3912 in
931 3857 1258 3911 sermonibus
1289 3856 1416 3918 tuis,
1449 3864 1496 3907 et
1525 3856 1703 3906 vincas

177 3967 267 4003 cum
293 3955 437 4022 {ueris
450 3956 733 4024 judicatus
756 3949 930 4020 (Psat.
958 3965 1009 4009 ι..
1034 3948 1112 4016 6).
1146 3946 1318 4001 Narra
1345 3961 1473 4015 ergo
1502 3946 1544 3997 si
1577 3942 1703 4011 quid

178 4043 311 4097 habes
362 4046 770 4113 utjttSliliceris.
796 4043 862 4097 Et
883 4034 965 4097 est
992 4056 1186 4096 sensus
1209 4056 1227 4094 :
1252 4038 1363 4108 Ego
1386 4054 1492 4091 non
1520 4039 1709 4106 loquar

178 4136 291 4198 prior
323 4150 494 4192 contra
528 4148 602 4203 te,
641 4152 709 4190 ne
749 4150 1069 4205 oppressura
1101 4149 1222 4186 esse
1257 4141 1307 4185 te
1343 4132 1491 4185 dicas
1530 4131 1710 4181 tttttili-

177 4225 418 4292 plicalioue
455 4244 803 4294 sermonum;
846 4230 941 4282 sed
991 4236 1043 4279 ιιι
1084 4227 1129 4280 si
1172 4225 1299 4293 quid
1340 4224 1473 4293 justi
1522 4224 1707 4286 babes,

177 4319 268 4386 ipse
293 4336 379 4388 pro
404 4332 454 4377 te
497 4323 758 4393 loquere;
799 4332 857 4372 ut
901 4319 1138 4372 videaris
1176 4319 1277 4369 ista
1319 4331 1440 4383 qua:
1485 4316 1707 4383 pateris,

1807 3209 2065 3278 plastnavi
2115 3220 2165 3265 te
2215 3211 2281 3265 de
2332 3223 2556 3276 ventre,
2613 3214 2789 3267 adhuc
2838 3214 3050 3270 habetis
3097 3217 3382 3271 auxilium.

1807 3300 1924 3355 Noli
1971 3302 2183 3367 timere,
2224 3318 2360 3372 puer
2412 3320 2563 3358 meus
2612 3303 2805 3371 Jacob,
2858 3319 2912 3359 et
2966 3307 3164 3363 dilecte
3222 3308 3388 3363 lsrael

1804 3410 1963 3463 quem
2015 3395 2189 3464 elegi,
2237 3395 2415 3450 adltuc
2448 3412 2559 3462 ego
2613 3397 2756 3452 dabo
2808 3413 3005 3466 aquam
3058 3402 3109 3453 itt
3158 3402 3249 3455 siti
3296 3402 3388 3470 qui

1806 3486 2087 3541 ambulant
2150 3488 2203 3541 in
2267 3487 2585 3558 inaquoso;
2630 3504 2824 3558 ponam
2887 3491 3136 3560 spiritum
3206 3508 3386 3547 meum

1805 3595 1969 3648 super
2012 3595 2198 3635 semen
2254 3590 2427 3644 tuutn,
2469 3590 2525 3634 et
2574 3582 2983 3637 benedictiones
3032 3599 3183 3640 meas
3226 3600 3391 3654 super

1809 3670 1948 3724 lilios
1997 3679 2138 3725 tuos.
2181 3671 2244 3726 Et
2275 3675 2526 3728 orientur
2556 3686 2613 3727 ut
2650 3676 2701 3728 iu
2756 3676 2933 3731 medio
2972 3691 3128 3744 aqua:
3177 3675 3387 3741 fenum,

1806 3775 1857 3817 et
1892 3765 2031 3817 sicut
2060 3764 2196 3817 salix
2223 3764 2376 3833 juxta
2414 3766 2845 3834 praeterﬂuentes
2876 3783 3068 3838 aquas.
3107 3769 3212 3823 iste
3242 3774 3392 3828 dicet

1812 3855 1902 3909 Dei
1948 3872 2107 3913 sum:
2146 3856 2249 3911 iste
2293 3857 2548 3911 clamabit
2576 3858 2631 3912 in
2666 3859 2884 3913 nomine
2928 3858 3119 3915 Jacob.
3158 3860 3220 3916 Et
3251 3864 3391 3917 alius

1809 3947 2011 4000 scribet
2061 3947 2112 3999 in
2163 3962 2327 4001 manu
2377 3963 2498 4017 sua,
2536 3948 2630 4001 Dei
2674 3964 2794 4003 sum
2830 3965 2949 4020 ego,
2980 3962 3037 4004 et
3080 3951 3131 4005 in
3173 3954 3393 4007 nomine

1814 4039 1975 4092 Israel
2003 4039 2282 4095 clamabit.
2318 4060 2339 4093 ι
2378 4040 2477 4096 Ubi
2512 4053 2806 4096 accusatur
2828 4042 3058 4112 populus
3074 4040 3386 4098 Iudaeorum

1810 4135 1879 4186 ob
1926 4134 2364 4188 incredulitatem
2404 4146 2565 4204 atque
2601 4136 3016 4200 blaSphentiam,
3049 4136 3254 4207 absque
3282 4139 3393 4195 ulla

1814 4224 2046 4279 nominrs
2080 4227 2365 4295 dignitate.
2392 4229 2544 4297 puris
2578 4228 2884 4297 appellatur
2914 4231 3194 4285 vocabulis
3221 4247 3236 4285 :
3267 4231 3394 4286 Non

1813 4333 1894 4370 me
1923 4318 2203 4384 innatasti,
2228 4317 2420 4383 Jacob,
2453 4334 2546 4372 nec
2564 4321 2818 4374 laborasti
2864 4322 2921 4374 in
2970 4340 3073 4389 me,
3103 4321 3307 4389 Israels;
3340 4334 3397 4380 et

178 4411 405 4466 immerito
432 4417 728 4468 sustinere.
760 4410 826 4464 Et
856 4423 913 4463 ut
941 4412 1083 4464 scias
1110 4426 1193 4462 me
1215 4409 1458 4462 misereri
1481 4409 1579 4471 tui,
1607 4422 1708 4459 nott
1745 4423 1786 4478 ι)
1819 4409 2012 4462 iterum
2042 4426 2057 4463 :
2096 4407 2229 4462 Dedi
2275 4413 2346 4461 ad
2381 4411 2783 4463 internecionem
2828 4410 3017 4475 Jacob,
3042 4426 3089 4467 et
3130 4411 3305 4467 Israel
3336 4415 3393 4468 in

181 4502 231 4555 ob
256 4506 485 4559 meritum
531 4517 710 4565 tuum,
742 4503 834 4558 sed
870 4512 1091 4571 propter
1127 4515 1298 4553 meam
1341 4500 1706 4562 clementiam,

183 4611 204 4643 ι
235 4597 455 4663 patribus
495 4600 602 4650 tuis
638 4606 875 4663 repetam
916 4607 1080 4662 atque
1115 4591 1435 4658 majoribus,
1467 4601 1521 4641 ut
1554 4590 1713 4643 intel-

181 4682 288 4751 lges
316 4699 363 4741 te
387 4704 416 4741 τι
444 4689 822 4757 peccatoribus
861 4699 982 4738 esse
1008 4693 1320 4751 generatum
1359 4696 1375 4735 :
1408 4680 1567 4734 Pater
1594 4694 1714 4732 tuns

180 4783 346 4842 primus
383 4783 607 4848 peccavit
651 4784 701 4833 iu
748 4779 1077 4841 solitudine;
1109 4776 1288 4829 ontnis
1329 4774 1582 4828 videlicet
1623 4787 1717 4841 po-

180 4873 305 4932 Pulus
326 4872 504 4928 lsrael.
536 4874 664 4927 Sive
696 4883 886 4924 auctor
916 4869 1134 4940 generis
1165 4869 1238 4923 tui
1268 4867 1552 4921 Abraham
1585 4878 1715 4933 pec-

177 4976 301 5018 casse
338 4970 696 5027 coovincitur,
734 4965 951 5032 quando
1003 4961 1231 5016 Domino
1283 4972 1479 5014 terram
1522 4973 1715 5027 repro-

181 5055 417 5114 missionis
464 5061 660 5113 semmi
711 5059 859 5112 illius
904 5056 1227 5126 pollicente,
1283 5051 1566 5122 respondit
1598 5069 1616 5108 :
1647 5050 1715 5104 In

177 5161 255 5212 quo
270 5151 417 5204 sciam
440 5155 565 5221 quia
587 5151 860 5219 possidebo
881 5149 1030 5202 eam?
1053 5145 1205 5217 (Gen.
1242 5161 1333 5209 xv,
1354 5147 1435 5213 3.)
1459 5144 1524 5198 Et
1550 5146 1713 5198 inter-

177 5250 337 5304 pretes,
364 5245 650 5312 inqutt,tui
675 5241 1011 5311 prauaricati
1038 5249 1160 5293 sunt
1204 5242 1258 5291 itt
1306 5254 1406 5291 me.
1440 5240 1614 5291 Aaron
1662 5245 1716 5289 ct

184 5328 357 5400 boyses
384 5338 447 5386 ad
485 5350 684 5399 aquam
729 5332 1201 5397 contradictionis.
1237 5330 1332 5397 qui
1373 5330 1514 5380 inter
1552 5338 1636 5378 me
1662 5334 1715 5378 et

185 5426 224 5471 te
247 5426 385 5476 tnedit
416 5425 780 5495 loquebantur
813 5421 1014 5494 (Exod.
1060 5423 1216 5487 xvtt).
1263 5420 1332 5472 Et
1362 5428 1418 5471 ut
1452 5416 1720 5484 intelliga-

186 5525 283 5566 mus
314 5530 414 5569 non
451 5534 574 5571 esse
614 5518 906 5571 violentam
959 5514 1376 5582 expositionem,
1420 5508 1665 5577 sequitur
1698 5523 1714 5561 :

184 5598 234 5652 Et
264 5610 605 5663 contaminaui
650 5610 909 5679 principes
956 5615 1189 5667 sanctos,
1221 5603 1289 5657 de
1333 5601 1530 5671 quibus
1565 5610 1618 5654 et
1661 5599 1715 5652 in

184 5690 354 5755 iisdltno
376 5702 594 5753 canitur
620 5719 634 5756 ;
662 5699 908 5768 Absorpti
940 5705 1061 5752 sunt
1082 5698 1239 5765 juxta
1269 5705 1473 5763 petram
1503 5691 1714 5762 judices

1817 4500 2205 4567 blasphemiam
2247 4513 2452 4570 (supra,
2495 4517 2649 4564 xutt,
2682 4502 2773 4564 2‘2,
2806 4503 2918 4572 28).
2946 4504 3049 4559 Ubi
3098 4518 3279 4559 autem
3326 4507 3395 4561 ad

1814 4592 2192 4661 apostolorum
2223 4592 2472 4659 chorum,
2506 4599 2597 4662 qni
2627 4611 2692 4647 ex
2721 4592 2922 4650 JUtliL‘lS
2951 4605 3057 4659 est,
3088 4612 3394 4652 sermonem

1817 4683 1965 4747 fecit,
1999 4685 2302 4752 junguntur
2348 4695 2403 4738 et
2435 4687 2716 4738 nominum
2753 4686 3054 4756 privilegia.
3099 4689 3264 4755 Audi,
3291 4688 3396 4741 Ja-

1818 4774 1908 4826 calt
1941 4789 2083 4827 serve
2115 4789 2282 4835 incus,
2313 4785 2360 4827 et
2398 4772 2573 4826 Israel
2618 4791 2770 4843 quem
2817 4776 2988 4845 elegi;
3022 4786 3081 4830 ut
3119 4782 3288 4846 prima
3322 4779 3397 4832 sit

1792 4869 2079 4932 servitus,
2106 4867 2342 4921 secunda
2368 4867 2581 4922 electio.
2610 4866 2733 4922 Haec.
2757 4870 2888 4923 dicit
2915 4868 3193 4934 Dominus,
3221 4872 3396 4923 iactor

1817 4970 1871 5013 et
1904 4957 2167 5011 formator
2217 4968 2360 5023 tuus,
2396 4959 2488 5025 qtti
2539 4960 2606 5011 ab
2654 4966 2813 5012 utero
2859 4958 3153 5012 auxiliatos
3192 4967 3276 5013 est
3317 4961 3391 5014 tni

1820 5049 1974 5120 (Gen.
2025 5049 2185 5118 xxv);
2241 5061 2299 5102 ut
2350 5051 2526 5103 adhuc
2577 5051 2628 5103 in
2680 5063 2867 5103 ventre
2915 5050 3104 5102 matris
3153 5052 3391 5117 plantam

1819 5143 2007 5196 fratris
2050 5144 2340 5210 arriperes.
2371 5143 2497 5197 Sive
2547 5142 2637 5210 qui
2692 5142 2746 5194 in
2799 5124 3066 5210 pcittcipio
3118 5144 3397 5197 nascentis

1821 5235 2079 5289 Ecclesia:
2104 5247 2155 5287 te
2191 5238 2256 5287 de
2290 5235 2731 5302 persecutoribus
2755 5233 3117 5287 conservavit.
3160 5232 3281 5286 Noli
3330 5237 3398 5285 ti—

1821 5339 1966 5378 mere
2011 5323 2383 5377 crudelitatem
2434 5337 2660 5383 eorum,
2709 5338 2865 5375 serve
2918 5336 3070 5375 mens
3115 5320 3305 5385 Jacob,
3342 5332 3397 5376 et

1822 5418 2127 5471 rectissime
2173 5430 2333 5482 quem
2358 5415 2517 5485 elegi.
2536 5414 2652 5468 Alio
2675 5413 2893 5468 nomine
2920 5412 3174 5468 lsraclem
3202 5424 3391 5475 vocat,

1820 5523 2006 5564 tsunoN
2058 5508 2281 5596 (τι-ιον)
2329 5508 2470 5560 enim
2522 5509 2746 5559 verbum
2802 5504 3160 5567 liebraicom,
3212 5507 3394 5561 caeteri

1819 5600 2135 5666 εὐθύτατον,
2166 5600 2279 5654 sive
2313 5598 2469 5663 εὐού,
2502 5599 2552 5652 id
2581 5608 2685 5663 est,
2714 5598 3084 5654 rectissimum.
3113 5609 3167 5651 ct
3197 5611 3394 5651 rectum

1822 5693 2166 5762 interpretati
2217 5700 2395 5759 sunt;
2464 5690 2564 5747 soli
2610 5689 2754 5747 LXX
2803 5690 3221 5746 dilectissimum.
3268 5689 3395 5754 inn-
