3856 6172
562 228 661 294 451

1728 220 1791 281 S.
1816 219 2128 280 EUSEBII
2173 216 2609 279 HIERONYMI
3739 218 3821 281 41-2

564 346 757 408 gentes
788 335 854 387 de
884 347 1004 397 suo,
1042 329 1233 384 Israel.
1278 324 1498 395 Proprie
1532 323 1678 408 enim
1701 323 1852 392 juxta
1884 324 2141 380 Hebraeos
2169 331 2216 389 Α
2245 326 2371 394 quia
2419 339 2527 379 non
2574 324 2782 393 vident,
2814 336 2995 394 neque
3031 322 3360 395 intelligunt,
3394 322 3556 397 526
3592 336 3662 382 ut
3706 344 3824 384 coc-

566 399 619 484 ξι
672 428 973 480 litterarum
1028 424 1216 484 fidem,
1255 433 1440 474 issu-:1.
1498 399 1790 487 (Su-itm),
1833 427 2005 471 rectus
2054 417 2147 470 Dei

567 520 794 582 dicitur,
839 513 933 568 Vir
961 522 1142 568 autem
1179 512 1355 564 videns
1388 508 1549 562 Deum
1580 523 1686 561 non
1719 509 1772 561 in
1804 508 2148 572 elementis‘,

569 613 663 668 sed
700 612 751 664 in
787 623 922 662 sono
952 607 1098 659 vocis
1130 610 1231 657 cst.
1270 599 1425 657 Unde
1459 608 1513 653 et
1550 598 1685 652 liber
1734 596 2009 652 Geneseos
2059 613 2153 666 ap-

570 703 802 770 pellatur
832 698 1009 757 εὐθεϊς
1038 698 1084 760 ³,
1119 695 1168 747 id
1202 701 1305 755 est,
1328 692 1625 759 justorum,
1654 690 1951 751 Abraham,
1978 687 2146 751 Isaac,

566 804 620 846 et
652 788 956 853 IsraeI,Noli
1008 787 1170 857 igitur
1209 786 1419 847 limere,
1477 780 1648 835 Jacoli
1681 779 1841 853 525
1869 790 1923 834 ct
1956 778 2146 846 Israel,

568 886 691 952 quia
763 881 1034 937 emititlallt
1115 895 1284 948 aquas
1373 893 1537 947 super
1614 875 1887 930 sitientem
1932 883 1988 927 et
2044 872 2152 924 ari-

566 979 713 1042 dam,
765 978 831 1030 de
889 990 993 1037 qua
1044 988 1187 1038 saepe
1244 971 1446 1024 dictum
1481 979 1561 1021 cst
1594 983 1609 1022 :
1640 966 1705 1019 Et
1738 967 2005 1034 εΙῙηπιιαηι
2038 965 2152 1021 sive

566 1087 758 1139 ponam
793 1070 1035 1133 spiritum
1084 1081 1252 1115 meum
1296 1077 1450 1130 super
1492 1076 1661 1113 Semen
1696 1069 1866 1120 luunt,
1907 1065 1955 1109 ct
1995 1055 2148 1109 bene—

566 1163 846 1215 dictionem
892 1173 1058 1210 meam
1087 1171 1242 1223 super
1272 1155 1489 1222 stirpem
1533 1163 1705 1212 tuam,
1741 1166 1860 1219 quae
1905 1165 1967 1203 ex
2008 1161 2150 1215 aqua

568 1265 622 1307 ct
659 1252 863 1323 Spiritu
904 1260 1094 1307 saneto
1132 1250 1183 1300 in
1223 1248 1548 1313 baptismate
1595 1254 1931 1300 renascetur.
1975 1240 2147 1306 Quam

567 1356 620 1396 et
680 1344 734 1397 in
785 1340 1072 1410 Evangelia
1132 1339 1381 1390 Salvmnr
1432 1337 1714 1405 promisit,
1772 1335 1957 1387 dicens
1991 1350 2005 1387 :
2045 1330 2150 1396 Qui

567 1434 701 1497 silit,
744 1432 913 1484 ueniat
960 1429 1030 1483 ad
1079 1445 1177 1489 mc,
1215 1439 1261 1480 et
1308 1427 1465 1479 bibat.
1513 1425 1823 1492 Statimque
1870 1423 2100 1476 infertur
2131 1442 2147 1475 :

574 1525 686 1577 lloc
707 1532 884 1576 autem
910 1524 1112 1574 dicebat
1142 1522 1203 1574 de
1232 1519 1437 1584 Spiritu
1466 1530 1668 1577 sancto,
1695 1533 1846 1587 quem
1875 1517 2144 1569 credentes

566 1614 826 1676 accepturi
855 1622 1002 1664 erant
1023 1609 1197 1677 (Joau.
1221 1626 1313 1668 vit.
1355 1609 1442 1672 37,
1472 1608 1585 1674 39).
1609 1609 1907 1674 Coinparat
1933 1619 2149 1674 quoque

2256 415 2572 469 fundantur.
2608 413 2741 480 Quis
2775 414 3033 470 formavit
3074 415 3267 482 Deum,
3306 425 3361 471 et
3401 417 3653 486 sculptile
3702 434 3825 474 coii-

2254 506 2404 560 ﬂavit
2446 509 2513 561 ad
2559 507 2697 561 nihil
2743 508 2917 563 utile?
2947 508 3087 563 Ecce
3136 523 3329 564 omnes
3381 511 3676 581 participes
3724 514 3828 582 ejus

2254 599 2667 654 confundentur
2701 615 2716 656 :
2757 600 2895 654 labri
2934 599 3081 654 enim
3135 610 3264 655 sunt
3313 617 3381 657 ex
3427 602 3747 660 hominibus
3776 606 3827 670 ⁸;

2252 691 2577 746 convenient
2626 706 2838 755 omnes,
2887 691 3127 758 stabunt,
3165 703 3220 749 et
3270 695 3567 764 pavebant,
3596 705 3657 765 et
3707 711 3827 748 con-

2253 783 2553 841 fundentur
2571 784 2758 838 simul.
2787 783 2966 838 Faber
2988 782 3250 841 ferrarius
3275 785 3402 840 lima
3427 798 3690 856 operatus
3715 801 3822 853 est;

2253 880 2309 934 in
2340 882 2530 949 prunis
2568 889 2623 936 et
2662 880 2717 935 in
2762 880 2974 936 malleis
3018 881 3275 937 formavit
3308 882 3458 951 illud,
3488 893 3544 939 et
3572 896 3821 954 operatus

2251 980 2335 1024 est
2364 973 2416 1024 in
2454 974 2677 1033 brachio
2707 974 3041 1041 fortitudinis
3073 992 3204 1032 sua.
3238 978 3481 1044 Esuriet,
3506 990 3560 1036 et
3589 981 3816 1048 deﬁciet,

2253 1080 2359 1118 non
2390 1065 2534 1123 bibet
2561 1082 2783 1136 aquam,
2811 1077 2864 1124 et
2890 1070 3173 1131 lassescet.
3205 1072 3414 1128 Artifex
3444 1073 3712 1140 lignarios
3735 1090 3822 1129 ex-

2238 1152 2425 1211 tendit
2453 1175 2698 1214 normam
2729 1160 2838 1232 [ΑΙ.
2871 1162 3149 1236 formam].
3177 1162 3434 1227 formavit
3457 1166 3584 1221 illud
3617 1167 3672 1220 in
3704 1183 3821 1222 ruu-

2252 1251 2372 1302 cina
2408 1267 2424 1315 ;
2459 1250 2585 1305 fecit
2618 1252 2747 1307 illud
2782 1254 2834 1306 in
2867 1256 3236 1325 angularibus,
3267 1269 3323 1312 et
3355 1258 3566 1319 circino
3598 1264 3821 1317 tornavit

2256 1342 2385 1397 illud
2417 1360 2433 1408 ;
2466 1353 2520 1396 et
2565 1345 2697 1399 fecit
2728 1345 3015 1417 imaginem
3054 1349 3182 1414 viri,
3208 1351 3363 1418 quasi
3395 1352 3702 1419 speciosum
3730 1353 3820 1407 bo-

2254 1433 2458 1486 ιιίἰιιειη
2493 1434 2831 1489 habitantem
2863 1436 2918 1489 in
2956 1437 3139 1495 domo.
3175 1437 3421 1493 Succidit
3464 1441 3682 1504 cedrus,
3713 1444 3822 1495 tulit

2255 1523 2462 1589 ilicem,
2505 1534 2559 1578 et
2584 1540 2873 1594 quercum,
2897 1542 3017 1596 quae
3043 1539 3268 1585 steterat
3297 1532 3440 1585 inter
3465 1530 3609 1599 ligna
3638 1533 3822 1588 saltus.

2253 1613 2521 1669 Plantavit
2551 1617 2764 1684 pinum,
2796 1633 2958 1686 quam
2990 1621 3174 1688 pluvia
3205 1622 3434 1676 nutrivit
3456 1638 3476 1687 ;
3498 1633 3555 1678 et
3578 1622 3721 1679 facta
3745 1636 3823 1679 cst

569 1708 621 1759 in
679 1707 1004 1774 baptismate
1059 1708 1409 1753 reiiasreutes
1470 1697 1655 1751 herbis
1700 1695 2041 1760 virentibus,
2093 1704 2147 1747 et
2175 1691 2221 1749 Β
2256 1707 2563 1762 ιιοιιιίυίιωε
2599 1712 2652 1761 in
2687 1710 2905 1775 focum;
2953 1712 3190 1781 δυωρείι
3217 1727 3282 1766 ιιι
3323 1715 3425 1776 δίε,
3452 1723 3507 1768 ει
3534 1715 3822 1771 calefactus

566 1795 717 1849 salici
758 1808 876 1862 qua!
912 1793 1066 1861 juxta
1118 1788 1348 1841 fluentes
1404 1803 1570 1856 aquas
1615 1787 1830 1839 oritur:
1864 1796 1915 1838 et
1955 1794 2142 1836 contra

569 1897 748 1935 rerum
800 1892 1049 1933 naturam
1098 1877 1255 1931 affert
1305 1876 1536 1937 fruetus,
1579 1892 1694 1943 qua:
1741 1876 1893 1942 prius
1938 1874 2146 1928 sterilis

567 1971 829 2033 erat,'vel
883 1971 1036 2039 cujus
1087 1985 1271 2023 semen
1323 1970 1374 2022 in
1425 1968 1550 2021 cibo
1600 1978 1893 2033 sumptum,
1931 1969 2145 2020 steriles

569 2065 719 2119 facit.
751 2063 902 2128 Quod
928 2063 1142 2130 quidem
1173 2062 1227 2115 iu
1260 2064 1432 2130 primo
1457 2063 1665 2130 psalmo
1691 2063 1926 2131 legitur:
1955 2060 2022 2113 Et
2047 2061 2145 2114 erit

567 2158 703 2209 sicut
762 2155 961 2224 tignum
1012 2154 1150 2223 quod
1210 2152 1509 2221 plaulutunt
1562 2164 1632 2206 est
1692 2168 1838 2206 secus
1895 2151 2145 2204 decursus

567 2264 851 2315 aquarum,
883 2247 1020 2314 quod
1051 2246 1253 2313 ['rucms
1284 2263 1404 2298 suos
1436 2247 1580 2298 dabit
1612 2248 1663 2298 in
1690 2259 1917 2314 tempore
1946 2261 2060 2299 suo.
2094 2253 2142 2297 et

568 2339 757 2408 folium
784 2338 901 2406 ejus
927 2347 976 2390 ct
1008 2353 1108 2389 non
1147 2337 1369 2389 decidet.
1410 2337 1510 2388 Alii
1557 2340 1699 2390 inter
1735 2339 1930 2390 herbas
1968 2348 2022 2387 et
2061 2351 2145 2389 re-

568 2443 854 2485 nascentes
886 2429 1077 2483 Salices
1110 2429 1381 2495 duplicem
1414 2430 1754 2481 viii-atiuncm
1791 2429 2095 2495 intelligunt
2128 2442 2141 2479 :

564 2532 626 2577 ut
647 2523 703 2576 in
729 2522 909 2577 herbis
930 2522 1158 2590 pupillus
1177 2522 1451 2574 nationum
1475 2521 1538 2573 sil
1563 2535 1579 2586 ;
1604 2521 1655 2570 iu
1680 2518 1958 2571 salicibus.
1980 2518 2032 2571 hi
2052 2518 2144 2586 qui

569 2633 632 2669 ex
671 2613 835 2668 Israel
870 2615 1244 2670 crediderunt.
1279 2613 1562 2681 Simulque
1606 2611 1869 2664 describit
1902 2613 2143 2663 varieta-

566 2718 673 2762 tem
700 2705 1044 2759 credentium
1080 2720 1097 2760 :
1129 2706 1280 2757 Alius
1312 2704 1474 2768 dicet,
1512 2705 1719 2757 Domini
1749 2719 1847 2771 ego
1876 2719 2019 2767 sum,
2051 2702 2143 2772 qui

565 2798 795 2868 justitia:
842 2811 1007 2862 opera
1058 2799 1110 2849 in
1163 2812 1222 2851 se
1270 2812 1391 2850 esse
1428 2796 1689 2861 confidit;
1723 2797 1861 2847 alius
1908 2796 2141 2859 vocabit,

565 2888 914 2949 subauditur,
950 2896 1261 2954 peccatores
1301 2889 1367 2939 ad
1421 2886 1793 2953 pwuiteutiam
1836 2887 1888 2938 in
1932 2887 2146 2939 nomine

563 2978 765 3045 Iacob;
803 2990 863 3033 ut
892 2987 947 3032 et
978 2978 1082 3047 ipsi
1131 2980 1477 3047 supplantent
1523 2978 1650 3031 vilia
1692 2991 1854 3046 atque
1901 2988 2139 3048 peccata.

563 3070 716 3125 Alius
762 3070 966 3125 scribet
989 3084 1148 3123 manu
1197 3085 1316 3132 sua,
1352 3069 1448 3123 Dei
1489 3084 1610 3123 sunt
1645 3069 1686 3123 '.
1720 3069 1872 3136 Sive,
1902 3047 1972 3125 fut
2003 3070 2147 3126 LXX
2172 3047 2217 3105 c

571 3160 992 3224 transtulerunt,
1027 3161 1216 3213 scribet
1266 3160 1319 3211 in
1372 3176 1530 3211 manu
1585 3176 1707 3224 sua,
1746 3160 1842 3215 Dei
1888 3177 2041 3229 sum;
2092 3173 2148 3216 ut

571 3267 712 3306 novo
746 3253 1017 3323 tyrocinio
1048 3254 1328 3306 servitutis
1356 3251 1556 3307 Christi
1596 3270 1655 3307 se
1690 3256 1911 3307 militem
1946 3255 2147 3324 glorie-

568 3355 678 3400 tur.
727 3345 796 3399 Et
829 3346 884 3397 in
928 3344 1143 3397 nomine
1188 3343 1357 3397 Israel
1396 3344 1803 3399 assimilabilur.
1844 3345 1960 3399 Non
2003 3347 2147 3400 enim

568 3453 758 3491 omnes
786 3451 852 3490 ex
883 3436 1068 3497 Israel,
1104 3440 1196 3489 sed
1232 3452 1422 3504 magna
1475 3453 1599 3504 pars
1630 3454 1694 3491 ex
1727 3440 1965 3508 gentium
2009 3439 2146 3492 mul-

506 3548 521 3555 ·
570 3530 823 3595 titudiue,
861 3529 913 3581 in
962 3530 1181 3581 nomine
1229 3529 1388 3581 Israel
1431 3529 1823 3583 assimilabitur
1854 3547 1870 3595 ;
1903 3538 1958 3581 ut
2007 3531 2146 3583 reci-

569 3622 682 3691 piat
713 3621 910 3690 Legem
958 3631 1010 3674 et
1044 3621 1366 3689 Prophetas,
1401 3637 1702 3690 omnesque
1734 3623 1937 3689 gratias
1970 3623 2149 3692 Spiri-

573 3726 660 3767 tus
689 3714 885 3777 sancti,
914 3727 1031 3780 quae
1063 3711 1227 3765 Israel
1259 3714 1456 3781 populo
1490 3715 1832 3782 repromissae
1859 3726 2003 3768 sunt.

644 3806 820 3874 (Vera.
853 3806 887 3857 6
922 3804 1104 3874 seqq.)
1150 3822 1168 3854 ι
1211 3802 1333 3857 “ait:
1365 3806 1490 3859 dicit
1527 3804 1785 3859 Dominus
1830 3822 1922 3859 rex
1960 3806 2143 3873 lsi-aet,

570 3907 621 3949 et
668 3898 972 3964 redemptor
1014 3899 1136 3963 ejus
1183 3896 1440 3950 Dominus
1467 3901 1802 3952 exercituum
1839 3913 1854 3953 :
1886 3899 1994 3968 Ego
2036 3902 2146 3968 pri-

573 4003 695 4040 mus
723 3998 777 4040 et
805 4001 903 4056 ego
936 3988 1284 4055 novissimus,
1310 3996 1367 4042 et
1392 3987 1603 4055 absque
1633 4004 1715 4042 me
1740 4004 1846 4044 non
1870 4002 1953 4044 est
1982 3990 2140 4046 Deus.

570 4080 704 4143 Quis
740 4079 936 4133 similis
982 4079 1127 4132 mei?
1162 4091 1315 4133 vocet
1359 4090 1413 4133 et
1456 4081 1762 4144 annuuiiet,
1798 4094 1854 4135 et
1898 4084 2145 4137 ordinem

566 4182 807 4239 exponat
835 4172 991 4235 mihi,
1018 4188 1082 4224 ex
1111 4187 1217 4239 quo
1244 4171 1504 4226 constitui
1534 4172 1787 4240 populum
1818 4177 2099 4243 antiquum
2125 4191 2140 4239 ;

569 4273 796 4314 \eutura
824 4272 878 4314 et
904 4279 1023 4331 qua:
1057 4266 1234 4315 futura
1263 4272 1396 4314 sunt
1425 4265 1751 4317 auuuntient
1780 4266 1860 4319 eis
1891 4265 1930 4319 ⁸.
1966 4266 2145 4321 Nolite

2252 1808 2335 1853 est
2361 1814 2376 1862 ;
2404 1801 2706 1861 succendit,
2738 1810 2793 1854 et
2837 1802 2982 1859 coxit
3025 1818 3213 1871 panes.
3261 1804 3338 1863 De
3386 1804 3600 1874 reliquo
3645 1818 3819 1861 autem

2252 1898 2508 1954 Opt'l‘allls
2551 1899 2635 1945 est
2667 1889 2859 1957 Deum,
2890 1902 2944 1946 et
2982 1893 3230 1948 adoravit
3260 1907 3276 1947 :
3310 1894 3439 1949 fecit
3468 1896 3739 1965 sculptile,
3770 1909 3823 1952 et

2252 1988 2510 2034 curvatus
2534 1989 2618 2032 est
2642 1993 2769 2035 ante
2793 1982 2946 2037 illud.
2978 1983 3207 2039 Medium
3233 1985 3352 2053 ejus
3377 1989 3674 2045 combussit
3698 1992 3821 2062 igni,

2252 2083 2308 2128 et
2339 2077 2402 2129 de
2430 2076 2610 2129 medio
2635 2076 2754 2146 ejus
2781 2091 2975 2132 carnes
3002 2081 3260 2141 comedit.
3290 2081 3444 2136 Coxit
3468 2086 3819 2155 pulmentum.

2252 2174 2299 2217 et
2338 2173 2616 2220 saturaius
2650 2175 2753 2231 est,
2791 2178 2846 2221 et
2883 2169 3181 2225 calefactus
3220 2183 3326 2237 est,
3359 2181 3417 2227 et
3452 2175 3597 2233 dixit
3630 2194 3648 2233 :
3686 2176 3821 2233 γεω

2252 2256 2551 2312 calefactus
2594 2274 2740 2324 sum,
2777 2259 2885 2314 vidi
2931 2262 3131 2325 locum.
3176 2262 3462 2334 Reliquum
3495 2278 3683 2331 autem
3714 2270 3823 2339 ejus

2254 2347 2423 2401 Deum
2464 2347 2612 2412 fecit,
2650 2358 2703 2404 et
2746 2353 3000 2421 sculptile
3033 2354 3136 2408 sibi
3169 2371 3185 2423 ;
3218 2366 3473 2411 curvatur
3504 2370 3637 2414 ante
3682 2361 3822 2424 illud.

2250 2452 2304 2497 et
2338 2441 2609 2508 obsecrat,
2646 2442 2839 2498 dicens
2879 2460 2894 2503 :
2928 2443 3121 2501 Libera
3172 2464 3278 2512 ine,
3314 2454 3438 2519 quia
3486 2451 3634 2511 Deus
3683 2470 3825 2510 meus

2251 2546 2310 2585 es
2344 2542 2418 2593 tu.
2452 2532 2796 2600 Nescierunt,
2833 2550 3009 2603 neque
3041 2537 3419 2599 intellexerunt
3445 2558 3464 2608 ;
3488 2542 3651 2605 obliti
3689 2546 3821 2599 enim

2253 2634 2400 2689 sunt,
2436 2640 2503 2678 ne
2547 2626 2763 2679 tideaiit
2806 2628 2945 2681 oculi
2986 2642 3196 2693 eorum,
3223 2644 3297 2693 ,ne
3332 2631 3643 2700 intelligant
3672 2638 3819 2687 corde

2253 2728 2374 2768 suo.
2419 2711 2541 2767 Non
2588 2716 2891 2786 recogitant
2936 2716 2989 2769 in
3038 2728 3216 2775 mente
3256 2734 3382 2785 sua,
3417 2736 3598 2790 neque
3638 2738 3823 2794 cogno-

2253 2814 2433 2870 scunt,
2460 2820 2631 2866 neque
2655 2809 2893 2861 sentiunt
2924 2817 2980 2860 ut
3009 2807 3197 2865 dicant
3225 2826 3240 2863 :
3266 2809 3501 2877 Medium
3530 2814 3660 2883 ejus
3684 2832 3825 2871 conv

2253 2896 2400 2950 bussi
2430 2896 2560 2963 igni,
2589 2908 2645 2951 et
2674 2898 2799 2952 coxi
2830 2914 2991 2967 super
3021 2902 3287 2961 carbones
3316 2903 3436 2972 ejus
3460 2920 3669 2975 panes.
3700 2907 3824 2962 Cori

2253 3002 2466 3053 carnes,
2493 3000 2547 3041 et
2574 2990 2805 3069 comedi,
2832 2999 2886 3042 et
2907 2990 2975 3044 de
3001 2992 3209 3061 reliquo
3233 2993 3355 3063 ejus
3381 2996 3591 3057 idolum
3616 2997 3823 3065 faciam,

2252 3093 2378 3134 ante
2410 3091 2659 3135 truncum
2699 3082 2827 3150 ligni
2865 3085 3169 3152 procidam,
3204 3102 3326 3155 pars
3359 3090 3484 3159 ejus
3517 3094 3668 3147 cinis
3707 3105 3828 3152 est:

2253 3187 2346 3226 cor
2387 3174 2647 3242 insipiens
2691 3175 2938 3229 adoravit
2972 3162 3083 3247 [Αἱ.
3114 3179 3386 3255 adorabit]
3422 3183 3554 3253 illud
3586 3204 3605 3251 ;
3638 3196 3698 3240 et
3730 3203 3823 3241 non

2251 3263 2499 3318 liberavit
2525 3263 2637 3337 [ΑΙ.
2665 3263 2940 3339 liberabit]
2970 3271 3207 3324 animam
3231 3285 3407 3335 suam.
3434 3289 3619 3345 neque
3646 3279 3820 3334 dicet:

2250 3354 2391 3410 forte
2427 3357 2777 3412 mendacium
2803 3367 2887 3414 est
2929 3362 2983 3412 in
3018 3359 3241 3415 dextera
3284 3378 3427 3418 mea.
3458 3384 3486 3417 ο
3522 3366 3660 3422 Post
3690 3385 3820 3437 pr:-

2251 3446 2579 3500 dicationem
2614 3448 3004 3517 apostolorum,
3034 3453 3376 3508 vocationem
3407 3458 3681 3527 gentium,
3712 3459 3824 3514 Sal-

2249 3541 2457 3595 vatoris
2510 3540 2824 3608 adventum,
2862 3552 2917 3596 et
2965 3544 3282 3603 effusionem
3334 3545 3578 3618 Spiritus
3626 3555 3817 3619 uncti,

2247 3646 2408 3700 quem
2435 3635 2647 3688 cunctis
2672 3636 3024 3691 credentibus
3042 3637 3294 3692 daturum
3320 3656 3382 3699 se
3407 3658 3531 3698 esse
3550 3650 3821 3715 promisit.

2248 3725 2464 3792 quando
2493 3740 2591 3793 pro
2619 3730 2881 3782 varietate
2905 3729 3229 3784 meritorum
3257 3732 3398 3788 alius
3422 3737 3588 3800 dicet,
3616 3737 3821 3795 Domini

2247 3830 2348 3882 ego
2400 3831 2562 3882 sum;
2597 3816 2735 3871 alius
2787 3822 3005 3874 vocabit
3063 3822 3116 3875 iu
3171 3825 3389 3880 nomine
3438 3824 3645 3896 Jacob;
3692 3832 3825 3885 alius

2246 3909 2450 3961 scribet
2484 3924 2645 3962 manu
2676 3924 2769 3965 sua
2809 3927 2868 3966 se
2906 3927 3024 3968 esse
3065 3913 3301 3983 Domini,
3340 3928 3395 3972 et
3422 3935 3547 3974 cum
3578 3934 3734 3978 ortus
3757 3931 3827 3980 sit

2247 4003 2312 4052 de
2340 3998 2543 4054 infideli
2578 4001 2731 4055 turba
2759 4005 3064 4070 gentilium,
3098 4006 3151 4059 in
3181 4009 3405 4063 nomine
3433 4014 3825 4070 assiniilabitur

2250 4090 2434 4155 Israel,
2463 4100 2541 4155 ut,
2566 4092 2768 4150 relictis
2795 4096 2975 4162 idolis,
2997 4098 3154 4154 unius
3179 4100 3271 4157 Dei
3299 4103 3471 4163 cultor
3496 4106 3568 4161 sit
3596 4123 3613 4173 ;
3642 4109 3825 4178 incipit

2246 4184 2414 4238 altera
2446 4188 2744 4258 περικοπή,
2776 4204 2937 4259 quam
2984 4200 3159 4246 totam
3203 4193 3368 4253 simul
3410 4205 3820 4271 proposuimus,

2246 4293 2313 4331 ne
2342 4279 2501 4331 unius
2531 4295 2724 4334 sensus
2754 4282 3126 4340 divideremus
3154 4289 3568 4347 continentiam.
3600 4293 3675 4348 Et
3698 4301 3825 4367 quia

568 4364 786 4417 ttinere,
816 4369 989 4422 neque
1012 4352 1414 4406 conturbeiuiui
1443 4368 1544 4410 ζει
1575 4363 1701 4407 tunc
1726 4356 1911 4411 audire
1939 4368 1988 4410 te
2012 4357 2138 4423 feci,
2171 4377 2215 4434 υ
2246 4364 2595 4436 Septuaginta
2634 4369 2686 4423 in
2732 4370 2835 4425 hoc
2859 4374 3124 4442 capitulo.
3165 4378 3405 4446 exceptis
3440 4378 3608 4454 527
3644 4352 3826 4452 paucis

567 4455 622 4497 et
673 4446 989 4498 auuuutiavi
1024 4460 1041 4498 :
1080 4459 1173 4499 vos
1209 4444 1341 4497 estis
1391 4456 1557 4498 testes
1592 4447 1721 4499 mei.
1756 4445 2031 4516 Numquid
2058 4459 2142 4504 est

569 4538 710 4587 Deus
755 4537 957 4603 absque
992 4552 1099 4599 tne,
1136 4546 1190 4589 et
1224 4539 1485 4590 formator
1512 4553 1671 4605 quem
1703 4553 1806 4608 ego
1839 4555 1943 4592 non
1979 4555 2143 4594 nove-

565 4627 705 4680 rim?
730 4626 930 4679 Hastae
961 4627 1091 4680 idoli
1120 4642 1309 4681 omnes
1338 4629 1469 4682 iiibil
1501 4640 1650 4693 sunt,
1682 4640 1735 4683 et
1764 4631 2142 4687 amantissima

563 4732 751 4769 eorum
795 4730 903 4768 non
951 4716 1251 4784 proderunt
1285 4717 1385 4771 eis.
1421 4716 1523 4785 Ipsi
1556 4732 1689 4773 sunt
1724 4730 1890 4774 testes
1930 4739 2140 4791 eorum,

636 4851 652 4881 ¹
691 4849 815 4903 Non
845 4849 900 4902 in
928 4848 1216 4912 clementis,
1255 4859 1360 4902 etc.
1398 4849 1599 4905 Pudeat
1635 4869 1780 4908 nunc
1814 4854 2046 4911 clericos
2077 4873 2141 4911 ac

562 4933 785 4976 ca‘teros
846 4921 1269 4994 calumniatores
1322 4917 1673 4991 Hiemnymi,
1722 4927 1814 4993 qui
1877 4928 2143 4994 putabant

564 5006 813 5044 sanetum
873 4992 1156 5064 ductorem
1220 5004 1328 5064 noti
1390 4996 1522 5044 satis
1582 4992 1837 5048 calluisse
1878 4992 2138 5064 'linguam

562 5063 867 5125 Hebraeum,
902 5059 1050 5128 quod
1089 5075 1211 5113 cuni
1244 5060 1448 5114 (iuncis
1488 5077 1688 5129 passim
1735 5066 1786 5116 in
1830 5082 1940 5116 suis
1982 5059 2140 5119 Lum-

566 5136 847 5184 iuciitariis
875 5147 1077 5183 nomen
1108 5132 1283 5181 lsiaet
1308 5144 1721 5198 interpretatum
1746 5138 1945 5189 dixerit
1971 5144 2136 5191 virum

561 5201 814 5252 videntem
853 5202 1037 5254 Deum.
1076 5199 1346 5253 Maurum.

628 5267 829 5321 Confer
863 5272 1203 5334 Quiestiones
1235 5273 1288 5322 in
1321 5268 1595 5338 Genesini,
1624 5272 1731 5327 col.
1769 5274 1907 5341 357;
1946 5277 2140 5331 librum

562 5351 778 5404 quoque
836 5350 1051 5392 tertium
1104 5357 1294 5393 contra
1350 5341 1670 5409 Pelagianos
1714 5360 1866 5399 tium.
1901 5348 1969 5413 8;
2003 5361 2052 5401 et
2096 5352 2140 5403 si

563 5416 699 5458 tanti
733 5420 882 5472 sunt,
914 5424 1032 5476 quae
1063 5425 1165 5463 nos
1200 5422 1414 5477 quoque
1451 5415 1523 5466 ibi
1558 5429 1905 5470 annotamus.

633 5477 653 5505 ³
686 5481 1029 5532 Ambrosmn.
1067 5480 1311 5533 ΕΥΘΥΣ.
1349 5478 1550 5534 Eadem
1590 5499 1751 5550 porro
1792 5487 1965 5540 sensit
2018 5487 2144 5542 Hie-

562 5560 822 5624 ronymus
852 5559 959 5624 tum
993 5551 1140 5624 alim.
1170 5568 1290 5603 cum
1331 5553 1603 5624 praecipue
1637 5558 1687 5606 in
1718 5571 1839 5624 cap.
1871 5572 1962 5610 Vlll
1996 5559 2139 5612 Eze-

557 5616 771 5685 chielis,
811 5616 944 5684 ubi;
979 5635 998 5668 ι
1038 5618 1209 5687 Unde,
1240 5616 1438 5691 inquit,
1467 5616 1523 5677 et
1548 5616 1827 5683 Geneseos
1868 5627 2008 5683 liber
2047 5643 2139 5683 eo-

2244 4458 2446 4523 verbis,
2479 4473 2587 4514 non
2619 4460 2929 4531 discrepant
2955 4466 3022 4518 ab
3054 4463 3338 4533 llebraico,
3372 4483 3554 4526 nostia
3584 4476 3827 4534 editione

2243 4552 2485 4604 contenti
2534 4567 2743 4617 smnus,
2784 4570 2894 4624 qua
2938 4558 3238 4626 intellecta,
3278 4574 3577 4620 noscentur
3623 4581 3679 4625 et
3715 4587 3819 4626 cc.

2247 4646 2393 4691 terte.
2440 4639 2534 4695 Est
2569 4655 2745 4698 autem
2779 4661 2960 4703 sermo
2995 4663 3187 4705 contra
3223 4653 3369 4709 illius
3408 4663 3672 4725 temporis
3707 4664 3823 4717 ido-

2244 4728 2488 4821 lolatras,
2521 4749 2629 4803 quo
2651 4735 2815 4792 Isaias
2834 4742 3094 4809 propheta
3124 4756 3348 4801 ventura
3379 4749 3596 4819 populis
3610 4755 3825 4810 nuntia-

2248 4880 2369 4952 tum
2407 4868 2728 4952 (Abraham,
2759 4885 2814 4927 et
2861 4874 3030 4944 Isaac,
3064 4890 3120 4934 et
3147 4878 3339 4952 Jacoli)
3372 4886 3639 4941 vocabulo
3669 4906 3826 4947 acce-

2244 4940 2420 5028 tlj‘i—
2439 4952 2558 5028 qua:
2579 4937 2893 5028 Judw‘oru'ui
2924 4937 3110 5028 opinio
3130 4962 3235 5028 est,
3257 4937 3826 5028 Geitesiiii—de'siinaii

2247 5009 2649 5095 il.l‘l)L:ltrttttll.tltll,
2681 5009 2975 5095 Διιιιιιιὶιιᾳιί
3006 5021 3093 5072 ubi
3145 5009 3313 5089 liccti,
3347 5023 3514 5081 Josue

2247 5075 2289 5127 ΙΙ
2324 5079 2568 5146 Samuel,
2603 5096 2642 5143 ι,
2676 5084 2761 5146 18,
2799 5085 3073 5141 laudatur.

2319 5144 2549 5229 '_Priiua
2599 5144 2881 5229 liaevice,
2916 5162 3118 5229 quippe
3160 5177 3284 5216 cum
3334 5160 3593 5222 Hebrzus
3641 5180 3830 5226 textus

2246 5213 2520 5297 laudetur,
2554 5235 2651 5287 pro
2684 5223 2779 5297 Dei
2803 5213 2947 5289 sum;
2981 5213 3827 5297 Victoriusfireseri—bit—bgiit:

2320 5285 2340 5315 "
2373 5288 2507 5370 (iuni
2550 5285 2789 5370 iteguuttl‘
2838 5285 3100 5370 particula
3146 5285 3827 5370 legerat

2246 5350 2801 5435 alluitutieut,e_nntta
2835 5350 2977 5418 sacri
3011 5350 3823 5435 textu-sv,”ueduiiiiiigriidewgi':

2316 5423 2693 5512 f‘_l’r_iepositio
2741 5448 2805 5510 ea:
2857 5437 3064 5512 deerat.

2244 5498 2651 5619 rastitutionum
2699 5507 2924 5559 minoris
2972 5498 3227 5567 multisnil
3276 5498 3824 5576 lectoremwswu‘biude

2246 5584 2274 5618 a
2320 5581 2558 5619 mouere.

2246 5581 2558 5623 δυιηοιιιὶω.
