3952 6180
248 231 362 296 453

743 235 1227 298 COMMENTAR.
1274 238 1348 295 I.\'
1391 238 1650 298 ISAIAM
1689 239 2144 301 PROPHETAM
2187 241 2330 305 LIB.
2379 243 2517 310 XII,
2568 241 2726 300 CAP.
2751 240 2955 302 XLIV.

3383 235 3493 302 454

255 354 367 416 bat,
399 360 451 406 et
485 352 657 422 arguit
697 367 810 430 eos,
845 352 934 421 qui
982 352 1079 406 Dei
1127 352 1509 420 omnipotentis
1560 352 1816 422 religione
1849 360 1892 414 Α
1922 352 2075 419 ferri,
2109 363 2161 409 et
2187 355 2253 408 ad
2293 355 2578 408 Imresewn
2608 352 2901 421 principes,
2943 349 3031 417 qui
3065 349 3348 405 simulacra
3389 349 3492 406 do-

245 454 589 512 coutempta,
624 444 934 498 simulacris
981 445 1170 512 ligneis
1214 444 1562 507 inclinentur,
1595 455 1648 496 et
1687 447 1821 498 ado~

247 541 377 586 rent
427 548 588 600 opera
632 547 890 586 manuum
938 548 1181 585 suarum.
1217 531 1518 584 llurramns
1555 547 1683 600 ergo
1727 547 1823 601 per

244 626 485 693 singula.
522 623 646 678 Ha'c
687 626 811 677 dicit
855 623 1109 677 Dominus
1154 639 1243 675 rex
1287 622 1478 683 Israel,
1507 625 1595 692 qui
1641 625 1692 674 iu
1739 637 1823 676 nte

246 716 558 770 crediturus
607 725 724 781 est,
770 724 820 768 et
867 715 1166 781 redemptor
1211 715 1360 782 ejus,
1400 716 1490 781 qui
1547 713 1668 767 Filii
1719 713 1821 767 mei

241 807 513 874 suscipiet
572 806 860 858 adventum
911 823 924 858 :
977 805 1227 857 Dominus
1284 815 1602 857 exercituum
1659 813 1821 871 atque

244 901 534 961 virtutum,
572 908 626 950 et
663 895 1037 964 Omnipotens.
1089 897 1200 950 lloc
1253 899 1395 950 enim
1453 899 1505 950 in
1559 896 1822 949 lIehraico

242 1000 412 1042 sonat
442 1001 685 1042 sasaoru
713 988 957 1056 (111833).
991 984 1103 1054 Ego
1134 1003 1246 1038 sum
1271 987 1488 1053 primus,
1518 997 1566 1038 et
1591 1003 1682 1053 ego
1707 1003 1822 1038 sum

243 1081 582 1143 novissimus,
617 1095 715 1148 ego
743 1081 789 1130 A
817 1089 870 1131 et
902 1080 977 1142 0;
1009 1088 1057 1131 et
1087 1079 1277 1146 absque
1306 1095 1384 1130 me
1419 1094 1518 1130 non
1545 1090 1618 1131 est
1661 1077 1822 1142 Deus,

243 1175 377 1240 quia
407 1187 538 1240 puer
560 1187 717 1240 quem
745 1171 906 1239 elegi,
933 1171 983 1222 itt
1011 1184 1096 1224 me
1122 1169 1259 1223 Deus
1287 1181 1386 1222 est.
1422 1171 1494 1222 De
1524 1185 1629 1238 quo
1658 1184 1818 1234 supra

241 1265 408 1317 dixi:
453 1262 586 1316 Ecce
626 1278 756 1330 puer
801 1278 970 1327 meus,
1012 1279 1159 1331 quem
1207 1262 1384 1332 elegi:
1415 1261 1606 1314 electus
1655 1276 1816 1323 meus,

240 1373 402 1423 quem
435 1356 660 1424 suscepit
698 1356 878 1408 anima
912 1371 1024 1407 mea
1051 1371 1069 1408 :
1099 1354 1358 1422 judicium
1389 1353 1628 1422 gentibus
1653 1354 1827 1422 profe-

243 1460 344 1511 ret,
377 1459 427 1501 et
476 1448 530 1500 in
569 1448 775 1501 nomine
820 1447 933 1515 ejus
984 1458 1161 1516 gentes
1210 1448 1516 1514 sperabunt.
1555 1443 1663 1498 Nec
1699 1444 1827 1498 dicit

239 1551 299 1590 se
351 1551 478 1590 esse
526 1537 734 1598 solum,
779 1539 874 1591 sed
930 1547 1124 1603 praeter
1165 1539 1414 1589 virtutem
1457 1551 1610 1590 suam
1663 1546 1827 1601 atque

239 1628 570 1695 sapientiam
622 1629 827 1681 nullum
871 1643 991 1682 esse
1025 1639 1303 1681 externum
1349 1626 1542 1691 Deum,
1577 1629 1826 1679 deorum-

1924 457 2160 514 gmatum
2184 460 2400 501 suorum
2435 456 2598 512 atque
2621 442 2904 505 mendacii,
2932 441 3126 495 artilici
3155 443 3324 495 corde’
3342 456 3494 494 com-

1920 549 2148 604 ponunt,
2205 547 2260 591 et
2303 546 2632 589 venerantur
2681 547 2746 588 ea
2805 547 2984 602 quzea
3041 547 3100 586 se
3145 532 3328 586 sciunt
3375 546 3498 587 esse

1921 630 2192 682 simulata.
2232 627 2341 682 Nec
2371 626 2568 681 sullicit
2599 626 2678 679 eis
2729 640 2881 679 error
2923 625 3196 693 proprius,
3227 625 3328 677 nisi
3365 624 3498 677 situ-

1924 720 2091 786 plices
2120 735 2364 787 quosque
2410 733 2596 772 eorum
2655 717 2974 771 adoratioue
3021 717 3353 786 deceperint.
3390 715 3496 782 Qui

1923 822 2182 877 quaestum
2219 820 2406 878 putant
2444 825 2564 864 esse
2598 810 2877 876 pietatem,
2915 817 2968 862 et
3009 809 3272 861 devorant
3310 807 3500 860 domos

1923 902 2202 952 viduarum
2231 899 2424 968 (Marc.
2463 897 2585 966 xu),
2616 899 3008 967 ahutentesqne
3033 897 3171 966 vulgi
3204 896 3497 965 imperitia,

1925 993 1996 1044 ita
2025 1003 2139 1043 arte
2162 991 2468 1053 dialectica,
2501 991 2654 1057 quasi
2711 989 2853 1043 ascia
2903 997 2956 1043 et
2984 989 3222 1050 terebro,
3271 988 3393 1041 lima
3444 997 3502 1043 et

1925 1082 2148 1136 rnuciua
2186 1081 2422 1134 formant
2472 1081 2636 1134 Deum
2689 1095 2872 1142 suum,
2914 1088 2970 1132 et
3013 1079 3221 1133 cudunt
3281 1078 3501 1144 malleo,

1925 1185 2088 1242 atque
2172 1175 2426 1224 inaurant
2512 1171 2781 1225 sermonis
2838 1169 3093 1222 rhetorici
3169 1180 3502 1224 venustate:

1924 1263 2159 1328 Quorum
2198 1263 2331 1316 Deus
2363 1274 2537 1316 venter
2567 1272 2666 1324 est,
2699 1269 2748 1313 et
2771 1259 2944 1329 gloria
2973 1260 3028 1312 in
3077 1261 3380 1326 conlatione
3415 1275 3503 1312 eo-

1927 1371 2040 1405 rum
2073 1353 2322 1423 (Philipp.
2350 1367 2436 1415 llI,
2475 1352 2586 1416 I9).

1997 1445 2171 1514 (Vt-rs.
2222 1446 2280 1496 al
2340 1445 2516 1513 seqq.)
2552 1462 2570 1493 ι
2639 1443 2908 1498 Memento
2959 1442 3178 1507 horum,
3211 1439 3401 1505 Iacob,
3452 1449 3506 1493 et

1927 1533 2114 1599 Israel,
2161 1538 2420 1605 quoniam
2473 1551 2660 1590 servus
2718 1552 2870 1591 meus
2917 1550 2976 1588 es
3024 1544 3126 1589 tu:
3165 1533 3394 1587 formavi
3429 1539 3504 1595 te,

1927 1641 2118 1680 servus
2151 1642 2303 1680 meus
2337 1642 2396 1680 es
2429 1635 2508 1691 tn,
2539 1626 2724 1691 Israel,
2767 1641 2835 1681 ne
2867 1625 3212 1680 obliviscaris
3247 1625 3372 1679 mei.
3406 1623 3510 1678 De-

238 1735 349 1788 que
401 1719 700 1772 multorum
743 1719 1074 1788 opinionem,
1118 1726 1172 1773 et
1219 1719 1509 1772 simulacra
1557 1717 1815 1770 condent—
1851 1710 1892 1765 Β
1925 1717 2025 1770 levi
2064 1727 2120 1770 ut
2168 1717 2368 1770 nubent
2428 1717 2741 1784 iniquitates
2791 1727 2935 1780 tuas,
2962 1727 3013 1768 et
3045 1716 3199 1784 quasi
3255 1715 3506 1768 nebulam

241 1827 386 1866 naus
421 1825 434 1840 ·
468 1809 620 1876 Quis,
662 1810 857 1877 inquit,
893 1810 1078 1864 similis
1121 1811 1222 1863 mei
1255 1811 1375 1864 est?
1408 1809 1572 1863 Vocet
1609 1823 1670 1862 ea
1702 1821 1824 1875 qua:

242 1916 351 1955 non
394 1911 524 1956 sunt
553 1902 711 1971 quasi
755 1901 886 1966 sint,
917 1910 971 1955 et
1013 1911 1249 1971 exponat
1275 1901 1522 1956 ordinem
1560 1911 1852 1954 creaturae.

246 2008 406 2056 meae,
446 1993 538 2062 qui
585 2000 778 2048 cuncta
830 1995 1038 2047 ratione
1083 1993 1418 2059 libraverim,
1460 2008 1525 2047 ex
1571 2008 1678 2062 quo
1723 1992 1825 2047 feci

250 2087 537 2138 hominem
573 2098 736 2154 super
769 2093 992 2138 terram.
1043 2083 1151 2138 Nec
1196 2085 1297 2139 hoc
1346 2085 1518 2138 solum
1555 2086 1696 2146 volo,
1731 2084 1826 2139 sed

245 2191 436 2246 quano
461 2177 626 2230 etiam
667 2174 951 2232 scientiam
985 2175 1307 2230 futurorum.
1345 2175 1498 2230 Unde
1531 2185 1605 2240 tu,
1635 2174 1826 2240 Israel,

245 2267 408 2338 cujus
438 2275 494 2320 et
530 2281 623 2321 rex
663 2276 717 2320 et
750 2267 1061 2334 redemptor
1091 2281 1230 2331 sum,
1265 2267 1372 2321 noli
1419 2268 1612 2321 timere
1658 2267 1828 2321 simu-

253 2360 426 2422 lacra,
458 2374 579 2427 quae
600 2373 722 2413 esse
764 2358 922 2423 nihil,
959 2357 1012 2412 in
1055 2357 1185 2412 Sina
1217 2367 1420 2423 monte,
1459 2357 1826 2412 didicisti.~An

249 2452 483 2507 lorsitan
511 2453 739 2506 Creator
768 2460 851 2506 est
882 2451 1044 2516 alius,
1075 2466 1238 2521 quem
1272 2467 1370 2522 ego
1404 2466 1512 2506 non
1542 2451 1828 2506 noverim?

248 2550 353 2599 Aut
399 2552 596 2614 praeter
631 2544 777 2598 hunc
817 2543 953 2598 alter
981 2551 1064 2597 est
1105 2543 1355 2608 mundus,
1389 2542 1480 2612 Qui
1527 2542 1693 2612 ignoti
1733 2541 1827 2596 Dei

251 2644 521 2689 monstret
569 2635 909 2704 potentiam?
959 2631 1144 2702 Neque
1195 2648 1326 2688 vero
1377 2648 1440 2686 ea
1490 2634 1664 2688 solum
1711 2650 1830 2703 qum

250 2727 413 2788 fiunt,
446 2725 540 2779 sed
573 2736 628 2780 et
659 2725 736 2779 Illi
768 2725 856 2795 qui
886 2723 1110 2784 faciunt.
1146 2725 1486 2779 habebuntur
1523 2741 1622 2795 pro
1653 2726 1827 2780 nihili.

251 2817 505 2883 (Eumque
553 2814 807 2868 vindicta:
859 2823 1072 2883 tempus
1123 2816 1439 2877 advenerit,
1489 2829 1828 2884 nequaquam

253 2916 512 2974 poterunt
543 2921 638 2960 eos
673 2922 930 2960 manuum
967 2920 1190 2958 suarum
1223 2920 1385 2972 opera
1429 2905 1681 2970 liberare,
1712 2919 1830 2972 qua:

253 3013 396 3052 caeca
423 3009 480 3052 et
506 2995 844 3052 insensibilia
877 2997 1218 3050 confundunt
1249 2997 1483 3050 artiﬁces
1513 3011 1664 3050 suos.
1697 2995 1829 3061 Quis

248 3091 396 3146 enim
431 3089 610 3157 possit
637 3089 744 3143 hoc
774 3091 998 3143 credere
1027 3088 1172 3157 quod
1210 3089 1377 3152 ascia,
1415 3088 1562 3154 lima,
1596 3097 1652 3142 et
1685 3098 1828 3142 tere-

251 3185 346 3237 hro
393 3182 702 3250 malleoque
753 3181 1017 3235 formetur
1061 3182 1236 3235 deus?
1277 3181 1344 3235 Et
1391 3182 1479 3235 vel
1538 3182 1590 3235 in
1643 3184 1829 3250 prunis

254 3275 549 3327 simulacra
581 3272 910 3336 fundantur;
943 3271 1025 3326 vel
1061 3287 1272 3332 norma,
1304 3275 1550 3338 runcina,
1579 3281 1633 3326 et
1663 3288 1829 3340 angn-

253 3366 498 3431 laribus,
549 3366 861 3434 circinoque
907 3367 959 3417 in
1009 3367 1140 3420 deos
1191 3375 1412 3435 repente
1461 3363 1830 3434 consurgant?

255 3455 568 3511 Praesertim
612 3471 731 3509 cum
773 3455 915 3510 fame
961 3467 1014 3510 ct
1067 3457 1153 3511 siti
1197 3456 1446 3519 artificis,
1481 3456 1614 3509 artis
1653 3455 1832 3509 vilitas

254 3549 678 3604 demonstretur.
723 3546 811 3601 Fit
854 3549 997 3600 enim
1050 3547 1224 3618 lignea
1277 3557 1488 3610 statua,
1537 3547 1828 3600 humanam

253 3642 572 3709 exprimens
621 3641 900 3708 speciem,
937 3651 1004 3693 et
1052 3647 1255 3706 quanto
1299 3639 1576 3707 pulchrior
1631 3637 1828 3700 fuerit,

257 3743 410 3786 tanto
454 3733 586 3786 deus
625 3741 846 3801 putatur
887 3733 1191 3801 augustior.
1241 3732 1464 3786 Ponitur
1505 3733 1556 3783 in
1597 3730 1740 3792 fano,
1779 3738 1833 3781 et

257 3835 469 3879 aeterno
495 3824 762 3881 clauditur
785 3839 1029 3888 carcere,
1059 3839 1178 3893 qua:
1205 3824 1364 3893 longo
1392 3833 1633 3891 tempore
1662 3826 1833 3876 crevit

259 3920 308 3969 in
349 3919 616 3983 saltibus,
653 3927 707 3970 et
749 3932 845 3986 pro
890 3917 1155 3969 varietate
1204 3916 1496 3978 arborum,
1549 3915 1746 3970 cedrus
1779 3922 1834 3970 et

260 4009 362 4062 ilex
399 4009 567 4077 528
613 4020 667 4062 et
700 4023 940 4077 quercus
983 4007 1066 4060 vel
1097 4007 1255 4076 pinus
1286 4006 1406 4060 fuit.
1446 4005 1745 4075 Mirutnque
1779 4009 1831 4061 in

264 4102 485 4154 modum
522 4109 801 4166 segmenta
844 4102 962 4169 ejus
999 4109 1160 4166 atque
1212 4113 1414 4151 rasurae
1460 4098 1749 4150 mittuntur
1779 4099 1830 4150 in

263 4191 471 4254 locum,
527 4201 586 4244 ut
633 4191 949 4244 calcfaciant
1003 4190 1270 4243 artiﬁcem
1331 4189 1451 4252 d'ei,
1502 4199 1557 4242 et
1603 4198 1834 4256 coquant

261 4287 477 4336 diversa
519 4284 786 4350 pulmenta
823 4294 838 4329 :
873 4298 997 4348 pars
1040 4290 1219 4334 autem
1261 4283 1428 4334 altera
1472 4281 1736 4336 formatur
1781 4284 1832 4335 in

264 4373 425 4424 deutn
448 4410 463 4431 ,
494 4383 550 4422 ιιι
574 4386 735 4438 opere
765 4370 1056 4436 completo,
1083 4370 1271 4423 adoret
1300 4369 1452 4429 illam
1482 4372 1656 4424 factor
1683 4387 1834 4444 suus,

270 4477 322 4514 et
357 4465 542 4530 operis
589 4465 672 4516 sui
717 4464 1044 4529 imprecetur
1092 4460 1382 4526 auxilium;
1423 4476 1522 4516 nec
1565 4462 1836 4530 intelligit,

273 4555 350 4607 vel
397 4555 681 4622 recogitat,
717 4555 826 4606 imo
869 4567 970 4606 nec
1011 4553 1214 4613 carnis,
1250 4568 1349 4607 nec
1397 4555 1594 4608 mentis
1642 4557 1841 4622 aspicit

269 4648 466 4710 oculis,
498 4648 644 4714 quod
677 4661 782 4699 non
815 4646 992 4713 possit
1019 4660 1140 4699 esse
1170 4643 1332 4708 Deus,
1363 4645 1514 4712 cujus
1552 4661 1681 4714 pars
1718 4649 1840 4718 igne

260 4741 542 4791 combusta
573 4747 700 4793 est:
733 4753 832 4790 nec
874 4737 1110 4790 hominis
1154 4753 1314 4790 manu
1351 4738 1462 4791 ﬁeri
1497 4738 1678 4793 divina
1725 4757 1840 4792 uta-

258 4830 452 4895 jestas.
483 4829 810 4896 Pleniusque
839 4843 1001 4896 super
1026 4831 1283 4883 irrisione
1309 4829 1575 4884 idolorum
1607 4833 1839 4901 prOphe-

265 4929 406 4972 ticus
459 4935 640 4972 sermo
695 4920 1028 4985 contexitur,
1085 4935 1204 4988 qua:
1253 4920 1842 4990 lacilts=intelligentiaa

261 5019 411 5081 sunt,
435 5023 545 5061 nec
575 5008 917 5072 laciniosam,
947 5011 1052 5060 imo
1083 5009 1413 5077 superfluam
1443 5012 1839 5078 expositionem

266 5103 603 5154 desiderant.
639 5099 813 5168 Super
841 5117 949 5169 quo
981 5110 1033 5152 et
1065 5099 1291 5154 Flaccus
1327 5105 1520 5157 scribit
1549 5105 1602 5157 in
1636 5103 1838 5170 Satira,

267 5191 518 5243 derideus
547 5190 836 5243 simulacra
865 5191 1104 5258 gentium
1127 5189 1310 5260 tSatir.
1345 5207 1458 5256 vni,
1494 5194 1586 5246 lib.
1618 5197 1654 5265 t)
1684 5213 1696 5248 :

357 5325 710 5392 Olim‘trnncus
732 5339 866 5374 eram
879 5326 1145 5388 ficulneus,
1174 5327 1348 5378 inutile
1372 5330 1557 5392 lignum
1580 5348 1592 5380 :

355 5386 870 5452 μειιιιιδὺυιδιιιεθιιυδ
890 5386 1140 5438 sonantum
1187 5386 1442 5440 faceretne
1496 5395 1747 5452 Priapum,

357 5448 524 5518 Ilatnit
547 5461 656 5518 esse
680 5451 854 5518 deum:
889 5453 1014 5500 deus
1037 5457 1151 5500 inde
1183 5467 1298 5514 ego,
1351 5459 1509 5503 turum
1550 5448 1815 5518 aviumque

360 5510 562 5556 Maxima
589 5511 810 5560 lornttdo.
829 5547 869 5560 ..
899 5548 912 5560 .
938 5548 947 5559 .
975 5549 986 5560 .
1015 5549 1025 5559 .
1055 5549 1067 5559 .
1091 5548 1104 5560 .
1133 5549 1145 5561 .
1168 5549 1180 5562 .
1209 5510 1238 5559 ἶ
1259 5551 1270 5563 .

271 5652 536 5725 Quidquid
574 5667 757 5709 autem
789 5657 852 5712 de
891 5657 1050 5712 idolis
1109 5658 1310 5714 dictum
1375 5670 1478 5727 est,
1528 5670 1700 5730 potest
1754 5679 1842 5718 rc-

1927 1818 2146 1877 peccata
2183 1817 2296 1863 tua.
2329 1809 2629 1863 Revertere
2655 1811 2718 1860 ad
2756 1823 2840 1864 me
2872 1826 2886 1866 :
2919 1809 3171 1875 quoniam
3198 1807 3398 1861 redemi
3431 1817 3502 1859 te.

1929 1899 2185 1966 Laudato,
2212 1900 2354 1961 cmli,
2384 1902 2637 1969 quoniam
2677 1897 2851 1969 [Vulg.
2875 1898 3020 1950 addit
3047 1891 3506 1965 misericordiam]

1925 1992 2057 2044 fecit
2090 1991 2384 2045 Dominus:
2419 1992 2667 2060 jubilate,
2695 2001 2936 2044 extrema
2983 1997 3166 2051 terrae,
3224 1996 3500 2051 resonate,

1929 2091 2160 2144 montes,
2186 2082 2566 2146 laudationem,
2621 2084 2812 2144 saltus,
2856 2092 2906 2134 et
2929 2094 3092 2133 omne
3119 2079 3321 2146 lignum
3353 2082 3506 2143 ejus:

1927 2173 2183 2243 quoniam
2213 2173 2442 2228 redemit
2469 2173 2731 2229 Dominus
2757 2172 2951 2236 Iacob,
2985 2181 3038 2225 et
3090 2170 3259 2224 Israel
3308 2169 3511 2240 gloria-

1929 2266 2072 2321 bitur
2100 2265 2204 2336 [Αι.
2238 2265 2676 2336 gloriﬁcabitur].
2716 2284 2734 2317 ι
2789 2264 2924 2320 LXX
2959 2281 2974 2319 :
3017 2282 3035 2315 ι
3092 2262 3364 2317 Memento
3415 2263 3514 2316 ho-

1929 2375 2070 2424 rum,
2110 2358 2276 2413 Iacob
2309 2371 2361 2413 et
2392 2359 2556 2414 Israel
2589 2376 2605 2424 ;
2639 2359 2898 2426 quoniam
2934 2372 3066 2425 puer
3101 2371 3254 2410 meus
3305 2369 3367 2409 es
3411 2362 3465 2406 tu
3493 2367 3510 2406 :

1930 2451 2158 2504 formavi
2203 2463 2252 2504 te
2295 2466 2518 2520 puerum
2553 2464 2731 2503 meum
2765 2467 2779 2513 ;
2809 2459 2862 2502 et
2897 2460 2973 2511 tu,
3009 2449 3197 2509 Israel,
3255 2461 3322 2498 tte
3369 2443 3511 2497 ohli-

1931 2543 2158 2596 viscaris
2193 2543 2318 2595 mei.
2349 2542 2486 2595 Ecce
2527 2543 2668 2594 enim
2695 2542 2866 2594 delevi
2901 2542 3039 2593 sicut
3093 2540 3291 2592 nubent
3316 2537 3515 2602 iniqui-

1931 2643 2066 2687 tates
2091 2644 2208 2686 tuas
2244 2643 2336 2687 :et
2362 2632 2799 2700 sicutcaliginem
2821 2639 3037 2698 peccata
3061 2638 3171 2681 tua.
3218 2625 3514 2679 Revertere

1929 2712 1995 2778 ad
2033 2743 2138 2787 me,
2170 2736 2222 2779 et
2275 2726 2534 2777 redimam
2577 2734 2646 2776 te.
2701 2721 2999 2784 Laetamini,
3052 2720 3195 2780 coeli,
3255 2720 3510 2786 quoniam

1932 2819 2187 2872 misertus
2209 2826 2293 2872 est
2319 2817 2461 2871 Deus
2490 2816 2719 2870 lsraelis.
2745 2816 2936 2868 Canite
2969 2813 3118 2875 tuba,
3164 2811 3511 2865 fundamenta

1930 2917 2108 2975 terrae,
2137 2908 2390 2972 clamate,
2428 2917 2660 2970 montes,
2691 2905 2934 2958 laetitiam
2971 2921 2983 2956 :
3022 2903 3192 2955 colles
3229 2914 3274 2951 et
3331 2898 3513 2950 omnia

1932 3001 2073 3069 ligna
2106 3016 2223 3069 qua:
2257 3000 2308 3052 iu
2336 3002 2418 3053 eis
2447 3008 2595 3060 sunt,
2623 2998 2873 3065 quoniam
2906 2995 3129 3048 redemit
3155 2992 3323 3062 529
3375 2992 3515 3043 Deus

1934 3090 2103 3147 Jacob
2135 3110 2150 3148 :
2187 3103 2240 3146 et
2273 3092 2437 3146 Israel
2488 3091 2721 3159 inclytus
2756 3091 2880 3143 erit.
2925 3107 2943 3140 ι
3005 3087 3142 3142 Cum
3191 3088 3302 3138 haec
3333 3099 3390 3138 se
3440 3085 3514 3136 ita

1939 3186 2193 3246 habeant,
2223 3192 2277 3236 et
2312 3183 2453 3238 idola
2494 3183 2771 3235 hominum
2828 3179 2970 3234 scias
3020 3193 3140 3231 esse
3173 3177 3448 3244 figmenta,
3480 3189 3513 3227 ο

1934 3276 2122 3338 Jacob,
2155 3284 2210 3329 et
2241 3291 2372 3343 puer
2411 3290 2562 3327 meus
2599 3274 2785 3336 Israel,
2845 3287 2911 3326 ne
2958 3269 3302 3323 obliviscaris
3347 3268 3516 3320 Crea-

1939 3369 2077 3423 toris
2108 3369 2204 3430 tui,
2239 3367 2446 3434 tibique
2470 3367 2569 3434 ipsi
2605 3365 2859 3435 injuriatn
2888 3364 3080 3424 facias,
3111 3377 3166 3414 ιιι
3213 3361 3518 3415 incurvet-is

1937 3467 2084 3530 operi
2117 3475 2374 3513 manuum
2411 3470 2648 3511 tuarunt.
2683 3458 2816 3523 Quae
2847 3455 2968 3524 quia
2999 3457 3054 3508 in
3087 3457 3320 3508 advrntu
3365 3451 3515 3522 pueri

1940 3555 2065 3616 mei,
2100 3569 2262 3623 quem
2296 3553 2457 3622 elegi,
2489 3553 2708 3621 penitus
2738 3549 3070 3604 destruenda
3124 3559 3245 3601 sunt
3281 3562 3295 3612 ;
3351 3561 3518 3615 prop-

1938 3655 2087 3701 terea
2139 3656 2248 3700 tota
2299 3645 2498 3698 mentis
2549 3643 2806 3696 aviditate
2836 3655 3129 3709 cognosce,
3180 3641 3324 3706 quod
3373 3637 3518 3690 sicut

1941 3741 2112 3794 nubes
2131 3747 2184 3792 et
2205 3737 2397 3805 caligo,
2423 3746 2476 3789 et
2496 3733 2713 3798 nebula,
2736 3733 2816 3786 vel
2835 3733 2963 3786 solis
2981 3731 3161 3784 calore
3184 3727 3515 3791 dissolvitur,

1941 3833 2023 3884 vel
2053 3839 2212 3884 vento
2254 3835 2500 3896 raptante
2559 3834 2811 3879 tenuatur
2843 3839 2859 3878 :
2889 3825 2959 3876 ita
3015 3822 3334 3891 iniquitates
3375 3829 3514 3884 tuas,

1940 3935 1992 3976 et
2025 3923 2276 3976 universa
2323 3927 2562 3985 peccata,
2593 3917 2796 3986 quibus
2859 3915 3006 3982 prius
3053 3929 3138 3968 me
3180 3913 3516 3971 olleuderas.

1941 4015 2161 4071 dissolvi
2196 4013 2412 4066 faciant.
2439 4011 2518 4064 Tu
2543 4019 2748 4063 tantum
2775 4018 3048 4061 revertere
3077 4009 3140 4058 ad
3170 4023 3276 4070 me,
3326 4017 3379 4058 et
3419 4023 3520 4073 age

1941 4107 2337 4178 paenitentiam,
2363 4105 2487 4172 quia
2511 4100 2858 4154 redimendus
2879 4115 2939 4153 es
2962 4098 3200 4168 pretioso
3232 4099 3518 4166 sanguine.

1939 4195 2090 4262 Quod
2123 4197 2166 4250 si
2198 4195 2415 4259 feceris,
2447 4191 2590 4246 scias
2625 4191 2676 4244 in
2713 4189 2891 4242 salute
2922 4198 3012 4241 tua
3072 4189 3240 4242 caelos
3291 4200 3522 4240 terram-

1941 4303 2044 4357 que
2073 4287 2266 4352 Iaetari,
2301 4294 2354 4337 et
2383 4283 2564 4338 omnia
2593 4282 2859 4336 elementa
2891 4281 3204 4334 conciuere.
3234 4279 3361 4333 Sive
3419 4295 3513 4333 an-

1873 4387 1914 4441 D
1944 4380 2092 4451 gelos
2123 4377 2214 4447 qui
2267 4385 2550 4430 morantur
2581 4375 2630 4426 in
2687 4375 2862 4437 caelis,
2909 4380 2961 4426 ct
3015 4371 3151 4424 alias
3205 4381 3522 4438 potestates,

1943 4475 2139 4543 quibus
2163 4479 2321 4523 terrae
2348 4466 2696 4520 fundamenta
2722 4474 3025 4531 portantur.
3087 4462 3178 4515 Vel
3210 4474 3358 4515 certe
3397 4479 3526 4528 apo-

1941 4565 2110 4618 stolos
2142 4571 2199 4617 et
2231 4561 2540 4630 prophetas,
2572 4557 2639 4612 de
2675 4555 2868 4624 quibus
2897 4555 3221 4624 loquebatur
3277 4564 3330 4608 ct
3377 4558 3522 4622 Apoo

1941 4655 2154 4709 stolus:
2206 4651 2480 4718 Ediﬁcati
2520 4664 2676 4714 super
2729 4648 3130 4716 fundamentum
3167 4647 3522 4714 apostolorum

1942 4755 1990 4798 et
2029 4743 2400 4811 prophetarum
2433 4741 2646 4808 (Ep/tes.
2677 4753 2738 4801 tt.
2797 4739 2913 4805 ‘20).
2947 4738 3158 4792 Montes
3206 4753 3422 4806 quoque
3467 4746 3523 4789 et

1941 4838 2110 4898 silvae,
2147 4836 2262 4889 sive
2284 4833 2468 4892 colles,
2498 4835 2589 4898 qui
2629 4845 2725 4897 pro
2745 4832 3006 4883 varietate
3034 4835 3290 4882 virtutum
3349 4825 3520 4896 prima

1941 4937 1998 4983 et
2037 4929 2215 4982 media
2247 4926 2365 4980 loca
2395 4932 2450 4980 et
2485 4925 2669 4978 ultima
2710 4924 3093 4994 possederunt,
3121 4921 3382 4990 juhcntnr
3430 4920 3521 4987 ju-

1945 5021 2132 5085 bilare,
2188 5029 2241 5074 et
2284 5021 2408 5072 tuba
2461 5031 2680 5077 canere,
2742 5016 2978 5067 scientes
3026 5012 3167 5080 quod
3226 5012 3523 5065 rctlenterit

1945 5111 2205 5165 Dominus
2236 5109 2425 5172 Iacob,
2467 5121 2520 5163 et
2557 5114 2608 5161 in
2657 5105 2825 5160 Israel
2873 5103 3231 5158 conversione
3291 5105 3521 5164 laetetur,

1945 5205 2060 5260 sive
2092 5205 2208 5274 ipse
2247 5203 2408 5257 Israel
2453 5204 2519 5255 ab
2570 5215 2753 5255 errore
2786 5212 3104 5256 conversus,
3137 5197 3370 5267 inclytus
3407 5197 3520 5249 fiat.

2015 5291 2198 5361 (Vc-rs.
2233 5291 2304 5344 24
2337 5297 2511 5358 seqq.)
2537 5306 2556 5339 ι
2594 5289 2720 5341 Ilaec
2757 5286 2886 5340 dicit
2914 5286 3175 5340 Dominus
3209 5289 3522 5355 redemptor

1947 5399 2093 5452 tuus,
2123 5398 2178 5442 et
2211 5387 2468 5440 formator
2492 5393 2611 5437 tuus
2639 5399 2703 5436 ex
2728 5392 2884 5436 utero
2916 5399 2930 5437 :
2967 5382 3076 5450 Ego
3111 5399 3228 5436 sum
3263 5382 3524 5436 Dominus

1945 5481 2150 5534 faciens
2192 5478 2398 5542 omnia,
2439 5477 2740 5530 extendens
2793 5475 2961 5529 ctelos
3017 5476 3184 5536 solus,
3243 5474 3522 5528 stabilieus

1945 5584 2168 5634 tet-ratu,
2205 5579 2260 5624 et
2291 5569 2470 5622 nullus
2507 5583 2736 5622 mecum.
2769 5566 2924 5621 Irrita
2999 5567 3206 5620 faciens
3255 5565 3404 5630 signa
3433 5565 3518 5617 di-

1945 5668 2213 5728 vitiorum,
2238 5671 2294 5716 et
2323 5661 2559 5716 hariolos
2584 5660 2635 5714 iit
2665 5661 2900 5716 furorem
2921 5671 3137 5717 vertens
3164 5676 3177 5714 :
3201 5666 3522 5714 convertens
