3952 6180
493 239 599 304 455

493 443 1030 496 fariens.Suscitaus
1073 443 1293 496 verbum
1323 443 1464 494 servi
1519 442 1624 506 Sui,
1680 452 1735 494 et
1780 441 2070 495 consilium

492 534 804 588 nuntiormn
847 549 1065 586 suorum
1091 535 1385 601 complens.
1413 532 1516 599 Qui
1559 535 1680 588 dico
1718 533 2071 589 Jerusalem:

493 625 826 678 habitaberis
863 623 974 694 (At.
1007 625 1410 696 aediﬁcaberis],
1439 637 1490 679 et
1519 625 1834 680 civitatibus
1883 625 2073 682 Judae:

493 717 912 777 aaditicabimiui,
940 725 992 769 et
1019 718 1230 770 deserta
1273 717 1389 786 eius
1445 717 1744 771 suscitabo.
1794 717 1896 782 Qui
1954 720 2076 772 dico

496 807 760 875 profundo
793 823 807 861 :
843 805 1109 870 desolare,
1143 816 1196 859 et
1229 806 1450 860 iluntiua
1481 819 1570 860 tua
1606 809 1923 862 arefaciam.
1971 808 2074 875 Qui

496 899 616 952 dico
667 897 803 968 Cyro
839 913 854 952 :
888 907 1070 964 pastor
1100 913 1251 951 meus
1278 913 1356 962 es,
1390 907 1443 949 et
1484 913 1697 952 onmem
1744 900 2074 954 voluntatem

495 1002 667 1041 meam
693 989 1008 1057 complcbis.
1035 989 1134 1053 Qui
1169 991 1286 1042 dico
1304 988 1606 1044 Jerusalem
1632 1007 1645 1043 :
1684 990 2070 1055 aedilicaberis;

496 1091 550 1133 et
583 1080 786 1147 templo
821 1097 836 1134 :
873 1079 1205 1134 lundaberis.
1243 1099 1260 1131 ι
1299 1079 1439 1134 LXX
1473 1098 1486 1136 ε
1525 1099 1544 1132 t
1595 1081 1684 1134 Sic
1716 1082 1847 1135 dicit
1892 1082 2073 1134 Domi-

494 1177 615 1224 nus”
629 1172 718 1238 qui
753 1173 978 1224 redemit
1006 1181 1074 1230 te.
1109 1183 1162 1224 et
1198 1169 1436 1226 formans
1465 1184 1516 1226 te
1542 1189 1606 1225 ex
1640 1184 1810 1226 utero.
1840 1175 1948 1241 Ego
1973 1178 2075 1227 Do-

497 1267 695 1331 minus,
728 1267 818 1335 qtti
855 1266 1099 1335 compleo
1130 1269 1309 1320 oumia
1341 1286 1354 1321 :
1388 1269 1602 1322 extendi
1659 1270 1854 1325 coelum
1905 1271 2070 1335 solus,

496 1366 550 1408 et.
583 1357 788 1408 firmavi
817 1367 1012 1408 terrain
1049 1357 1086 1411 ί.
1123 1356 1254 1422 Quis
1309 1359 1443 1411 alius
1491 1361 1771 1428 tliSsipavit
1800 1362 1952 1429 signa
1982 1376 2072 1430 py-

501 1446 747 1509 thonunt,
781 1455 836 1497 et
869 1446 1235 1501 divinationes
1257 1449 1321 1501 de
1362 1450 1564 1505 corde?
1593 1453 1681 1520 qui
1719 1463 1903 1506 averto
1947 1469 2072 1522 pru-

497 1535 692 1588 dentes
721 1547 1042 1599 retrorsum,
1073 1548 1125 1592 ct
1152 1541 1438 1593 Consilium
1459 1557 1642 1595 eorum
1668 1544 1887 1596 stultum
1913 1545 2073 1598 lacio.

499 1629 562 1681 Et.
587 1639 763 1681 statuo
789 1632 1006 1682 verbum
1034 1632 1182 1698 pueri
1215 1633 1339 1696 tnei,
1361 1644 1409 1686 et
1434 1635 1717 1686 consilium
1745 1637 2070 1704 angelorum

497 1719 812 1786 ejusverum
844 1721 1137 1786 probo.Qui
1165 1721 1282 1776 dico
1301 1723 1959 1789 Jerusalem,hahilaberis
1982 1745 1997 1784 :
2019 1739 2074 1782 et

495 1810 809 1863 civitatibus
823 1808 973 1863 Judm
991 1826 1004 1866 :
1022 1813 1611 1885 militicabimini,530
1630 1825 1681 1867 et
1699 1817 1909 1869 deserta
1931 1817 2074 1871 illius

496 1899 764 1952 orientur.
815 1899 916 1964 Qui
975 1904 1098 1954 dico
1145 1902 1364 1972 abysso,
1405 1907 1734 1960 desolaberis
1757 1915 1810 1958 et
1851 1907 2072 1962 ﬂumina

497 1998 583 2040 tua
613 1991 924 2044 arelaclam.
959 1991 1060 2057 Qui
1098 1994 1220 2047 dico
1249 1995 1411 2065 Cyro,
1452 2007 1507 2050 ut
1545 2011 1740 2066 sapiat,
1771 2009 1824 2052 et
1873 2015 2064 2056 omnes

497 2080 799 2132 voluntates
831 2098 979 2135 meas
1012 2083 1216 2150 faciat;
1251 2090 1343 2154 qui
1396 2089 1519 2142 dico
1561 2088 1892 2155 Jerusalem,
1945 2093 2074 2146 aedi-

502 2171 746 2224 licabcris
784 2189 798 2226 :
843 2183 894 2225 et
948 2173 1166 2228 domttm
1227 2189 1471 2234 salictam
1530 2198 1702 2236 meum
1756 2182 2012 2237 laudabo.
2049 2201 2066 2233 ι

500 2263 800 2318 υιιδιτυοιίδ
834 2267 988 2324 idolis
1023 2283 1074 2325 ei
1105 2269 1475 2339 iniquitatibus
1502 2274 1686 2338 Israel,
1733 2277 2075 2345 peccatisque

496 2356 708 2425 deletis,
747 2365 960 2432 quando
987 2365 1165 2420 omnis
1203 2365 1358 2418 simul
1396 2380 1646 2419 creatura
1680 2368 1936 2436 gaudebit
1963 2387 1978 2433 ;
2001 2380 2074 2423 'et

491 2456 646 2522 juxta
686 2457 954 2524 Evnngelii
991 2458 1148 2510 Iidem
1203 2456 1356 2528 (Luc.
1393 2463 1504 2524 xv),
1539 2474 1702 2525 super
1753 2459 2074 2527 paenitentia

497 2561 837 2614 peccatorum
866 2549 1039 2618 angeli
1082 2550 1409 2604 lietahuutur
1435 2553 1485 2604 iu
1528 2552 1700 2611 cmlis.
1751 2556 2074 2607 describitur

495 2641 730 2705 potentia
763 2639 878 2702 Dei,
913 2641 1054 2708 quod
1087 2658 1427 2711 nequaquam
1456 2644 1506 2697 ei
1557 2645 1758 2712 grande
1798 2647 1868 2699 sit
1927 2650 2070 2700 redi-

497 2744 641 2780 mere
675 2727 861 2790 Jacob,
892 2741 944 2782 ct
975 2727 1140 2783 Israel
1175 2732 1482 2784 instaurare
1511 2749 1604 2784 cor
1652 2745 1882 2798 rectum,
1911 2753 2070 2804 quem

501 2820 758 2872 lormavit
796 2837 858 2872 ex
895 2832 1068 2873 utero.
1094 2819 1160 2872 Et.
1185 2821 1228 2874 si
1261 2822 1359 2874 hoc
1392 2823 1552 2876 alicui
1603 2838 1706 2876 non
1736 2841 1956 2893 parvum
1992 2829 2072 2881 vi-

494 2911 705 2971 deatur,
742 2927 847 2962 non
905 2913 973 2962 sit
1003 2913 1074 2964 illi
1139 2912 1356 2966 difficile
1409 2916 1500 2978 qui
1551 2918 1850 2969 cxtentlerit
1905 2921 2073 2973 cailos

1673 237 1734 296 S.
1776 236 2093 298 EUSEBII
2130 236 2568 298 HIERONYMI

490 351 763 418 sapientes
808 357 1129 416 retrorsum,
1175 361 1228 406 et
1280 350 1560 405 scientiam
1616 365 1802 405 eorum
1845 351 2070 404 stultam
2102 359 2145 412 Α
2180 351 2256 403 bit
2311 371 2326 407 :

3666 237 3774 302 456

2385 353 2752 422 apostolorum
2811 351 3020 407 scilicet
3085 354 3435 424 omniumque
3490 355 3775 411 doctorum

2182 444 2272 510 qui
2311 445 2640 498 voluntatem
2691 444 2933 514 magistri
2968 445 3051 498 sui
3105 447 3358 514 gentibus
3413 447 3769 501 nuntiabunt.

2179 535 2298 606 Ipse
2324 551 2454 604 ergo
2481 540 2570 604 qui
2608 545 2689 590 est
2735 545 2882 590 tanta
2942 536 3204 598 facturus,
3255 536 3416 603 cujus
3469 538 3771 604 potentiam

2179 626 2326 680 brevi
2365 641 2613 679 sermone
2654 626 2934 694 descripsi,
2971 625 3136 679 etiam
3165 626 3230 678 ad
3260 623 3593 689 Jerusalem,
3651 642 3776 695 qua:

2179 716 2512 771 destruenda
2539 717 2647 770 erit
2675 733 2702 768 a
2757 715 3082 786 Babyloniis,
3120 731 3262 769 nunc
3285 717 3418 770 dicit
3477 726 3774 784 antequam

2180 811 2516 872 destinatur,
2553 808 2696 878 quod
2752 824 2970 860 rursum
3030 808 3356 862 habitetura
3404 810 3666 876 populis:
3721 819 3777 863 et

2179 898 2489 952 civitatibus
2517 898 2736 962 Judaem,
2778 899 2922 968 quod
2982 899 3354 953 instaurentur
3405 897 3521 972 [ΑΙ.
3571 900 3780 953 insutu-

2181 989 2476 1060 rarentur],
2501 991 2590 1058 qui
2645 1000 2696 1043 et
2729 973 2884 1059 531
2922 989 3245 1044 solitudines
3272 989 3420 1042 illius
3455 989 3768 1054 suscitabit,

2181 1092 2238 1132 ιιι
2270 1082 2449 1132 munia
2475 1079 2772 1133 cultoribus
2809 1078 3162 1147 impleantur.
3186 1076 3287 1142 Qui
3325 1078 3491 1144 igitur
3517 1079 3654 1131 dicit
3682 1075 3771 1132 Je-

2181 1169 2410 1222 rusalem
2444 1179 2497 1221 et
2523 1169 2719 1222 Judaeie
2747 1177 2801 1222 et
2853 1167 3087 1222 desertis
3120 1167 3258 1231 eius,
3298 1169 3440 1237 quod
3488 1167 3771 1221 habitetur

2177 1271 2230 1310 et
2265 1259 2560 1312 aediticetur
2589 1269 2641 1312 et
2669 1259 2983 1322 suscitetur,
3027 1259 3114 1312 hic
3169 1260 3302 1312 dicit
3331 1258 3601 1328 profundo
3651 1259 3769 1313 sive
3807 1312 3816 1324 κ

2177 1351 2397 1421 abysso,
2429 1350 2481 1404 id
2543 1360 2627 1404 cst
2677 1350 2956 1420 Babyloni,
3005 1352 3244 1405 dcsolare
3289 1361 3338 1405 et
3391 1352 3621 1420 [Iuntina
3675 1363 3770 1406 tua

2176 1445 2486 1514 arefaciam,
2549 1459 2764 1498 onmem
2819 1460 3006 1513 regum
3058 1445 3375 1514 potentiam.
3442 1445 3570 1500 Sive
3638 1447 3768 1514 quia

2180 1536 2501 1602 profundum
2550 1546 2599 1586 et
2635 1539 2892 1605 abyssum
2931 1535 3164 1601 dixerat,
3211 1545 3355 1590 recte
3387 1551 3482 1602 per
3533 1535 3775 1588 transla-

2183 1629 2407 1688 tionem,
2438 1637 2491 1680 et
2522 1626 2739 1679 ﬂumina
2773 1629 2975 1696 posuit,
3004 1628 3069 1680 de
3132 1627 3332 1696 quibus
3377 1637 3429 1682 et
3480 1627 3771 1680 Psalmista

2106 1695 2148 1749 Β
2179 1715 2430 1767 decantat
2463 1731 2477 1768 :
2510 1715 2680 1783 Super
2726 1695 2950 1782 ﬂumina
3011 1695 3300 1784 Babylonis
3328 1714 3401 1766 ibi
3455 1713 3691 1766 rediuiua
3717 1721 3773 1765 et

2179 1805 2621 1875 ﬂevimus(Psal.
2686 1822 2902 1867 cum,
2940 1806 3017 1873 l).
3065 1806 3131 1860 Et
3183 1809 3275 1874 qui
3325 1804 3628 1859 Jerusalem
3687 1807 3771 1860 in-

2185 1906 2415 1960 staurat,
2449 1907 2502 1949 et
2537 1896 2862 1966 Babylonem
2915 1897 3166 1950 destruit.
3201 1895 3337 1949 Dicit
3364 1911 3576 1965 quoque
3621 1895 3773 1966 Cyro

2183 1991 2293 2058 regi
2343 1988 2655 2050 Persarum,
2709 1991 2799 2056 qui
2855 1991 3060 2057 primus
3107 1988 3372 2042 destruxit
3435 1987 3768 2057 Babylonem

2181 2093 2342 2150 atque
2370 2081 2647 2134 Chaldaeos
2675 2099 2688 2134 :
2734 2089 2918 2146 pastor
2951 2097 3092 2134 meus
3123 2096 3198 2144 es,
3244 2081 3381 2142 sive,
3415 2087 3477 2133 ut
3524 2080 3770 2148 Septuao

2181 2176 2327 2246 ginta
2387 2176 2801 2239 transtulerunt,
2863 2185 2921 2227 ut
2975 2175 3174 2242 sapiat.
3217 2172 3386 2238 Cujus
3444 2171 3773 2226 diﬂ'erentia:

2181 2283 2343 2322 causa
2382 2268 2661 2322 manifesta
2713 2277 2816 2321 est.
2852 2263 3089 2320 Verbum
3120 2266 3263 2318 enitn
3299 2263 3621 2317 Hebraicum
3675 2278 3772 2317 ιοι

2180 2363 2223 2414 si
2260 2374 2353 2429 per
2382 2375 2480 2414 ass
2505 2359 2738 2413 litteram
2767 2359 3008 2426 legamus
3033 2359 3197 2424 (ty-1),
3231 2356 3546 2425 intelligitur
3582 2365 3775 2423 pastor

2181 2470 2324 2507 meus
2349 2454 2429 2518 ;si
2451 2469 2545 2522 per
2569 2468 2776 2506 υΔιετιι
2801 2455 2969 2521 (ty-1),
2985 2452 3152 2504 sciens
3183 2452 3264 2504 vel
3284 2451 3576 2521 intelligens
3595 2467 3772 2514 meus,

2181 2560 2408 2610 quarunt
2441 2544 2734 2596 similitudo
2768 2557 2935 2610 parvo
2960 2543 3115 2610 apice
3166 2542 3536 2611 distinguitur,
3568 2559 3632 2596 ac
3673 2559 3772 2612 per

2182 2635 2280 2688 hoc
2322 2649 2464 2702 saepe
2489 2635 2860 2688 confunditur.
2894 2634 3162 2702 Scriptum
3193 2644 3274 2688 est
3299 2635 3350 2687 in
3395 2633 3580 2689 Eadm
3611 2638 3774 2704 prin-

2181 2727 2341 2794 cipio,
2372 2727 2513 2796 quod
2540 2729 2605 2778 ad
2629 2729 2862 2780 edictum
2890 2727 3031 2796 (Cyri
3070 2727 3210 2794 regis
3262 2725 3552 2780 PerSaIum
3594 2738 3774 2796 atque

2180 2817 2479 2877 Medorum,
2511 2820 2687 2887 populi
2730 2818 2890 2884 Israel
2942 2818 3012 2872 sit
3034 2817 3208 2870 laxata
3253 2819 3560 2885 captivitas,
3587 2829 3644 2871 et
3682 2835 3776 2872 re-

2183 2913 2329 2962 missi
2368 2909 2419 2962 in
2444 2908 2768 2975 Jerusalem,
2800 2911 2892 2978 qui
2923 2898 3100 2964 redire
3144 2909 3432 2962 voluerunt
3461 2913 3561 2963 sub
3587 2908 3771 2964 Zoro-

494 3005 663 3054 solus.
692 2999 849 3055 Juxta
895 3008 1036 3070 quod
1070 3005 1192 3057 alibi
1249 3007 1444 3072 legitur
1481 3024 1496 3062 ;
1530 3010 1634 3072 Qui
1673 3013 1904 3063 επιεηιιξι
1967 3030 2067 3066 (ιω.
2095 3046 2140 3108 ϐ
2182 3002 2332 3053 lialiel
2367 3003 2472 3055 lilio
2507 3003 2788 3064 Salathiel,
2819 3011 2874 3056 et
2905 3001 3028 3056 Jesu
3059 3001 3170 3055 ﬁlio
3195 3001 3422 3055 Josedec
3476 3001 3776 3056 sacerdote

645 3103 684 3108 -,
717 3091 787 3108 με
972 3107 994 3108 η
1037 3090 1100 3108 ...
1176 3094 1186 3108 .
1422 3097 1471 3108 λι
1558 3097 1597 3108 -.
1900 3101 1992 3108 ....
2118 3088 2122 3094 -
2426 3095 2522 3108 ...
2665 3099 2675 3108 .
2764 3098 2797 3108 κ
2901 3098 2910 3107 .
3080 3097 3092 3108 .
3209 3098 3218 3107 .
3329 3097 3360 3108 ..
3449 3105 3456 3108 _
3685 3095 3710 3108 -

491 3087 599 3140 lum
635 3091 787 3157 quasi
815 3090 998 3157 pellem
1034 3090 1209 3158 (Paul.
1247 3110 1366 3159 Ctll,
1421 3097 1498 3165 Ξ).
1556 3097 1670 3151 Non
1731 3117 1838 3167 quo
1899 3101 2067 3156 Filius
2096 3087 2122 3108 ν

492 3179 812 3231 excludatur
834 3181 899 3232 ab
925 3192 1236 3234 extensione
1265 3186 1522 3237 C(L‘ltii'tltll
1555 3202 1568 3240 :
1605 3189 1947 3242 Umniaenim
1976 3207 2069 3259 per

493 3268 663 3335 ipsum
687 3267 830 3334 facta
863 3279 982 3321 sunt
1017 3284 1035 3322 :
1065 3282 1110 3322 rt
1142 3274 1254 3325 sine
1281 3276 1386 3339 ipso
1414 3274 1612 3344 factum
1633 3290 1705 3328 est
1732 3280 1881 3344 nihil,
1930 3283 2070 3350 quod

492 3361 689 3426 factum
719 3373 794 3416 est
824 3364 1003 3434 (.Ioaii.
1041 3381 1078 3430 ι,
1109 3367 1192 3436 5),
1233 3373 1324 3423 sed
1359 3388 1486 3439 qtto,
1517 3386 1572 3428 ut
1623 3391 1762 3446 saepe
1812 3378 2068 3442 diximus,

493 3471 587 3522 per
625 3457 758 3510 hanc
786 3462 1107 3513 sententiam
1142 3463 1507 3520 excludantur
1548 3470 1708 3524 idola.
1755 3469 1886 3523 Nam
1927 3483 1979 3525 et
2013 3475 2066 3525 in

491 3547 794 3602 Proverbiis
824 3550 1128 3606 Salomonis
1159 3569 1221 3606 ex
1285 3573 1512 3622 persona
1568 3561 1771 3615 Christi
1824 3564 1913 3617 Dei
1963 3567 2072 3619 vir-

492 3639 618 3690 tutis
648 3637 758 3709 (Al.
789 3640 978 3712 virtus]
1009 3643 1208 3711 Deique
1261 3649 1538 3714 sapientia:
1573 3649 1591 3721 [
1633 3652 1718 3706 Al.
1776 3655 2066 3727 sapientia]

488 3732 686 3781 dicitur
721 3749 734 3785 :
771 3729 994 3794 Quando
1020 3735 1238 3797 parabat
1287 3739 1493 3804 caelum,
1521 3756 1612 3808 ego
1663 3757 1807 3793 eram
1839 3758 1957 3795 cum
2007 3759 2068 3798 eo

493 3819 675 3888 (Prov.
703 3836 816 3887 vni,
847 3821 962 3892 27).
997 3823 1113 3890 Ipse
1143 3829 1286 3880 enim
1319 3829 1479 3895 dixit,
1507 3841 1553 3884 et
1595 3831 1740 3902 facta
1781 3847 1922 3901 sunt,
1959 3837 2068 3906 ipse

494 3913 777 3976 mandavit,
804 3923 854 3966 et
875 3927 1050 3968 creata
1083 3929 1202 3971 sunt
1234 3920 1404 3986 (Psal.
1440 3938 1614 3988 χχχιι,
1643 3923 1712 3990 9;
1738 3941 1962 3992 chvm,
2011 3929 2068 3998 5)

490 4015 535 4052 et
569 4017 585 4056 :
623 4002 777 4056 Verbo
819 4006 1021 4059 Domini
1049 4010 1163 4060 caeli
1209 4011 1567 4077 ﬁrmatisunl,
1611 4026 1656 4068 et
1717 4019 1906 4080 spiritu
1961 4023 2068 4072 oris

491 4093 602 4162 ejus
635 4095 795 4148 rirtus
820 4113 996 4149 eorum
1029 4099 1202 4167 (I‘sal.
1256 4118 1426 4168 usti,
1459 4106 1534 4172 6).
1581 4104 1705 4158 ΙΙιυο
1754 4110 2069 4178 frequenter

496 4189 810 4251 ingerimus,
835 4205 899 4240 tte
926 4189 1029 4242 ulla
1055 4193 1469 4260 blasphemandi
1497 4197 1768 4250 Christum
1793 4200 2070 4256 haereticis

491 4279 704 4329 occasio
752 4281 1103 4347 relinquatur.
1166 4283 1223 4335 lit
1279 4285 1576 4341 stabilitate
1615 4305 1829 4359 quoque
1885 4304 2064 4356 terra}.

2175 3113 2388 3166 magno.
2425 3095 2558 3152 lluic
2590 3099 2732 3150 enim
2764 3098 3020 3150 Dominus
3080 3097 3368 3166 inspiravit
3408 3105 3464 3149 ut
3493 3110 3651 3151 suam
3683 3095 3773 3148 [ao

2171 3199 2316 3242 ceret
2339 3191 2694 3252 voluntatem,
2725 3200 2778 3244 et
2801 3191 2946 3243 illius
2979 3202 3248 3258 pramepta
3277 3190 3597 3258 compleret.
3671 3187 3767 3242 Si-

2169 3295 2508 3350 guanterque
2538 3282 2767 3346 addidit,
2786 3284 2874 3352 qui
2898 3285 3015 3337 dico
3038 3282 3361 3346 Jerusalem,
3383 3281 3767 3350 aedificabat-is,

2169 3383 2215 3424 et
2253 3373 2463 3441 templo,
2491 3375 2822 3444 fundaberis.
2852 3374 2964 3428 Sub
2995 3375 3136 3446 Cyro
3168 3379 3311 3430 enim
3331 3377 3541 3446 jussum
3570 3386 3655 3428 est
3701 3389 3766 3429 ut

2169 3464 2526 3522 aediﬁcaretur
2557 3467 2858 3522 Jerusalem
2890 3478 2945 3522 et
2971 3469 3279 3536 Templum,
3341 3469 3494 3537 cujus
3542 3479 3766 3522 tantum

2171 3557 2261 3612 illo
2302 3560 2516 3614 vivente
2553 3559 2697 3628 jacta
2747 3570 2872 3614 sunt
2910 3560 3278 3616 fundamenta.
3331 3561 3597 3616 Caeterum
3653 3564 3766 3615 sub

2170 3648 2354 3715 Dario,
2380 3665 2523 3704 anno
2547 3650 2690 3703 illius
2723 3650 3002 3717 secundo,
3057 3653 3511 3719 praphetautibus
3553 3653 3764 3723 Δεῖ,εο

2169 3752 2223 3796 et
2256 3741 2540 3804 Zacharia,
2583 3741 2863 3812 Templum
2901 3744 3159 3799 tediiicari
3185 3755 3421 3813 creptum
3469 3756 3573 3800 est.

2241 3836 2396 3904 ((Iap.
2421 3834 2578 3890 XLV.
2601 3867 2672 3876 —
2699 3834 2851 3890 Vers.
2883 3839 3105 3907 iseqq.)
3135 3856 3153 3889 ι
3191 3837 3314 3892 Haec
3332 3839 3463 3891 dicit
3487 3837 3760 3893 Dominus

2168 3928 2385 3983 Christo
2412 3943 2532 3983 meo
2558 3927 2717 3999 Cyro,
2741 3929 2898 3998 cujus
2941 3930 3276 3998 apprehendi
3327 3929 3632 3994 dexteram,
3695 3941 3759 3984 ut

2170 4023 2449 4092 subjiciam
2479 4033 2604 4076 ante
2630 4021 2817 4076 faciem
2846 4023 2963 4092 ejus
2995 4031 3202 4092 gentes,
3255 4033 3312 4075 et
3351 4023 3512 4076 dorsa
3565 4037 3763 4090 regunt

2170 4122 2394 4176 vertam,
2434 4112 2744 4180 etaperiam
2767 4126 2952 4166 coram
2980 4126 3044 4166 eo
3090 4111 3287 4180 ianuas
3319 4130 3336 4168 :
3367 4123 3421 4166 et
3448 4123 3614 4180 porta:
3643 4129 3764 4168 non

2169 4204 2514 4258 claudentur.
2548 4203 2660 4272 Ego
2691 4212 2815 4258 ante
2844 4213 2897 4258 te
2933 4203 3042 4264 ibo.
3069 4215 3118 4258 et
3149 4204 3414 4272 gloriosos
3441 4215 3601 4258 terra:
3650 4205 3766 4259 hu-

2171 4297 2387 4351 miltabo
2419 4314 2431 4350 :
2463 4306 2649 4367 portas
2683 4312 2851 4350 arreas
2907 4309 3204 4358 conteram.
3235 4307 3289 4351 et
3321 4307 3502 4352 vectes
3543 4300 3766 4356 ferreos

493 4363 707 4424 quando
762 4362 904 4415 illius
959 4364 1303 4421 fundamenta
1368 4370 1658 4435 solidabat,
1704 4377 1880 4430 nullus
1950 4388 2065 4431 erat

2177 4362 2530 4456 confringant.
2564 4387 2627 4440 Et
2659 4386 2798 4442 dabo
2833 4387 2930 4441 tibi
2964 4389 3246 4442 thesauros
3273 4389 3645 4456 absconditos,
3704 4406 3766 4448 es

493 4468 614 4503 cttm
643 4453 770 4519 Deo,
803 4468 996 4520 praeter
1024 4473 1144 4509 eum
1197 4460 1287 4536 qui
1334 4471 1449 4514 erat
1502 4463 1555 4516 iit
1611 4480 1691 4518 eo.
1747 4466 1852 4520 lste
1905 4469 2067 4538 igitur

496 4553 675 4595 tantus
709 4560 772 4598 ac
804 4547 948 4609 talis,
990 4562 1111 4600 cuni
1150 4552 1397 4618 prmliniti
1440 4557 1679 4624 mysterii
1714 4568 1924 4628 tempus
1971 4562 2063 4616 ad-

494 4640 729 4701 venerit,
764 4646 822 4689 ut
854 4648 1043 4691 cuncta
1077 4641 1214 4694 idola
1258 4643 1628 4712 destruantur,
1659 4664 1710 4702 et
1765 4649 1856 4704 Dei
1901 4653 2068 4709 solius

493 4733 677 4784 notitia
721 4733 1035 4797 prtedicctttr
1088 4731 1139 4786 in
1195 4738 1418 4799 mundo,
1454 4745 1633 4793 omnia
1687 4746 1938 4797 vaticinia
1984 4750 2069 4800 dio

492 4823 762 4887 viuorum,
797 4832 852 4874 et
879 4828 1193 4892 pythonmn,
1224 4837 1276 4880 et
1332 4829 1660 4884 hariolorum
1706 4837 1854 4903 signa
1902 4847 2068 4906 atque

491 4925 757 4980 portenta,
785 4919 982 4983 quibus
1024 4917 1320 4970 humanum
1353 4922 1680 4991 deceperunt
1711 4942 1899 4992 genus,
1946 4930 2067 4981 des-

493 5015 634 5056 truet
655 5018 814 5070 atque
832 5012 1145 5072 subvertet;
1181 5020 1230 5062 ct
1249 5013 1568 5077 sapientiam
1595 5019 2062 5086 philosophorum,

491 5112 609 5161 quze
650 5108 700 5148 et
734 5099 845 5165 ipsa
889 5100 1094 5152 erroris
1123 5116 1244 5169 pars
1279 5119 1508 5154 maxima
1539 5117 1637 5168 est,
1667 5116 1891 5160 stultam
1943 5125 2064 5164 csse

494 5189 816 5241 monstrabit
848 5204 863 5244 :
896 5189 1020 5243 dum
1055 5209 1394 5261 nequaquam
1444 5197 1690 5252 humanis
1717 5201 2064 5268 cogitationi-

493 5277 618 5341 bus,
645 5276 735 5330 Dei
757 5283 1050 5346 probantur
1075 5288 1550 5354 cortipretietttlissc
1574 5291 1914 5356 sapientiam.
1962 5294 2062 5359 Qui

492 5369 654 5422 etiam
699 5372 922 5424 verbqu
959 5378 1133 5443 pueri,
1165 5379 1279 5431 sive
1316 5383 1457 5432 servi
1491 5383 1594 5442 sui,
1622 5387 1686 5434 de
1741 5401 1848 5452 quo
1897 5403 2060 5454 supra

491 5462 746 5527 diximus,
771 5476 825 5517 et
849 5468 1130 5520 tonsdium
1162 5481 1468 5524 nuntiorum
1497 5490 1634 5542 CJIIS,
1667 5480 1824 5528 rebus
1871 5480 2063 5544 exple-

2175 4493 2370 4531 arcana
2411 4489 2750 4533 secretorum
2787 4497 2801 4534 :
2843 4487 2900 4534 ut
2929 4480 3072 4534 scias
3125 4482 3249 4548 quia
3307 4495 3406 4550 ego
3462 4481 3758 4547 Dominus,

2175 4572 2264 4638 qui
2301 4585 2431 4623 voco
2460 4585 2650 4624 nomen
2680 4580 2852 4636 tuum,
2889 4572 3028 4626 Deus
3059 4571 3242 4628 Israel.
3264 4573 3491 4643 Propter
3534 4591 3761 4630 servum

2179 4675 2355 4714 meum
2385 4659 2570 4725 Jacob,
2604 4671 2660 4715 et
2687 4661 2850 4716 lsrael
2881 4663 3114 4717 electum
3158 4680 3354 4730 meum,
3381 4675 3437 4719 et
3483 4670 3675 4720 vocavi
3705 4677 3763 4722 te

2178 4751 2394 4804 nomine
2427 4762 2516 4806 tuo
2551 4770 2564 4806 :
2611 4752 2906 4806 assimilavi
2959 4763 3029 4820 te,
3073 4766 3126 4808 et
3156 4771 3260 4810 non
3293 4759 3599 4824 cognovisti
3642 4775 3760 4815 me.

2177 4840 2284 4911 Ego
2313 4841 2591 4905 Dominus,
2623 4855 2677 4898 ct
2701 4859 2806 4897 non
2829 4855 2910 4898 est
2933 4847 3164 4914 amplius
3191 4863 3205 4899 :
3233 4856 3384 4900 extra
3410 4864 3495 4903 tne
3533 4865 3641 4904 non
3669 4863 3764 4906 est

2174 4932 2317 4986 Deus
2357 4949 2371 4986 :
2414 4933 2622 4985 acciuxi
2666 4944 2738 4996 te,
2776 4943 2830 4987 et
2860 4949 2964 4989 non
2998 4937 3295 5004 cognovisti
3331 4951 3438 4991 me.
3473 4938 3542 4993 Ut
3573 4943 3763 4995 sciant

2175 5025 2248 5087 hi,
2287 5025 2376 5092 qui
2409 5025 2478 5077 ab
2507 5034 2627 5078 ortu
2662 5026 2816 5090 solis,
2841 5037 2894 5080 et
2924 5028 3015 5096 qui
3043 5029 3110 5078 ab
3135 5028 3435 5092 occidente,
3485 5032 3761 5098 quoniam

2169 5111 2328 5181 532
2358 5117 2560 5182 absque
2597 5130 2683 5168 me
2714 5129 2821 5167 non
2855 5124 2939 5168 est
2985 5114 3172 5186 [Antea
3209 5117 3504 5170 addebatur
3553 5119 3756 5193 Deus].

2168 5203 2281 5272 Ego
2307 5206 2565 5258 Dominus
2593 5219 2648 5258 et
2679 5223 2783 5260 non
2828 5219 2910 5261 est
2938 5209 3093 5262 alter.
3145 5208 3408 5265 Formans
3453 5212 3650 5277 lucem,
3697 5227 3761 5269 et.

2168 5309 2360 5346 creatis
2392 5298 2641 5348 tenebras
2671 5313 2685 5351 :
2729 5298 2934 5350 faciens
2970 5313 3178 5367 pacem,
3209 5312 3263 5352 et
3295 5315 3490 5355 creaus
3521 5305 3755 5360 malum.

2169 5385 2281 5451 Ego
2314 5386 2573 5440 Dominus
2599 5388 2806 5442 faciens
2833 5393 3016 5443 omnia
3043 5392 3180 5444 hair.
3223 5409 3241 5442 ι
3285 5391 3414 5447 Scio
3442 5394 3492 5447 in
3523 5397 3624 5449 hoc
3653 5412 3756 5450 ca-

2169 5478 2338 5545 pitulo
2370 5495 2474 5532 nou
2503 5481 2676 5532 solum
2714 5481 3056 5552 Latinorum,
3098 5484 3193 5539 sed
3221 5483 3534 5541 Graecorum
3564 5489 3750 5558 plurio

567 5640 585 5673 ‘
616 5639 869 5712 Legimus
893 5645 1102 5714 ﬁrmavi
1136 5667 1198 5706 os
1235 5651 1422 5708 Graeco
1470 5654 1798 5724 ἐστερέωσα,
1840 5665 1892 5711 et
1932 5654 2070 5713 Victt

2208 5675 2224 5727 ς
2256 5675 2409 5718 antea
2446 5672 2562 5720 erat
2593 5664 2837 5734 formavi.
