3856 6172
133 238 217 309 457
594 229 1093 297 COMMENTAR.
1141 228 1226 291 ΙΝ
1268 224 1538 288 lSAIAM
1578 221 2045 285 PROPHETAM
2087 222 2238 284 LIB.
2270 220 2445 292 XIII,
2475 219 2643 282 CAP.
2680 217 2886 279 XLIV.
3258 209 3364 274 458

100 356 103 359 ‘
132 362 233 405 mos
244 345 586 401 vehementer
606 340 1237 409 errare,existimantium
1258 337 1522 407 scriptum
1539 348 1684 393 esse:
1713 366 1724 399 Α

1831 356 2070 420 laminas,
2096 366 2143 410 et
2176 371 2279 409 non
2318 365 2395 408 est
2439 351 2594 407 alter.
2626 348 2787 405 Pater
2816 348 2957 404 enim
3007 347 3058 402 in
3100 345 3256 413 Filio,
3314 357 3369 401 et

135 438 211 500 Sic
240 442 362 494 dicit
396 437 657 493 Dominus
678 436 894 493 Christo
924 451 1059 499 meo,
1097 433 1319 487 Domino
1348 448 1367 496 ;
1395 436 1467 483 ut'
1493 429 1688 485 intelli-

1831 448 1958 504 ilius
1991 451 2045 503 in
2079 446 2261 503 Patre.
2292 448 2394 513 Qui
2425 447 2661 513 loquitur
2689 444 2741 499 in
2786 439 3080 512 Evangelio
3109 455 3126 495 :
3180 438 3289 510 lz'go
3322 448 3371 495 et

132 535 463 609 gatur,jnxta
494 532 622 587 illud
652 533 796 601 quod
826 532 955 585 alibi
1010 519 1243 599 legimus
1274 544 1289 580 :
1320 524 1464 579 Plnit
1508 522 1693 577 Domi-

1831 542 1955 594 ‘ater
1983 557 2141 594 unum
2171 557 2354 594 sumus
2380 538 2562 609 (Joan.
2588 555 2640 604 ι,
2693 535 2806 606 50).
2851 534 2914 589 Et
2944 534 2999 588 in
3048 534 3232 588 Esdrze
3272 550 3365 588 vo-

135 647 218 686 ntts
247 646 277 683 a
306 628 531 682 Domino
564 623 720 695 (Gen.
776 640 889 687 xix,
930 621 1043 693 Si).
1072 621 1139 676 Et
1172 637 1191 675 :
1234 618 1381 673 Dixit
1433 616 1692 671 Dominus

1831 632 1996 684 tmine
2029 632 2262 701 positum
2311 642 2413 697 est,
2477 632 2758 700 scripsisse
2808 631 3006 701 Cyrum
3061 630 3125 681 ad
3181 641 3388 685 o:nncs.

132 723 341 778 Domino
366 736 479 775 meo
501 719 681 792 (Psal.
699 734 809 781 cu.
837 718 911 783 Ι).
934 715 1121 785 Neque
1140 713 1285 768 enim
1311 711 1519 780 Κυρίῳ,
1545 706 1689 778 quod

1831 734 2004 787 entes,
2033 723 2239 777 nullum
2272 737 2393 778 esse
2418 723 2608 787 Deum,
2646 723 2747 776 nisi
2778 724 2950 775 solum
2984 721 3150 775 Deum
3185 719 3377 775 lsrnel.

132 814 399 869 Ποωῖηιιῐη
431 820 613 876 εοηθῑν
670 810 761 866 θεά
824 809 965 881 εντο
1016 807 1233 869 diem".
1290 805 1382 871 ιιυῖ
1430 800 1693 858 Hebraice
1796 815 1922 869 Sive
1956 816 2030 869 ita
2074 813 2505 883 intelligendum,
2565 814 2708 885 quod
2765 814 3101 884 captivorum
3153 812 3375 879 laxatio,

86 973 93 979 .
134 903 421 975 appellatur
445 916 650 957 errones
678 898 869 970 (tn-13),
905 897 1012 967 regi
1041 895 1350 960 Persarum,
1380 891 1473 963 qui
1518 889 1695 961 Baby-

1831 901 1972 957 tDei
2014 903 2066 956 in
2106 902 2364 972 p0pulum
2398 917 2556 955 suum
2592 904 2901 966 clementia,
2936 902 3146 957 cunctis
3202 889 3416 971 genti-t

135 998 298 1051 Ionem
339 993 727 1061 Chaldzeosque
774 989 1072 1059 superavit.
1127 986 1195 1041 Et
1243 985 1450 1058 junctis
1500 982 1693 1046 Medis,

1831 1012 1900 1050 ~us
1935 995 2104 1050 Deum
2137 995 2328 1050 fecerit
2394 994 2677 1049 notiorem.
2730 994 2833 1060 Qui
2886 994 3049 1065 igitur
3102 993 3198 1048 tibi
3254 991 3379 1046 dedi

136 1089 352 1159 agitator
380 1086 537 1155 bigae,
570 1085 622 1138 id
652 1092 735 1139 est
776 1082 969 1136 cameli
1000 1090 1054 1134 et
1077 1078 1239 1145 asini,
1265 1091 1424 1146 supra
1478 1074 1692 1145 legitur.

1831 1086 2197 1151 ortitudinem,
2231 1096 2285 1140 et
2318 1084 2467 1140 solus
2497 1084 2639 1139 Deus
2675 1100 2818 1149 sum,
2876 1084 2989 1152 ipse
3021 1096 3106 1138 res
3150 1083 3293 1137 inter
3321 1096 3382 1137 se

134 1179 226 1232 iste
254 1176 559 1246 appellatus
592 1181 677 1229 est
706 1171 936 1227 Christus
961 1210 977 1235 ,
1010 1170 1064 1225 id
1094 1176 1200 1235 est,
1234 1175 1419 1221 unctus
1459 1163 1695 1229 Domini,

1834 1183 2110 1234 ontrarlas
2145 1177 2304 1243 facio,
2334 1177 2506 1232 lucem
2538 1186 2593 1231 et
2627 1174 2904 1241 tenebras,
2935 1176 2985 1229 id
3013 1182 3096 1230 est
3158 1176 3299 1230 diem
3328 1183 3384 1230 et

134 1266 262 1338 quod
291 1273 409 1321 erat
432 1264 643 1335 insigne
662 1263 805 1331 apud
832 1261 1089 1315 Hebrzeos
1119 1260 1285 1329 regire
1306 1255 1609 1328 potestatis,
1638 1262 1698 1308 ut

1831 1283 2013 1328 loctem
2050 1290 2063 1326 :
2102 1285 2287 1341 pacem
2326 1279 2382 1327 et
2432 1268 2658 1335 malum,
2694 1269 2797 1323 hoc
2833 1275 2915 1322 est
2967 1268 3134 1322 otium
3167 1278 3220 1323 et
3272 1268 3386 1322 bel-

131 1356 392 1428 quomodo
419 1353 560 1423 apud
585 1368 686 1410 nos
715 1353 964 1408 diadema
986 1359 1330 1420 ettpurpura
1359 1347 1489 1404 solis
1524 1348 1699 1417 impe-
1802 1364 1936 1427 lum,
1970 1377 2066 1433 per
2092 1378 2216 1433 qua:
2264 1361 2537 1431 significat
2570 1370 2624 1414 et
2663 1361 2863 1414 iratum
2896 1358 3068 1415 fuisse
3098 1375 3156 1415 se
3183 1360 3385 1430 populo

135 1448 402 1503 ratoribus
430 1447 595 1501 datur
624 1460 643 1502 :
671 1444 754 1499 sic
784 1443 927 1515 apud
961 1440 1219 1497 Hebraeos
1240 1438 1518 1511 regnaturi
1573 1452 1699 1509 per-

1832 1452 2154 1523 uo,quando
2178 1453 2427 1508 tenebras
2446 1451 2775 1521 captivitatis
2838 1451 3090 1521 malaque
3126 1452 3391 1506 sustinuit

132 1539 492 1595 fundebantur
522 1546 819 1609 unguento.
855 1533 1007 1591 Unde
1040 1545 1095 1591 et
1134 1533 1265 1589 Sani
1314 1530 1565 1619 Christus
1592 1531 1701 1588 Do-

1832 1545 2108 1608 ervitutis,
2168 1553 2223 1598 et
2256 1558 2470 1599 rursum
2495 1544 2798 1612 misertunt,
2831 1546 3048 1613 quando
3078 1545 3290 1600 remissi
3331 1546 3390 1600 in

134 1631 254 1684 mini
290 1629 498 1685 dicitur
528 1627 579 1699 (ι
610 1625 738 1698 Reg.
768 1627 867 1698 vr).
923 1627 991 1682 Et
1045 1628 1099 1682 in
1144 1625 1378 1682 Psalmis
1430 1626 1697 1697 legimus:

1831 1636 2057 1701 iatriatn,
2092 1650 2280 1705 pacem
2317 1645 2373 1691 et
2411 1634 2666 1704 gaudium
2698 1638 3042 1704 receperunt.
3106 1634 3392 1702 Quomodo

134 1718 314 1775 Nolite
355 1729 569 1791 tangere
604 1719 828 1774 christos
872 1728 1127 1775 meoszet
1148 1721 1206 1772 in
1260 1717 1527 1787 prophetis
1574 1716 1702 1771 meis

1831 1727 1952 1781 enim
1985 1726 2091 1781 luci
2121 1725 2410 1781 contrariae
2430 1726 2669 1782 tenebrae
2702 1734 2827 1779 sunt
2862 1741 2877 1779 :
2916 1725 2987 1780 ita
3018 1726 3135 1794 paci
3172 1736 3392 1780 contra-

132 1814 288 1868 ttolite
325 1812 612 1883 malignari
666 1811 842 1883 (Psal.
881 1826 990 1876 CIV.
1032 1811 1146 1873 15)-
1194 1809 1366 1880 Huius
1419 1810 1701 1865 deﬂetam
1812 1818 1951 1873 rium
1985 1818 2184 1873 bellum
2211 1828 2314 1873 est.
2345 1816 2500 1874 Unde
2552 1815 2921 1873 confundatur
2977 1816 3220 1882 haeresis,
3270 1830 3392 1887 qua:

133 1904 489 1975 apprehendit
515 1912 572 1960 et
622 1903 815 1967 tenuit,
873 1913 935 1958 ut
985 1904 1164 1958 nullus
1223 1902 1529 1968 fortitudini
1585 1900 1704 1971 ejus

1831 1909 2081 1963 nalorutn
2128 1909 2427 1965 arbitratur
2480 1909 2819 1965 conditorem
2884 1908 3078 1971 Deum.
3130 1922 3255 1963 cum
3303 1910 3395 1963 hic

132 1997 337 2052 valeret
360 1997 634 2052 resistere.
658 1996 927 2069 Legamus
946 1995 1325 2066 Xenophontis
1373 2005 1495 2049 octo
1543 1994 1709 2049 libro-

133 2107 245 2146 rum
272 2089 407 2161 Cyri
446 2090 673 2160 majoris
709 2091 1014 2154 historiam,
1070 2100 1128 2146 et
1162 2088 1506 2160 prophetiam
1560 2086 1713 2143 lsaia:

134 2198 419 2239 cernemus
452 2184 742 2254 expletam.
775 2180 906 2249 Quae
931 2184 1079 2239 enim
1105 2181 1300 2238 civitas
1334 2179 1411 2234 illi
1443 2193 1549 2235 non
1620 2191 1714 2249 pa-

138 2277 285 2331 tuit?
337 2291 462 2346 quae
514 2292 625 2333 non
691 2292 875 2348 regum
912 2288 1061 2346 terga
1096 2275 1378 2345 subjecit?
1437 2273 1529 2343 qui
1574 2270 1714 2327 muri

136 2374 284 2442 prius
314 2372 770 2442 inexpugnabiles
828 2385 938 2427 non
967 2369 1113 2426 illius
1141 2367 1428 2424 obsidione
1463 2366 1714 2423 subversi

138 2464 315 2519 sunt?
356 2463 515 2521 Unde
540 2463 608 2517 ad
657 2463 831 2534 ipsum
892 2459 1091 2533 Cyrum
1139 2460 1283 2515 Deus
1334 2457 1715 2528 apostropham

138 2558 265 2615 facit
295 2573 314 2617 :
341 2558 477 2613 Dedi
495 2556 879 2611 tibitltesattros
928 2562 977 2609 et
1032 2553 1366 2609 absconditus
1397 2567 1518 2621 opes
1558 2566 1718 2604 cune-

142 2661 315 2704 tmtm
339 2651 593 2713 urbium;
622 2659 679 2702 ut
698 2650 790 2719 qui
815 2648 969 2720 prius
988 2647 1204 2703 colebas
1248 2645 1413 2713 idola,
1444 2643 1721 2701 beneficiis

141 2759 303 2797 unum
336 2743 577 2798 sentires
608 2742 800 2807 Deum,
832 2739 1133 2812 praesertim
1166 2753 1290 2794 cum
1330 2739 1497 2803 scias,
1552 2736 1723 2800 multo

143 2845 439 2905 antequam
466 2834 773 2890 nascereris
810 2842 961 2888 tuum
994 2846 1194 2888 nomen
1225 2844 1350 2887 esse
1380 2828 1722 2901 praedictum.

140 2926 294 2995 Quod
346 2930 569 2998 quidem
615 2936 670 2983 et
721 2925 992 2997 Joscphus
1049 2924 1104 2981 in
1153 2924 1438 2980 undecimo
1476 2921 1728 2977 iudaicte

1814 2003 2018 2059 malum
2066 2016 2171 2058 non
2220 2003 2561 2059 contrarium
2595 2004 2760 2067 bono,
2793 2000 2888 2057 sed
2942 2016 3040 2071 pro
3096 1999 3395 2056 afﬂictione

1815 2107 2050 2167 ponatur
2073 2105 2127 2152 et
2174 2097 2337 2163 bello,
2389 2097 2687 2153 secundum
2742 2094 2872 2150 illud
2934 2093 3096 2166 5θά
3153 2095 3297 2164 quod
3341 2093 3394 2147 ir.

1815 2188 2109 2260 Evangelia
2150 2192 2409 2261 scriptum
2463 2199 2597 2247 eat:
2649 2189 2852 2260 Suﬁicit
2903 2189 3009 2242 diei
3061 2188 3268 2242 malitia
3298 2204 3395 2242 sua

1820 2280 2029 2353 (Matth.
2066 2297 2139 2350 vt,
2166 2281 2281 2350 34).
2313 2283 2615 2339 Possumus
2632 2284 2785 2355 juxta
2817 2282 3170 2354 trnpologiam
3209 2283 3321 2336 haec
3345 2292 3402 2337 et

1820 2376 1886 2431 de
1923 2374 2298 2431 ecclesiastico
2333 2375 2450 2430 viro
2480 2376 2681 2441 dicere,
2721 2377 2809 2430 cui
2839 2376 2981 2431 Deus
3014 2375 3161 2431 dedit
3185 2390 3399 2431 sermo-

1820 2481 1944 2524 nem
1974 2477 2138 2537 atque
2168 2468 2512 2537 sapientiam,
2544 2478 2604 2522 ut
2630 2470 2841 2524 lomnes
2868 2477 3044 2525 sectas
3096 2472 3402 2524 contrarias

1822 2559 2040 2614 veritati
2068 2575 2165 2614 sua
2186 2559 2560 2629 disputatione
2580 2561 2885 2617 subvertat.
2926 2560 3078 2616 Sicut
3104 2570 3160 2616 et
3186 2562 3253 2617 de
3284 2562 3406 2617 Stc-

1824 2652 2006 2724 phano
2029 2661 2216 2707 sancta
2237 2650 2519 2723 Scriptura
2543 2662 2939 2707 commemorat
2961 2656 3103 2722 (Act.
3131 2651 3231 2722 vr),
3260 2656 3404 2721 quod

1825 2745 2007 2801 nullus
2038 2746 2281 2817 potuerit
2310 2747 2568 2802 resistere
2585 2746 2869 2817 sapientiae
2891 2747 3028 2815 ejus,
3062 2755 3116 2801 et
3146 2756 3205 2801 ut
3230 2762 3406 2818 reges.

1829 2838 1881 2893 id
1910 2847 1995 2892 est
2055 2837 2397 2908 patriarchas
2426 2838 2762 2909 singularum
2795 2838 3105 2901 lneresewn,
3137 2852 3247 2893 suae
3275 2841 3405 2892 sub-

1826 2928 1978 3000 jiciat
2002 2930 2302 3000 potestati:
2354 2938 2409 2986 et
2457 2931 2666 3002 aperiat
2692 2940 2853 3000 atque
2893 2930 3222 3000 confringat,
3262 2929 3404 3000 quod

143 3021 508 3094 Antiquitatis
532 3020 811 3077 volumine
826 3017 1019 3084 refert,
1039 3017 1239 3087 legisse
1260 3013 1462 3085 Cyrum
1486 3014 1556 3069 ab
1582 3017 1719 3069 Isaia

1831 3022 1979 3093 prius
2032 3023 2317 3078 videbatur
2363 3022 2644 3079 dialectica
2697 3032 2815 3076 arte
2852 3024 3211 3077 conclusum:
3267 3034 3323 3077 et
3359 3022 3412 3075 in

140 3117 206 3170 de
231 3131 291 3170 se
322 3123 483 3169 certo
512 3113 864 3170 vaticinatum
903 3112 1144 3177 nomine,
1190 3119 1247 3165 et
1276 3109 1485 3166 idcirco
1508 3106 1729 3164 Iudaeos

141 3207 298 3273 quasi
324 3203 426 3259 Dei
445 3204 741 3259 familiares
765 3203 1059 3274 plurimum
1082 3201 1356 3257 dilexisse.
1384 3196 1508 3254 Haec
1523 3206 1729 3264 autem,

141 3299 346 3369 inquit,
375 3298 540 3353 tribui
572 3298 669 3353 tibi
722 3306 933 3366 prapter
982 3292 1145 3350 Iacob
1175 3309 1381 3348 seruum
1432 3306 1626 3356 meum,
1684 3299 1732 3342 et

143 3388 318 3445 Israel
350 3391 578 3445 electum
600 3405 795 3457 meum,
839 3398 888 3443 et
912 3392 1088 3444 vocavi
1112 3397 1162 3442 te
1197 3386 1405 3441 nomine
1450 3397 1563 3453 tuo,
1595 3384 1738 3440 sicut

142 3485 346 3539 vocavi
381 3483 680 3551 Abraham,
742 3483 896 3539 isaac
954 3491 1008 3537 et
1038 3479 1248 3547 Iacob;
1296 3488 1353 3535 et
1387 3478 1573 3534 multo.
1613 3488 1737 3532 ante

140 3578 407 3647 praedixi,
445 3587 505 3633 ut
543 3576 693 3632 Isaac
722 3585 777 3631 et
805 3573 1011 3635 Josiam
1045 3589 1167 3630 :no
1187 3572 1459 3644 putareris
1487 3571 1577 3626 ille
1617 3585 1740 3626 esse

138 3673 431 3736 Christus,
464 3673 555 3726 cui
586 3671 921 3726 assimilatas
943 3683 1028 3734 es,
1057 3676 1113 3723 et
1138 3669 1191 3721 iu
1243 3667 1400 3737 cujus
1447 3675 1631 3737 typum
1685 3672 1743 3718 et

142 3766 451 3835 imaginem
510 3760 972 3835 pmcessisti.Tu
1028 3770 1207 3817 autem
1270 3774 1376 3815 non
1433 3758 1742 3828 cognoviSti

141 3874 255 3923 me,
289 3860 349 3914 id
382 3868 487 3924 est,
522 3858 814 3914 simulacra
842 3856 1077 3919 coluisti,
1115 3869 1223 3909 non
1276 3853 1469 3909 Deum.
1518 3850 1744 3908 Accinxi

144 3952 608 4017 tefortitudine;
652 3951 946 4007 multarum
974 3950 1215 4022 gentium
1270 3946 1372 4003 feci
1397 3959 1519 4001 esse
1570 3947 1745 4001 victo-

141 4063 288 4114 rem,
342 4056 405 4103 et
436 4062 544 4103 non
580 4045 885 4115 cognovisti
931 4043 1307 4098 auxiliatorem
1339 4049 1514 4096 tuum.
1550 4040 1608 4093 In
1638 4053 1747 4109 quo

142 4141 270 4195 loco
306 4141 449 4195 satis
483 4138 667 4194 mirari
700 4152 930 4208 nequeo,
962 4151 1084 4208 quae
1128 4134 1361 4191 stultitia
1385 4134 1457 4188 sit
1478 4126 1638 4204 533
1669 4132 1750 4186 le-

1835 3114 2072 3171 medium
2135 3114 2378 3185 proferat
2431 3129 2628 3169 arcana
2688 3115 3092 3179 haereticorum,
3149 3126 3414 3182 superans

1835 3221 1929 3263 eos
1946 3215 2106 3275 atque
2125 3207 2479 3275 convincens,
2507 3215 2563 3260 ut
2588 3206 2791 3261 Christi
2815 3216 3026 3261 secreta
3051 3216 3414 3277 cognoscant,

1837 3298 1892 3353 in
1922 3312 2028 3367 quo
2055 3306 2184 3352 sunt
2223 3313 2414 3353 omnes
2464 3298 2700 3352 thesauri
2751 3302 3032 3367 sapEentias
3061 3312 3114 3355 et
3176 3302 3416 3358 scientia:

1840 3391 2143 3449 absconditi
2167 3390 2395 3462 (Coloss.
2428 3390 2513 3459 tt).
2541 3388 2857 3445 Istiusmodi
2881 3391 3057 3444 virum
3088 3404 3244 3446 vocat
3275 3391 3419 3447 Deus

1839 3503 1907 3542 ex
1938 3487 2157 3542 nomine
2185 3500 2306 3550 suo,
2331 3485 2459 3555 quia
2480 3484 2734 3539 defensor
2764 3493 2847 3537 est
2878 3483 3030 3553 pueri
3077 3484 3196 3554 ejus
3228 3485 3417 3552 Jacob,

1841 3591 1895 3635 et
1920 3581 2078 3637 eiecti
2115 3580 2260 3636 illius
2307 3577 2495 3635 israel.
2543 3575 2700 3631 Hunc
2756 3576 3005 3645 suscipit,
3056 3586 3109 3632 et
3140 3578 3422 3632 assimilat

1842 3673 2075 3729 sermoni
2113 3689 2235 3739 suo,
2262 3674 2354 3745 qui
2388 3688 2583 3729 cavere
2615 3672 2774 3727 debet
2796 3688 2865 3727 ne
2890 3654 3051 3729 suum
3117 3683 3267 3743 putet
3302 3689 3424 3729 esse

1843 3766 1985 3834 quod
2014 3764 2271 3833 loquitur,
2304 3765 2399 3819 sed
2426 3764 2608 3818 omnia
2631 3765 2697 3818 ad
2724 3765 2931 3819 daturis
2949 3765 3146 3820 referat
3170 3764 3423 3835 gloriam;

1846 3872 1913 3911 ne
1943 3864 1997 3911 et
2032 3855 2148 3927 ipse
2172 3865 2441 3911 mereatur
2471 3855 2663 3911 audire
2692 3867 2707 3907 :
2737 3855 2953 3910 Accinxi
2982 3865 3052 3921 te,
3115 3866 3165 3910 et
3197 3872 3298 3910 non
3336 3871 3429 3911 co-

1846 3949 2071 4020 gnovisti
2102 3963 2205 4003 me.
2233 3946 2369 4003 Cum
2405 3948 2579 4013 enim,
2627 3948 2929 4004 instructus
2959 3959 3234 4003 armatura
3284 3948 3433 4019 Aio-

1848 4041 2001 4106 stoli,
2054 4055 2244 4096 omnes
2289 4040 2535 4095 doruerit
2561 4054 2667 4093 non
2707 4053 2830 4095 esse
2876 4040 3038 4096 alium
3099 4040 3267 4097 Deum
3325 4042 3430 4097 nisi

1849 4149 2038 4199 unum,
2069 4134 2161 4205 qui
2191 4133 2261 4188 sit
2288 4132 2456 4188 Jacob
2508 4141 2561 4187 et
2592 4129 2754 4187 Israel
2807 4130 2948 4187 Deus
2986 4148 3005 4193 :
3058 4131 3429 4189 confundetur

140 4233 410 4302 gentium
436 4268 452 4295 ,
486 4240 545 4284 ut
582 4230 695 4285 hanc
725 4229 792 4285 ad
818 4228 1093 4285 Christum
1142 4227 1403 4291 referant,
1438 4240 1533 4297 per
1585 4237 1746 4295 quem
1851 4225 2113 4291 Marcion,
2159 4226 2294 4280 deos
2346 4223 2481 4280 deos
2507 4223 2837 4295 intelligens,
2901 4238 3068 4279 unum
3125 4224 3347 4290 bonum,
3379 4237 3434 4282 et

143 4326 409 4381 mundus
445 4321 826 4379 reconciliatus
856 4332 939 4376 est
965 4320 1099 4375 Deo.
1150 4318 1284 4389 Ego,
1324 4320 1423 4382 ait,
1468 4315 1747 4380 Dominus,
1785 4378 1819 4389 _
1854 4319 2019 4373 alium
2066 4317 2317 4388 justum;
2358 4314 2596 4371 alterum
2647 4315 3023 4382 invisibiiium,
3079 4315 3317 4372 alterum
3348 4318 3431 4372 vi-

140 4426 195 4470 et
240 4432 360 4471 non
422 4428 498 4472 est
552 4416 782 4486 amplius
839 4426 989 4471 extra
1033 4430 1135 4472 me.
1184 4410 1391 4468 Praeter
1444 4423 1749 4466 sermonem
1785 4378 1827 4434 θ
1857 4411 2095 4467 sibilium
2125 4410 2499 4476 conditorem;
2531 4423 2563 4465 e
2593 4410 2789 4480 quibus
2820 4410 2970 4480 prior
3024 4410 3199 4465 lucem
3252 4408 3434 4474 faci‘tt,

140 4511 373 4578 quippe
410 4517 577 4579 atque
630 4512 899 4563 rationem
954 4507 1319 4577 virtutemque
1350 4518 1523 4559 meant
1559 4511 1614 4558 et
1662 4516 1754 4558 sa-
1859 4504 2129 4560 secundus
2163 4503 2414 4558 tenebras
2447 4519 2465 4569 ;
2502 4501 2592 4558 ille
2618 4514 2831 4572 pacem,
2887 4503 2977 4558 hic
3024 4503 3227 4558 malum
3259 4513 3278 4558 :
3311 4518 3435 4558 cum

144 4602 460 4672 pientiam,
493 4616 617 4673 qua:
643 4602 697 4657 in
750 4616 836 4657 me
868 4610 971 4668 est,
1032 4599 1211 4655 nullus
1270 4606 1353 4653 est
1407 4598 1547 4651 alter
1593 4596 1757 4650 Dens.
1863 4606 2153 4667 utrumque
2180 4609 2278 4667 pro
2346 4595 2661 4652 diversitate
2713 4595 3034 4653 meritorum
3094 4611 3235 4653 unus
3294 4597 3438 4652 Deus

141 4696 219 4756 Et
245 4698 382 4751 hac
414 4694 538 4760 feci,
563 4707 621 4750 ut
648 4696 716 4750 ab
742 4695 969 4751 Oriente
990 4702 1046 4748 et
1083 4692 1378 4749 Occidente
1409 4691 1589 4747 omnis
1612 4692 1761 4746 orbis
1864 4692 2113 4760 idemque
2144 4690 2471 4747 condiderit.

146 4801 463 4864 agnoscat,
492 4786 699 4843 nullum
725 4800 850 4842 esse
877 4783 1044 4838 alium
1076 4783 1281 4853 absque
1307 4800 1394 4841 me
1422 4781 1612 4839 Deum.
1647 4778 1761 4853 Ego

1028 5147 1388 5243 LIBER
1468 5145 1993 5239 DECIMUS
2072 5147 2219 5236 TE
2245 5147 2633 5237 R'I‘IUS.

1772 5355 1844 5368 ο·-

227 5504 415 5564 Ilulti
480 5515 639 5558 casus
688 5498 1013 5570 opprimunt
1057 5494 1401 5565 navigantes.
1479 5488 1533 5545 Si
1604 5488 1770 5542 vehe-
1882 5485 2049 5541 menti
2097 5497 2247 5557 terga
2294 5483 2636 5556 crispaverit,
2675 5484 2973 5556 piratarum
3010 5480 3241 5536 insidias
3281 5477 3455 5549 pertio

152 5601 443 5660 mentior
519 5595 735 5651 flaverit
817 5598 1061 5653 ventus,
1134 5593 1428 5657 tempestas
1492 5579 1771 5638 formidini
1884 5589 2154 5635 mescunt.
2206 5577 2383 5648 Atque
2436 5579 2509 5633 ita
2569 5577 2646 5643 tit,
2711 5584 2770 5632 ut
2829 5574 3007 5646 fragili
3060 5572 3258 5627 anima:
3308 5573 3459 5641 ligno

152 5708 272 5755 est.
354 5691 430 5747 Si
500 5703 632 5745 aura
710 5683 1045 5742 moderatior
1097 5692 1309 5739 summa
1360 5675 1599 5747 jacentis
1662 5672 1775 5728 cle-
1883 5672 2129 5741 creditae,
2164 5684 2260 5729 aut
2310 5670 2916 5742 mctuantpericulum,
2960 5679 3052 5721 aut
3100 5665 3457 5722 sustineant:

530 5788 796 5848 PATROL.
840 5778 1073 5845 XXIV.
3031 5764 3099 5826 15
