3952 6180
493 221 600 287 459

1654 226 1718 286 S.
1764 220 2078 293 EUSEBII
2119 219 2554 293 IIIERONYMI

3649 218 3757 287 464)

488 351 723 407 quorum
760 347 1055 415 utrumque
1091 336 1267 393 altero
1294 337 1519 410 gravius
1570 346 1679 406 est,
1716 338 1800 392 vel
1836 347 2068 392 mortem
2100 343 2145 399 Α
2174 334 2400 405 praemia,
2431 340 2866 402 consequantur.
2892 331 3157 404 Quodque
3180 333 3430 405 sequitur
3458 349 3476 390 :
3503 331 3618 406 Ego
3638 336 3761 392 Do~

474 429 688 487 ’timere
738 438 1032 499 perpetuo,
1087 432 1173 485 vel
1224 445 1388 501 quam
1455 431 1701 489 timueris
1768 431 2064 487 sustinere.

494 523 610 578 Hoc
643 524 773 579 tuihi
800 525 850 579 in
890 523 1049 579 Isaiae
1077 525 1268 595 pelago
1299 524 1575 597 naviganti
1600 523 1851 578 accidere
1872 521 2063 599 video;

491 614 618 665 dum
651 615 797 667 enim
819 613 1084 673 iuoﬂ‘enso
1110 629 1270 668 cursu
1296 614 1411 667 vela
1440 615 1757 676 tenduntur,
1789 624 1843 667 et
1861 613 2067 669 securis

470 702 814 761 ’naturarum
846 706 1119 773 manibus,
1145 707 1365 761 sulcans
1386 707 1623 776 aequoris
1637 721 1861 776 campos
1880 706 2067 763 carina

493 798 781 863 delabitur,
841 799 1055 854 subitus
1088 798 1106 827 ί
1155 798 1438 871 languoris
1494 798 1653 854 turbo
1707 812 2067 869 consurgens,

493 891 659 947 tantis
692 890 959 945 undarum
1008 891 1244 949 molibus
1271 901 1325 946 et
1349 890 1666 947 collisorum
1707 891 1849 946 inter
1879 904 1940 948 se
1967 890 2066 946 ﬁuo

488 992 675 1038 ctuum
716 983 958 1053 fragore
986 993 1309 1059 resonante,
1341 984 1536 1055 pavida
1565 982 1868 1041 amicorum
1904 986 2068 1039 corda

488 1077 810 1145 perterruit,
848 1087 905 1151 ut
955 1077 1140 1133 dicere
1182 1087 1547 1147 cogerentur:
1585 1074 1868 1147 Magister,
1898 1074 2069 1131 salvos

488 1184 583 1231 nos
606 1169 715 1236 fac,
738 1170 969 1237 perimus
1002 1168 1225 1243 (Matth.
1258 1185 1375 1237 vui,
1401 1168 1519 1241 25).
1545 1168 1936 1237 Quamobrem,
1962 1167 2072 1222 Eu-

491 1262 786 1327 stochium,
814 1262 865 1314 in
897 1272 1011 1316 toto
1032 1263 1164 1318 orbe
1186 1272 1458 1318 terrarum
1492 1262 1715 1319 unicum
1737 1266 1756 1294 ²
1776 1261 2072 1317 nobilitatis

490 1358 548 1411 et
584 1354 917 1422 virginitatis
958 1354 1293 1425 exemplum,
1326 1369 1435 1409 non
1469 1353 1632 1411 sileat
1686 1354 1892 1424 pupilla
1927 1354 2069 1413 oculi

492 1445 608 1509 tui;
662 1448 949 1516 clamaque
1002 1446 1052 1498 in
1101 1447 1269 1505 corde
1311 1446 1508 1501 :Abba
1553 1456 1707 1517 pater
1739 1445 1913 1517 (Rom.
1949 1460 2069 1512 vut,

484 1537 606 1611 ’45).
640 1538 707 1595 Et
737 1554 861 1593 cum
904 1535 1197 1615 Psalmista
1229 1539 1456 1608 loquere
1488 1538 1812 1609 ,:.Exsurge,
1850 1548 1907 1593 ut
1943 1539 2071 1607 quid

488 1631 718 1699 dormis,
746 1631 966 1705 Domine
1008 1632 1177 1704 (Psal.
1227 1646 1383 1695 acut,
1411 1631 1544 1701 9.5)?
1586 1643 1647 1687 ut
1676 1632 1981 1702 injunctum
2016 1632 2068 1709 iu

490 1724 688 1781 Isaiam
723 1742 887 1796 opus,
916 1734 969 1780 te
1004 1735 1195 1781 orante
1233 1737 1288 1782 et
1311 1726 1532 1782 Christo
1558 1727 1881 1791 miserante,
1915 1726 2075 1794 perii.

493 1821 663 1877 ciam.
689 1819 813 1876 Jatn
865 1822 1011 1879 enim
1069 1822 1263 1875 tertius
1318 1821 1563 1883 decimus
1620 1819 2071 1889 Explanatiouum

492 1912 633 1967 liber
659 1912 897 1977 cuditur,
937 1912 1028 1981 qui
1063 1911 1292 1965 necdum
1345 1910 1599 1981 pervenit
1647 1911 1717 1964 ad
1747 1909 1977 1966 calcem.
2010 1909 2073 1963 Et

492 2004 715 2059 interim
753 2003 928 2059 donec
980 2002 1297 2058 misericors
1342 2013 1398 2059 et
1452 2003 1744 2059 miserator
1788 2003 2071 2067 Dominus,

492 2095 707 2167 patiens
758 2104 812 2150 et
857 2094 1151 2150 multarum
1188 2094 1601 2163 miserationum
1652 2094 1833 2167 (Psal.
1897 2109 2073 2151 cxxxv

484 2197 543 2249 et
576 2190 780 2261 cxuv),
821 2190 1012 2251 reddat
1045 2190 1066 2221 ³
1098 2189 1386 2258 pristinam
1413 2191 1727 2255 sanitatem,
1762 2189 1904 2246 hanc
1931 2189 2073 2249 Prae-

488 2282 856 2339 latiuuculam
907 2283 1260 2339 tumultuario
1313 2296 1572 2338 sermone
1598 2281 1920 2347 dictavi;vut
1951 2296 2073 2351 quae

494 2373 790 2441 habentur,
859 2375 912 2428 in
990 2374 1269 2431 scbedulis
1322 2374 1749 2451 describantur,
1802 2380 1859 2428 et
1914 2372 2071 2443 plena

491 2465 801 2520 emendatio
830 2465 1059 2520 lectoris
1085 2464 1299 2535 judicio
1335 2472 1678 2520 reservetur.

546 2558 727 2631 .535
758 2556 916 2629 (Cap.
963 2556 1129 2613 XLV.
1162 2588 1233 2599 ——-
1262 2557 1422 2613 Vers.
1451 2557 1531 2629 8.)
1570 2576 1588 2610 t
1647 2557 1873 2624 Rorate,
1925 2557 2070 2624 cteli,

492 2650 751 2715 desuper,
774 2659 830 2705 et
860 2649 1039 2704 nubes
1091 2650 1279 2717 pluant
1296 2649 1508 2718 justum
1550 2664 1566 2704 :
1600 2647 1879 2717 aperiatur
1907 2655 2071 2710 terra,

469 2750 548 2796 et
597 2742 866 2812 germinet
898 2741 1266 2805 Salvatorem,
1303 2748 1358 2796 et.
1380 2738 1597 2810 justitia
1628 2739 1840 2794 oriatur
1868 2738 2027 2794 simul
2055 2755 2067 2792 :

490 2848 592 2904 ego
627 2833 887 2888 Dominus
920 2833 1107 2911 creavi
1138 2847 1285 2888 eum.
1329 2850 1347 2883 s
1386 2829 1529 2886 LXX
1572 2847 1587 2884 :
1630 2849 1648 2882 t
1694 2829 1932 2886 Lmtetur
1955 2845 2071 2887 ca:-

495 2926 606 2980 lum
636 2925 894 2994 desuper,
932 2936 993 2980 et
1024 2926 1197 2980 nubes
1230 2934 1492 2997 spargant
1513 2923 1782 2994 justitiam
1812 2940 1827 2978 :
1860 2923 2071 2992 germi-

494 3027 588 3075 net
622 3027 792 3083 terra,
814 3019 1100 3072 etoriatur
1115 3017 1516 3083 misericordia,
1535 3027 1591 3072 et
1612 3015 1882 3086 justitiam
1906 3013 1929 3045 ⁸
1950 3030 2071 3085 ger-

478 3108 664 3162 minet
695 3107 859 3162 simul
890 3124 905 3161 :
932 3122 1033 3177 ego
1065 3106 1330 3163 Dominus
1361 3108 1452 3175 qui
1486 3106 1668 3161 creari
1699 3115 1769 3161 te.
1806 3124 1826 3160 s
1859 3105 2063 3176 Duplex

494 3199 653 3268 hujus
694 3199 797 3254 luci
835 3199 1215 3269 interpretatio
1263 3208 1367 3254 est.
1406 3196 1639 3265 Quidam
1689 3199 1835 3253 enim
1877 3206 2071 3269 putant

495 3293 702 3345 Itd'l‘cre
753 3289 1128 3360 superioribus
1162 3305 1282 3360 quae
1330 3291 1605 3357 dicuntur,
1644 3300 1697 3345 et
1733 3289 1875 3360 Cyro
1919 3304 2079 3360 rege,

492 3383 711 3438 laxante
732 3385 997 3454 capti-vos,
1023 3384 1222 3439 cmlutu
1264 3395 1574 3457 terramque
1620 3385 1793 3440 laetari
1830 3400 1845 3437 :
1893 3400 2069 3454 μετω-

479 3478 764 3548 ινυμικῶέ,
810 3491 910 3547 pro
942 3490 1009 3534 eo
1057 3478 1200 3547 quod
1257 3484 1362 3541 est,
1399 3476 1523 3532 illos
1570 3477 1661 3549 qui
1693 3476 1745 3531 in
1780 3476 1918 3531 casio
1949 3491 2067 3530 mo-

492 3581 683 3623 rantur
731 3581 785 3624 et
840 3579 1013 3625 terra.
1069 3569 1175 3623 Alii
1206 3583 1238 3623 a
1298 3568 1677 3638 superioribus
1711 3578 1968 3636 separant
2016 3578 2070 3627 et

492 3663 770 3737 proprium
810 3663 1032 3733 capituli
1055 3662 1222 3733 hujus
1255 3662 1585 3720 voluntesse
1621 3661 1974 3731 principium,
2005 3677 2070 3717 ac
2113 3703 2117 3708 -

492 3761 558 3812 tle
615 3759 846 3813 adventu
906 3755 1122 3811 Domini
1173 3756 1512 3826 prapbetari,
1563 3755 1711 3835 quod
1772 3756 2071 3829 imperetur

494 3850 747 3915 nubibus,
774 3850 839 3903 de
870 3850 1067 3915 quibus
1090 3863 1252 3917 supra
1275 3851 1417 3919 (cap.
1448 3863 1499 3902 v.
1539 3862 1682 3904 vers.
1714 3846 1768 3917 6)
1796 3849 2064 3917 scriptum

475 3951 616 3998 est:
652 3942 920 3997 Mundabo
948 3942 1169 3997 nubibus
1198 3958 1261 3999 ne
1289 3945 1475 4015 pluunt
1508 3957 1666 4012 super
1688 3956 1803 3997 eam
1827 3941 2066 4007 imbrem,

492 4037 547 4089 id
603 4042 686 4115 est
728 4034 941 4090 vineam
973 4034 1182 4091 Israel:
1215 4045 1271 4090 et
1300 4033 1370 4089 ad
1404 4048 1540 4104 quas
1566 4034 1834 4103 pervenit
1866 4033 2071 4090 veritas

494 4130 614 4194 Dei,
649 4140 710 4207 ut
741 4131 929 4207 pluaut
961 4129 1165 4186 mundo
1181 4130 1391 4202 justum
1425 4129 1541 4183 sive
1561 4126 1855 4198 justitiam,
1903 4135 2075 4183 terra-

490 4226 914 4299 queaperiatnr
953 4237 1009 4285 et
1059 4226 1330 4295 germinet.
1375 4221 1739 4279 Salvatorem.
1772 4220 1849 4276 De
1883 4236 1987 4291 qua
2016 4222 2068 4276 in

490 4316 726 4385 Psalmis
787 4320 1003 4393 canitur
1027 4335 1042 4372 :
1072 4317 1373 4383 ‘Veritas‘de
1402 4328 1543 4377 terra
1572 4325 1691 4371 orta
1720 4326 1819 4383 est,
1843 4317 2071 4385 etjusti-

2176 427 2357 491 minus
2388 425 2561 481 creari
2609 442 2752 492 eum,
2780 426 2885 490 vel,
2910 442 3007 497 ego
3038 426 3293 483 Dominus
3325 428 3417 499 qui
3467 430 3641 485 aenei
3681 437 3757 497 to,

2180 533 2288 579 non
2324 517 2787 575 scandalizabitur
2813 518 2879 573 ad
2917 533 3113 576 nomen
3153 530 3440 587 creatura,
3473 521 3570 592 qui
3600 521 3757 579 illum

2181 624 2425 667 vermem
2453 624 2518 664 ac
2557 602 2777 667 servum
2807 622 2861 665 et
2908 612 3271 681 germinatum
3315 612 3511 684 legerit
3540 630 3668 671 esse
3694 616 3762 670 de

2180 713 2324 758 terra
2335 741 2349 756 .

2248 790 2432 864 (Verr.
2460 794 2494 848 9
2532 797 2713 866 seqq.)
2750 811 2768 845 t
2800 793 2890 848 Vae
2928 794 3023 864 qui
3050 793 3377 850 contradicit
3409 795 3585 851 lictori
3612 810 3716 850 suo
3740 812 3759 849 :

2178 896 2318 943 testa
2368 888 2435 943 de
2486 885 2651 959 536
2676 886 2876 945 Samiis
2923 896 3101 942 terrai.
3138 886 3393 951 Nunquid
3422 887 3557 943 dicit
3588 888 3762 945 lutum

2179 978 2343 1050 ﬁgulo
2366 994 2487 1043 suo,
2524 980 2661 1045 Quid
2690 978 2854 1043 facis,
2918 989 2975 1034 et
3001 994 3141 1047 opus
3166 986 3314 1032 tuum
3342 980 3549 1048 absque
3581 980 3765 1035 mani-

2178 1073 2281 1126 bus
2306 1072 2430 1129 est?
2456 1068 2550 1126 Vae
2582 1071 2677 1141 qui
2709 1069 2843 1125 dicit
2874 1070 3039 1140 patri,
3067 1068 3205 1136 Quid
3238 1084 3487 1139 gener-as,
3550 1081 3607 1122 et
3638 1086 3767 1124 mu—

2180 1163 2322 1228 lieri,
2356 1162 2497 1229 Quid
2528 1162 2812 1231 parturis?
2846 1160 2972 1218 H320
3016 1162 3150 1223 dicit
3190 1160 3475 1227 Dominus,
3524 1159 3767 1215 Sanctus

2179 1256 2345 1313 Israel
2377 1257 2582 1325 plastes
2627 1254 2746 1325 ejus
2779 1270 2797 1311 ς
2831 1254 3071 1316 Ventura
3106 1253 3436 1322 interrogate
3462 1266 3551 1305 me
3597 1267 3769 1323 super

2182 1348 2325 1405 ﬁlios
2378 1358 2631 1412 meosmt
2668 1361 2835 1417 super
2867 1361 3005 1418 opus
3048 1361 3307 1403 manuum
3337 1360 3583 1405 mearum
3608 1361 3769 1399 utan-

2180 1440 2305 1513 date
2352 1440 2488 1499 mihi
2525 1439 2568 1495 ⁵.
2622 1438 2736 1510 Ego
2770 1437 2877 1494 feci
2911 1448 3140 1503 terram,
3176 1449 3232 1492 et
3276 1438 3553 1499 hominem
3594 1453 3767 1506 super

2179 1545 2305 1591 eam
2341 1532 2677 1602 creaviego,
2735 1545 2931 1591 manus
2981 1544 3117 1593 mea:
3146 1532 3499 1593 tetenderunt
3529 1531 3756 1587 caelos:

2180 1634 2235 1679 et
2257 1622 2409 1679 oumi
2438 1624 2649 1685 militia:
2676 1636 2867 1683 eorum
2899 1624 3176 1685 mandavi.
3208 1622 3317 1691 Ego
3339 1621 3603 1681 suscitari
3630 1636 3763 1679 eum

2178 1719 2249 1775 ad
2278 1716 2549 1787 justitiam
2577 1717 2598 1747 ⁸
2634 1729 2649 1769 :
2683 1724 2740 1772 et
2791 1729 2985 1775 omnes
3012 1716 3129 1771 vias
3174 1716 3292 1784 ejus
3327 1715 3582 1785 dirigam.
3639 1713 3766 1782 Ipse

2177 1809 2466 1869 aediﬁcabit
2497 1808 2609 1882 [ΑΙ.
2644 1807 2961 1880 mdiﬁcavit]
2993 1809 3274 1869 civitatem
3307 1823 3484 1865 meam
3530 1823 3546 1864 :
3578 1815 3639 1863 et
3662 1821 3762 1862 ca-

2177 1901 2485 1970 ptivitatem
2515 1914 2695 1957 meam
2731 1900 2990 1965 dimittet,
3030 1916 3137 1957 non
3177 1901 3229 1955 in
3267 1901 3444 1969 pretio
3487 1914 3669 1969 neque
3701 1899 3757 1953 in

2178 1994 2517 2061 muneribus,
2558 1994 2697 2051 dicit
2738 1994 3007 2053 Dominus
3053 1994 3420 2053 exercituum.
3470 2010 3492 2045 s
3558 1990 3704 2048 LXX
3740 2011 3756 2046 :

2179 2105 2202 2141 ι
2239 2086 2379 2155 Quid
2420 2087 2619 2145 melius
2661 2086 2767 2143 feci
2816 2103 2982 2157 quam
3020 2088 3203 2147 lutum
3258 2085 3450 2158 ﬁguli?
3500 2085 3764 2156 Nunquid

2175 2194 2341 2238 arans
2370 2183 2546 2238 arabit
2578 2182 2827 2239 terram?
2883 2180 3149 2252 Nunquid
3179 2181 3335 2249 dicet
3356 2182 3533 2237 lutum
3566 2180 3762 2250 ﬁgulo,

2176 2273 2316 2341 Quid
2371 2274 2511 2334 lacis
2545 2290 2562 2334 ι
2589 2276 2848 2345 quoniam
2873 2290 2980 2333 non
3012 2275 3280 2343 operaria.
3307 2276 3601 2331 uecltabes
3636 2290 3759 2328 ma-

2177 2368 2319 2423 nus?
2348 2366 2441 2423 Va:
2475 2368 2568 2437 qui
2596 2368 2732 2424 dicit
2784 2371 2947 2439 patri,
2980 2368 3123 2435 Quid
3172 2383 3404 2439 generas
3441 2379 3542 2435 ;et
3574 2368 3760 2431 matri,

2176 2460 2316 2526 Quid
2338 2460 2577 2530 parturis
2592 2461 2616 2517 ‘t
2631 2459 2725 2518 Sic
2739 2476 2885 2517 enim
2905 2461 3040 2517 dicit
3058 2461 3323 2518 Dominus
3337 2461 3503 2527 Deus,
3521 2461 3763 2517 Sancus

2181 2553 2371 2618 Israel,
2407 2553 2498 2626 qui
2530 2552 2666 2610 fecit
2720 2563 2943 2611 ventura
2982 2570 3001 2609 ι
3024 2556 3363 2626 luterrogate
3407 2569 3495 2610 me
3524 2554 3591 2609 de
3631 2552 3760 2611 ﬁliis

2182 2644 2340 2709 meis,
2374 2653 2428 2701 et
2483 2644 2551 2701 de
2596 2646 2859 2714 operibus
2900 2660 3160 2719 manuum
3215 2660 3461 2704 mearum
3501 2645 3763 2701 ntandate

2177 2738 2330 2793 mihi.
2363 2735 2476 2809 Ego
2508 2738 2612 2797 Ieci
2645 2747 2872 2805 terram,
2903 2749 2959 2794 et
2980 2738 3257 2803 hominem
3283 2751 3447 2807 super
3470 2753 3614 2792 eam.
3643 2737 3763 2808 Ego

2178 2844 2341 2889 manu
2393 2846 2509 2889 mea
2566 2830 2781 2891 ﬁrmavi
2830 2830 3077 2889 cretum:
3134 2844 3237 2901 ego
3269 2830 3527 2886 omnibus
3579 2831 3764 2885 stellis

2179 2924 2452 2983 mandavi.
2482 2922 2596 2994 Ego
2644 2922 2905 2981 suseitavi
2936 2937 3067 2980 eum
3094 2938 3221 2980 cum
3274 2922 3483 2993 iustitia
3520 2938 3705 2994 regem
3742 2942 3759 2978 :

2176 3031 2370 3074 omnes
2402 3016 2508 3076 vis:
2536 3018 2686 3075 illius
2732 3027 2919 3075 rectae.
2965 3015 3085 3088 Ipse
3131 3016 3425 3074 aediﬁcabit
3475 3016 3761 3074 civitatem

2178 3124 2378 3178 meam,
2417 3121 2474 3171 et
2513 3112 2887 3179 captivitatem
2908 3111 3095 3181 populi
3142 3111 3247 3167 mei
3291 3120 3614 3167 convertet:
3648 3128 3760 3167 non

2174 3216 2299 3259 cum
2335 3203 2512 3270 pretio
2554 3217 2731 3271 neque
2770 3217 2897 3259 cum
2950 3201 3290 3268 muneribus,
3321 3202 3460 3257 dixit
3492 3202 3764 3257 Dominus

2176 3293 2320 3349 Deus
2356 3294 2620 3350 Sabaoth.
2666 3313 2686 3347 ι
2726 3293 2835 3359 Qui
2854 3296 2919 3348 ad
2948 3293 3079 3363 Cyri
3110 3308 3401 3363 personam
3432 3292 3630 3349 volunt
3665 3308 3757 3349 re-

2174 3386 2319 3443 ferre
2340 3402 2462 3454 qua:
2496 3388 2640 3441 dicta
2670 3396 2821 3452 sunt,
2858 3388 2941 3443 sic
2974 3387 3154 3445 locum
3184 3387 3347 3443 istum
3381 3387 3760 3456 interpretan-

2176 3488 2284 3537 tur.
2315 3476 2397 3532 Me
2428 3477 2670 3544 ingentia
2704 3477 3022 3545 pollicente,
3050 3477 3203 3549 quod
3238 3488 3460 3549 propter
3492 3483 3762 3536 reversio-

2174 3585 2297 3624 nem
2331 3570 2518 3638 p0puli
2580 3570 2687 3625 tnei
2742 3569 2825 3626 iu-
2857 3570 3127 3643 Iudaeam,
3168 3568 3329 3641 537
3386 3573 3571 3629 omnia
3616 3570 3761 3641 Cyro

2180 3678 2345 3733 regna
2395 3666 2743 3721 subaternam
2778 3680 2798 3719 δ
2830 3664 2921 3719 Va:
2967 3665 3019 3719 ei
3053 3664 3147 3734 qui
3204 3663 3518 3720 incredulus
3547 3676 3653 3726 est.
3708 3676 3764 3720 et

2174 3771 2281 3811 non
2314 3766 2469 3825 putat
2495 3766 2723 3815 ventura
2752 3771 2876 3827 quae
2907 3758 3051 3823 dico,
3076 3759 3233 3828 quasi
3262 3757 3310 3815 si
3338 3759 3508 3811 lutum
3540 3766 3599 3812 et
3618 3768 3759 3812 testa

2174 3845 2452 3901 confracta
2491 3847 2857 3902 calumnietur
2898 3848 3121 3918 ﬁgulum
3158 3863 3343 3913 suum,
3378 3863 3551 3920 quare
3589 3848 3758 3913 facta,

2175 3938 2258 3994 vel
2291 3954 2394 3992 cur
2420 3941 2490 3992 ita
2525 3939 2668 3994 facta
2695 3940 2805 4003 sit;
2833 3949 2889 3994 et
2913 3954 3054 4011 Opus
3084 3951 3285 4015 contra
3308 3940 3536 4001 artiﬁcis
3572 3942 3761 4009 loqua-

2178 4042 2267 4087 tur
2331 4048 2562 4099 ntanus;
2599 4046 2655 4089 et
2708 4044 2919 4105 patrem
2978 4050 3041 4090 ac
3104 4045 3335 4093 matrem
3394 4034 3761 4091 calumnietur

2176 4122 2343 4190 ﬁlius,
2381 4140 2484 4197 cur
2521 4125 2574 4179 itt
2614 4134 2811 4180 terram
2840 4134 3052 4182 natura:
3077 4124 3192 4194 iege
3217 4125 3474 4197 profusus
3497 4126 3591 4182 sit.
3624 4128 3757 4181 Cum

2177 4211 2344 4281 igitur
2392 4227 2492 4283 ego
2545 4211 2840 4282 Dominus,
2884 4212 3122 4271 Sanctus
3156 4216 3346 4282 Israel,
3375 4217 3757 4287 plasmaverim

2175 4303 2403 4374 Cyrum,
2436 4314 2493 4361 et
2533 4320 2653 4361 mea
2683 4306 2931 4376 jussionc
2956 4317 3250 4377 generatus
3292 4311 3387 4373 sit,
3420 4310 3757 4379 superﬂuum

484 4411 668 4483 unde
692 4409 818 4464 εωιο
841 4412 1111 4479 provexit
1136 4409 1305 4481 (Ρδαι,
1342 4425 1563 4474 Luxu,
1599 4408 1690 4477 12)
1720 4425 1735 4463 ε
1770 4410 1885 4463 give
1909 4409 2068 4478 juxta
2102 4393 2146 4450 D
2178 4395 2362 4452 facitis
2391 4398 2670 4469 ambigere
2697 4398 2765 4454 de
2795 4397 2998 4454 futuris
3022 4416 3038 4466 ;
3061 4403 3193 4469 quin
3246 4403 3427 4471 potius
3453 4416 3621 4457 nosse
3666 4404 3759 4457 de-

492 4503 638 4577 LXX
666 4521 683 4557 :
715 4502 877 4556 Terra
919 4504 1335 4557 misericordiam
1363 4511 1411 4557 et
1422 4500 1696 4573 justitiam
1720 4501 1920 4568 pariter
1952 4516 2070 4570 ger-

494 4598 744 4660 minavit,
783 4605 842 4649 ut
881 4604 937 4649 et
980 4607 1309 4654 peccatores
1360 4592 1822 4658 miscricordiam,
1858 4602 1912 4646 et
1932 4592 2066 4662 justi

560 4775 590 4805 "
619 4773 709 4827 Sic
736 4768 1088 4824 Ambrosiani
1123 4782 1253 4823 mss.
1286 4768 1620 4833 restituunt;
1651 4778 1733 4821 cst
1764 4766 1908 4821 enim
1941 4781 2067 4837 per-

491 4848 741 4916 spitzuutu
779 4842 1118 4916 necorpuris
1146 4842 1230 4893 sui
1262 4840 1524 4916 languore
1571 4852 1829 4916 aegraque
1860 4839 2068 4891 valetu-

493 4909 620 4970 dine
655 4912 797 4981 loqui
832 4910 1246 4979 Hieronymum,
1279 4921 1391 4964 tum
1417 4924 1482 4962 ex
1508 4909 1750 4981 inferiori
1784 4918 2065 4981 contextu,

482 4997 606 5040 tum
639 4977 878 5038 mn'xittte
908 4998 972 5035 ex
1007 4977 1394 5048 subsequentis
1440 4981 1560 5031 ιιι»τί
1597 4977 1941 5042 Praefatioue,
1974 4981 2063 5034 ubi

492 5058 561 5110 de
598 5064 815 5122 recepta
855 5054 1084 5119 pristina
1112 5044 1349 5104 sanitate
1372 5044 1479 5102 Deo
1522 5050 1727 5116 gratias
1758 5064 1947 5122 agens,
1974 5056 2065 5122 qui

494 5144 594 5191 me,
624 5120 819 5193 inquit,
846 5137 1037 5176 δυβιτο
1071 5136 1350 5175 ιΑΝθυυιιε
1380 5129 1733 5193 percusserat,
1766 5120 2062 5193 incredibili

495 5190 766 5249 velocitate
798 5197 1028 5245 sanavit.
1061 5192 1235 5245 Antea
1267 5193 1414 5245 nullo
1443 5190 1614 5245 l'erute
1647 5203 1810 5244 sensu
1839 5190 2060 5258 legeba-

484 5278 583 5318 tlur
606 5267 777 5316 subito
805 5268 1063 5331 clangor-ts
1092 5266 1264 5326 turbo,
1294 5272 1399 5317 etc.

558 5340 584 5367 ³
620 5334 847 5388 Unicum
902 5328 1216 5397 nobilitatis,
1273 5342 1379 5387 etc.
1412 5330 1740 5386 Prmlatione
1776 5330 1830 5383 iu
1859 5328 2061 5383 librum

478 5406 594 5462 Job
635 5408 932 5461 secundum
966 5404 1130 5469 LXX,
1176 5409 1241 5456 ad
1314 5402 1533 5455 Paulam
1580 5415 1634 5457 et
1676 5402 2059 5464 Eustochium,

493 5484 679 5533 eodem
719 5480 881 5530 modo
910 5475 1153 5543 loquitur
1186 5483 1411 5528 sanctus
1454 5473 1656 5529 Ductor
1692 5491 1705 5527 :
1749 5493 1766 5523 t
1818 5476 2060 5541 Quapro-

491 5560 633 5618 pter,
664 5566 695 5602 u
737 5545 899 5598 Paula
954 5556 1008 5598 et
1063 5544 1435 5618 Eustochium,
1472 5545 1699 5618 unicum
1756 5544 2059 5597 nobilitatis

489 5617 547 5674 et
580 5621 901 5673 humilitatis
928 5617 1227 5683 exemplar,
1270 5630 1288 5665 ι
1322 5626 1428 5667 etc.
1466 5617 1731 5668 Manum.

566 5692 589 5722 ³
618 5691 822 5744 Reddat
847 5690 1133 5753 pristinum
1189 5687 1490 5741 sanitatem.
1524 5689 1677 5750 Quod
1722 5685 1778 5738 itt
1821 5683 2060 5738 conden-

2179 4491 2343 4555 betis,
2369 4491 2515 4560 quod
2538 4492 2674 4548 lilios
2696 4508 2865 4559 meos,
2897 4494 3157 4564 pupulum
3184 4492 3373 4559 Israel,
3399 4504 3453 4549 et
3482 4510 3622 4565 opus
3649 4512 3765 4553 tua-

2179 4600 2344 4637 uuum
2378 4600 2645 4649 mearum,
2681 4600 2785 4639 non
2812 4594 2996 4643 vestro
3015 4586 3266 4653 arbitrio,
3290 4586 3388 4643 sed
3420 4602 3545 4642 mea
3569 4589 3764 4644 volun.

2178 4769 2262 4827 dis
2302 4769 2416 4845 suis
2445 4767 2869 4845 Commentariis
2907 4773 3218 4841 patiebatur
3250 4774 3670 4845 ilicronymus,
3705 4778 3761 4833 id

2176 4855 2277 4910 ego
2328 4842 2385 4915 iu
2432 4840 2638 4915 eisdem
2696 4840 3054 4915 restituendis
3089 4843 3371 4914 aequaliter
3432 4840 3761 4915 perpetior;

2174 4909 2264 4963 vix
2296 4912 2445 4964 enim
2479 4909 2609 4962 mihi
2647 4912 2874 4979 priStiua
2907 4916 3115 4969 sanitas
3152 4909 3400 4969 redditur
3431 4909 3459 4967 Et
3494 4909 3608 4971 Deo
3651 4909 3761 4970 tui;

2175 4979 2571 5055 seraturetqui
2615 4982 2844 5055 respicit
2880 4992 3082 5055 terram
3117 4994 3170 5040 et
3208 4990 3407 5055 saepius
3441 4985 3577 5039 facit
3626 5002 3757 5042 eam

2178 5061 2430 5104 tremere.
2458 5053 2666 5131 Itaque,
2703 5054 2932 5131 benigne
2961 5053 3150 5131 lector,
3177 5058 3224 5110 si
3252 5053 3378 5131 licet
3409 5072 3575 5122 parva
3601 5074 3763 5112 com-

2174 5135 2377 5188 ponere
2407 5123 2642 5190 magnis,
2673 5122 2828 5191 plena
2856 5126 3164 5181 emendatio
3190 5130 3450 5181 editionis
3480 5141 3617 5182 meae
3656 5142 3758 5183 tuo

2168 5192 2376 5259 judicio
2402 5189 2733 5244 reservatur.
2758 5189 3036 5247 Maturus.

2245 5259 2267 5290 ⁸
2301 5260 2504 5313 Mavult
2558 5259 2761 5335 Victor.
2808 5264 3112 5335 justitiarin
3155 5274 3325 5332 recto,
3370 5265 3633 5335 quidquid
3685 5270 3757 5323 de

2170 5330 2359 5407 Graeco
2388 5341 2461 5384 su
2489 5334 2679 5407 codice
2696 5348 2725 5407 ;A
2747 5330 3148 5402 inquibusdam
3170 5330 3319 5389 enim
3342 5330 3757 5407 exemplaribus

2172 5404 2351 5474 legere
2376 5412 2459 5454 est
2484 5400 2856 5474 δικαιοσύνηνξ

2241 5472 2343 5545 {In
2375 5472 2728 5545 Atribrpsian.
2764 5472 2867 5529 ms.
2916 5476 3248 5545 antiquiore,
3282 5477 3753 5545 quemadmodum

2169 5553 2224 5597 et
2260 5544 2310 5597 in
2368 5542 2490 5616 aliis
2523 5539 2969 5616 Hieronymiauae
2994 5539 3266 5603 versionis
3300 5539 3553 5605 Martiau.
3590 5554 3754 5605 iuve-

2168 5624 2272 5674 ntt,
2313 5612 2610 5664 mandastis
2638 5613 2789 5667 mihi.

2245 5684 2265 5714 ⁶
2304 5682 2452 5738 Ideni
2492 5698 2595 5736 uis.
2632 5700 2648 5737 :
2682 5681 2794 5753 Ego
2813 5685 3084 5743 suscitabo
3112 5702 3229 5742 eum
3256 5703 3376 5743 cum
3404 5688 3637 5755 iustitia.
