3952 6180
210 266 306 333 461

680 265 1177 329 COMMENTAR.
1215 261 1297 323 IN
1350 258 1615 321 iSAlAM
1655 256 2115 320 PROPHETAM
2178 257 2324 321 LIB.
2368 256 2544 329 XIll,
2569 256 2732 317 CAP.
2773 255 2945 316 XLV.

3359 246 3466 315 L62

205 397 314 441 tate
337 386 649 453 dispensem
682 400 696 438 :
728 393 788 437 ut
816 384 907 453 qui
935 379 1090 452 prius
1109 380 1193 437 eis
1220 378 1477 435 tenebras
1499 387 1556 432 et
1584 376 1782 432 malum
1814 394 1857 454 Α
1888 385 2168 432 exstructa
2208 385 2296 432 est
2356 372 2458 431 sub
2486 374 2736 439 Neemia,
2788 385 2889 427 nec
2940 382 3133 425 omnes
3182 366 3296 420 vias
3346 366 3466 434 ejus

203 477 404 540 creavi,
442 491 584 531 nunc
641 474 819 529 lucem
847 484 903 529 et
936 488 1127 544 pacem
1171 473 1436 527 tribuam.
1472 468 1585 541 Ego
1622 470 1770 525 enim

202 587 316 626 sum
352 569 515 633 Deus,
560 568 652 637 qui
698 581 803 621 non
844 567 899 620 in
950 580 1182 619 vacuum
1215 564 1394 620 creavi
1432 573 1631 618 terram
1656 598 1673 627 ,
1717 570 1776 616 ut

201 672 343 717 esset
382 661 597 715 deserta
623 670 678 716 et
702 659 972 730 squalida,
995 658 1088 713 sed
1106 669 1167 711 nt
1185 657 1437 710 homines
1460 657 1775 709 itabitarent

200 755 252 807 in
280 768 364 807 ea.
397 754 509 819 Ego
556 753 771 806 extendi
817 753 935 805 sive
971 747 1180 803 ﬁrmavi
1213 748 1407 810 eteius,
1441 755 1497 801 ut
1549 747 1772 815 angelo-

199 863 314 900 rum
339 856 529 900 essent
551 843 943 899 habitaculum.
966 842 1201 897 Stellaru
1214 856 1371 909 mque
1391 841 1774 907 eosvarietate

198 938 421 991 distinxi
444 952 460 1003 ;
484 946 539 990 et
562 936 824 1004 imperavi
850 934 1080 1003 singulis
1102 948 1213 1003 quo
1240 942 1523 987 currerent
1554 932 1773 998 ordine,

197 1038 249 1083 et
274 1030 490 1082 dierum
520 1042 584 1082 ac
616 1030 883 1083 mensium
919 1038 1299 1095 annorumque
1336 1027 1553 1080 diversa
1591 1027 1769 1094 spatia

200 1118 563 1188 complerent.
593 1120 695 1185 Qui
727 1120 895 1188 igitur
921 1118 1123 1173 ctelum
1160 1116 1263 1170 feci
1294 1125 1350 1170 et
1381 1125 1607 1180 terram,
1639 1115 1772 1184 quid

199 1224 457 1276 magnum
483 1218 589 1274 est,
616 1210 663 1263 si
699 1223 868 1263 unum
923 1222 1105 1279 regem
1150 1205 1476 1271 creaverim,
1510 1207 1603 1277 qui
1654 1218 1775 1261 mea

198 1303 459 1354 mandata
496 1309 789 1356 conservet
815 1338 831 1366 ,
867 1309 921 1354 et
964 1312 1155 1356 omnes
1179 1299 1292 1352 vias
1328 1298 1482 1353 illius
1505 1297 1777 1368 dirigam?

196 1394 314 1463 ipse
368 1394 516 1447 enim
541 1394 799 1462 jussurus
848 1401 954 1457 est,
991 1401 1050 1447 ut
1079 1390 1379 1446 aediﬁcetur
1412 1391 1609 1445 civitas
1655 1402 1774 1444 mea

194 1488 524 1551 Jerusalem,
568 1500 623 1545 et
655 1489 865 1559 captivi
909 1487 1134 1544 redeant
1168 1488 1221 1541 in
1254 1486 1524 1542 indutam.
1555 1483 1673 1540 Non
1706 1486 1777 1539 ob

198 1584 459 1649 pretium,
495 1595 671 1650 neque
695 1594 943 1643 munera,
978 1581 1073 1633 sed
1109 1579 1180 1631 ob
1211 1590 1386 1631 meam
1415 1579 1773 1639 voluntatem,

199 1674 328 1727 dicit
357 1672 625 1727 Dominus
646 1672 787 1726 Deus
812 1670 1175 1726 exercituum.
1207 1670 1311 1736 Qui
1334 1678 1515 1723 autent
1540 1674 1774 1737 emptum

1889 466 2063 523 fuisse
2091 469 2351 523 directas.
2386 467 2490 522 Cui
2541 478 2708 535 supra
2762 464 2967 519 dictum
2996 468 3086 516 est
3110 478 3128 514 :
3167 462 3463 527 Assumpsi,

1880 570 1929 614 et
1983 560 2189 613 sccinxi
2217 569 2264 613 te
2302 576 2315 614 :
2374 566 2423 613 et
2464 570 2573 612 non
2595 558 2886 626 cognouisti
2917 569 3040 618 me;
3071 560 3127 606 et
3154 550 3461 605 Zombabet

1884 661 2112 715 statum,
2170 652 2261 720 qui
2312 653 2413 705 sub
2441 661 2576 705 nutu
2614 662 2679 704 ac
2738 657 3010 719 potestate
3038 644 3325 701 Medorum
3350 643 3465 695 luit

1879 753 2045 813 atque
2108 739 2427 805 Persantm,
2480 741 2664 795 omnia
2716 754 2839 811 qua:
2890 740 3148 794 dicuntur
3176 732 3463 791 excedere.

1880 833 2065 906 Neque
2116 837 2261 890 enim
2317 832 2622 889 Zurobabel
2673 833 2945 889 exstruxit
3001 828 3309 891 civitatem,
3362 840 3467 881 nec

1879 944 1972 984 rex
2010 930 2270 998 appellari
2310 938 2510 997 potest,
2546 928 2640 996 qui
2684 928 2783 982 sub
2831 926 2957 981 aliis
2995 924 3184 979 vivens
3212 922 3458 992 regibus,

1883 1022 1986 1075 hoc
2027 1020 2249 1075 nomine
2278 1020 2478 1075 caruit.
2503 1019 2649 1085 Quid
2682 1018 2785 1074 sibi
2812 1026 2991 1073 autem
3024 1016 3194 1072 velint
3221 1013 3459 1083 Septua-

1877 1114 2051 1182 ginta,
2070 1113 2161 1181 qui
2190 1114 2243 1166 itt
2275 1110 2543 1182 principio
2573 1112 2734 1179 hujus
2761 1110 2982 1179 capituli
3013 1108 3461 1163 transtulerunt:

1879 1203 2019 1270 Quid
2051 1205 2239 1259 melius
2279 1196 2379 1267 feci
2430 1218 2590 1275 quam
2640 1204 2810 1257 lutum
2840 1201 3030 1273 ﬁguli?
3077 1197 3337 1268 Nunquid
3374 1197 3466 1266 qtti

1881 1309 2028 1366 arat,
2080 1298 2258 1352 arabit
2313 1298 2546 1351 terram?
2578 1296 2723 1352 Scire
2784 1311 2889 1349 non
2926 1293 3103 1359 valeo,
3170 1292 3273 1347 nisi
3324 1290 3467 1345 forte

1880 1390 2271 1445 Theodmionis
2295 1404 2495 1459 sequar
2517 1388 2837 1454 editionem,
2863 1387 2957 1457 qui
2984 1400 3083 1455 pro
3110 1386 3214 1441 hoc
3237 1384 3460 1453 posuit:

1894 1484 1980 1540 Va:
2004 1487 2051 1539 ei
2101 1488 2191 1555 qui
2217 1485 2486 1539 contendit
2529 1494 2713 1537 contra
2762 1482 3018 1551 [actorem
3042 1495 3216 1545 suum,
3242 1492 3406 1532 arant
3441 1475 3468 1508 ³

1879 1590 2094 1633 arantes
2113 1588 2312 1632 terram
2340 1593 2358 1631 :
2383 1578 2527 1647 quod
2553 1577 2766 1631 scilicet
2781 1574 3032 1629 vulneret
3055 1574 3110 1629 in
3143 1571 3468 1643 poenitentia

1881 1672 2046 1727 corda
2081 1672 2420 1734 mortalium,
2445 1674 2501 1725 et
2531 1671 2586 1723 in
2607 1682 2811 1724 morem
2843 1668 3118 1724 sulcorum
3149 1681 3211 1721 ea
3236 1665 3465 1721 subruat

199 1764 261 1818 ad
290 1763 577 1819 Christum
613 1762 779 1818 refert
810 1763 1244 1834 intelligentiam,
1276 1763 1358 1819 sic
1378 1762 1776 1831 explanationis
1806 1755 1852 1812 Β
1882 1772 2044 1832 atque
2094 1762 2398 1817 subvertat.
2431 1760 2541 1817 Sed
2572 1772 2629 1817 et
2684 1762 2800 1816 bzec
2833 1762 3029 1815 frivola
3080 1758 3466 1828 interpretatio

198 1870 304 1910 sua:
356 1858 522 1910 verba
582 1858 945 1913 moderatur:
983 1856 1073 1911 Vae
1126 1854 1206 1910 eis
1246 1856 1339 1925 qui
1395 1854 1778 1910 contradicunt

201 1948 330 2013 Deo,
357 1961 415 2001 et
442 1946 726 2002 Christum
756 1964 862 2002 non
896 1958 1089 2013 putant
1113 1962 1233 2004 esse
1264 1958 1550 2002 venturum
1575 1965 1589 2014 ;
1620 1949 1777 2016 quasi

198 2039 377 2093 lutum
413 2050 470 2094 et
496 2049 633 2094 tessa
683 2044 748 2094 de
784 2041 938 2094 testis
969 2042 1307 2096 contradicat
1342 2040 1506 2110 ﬁgulo
1533 2056 1655 2094 suo.
1690 2040 1780 2096 Vae

198 2131 286 2200 qui
305 2130 449 2186 dicit
466 2132 823 2200 omnipotenti
849 2132 1020 2197 Patri,
1042 2130 1221 2198 Quare
1236 2143 1291 2187 tu
1310 2146 1539 2202 generas
1558 2131 1776 2200 Filium,

198 2235 247 2280 et
277 2226 497 2280 mulieri
548 2235 753 2281 sancta:
780 2225 985 2293 Mariae,
1014 2228 1157 2294 Quid
1220 2228 1497 2298 parturls?
1548 2227 1619 2282 De
1671 2242 1775 2297 qua

198 2316 393 2371 scribit
415 2326 471 2372 et
502 2317 795 2388 Apostolus
827 2314 1036 2386 (Galat.
1068 2329 1141 2388 tv)
1172 2336 1185 2373 :
1243 2318 1386 2388 quod
1412 2317 1668 2374 Christus
1693 2318 1769 2371 fn-

198 2418 321 2464 etus
345 2409 422 2465 sit
451 2412 519 2464 de
558 2410 811 2473 muliere,
845 2409 1128 2480 factusque
1156 2411 1257 2464 sub
1301 2408 1438 2479 lege.
1492 2407 1617 2473 Haec;
1648 2426 1778 2480 ergo

200 2502 335 2555 dicit
396 2501 684 2567 Dominus.
722 2499 959 2556 Sanctus
1020 2502 1203 2567 Israel,
1250 2503 1340 2571 qui
1384 2501 1673 2571 plasmavit
1722 2504 1776 2558 in

200 2595 467 2663 virginali
496 2605 651 2649 utero
676 2592 1038 2656 Salvatorem,
1070 2594 1259 2648 dicens
1293 2608 1389 2663 per
1413 2592 1724 2669 Gabrielem
1760 2611 1775 2649 :

196 2682 432 2753 Spiritus
466 2694 683 2739 sanctus
726 2686 890 2739 veniet
920 2698 1076 2753 super
1112 2694 1180 2749 te,
1238 2693 1286 2738 et
1319 2686 1487 2738 virtus
1520 2684 1781 2739 Altissimi

197 2778 532 2831 obumbrth
556 2777 652 2831 tibi
674 2793 692 2831 :
725 2779 863 2847 quod
890 2786 1067 2830 autem
1096 2777 1415 2830 nascetur-in
1441 2785 1490 2829 te
1517 2776 1777 2843 sanctum,

199 2869 479 2923 secabitur
525 2867 705 2923 Filius
744 2868 843 2923 Dei
899 2867 1054 2941 (Luc.
1106 2885 1144 2934 ι,
1185 2868 1275 2939 55)
1300 2885 1320 2923 :
1362 2869 1660 2937 interroget
1696 2882 1781 2921 tne

200 2970 367 3027 testa,
402 2968 458 3015 et
486 2958 793 3014 futurorum
824 2968 1034 3013 secreta
1063 2957 1361 3029 perquirat.
1393 2955 1457 3008 Et
1492 2955 1776 3025 praacipiat

202 3055 333 3108 tnibi
385 3055 661 3123 quomodo
688 3050 852 3122 538
888 3054 1168 3121 adOptivos
1204 3050 1362 3117 ﬁlios,
1396 3051 1487 3119 qui
1519 3052 1572 3104 in
1597 3063 1777 3104 meum

202 3145 403 3201 Filium
436 3147 700 3200 credituri
753 3155 901 3209 sunt,
931 3144 1162 3198 debeam
1200 3157 1521 3211 regenerare
1554 3144 1596 3195 ⁸.
1635 3140 1778 3195 Dicit

200 3252 248 3293 et
272 3238 614 3308 evangelista
645 3236 886 3290 Joannes
917 3250 933 3289 :
971 3236 1244 3301 Quotquot
1279 3248 1397 3287 eum
1449 3241 1776 3299 receperunt,

199 3330 344 3383 dedit
370 3331 448 3381 eis
480 3336 790 3395 potestatem
813 3326 955 3395 ﬁlios
980 3325 1077 3380 Dei
1100 3326 1218 3394 ﬁeri
1250 3322 1433 3395 (Joan.
1466 3340 1503 3389 t,
1534 3324 1646 3391 η).
1683 3324 1778 3377 Sin

201 3432 384 3477 autem
409 3434 513 3489 ego
567 3420 671 3475 feci
702 3429 928 3485 terram,
963 3427 1021 3472 ut
1058 3418 1397 3472 habitaretur
1440 3417 1509 3470 ab
1550 3416 1781 3471 homini-

204 3514 324 3577 bus,
358 3523 419 3566 et
477 3514 649 3567 eteius
686 3510 901 3567 extendi
958 3512 1217 3580 desuper,
1262 3518 1317 3563 et
1373 3522 1470 3563 eos
1508 3518 1779 3561 astrorum

200 3606 470 3660 varietate
501 3604 781 3670 decoravi,
811 3610 869 3656 ut
902 3611 1250 3656 morarentur
1277 3602 1332 3655 in
1361 3609 1506 3655 terra
1532 3601 1778 3655 cultores

201 3694 295 3752 Dei
328 3714 345 3750 :
382 3696 511 3766 quid
545 3696 745 3749 mirum
786 3696 836 3750 si
870 3692 1067 3747 Filium
1099 3707 1303 3755 meum,
1334 3693 1545 3760 justum
1593 3705 1778 3760 regem

205 3790 453 3845 miserim
483 3789 705 3853 mundo,
729 3788 843 3843 sive
875 3789 944 3842 ab
981 3786 1171 3841 inferis
1188 3785 1597 3849 suscitaverim,
1624 3785 1780 3852 cujus

200 3895 393 3936 omnes
420 3881 523 3933 via:
560 3890 724 3934 rectm
756 3880 919 3933 sunt?
951 3879 1242 3932 Peccatum
1281 3878 1426 3931 enim
1468 3891 1572 3930 non
1626 3876 1778 3941 fecit,

202 3988 301 4028 nec
331 3972 498 4027 dolus
528 3973 785 4027 iuventus
812 3981 898 4028 est
921 3972 1088 4026 inore
1107 3971 1226 4039 ejus
1255 3968 1307 4040 (1
1349 3970 1491 4025 Petr.
1537 3976 1642 4039 tn).
1675 3970 1780 4037 Qui

200 4067 434 4121 adiﬁcet
463 4066 742 4121 civitatem
796 4078 971 4120 meum
1004 4077 1172 4133 super
1219 4071 1456 4134 petram,
1490 4065 1779 4118 adversum

202 4173 367 4229 quam
406 4171 580 4230 portze
630 4159 793 4214 inferi
843 4172 947 4213 non
1000 4158 1331 4228 praevaleant
1363 4156 1581 4227 (Matth.
1618 4158 1730 4226 xvt)
1762 4172 1778 4222 ς

202 4266 253 4308 et
276 4269 407 4324 quae
428 4253 483 4305 in
513 4261 696 4307 monte
718 4251 914 4320 posita,
941 4251 1111 4305 latere
1141 4264 1246 4305 non
1272 4252 1444 4319 possit
1463 4248 1635 4318 (Ibid.
1686 4254 1737 4315 v)
1762 4269 1777 4303 :

203 4348 665 4413 damoniacisque
694 4346 845 4415 prius
872 4343 1113 4398 vinculis
1167 4344 1418 4411 alligatos
1462 4356 1655 4397 omnes
1684 4344 1768 4395 di-

1883 1865 1991 1912 est.
2042 1854 2213 1910 Porro
2261 1855 2405 1925 quod
2438 1853 2656 1925 ﬁgulus,
2698 1854 2803 1909 hoc
2866 1861 2952 1908 est
3038 1852 3267 1907 Creator
3301 1847 3465 1920 539

1883 1960 2073 2006 noster
2097 1958 2151 2003 et
2184 1950 2391 2013 factor,
2411 1946 2715 2017 appelletur
2747 1947 2908 2011 Deus,
2938 1955 2992 2001 et
3014 1943 3293 2015 apostolus
3323 1942 3467 1998 Pauo

1883 2040 1969 2095 lus
2016 2044 2069 2095 in
2131 2041 2369 2111 Epistoia
2429 2041 2672 2110 loquitur
2726 2041 2792 2093 ad
2832 2040 3162 2093 Romanos:
3207 2035 3465 2105 Nunquid

1880 2131 2013 2186 dicit
2039 2132 2346 2205 ﬁgmentum
2376 2138 2423 2189 el
2457 2135 2547 2203 qui
2575 2150 2631 2188 se
2664 2133 2841 2201 ﬁnxit,
2868 2128 3009 2198 Quid
3041 2146 3123 2185 me
3139 2129 3314 2197 fecisti
3344 2128 3469 2186 sic?

1882 2227 2071 2279 Annon
2094 2228 2246 2281 habet
2276 2235 2591 2296 potestatem
2611 2227 2812 2297 figulus
2844 2225 2966 2289 luti,
2997 2240 3060 2279 σε
3084 2226 3266 2279 eadem
3286 2238 3465 2278 massa

1882 2322 2076 2391 facere,
2104 2321 2254 2373 aliud
2282 2320 2493 2390 quidem
2524 2336 2612 2374 vas
2659 2319 2715 2373 in
2747 2320 3020 2382 honorem,
3069 2320 3220 2371 aliud
3246 2332 3371 2372 vero
3403 2318 3460 2371 in

1882 2413 2254 2467 contumeliam
2279 2411 2459 2482 (Rom.
2487 2426 2561 2477 Ix,
2592 2410 2837 2481 20,2”?
2868 2411 2935 2465 El.
2960 2410 3012 2465 in
3037 2409 3274 2465 Jereutiu
3295 2410 3465 2480 proli-

1884 2505 2005 2559 xius
2036 2505 2318 2571 scribitur,
2348 2508 2437 2575 qui
2469 2514 2658 2559 narrat
2682 2516 2808 2575 post
2837 2514 3037 2560 caetera
3074 2518 3089 2560 :
3125 2504 3382 2559 Descendi
3407 2502 3461 2557 in

1881 2595 2093 2646 domum
2123 2594 2294 2664 ﬁguli,
2326 2606 2374 2649 et
2411 2609 2527 2649 ecce
2544 2597 2652 2663 ipse
2697 2594 2932 2664 faciebat
2970 2611 3101 2665 opus
3133 2595 3185 2647 in
3219 2602 3361 2660 rota,
3414 2598 3467 2646 st

1882 2688 2201 2757 dissipatum
2233 2699 2310 2743 est
2366 2705 2458 2743 uas
2491 2692 2630 2760 quod
2666 2688 2897 2758 faciebat
2944 2690 2997 2744 in
3046 2686 3295 2743 manibus
3328 2688 3465 2742 suis.

1888 2776 2215 2849 Rursumque
2242 2780 2370 2849 fecit
2402 2797 2469 2834 ex
2498 2785 2676 2835 eodem
2713 2781 2825 2834 luto
2860 2779 3008 2834 aliud
3039 2796 3149 2843 cas,
3180 2782 3317 2833 sicut
3345 2779 3466 2849 pla-

1883 2873 1992 2924 cuit
2021 2874 2075 2925 in
2110 2882 2388 2940 conspectu
2435 2870 2571 2943 ejus.
2605 2872 2670 2927 Et
2722 2874 2899 2944 faclus
2926 2883 3001 2927 est
3030 2888 3200 2927 sermo
3254 2871 3467 2927 Domini

1883 2963 1953 3015 ad
1988 2977 2066 3015 me
2100 2964 2277 3018 dicens
2310 2978 2330 3021 :
2362 2964 2421 3021 Si
2454 2980 2553 3020 non
2583 2982 2800 3033 possunt
2839 2969 2977 3022 sicut
3014 2967 3114 3020 iste
3150 2964 3351 3036 figulus
3380 2966 3464 3035 fa-

1884 3070 1998 3112 cere
2034 3076 2144 3124 vos,
2179 3058 2367 3112 domus
2409 3058 2583 3113 Israel
2606 3062 2631 3115 ?
2657 3062 2787 3117 dicit
2834 3062 3113 3116 Dominus.
3170 3058 3302 3114 Ecce
3333 3064 3468 3114 sicut

1881 3153 2050 3206 lutum
2086 3155 2138 3206 in
2168 3167 2328 3206 manu
2362 3153 2542 3225 ﬁguli,
2575 3160 2650 3207 sic
2679 3172 2763 3209 eos
2794 3157 2918 3209 estis
2957 3158 3009 3209 in
3037 3156 3279 3209 inanibus
3315 3159 3464 3221 meis,

1880 3247 2066 3298 domus
2121 3244 2297 3299 Israel
2352 3246 2571 3313 (Jerent.
2614 3260 2769 3311 xvttt,
2832 3247 2981 3315 δοῦ).
3034 3249 3277 3317 Iiludque
3312 3250 3460 3319 quod

1879 3337 2143 3405 soriptum
2179 3344 2263 3389 est
2298 3354 2312 3391 :
2344 3336 2453 3404 Ego
2476 3336 2716 3389 omnibus
2739 3337 2906 3391 stellis
2941 3340 3190 3406 prtecepi,
3213 3338 3462 3391 occasio-

1881 3444 2003 3481 nem
2045 3428 2362 3497 quibusdam
2404 3429 2617 3492 tribuit,
2646 3430 2789 3498 quod
2821 3440 2963 3483 astra
3001 3429 3291 3484 rationalia
3328 3431 3462 3494 sint,

1880 3530 1935 3572 ct
1956 3521 2192 3573 animum
2222 3533 2552 3587 sensumque
2576 3519 2836 3575 habeant.
2866 3519 3055 3589 Neque
3086 3522 3256 3585 enim,
3284 3524 3459 3586 aiunt,

1883 3614 2236 3681 praeciperet,
2285 3613 2389 3667 nisi
2445 3614 2930 3683 intelligentibus:
2970 3630 3074 3668 non
3116 3616 3465 3671 recordantes

1880 3706 2026 3772 quod
2061 3707 2112 3757 in
2149 3704 2286 3759 luna
2328 3708 2588 3776 scriptum
2621 3710 2689 3762 sit
2726 3724 2741 3763 :
2777 3707 3039 3778 Prwcepit
3072 3706 3326 3762 Dominus
3356 3710 3463 3779 spi-

1883 3799 2009 3848 ritui
2045 3796 2370 3850 cmuburcnli
2406 3799 2604 3869 (lonia.
2632 3796 2706 3864 tv,
2740 3801 2818 3871 8).
2845 3799 2912 3854 Et
2945 3815 3163 3856 rursum
3196 3818 3209 3855 :
3246 3800 3465 3857 Prterea

1880 3889 1956 3957 pit
1978 3891 2138 3941 veruti
2164 3892 2428 3942 matutino
2471 3889 2660 3961 (Ibid.,
2690 3890 2764 3960 7).
2816 3892 2885 3948 Et
2915 3892 3056 3964 quod
3090 3895 3141 3947 in
3169 3892 3463 3965 Evangelio

1890 3980 2145 4034 Salvator
2176 3992 2365 4035 ventos
2395 3992 2448 4036 et
2481 3994 2630 4038 mare
2657 3983 3028 4053 iners-paverit
3049 3982 3203 4056 (Lac.
3236 3995 3379 4055 vtu),
3402 3988 3457 4042 itt

1884 4070 2079 4138 quibus
2123 4084 2340 4124 sensum
2390 4081 2554 4140 atque
2590 4074 2859 4127 rationem
2915 4088 3021 4128 non
3074 4090 3195 4131 esse
3247 4079 3461 4147 perspie

1885 4177 2047 4215 cuum
2075 4172 2181 4217 est.

1955 4254 2132 4325 (Vers.
2193 4256 2257 4310 li
2299 4258 2475 4328 seqq.)
2530 4274 2547 4309 t
2579 4259 2702 4315 liter
2752 4260 2881 4314 dicit
2932 4258 3193 4316 Dmniuns
3229 4278 3245 4316 :
3287 4260 3466 4318 Labor

1885 4345 2130 4418 Iligypti,
2166 4358 2220 4401 et
2292 4352 2590 4419 negotiatio
2639 4350 2953 4423 Ethiopian,
2995 4361 3049 4407 ct
3081 4351 3301 4408 Sabaim
3359 4354 3464 4409 viri

203 4441 385 4494 mittat
415 4440 642 4501 liberos,
678 4450 788 4491 non
826 4436 879 4491 in
907 4438 1083 4506 pretio
1116 4449 1293 4505 neque
1328 4437 1378 4489 in
1415 4437 1775 4489 muneribus:
1815 4441 1855 4494 ι)
1885 4441 2145 4495 sublimes
2188 4443 2253 4494 ad
2288 4450 2339 4496 te
2400 4444 2727 4511 transibunt,
2751 4455 2807 4500 et
2869 4446 2944 4499 tui
3001 4456 3159 4500 erant
3189 4462 3204 4499 :
3238 4456 3361 4517 post
3413 4457 3466 4501 te

201 4533 370 4600 gratis
409 4530 558 4584 enim
588 4528 726 4583 salvi
756 4527 881 4581 facti
916 4542 1127 4591 sumus,
1154 4526 1509 4581 audientibus
1557 4538 1777 4596 aposto-

201 4622 267 4678 iis
293 4630 464 4691 atque
503 4619 831 4674 facientibus
860 4633 875 4674 :
909 4616 1093 4671 Gratis
1126 4618 1422 4683 accepistis,
1460 4619 1629 4687 gratis
1656 4619 1780 4670 dare
1808 4612 1811 4615 ’

201 4713 420 4785 (Hatth.
454 4726 509 4777 x,
536 4710 613 4781 8).
636 4708 894 4765 Nonnulli
932 4712 1047 4765 lucc
1076 4711 1142 4764 ad
1176 4708 1480 4764 Zorobabel
1514 4710 1779 4777 referunt,

200 4808 289 4876 qui
323 4804 518 4861 eduxit
542 4806 785 4873 captivos
813 4801 881 4855 de
911 4800 1211 4873 Babylone,
1241 4812 1295 4856 et
1327 4802 1619 4857 aediﬁcavit
1646 4803 1783 4856 civi-

202 4910 397 4965 tatem,
423 4906 479 4952 et
497 4896 769 4951 exstruxit
794 4892 1079 4963 templum,
1101 4893 1550 4963 prophetantibus
1586 4894 1780 4965 Aggmo

200 5000 256 5047 et
309 4990 601 5055 Zacharia,
630 4997 794 5059 atque
840 4988 1148 5043 dicentibus
1185 5002 1201 5043 :
1257 4985 1445 5041 Manus
1481 4986 1781 5042 Zorobabel

202 5086 563 5155 [undaverunt
587 5082 799 5136 domum
824 5080 1003 5145 istam,
1024 5090 1071 5134 et
1095 5095 1281 5134 manus
1300 5081 1417 5150 ejus
1451 5082 1778 5151 complebunt

202 5193 319 5233 eam
348 5174 543 5247 (Zach.
573 5189 650 5241 tv,
680 5174 761 5246 9).
812 5172 919 5229 Sed
955 5187 1054 5228 nos
1087 5173 1289 5227 rectius
1334 5172 1567 5228 dicimus
1600 5181 1655 5227 et
1688 5186 1778 5227 ve-

206 5273 346 5335 rius,
392 5282 495 5325 nec
533 5268 735 5339 Cyrum
776 5266 1081 5323 aedificasse
1130 5265 1401 5321 civitatem
1440 5281 1562 5337 qua:
1593 5278 1779 5338 postea

282 5450 299 5481 ¹
326 5448 405 5503 Ad
436 5443 753 5516 Hieronymi
781 5457 1021 5513 mentem,
1049 5454 1218 5514 atque
1252 5442 1523 5499 orationis
1551 5453 1779 5497 contex—

208 5533 321 5576 tum
379 5518 725 5574 restituitnus
783 5529 888 5584 ope
915 5518 1267 5571 Ambrosiam
1305 5529 1408 5571 ms.
1445 5529 1774 5584 regenerare,

480 5598 640 5641 antea
662 5598 781 5641 erat
803 5601 997 5641 reaere.

212 5608 307 5661 pro
339 5605 448 5658 quo
480 5598 640 5642 antea
662 5597 781 5642 erat
803 5601 997 5654 regere.

276 5665 298 5693 '
335 5662 573 5715 Rursum
604 5672 667 5711 ex
702 5656 1078 5714 Ambrosiauis
1108 5656 1391 5713 codicibus
1421 5656 1777 5712 emendamus

213 5748 445 5795 orantes,
482 5738 713 5799 cogente
765 5732 880 5797 ipsa
938 5730 1207 5785 orationis
1265 5728 1410 5784 serie
1469 5738 1524 5783 et
1581 5744 1771 5797 sensu,

1886 4532 2263 4598 ambulabunt,
2296 4535 2462 4589 vincti
2493 4536 2724 4591 manicis
2762 4546 2989 4609 pergent
3021 4554 3037 4592 :
3068 4550 3123 4593 et
3171 4546 3221 4593 te
3268 4540 3464 4593 adora-

1889 4625 2043 4688 bunt,
2080 4637 2239 4695 teque
2270 4626 2707 4696 deprecabuntur
2740 4648 2753 4683 :
2781 4639 2989 4683 tantum
3021 4631 3074 4682 in
3108 4639 3158 4683 te
3182 4638 3265 4684 est
3299 4628 3463 4697 Deus,

1887 4727 1942 4769 et
1977 4730 2084 4769 non
2111 4726 2193 4770 est
2222 4717 2427 4787 absque
2460 4726 2510 4771 te
2540 4718 2702 4774 Deus.
2741 4718 2876 4774 Vere
2904 4730 2957 4772 ltt
2982 4733 3043 4774 es
3071 4719 3211 4775 Deus
3232 4719 3466 4775 abscon-

1895 4808 2065 4875 ditus,
2090 4807 2233 4867 Dcus
2266 4810 2453 4874 Israel,
2488 4809 2761 4867 Salvator.
2790 4813 3019 4868 Cunl'usi
3066 4822 3195 4867 sunt
3251 4821 3305 4867 et
3335 4826 3465 4867 eru-

1888 4901 2119 4955 buerunt
2159 4916 2348 4957 onmes
2392 4903 2602 4958 :simui
2658 4905 2912 4958 abierunt
2962 4902 3014 4957 in
3079 4902 3461 4959 confusionem

1891 4991 2247 5047 fabricatores
2276 5006 2548 5049 errorum.
2578 4996 2745 5051 israel
2778 4995 3015 5050 salvatus
3036 5004 3116 5050 est
3152 4993 3208 5048 in
3233 4993 3464 5051 Domino

1884 5084 2064 5138 salute
2115 5093 2316 5140 azioma
2350 5103 2365 5140 :
2403 5098 2512 5141 non
2546 5084 2979 5148 confuodemini,
3009 5094 3063 5139 et
3095 5100 3200 5139 non
3236 5085 3465 5143 erubes-

1890 5179 2026 5232 cetis
2049 5192 2221 5248 usque
2253 5178 2304 5232 in
2335 5176 2592 5233 saeculum
2620 5178 2824 5234 saeculi.
2853 5195 2871 5227 ι
2912 5176 3053 5231 LXX
3094 5195 3108 5233 :
3142 5196 3163 5231 ι
3189 5176 3283 5233 Sic
3331 5179 3467 5235 dicit

1892 5270 2155 5327 Dominus
2196 5270 2437 5328 Sabaout
2477 5289 2492 5327 :
2535 5271 2825 5325 Labomvit
2870 5266 3158 5341 IEgyptus,
3202 5282 3258 5329 et
3305 5287 3467 5343 nego-

1888 5450 2189 5517 Graecoque
2242 5447 2641 5519 Theodotiouis
2701 5446 3096 5519 upnrptlimaq,
3129 5448 3270 5519 quo}!
3317 5448 3467 5519 legit

1888 5522 2214 5588 Procopius.
2252 5520 2396 5572 lianc
2434 5518 2723 5573 lectionem
2744 5517 2939 5573 textus
2983 5517 3201 5589 quoque
3233 5517 3468 5589 llebraig

1891 5606 2007 5654 eus,
2031 5585 2089 5660 et
2125 5589 2539 5660 antiquissimus
2574 5590 2743 5660 codex
2783 5585 3274 5656 Sangerinunensis
3322 5585 3466 5656 apud

1892 5658 2235 5716 ilionfaucou.
2258 5658 2606 5716 Confirmant.
2634 5658 2806 5715 Antea
2834 5670 2952 5713 erat
2980 5661 3206 5712 arantis.
