3952 6180
461 254 568 317 463

460 366 616 421 tintio
663 363 982 434 Ethiopum
1038 373 1091 419 et
1141 363 1359 419 Sabaim

466 458 800 521 transibunt,
826 467 881 511 et
904 457 984 511 tui
1008 466 1169 511 erunt
1188 455 1356 521 servi,
1382 464 1437 510 et
1469 464 1520 509 te
1548 463 1851 523 aequentur
1877 453 2045 507 vincti

464 550 718 616 manicis,
749 558 803 604 et
829 548 1141 603 transibunt
1166 548 1234 602 ad
1279 554 1355 613 te,
1382 554 1438 601 et
1470 546 1773 601 adorabunt
1807 554 1879 611 te,
1903 554 1955 601 et
1989 545 2041 598 in

463 651 519 696 te
551 644 787 696 orabunt
821 658 837 695 :
878 640 1134 709 quoniam
1193 639 1246 693 in
1312 648 1365 695 te
1418 638 1564 695 Deus
1606 646 1711 703 est,
1746 647 1933 693 etnon
1962 646 2046 692 est

467 734 613 788 Deus
641 735 846 803 absque
872 742 943 787 te.
972 732 1052 787 Tu
1083 732 1225 786 enim
1258 730 1399 787 Deus
1420 746 1503 795 es,
1539 741 1592 786 et
1622 730 2036 786 nesciebamus:

470 826 613 880 Deus
643 824 811 879 lsrael
837 824 1086 878 Salvator
1119 841 1135 878 :
1172 822 1578 879 confundantur
1615 830 1671 876 et
1713 821 2047 877 erubescant

468 930 661 971 omnes
687 914 984 969 adversarii
1014 914 1153 985 ejus,
1186 926 1241 969 et
1293 913 1574 968 ambulent
1601 911 1653 965 in
1706 910 2045 966 confusione.

471 1018 533 1062 σι»
558 1003 892 1060 lnnovamini
914 1005 982 1059 ad
1014 1020 1101 1058 me
1136 1004 1325 1058 insula;
1361 1006 1401 1065 ·,
1424 1001 1587 1055 lsrael
1622 1001 1862 1056 salvator
1887 1016 1917 1054 a
1945 999 2049 1055 Do-

470 1098 620 1151 mino
645 1096 821 1151 salute
858 1104 1069 1150 aiterna
1100 1111 1114 1148 :
1147 1109 1255 1148 non
1291 1092 1694 1148 confundentur
1721 1106 1897 1161 neque
1922 1106 2051 1147 eru-

474 1188 697 1243 bescent
748 1200 917 1256 usque
972 1186 1025 1239 in
1080 1195 1370 1240 aeternum.
1406 1202 1425 1235 ι
1462 1183 1527 1238 Ει
1557 1185 1612 1238 in
1646 1184 1746 1239 hoc
1797 1183 1917 1238 loco
1957 1184 2049 1251 qui

472 1290 777 1349 sequuntur
822 1278 1133 1342 historiam,
1166 1277 1358 1332 dicunt
1404 1276 1699 1349 Egyplum
1749 1286 1802 1332 et
1830 1274 2051 1330 Aitbio-

472 1381 893 1441 pesgentesque
920 1370 1173 1434 Sabaim,
1196 1385 1315 1439 quae
1349 1378 1500 1425 trans
1530 1369 1862 1439 {Ethiopiam
1889 1368 2051 1440 550

473 1474 619 1531 sunt,
643 1465 877 1520 servisse
909 1464 1067 1535 Cyro,
1101 1474 1159 1519 et
1186 1466 1235 1517 ei
1262 1472 1453 1533 gentes
1484 1464 1703 1518 ultimas
1733 1461 2049 1518 fuissesub-

468 1558 643 1629 iectas
671 1568 871 1623 :atque
901 1571 967 1609 ex
1002 1554 1238 1609 mirabili
1275 1555 1603 1610 intellexisse
1633 1554 1886 1617 victoria,
1910 1553 2051 1622 quod

474 1652 617 1705 ineo
640 1649 1095 1719 esset-Dominus,
1131 1657 1189 1703 et
1223 1662 1333 1702 non
1363 1656 1510 1702 esset
1540 1646 1679 1701 alius
1712 1654 1911 1715 preter
1928 1661 2051 1700 eum

1620 250 1679 309 S.
1720 248 2036 310 EUSEBll
2079 246 2521 308 HIERONYMI

1406 381 1419 419 :
1472 363 1572 417 viri
1626 362 1825 417 excelsi
1879 362 1945 414 ad
2000 369 2051 415 te

2177 362 2468 433 Egyptum,
2500 371 2550 417 et
2578 361 2928 418 movebuntur
2958 362 3249 417 simulacra
3276 362 3500 433 £gypti
3531 380 3565 417 a
3597 364 3723 431 facit

3624 246 3730 309 464

2144 458 2283 525 ejus,
2312 466 2359 509 et
2391 473 2483 511 cor
2524 456 2747 526 (Egypti
2779 458 3009 511 tabescet
3046 459 3101 511 in
3136 458 3305 511 medio
3357 458 3500 527 ejus.
3562 456 3728 510 Porrr

2145 548 2368 617 quodin
2410 548 2764 618 Septuaginta
2811 549 3053 603 additum
3097 560 3183 603 est
3221 567 3235 603 :
3272 548 3618 604 lnnovamini
3664 550 3732 602 ad

2145 656 2244 703 me,
2280 640 2493 707 insulas,
2540 641 2618 695 sic
2670 655 2945 709 exponere
3001 656 3313 708 possumus,
3377 650 3436 695 ut
3482 643 3733 695 dicamus

2148 729 2305 800 54],
2334 730 2608 786 Ecclesias
2638 731 2704 785 de
2726 732 2983 801 gentibus
3007 744 3362 799 congregatas
3387 732 3643 788 innovari
3681 733 3734 785 in

2147 822 2386 885 Christo,
2436 824 2694 898 appellari
2748 824 2977 888 insulas,
3027 826 3167 893 quod
3196 835 3605 894 persecutorum
3645 841 3737 877 m-

2149 915 2290 968 biem
2342 914 2723 984 procellasque
2753 915 3077 977 sustineant,
3112 928 3162 970 et
3186 913 3421 968 fundata:
3450 930 3617 982 supra
3644 929 3739 980 pe-

2152 1014 2334 1071 tram,
2384 1005 2529 1058 nulla
2588 1006 2872 1060 turbinum
2933 1005 3078 1061 mole
3128 1006 3464 1073 quatiuntur.
3517 1004 3737 1059 Hebrai

2152 1096 2321 1151 stulta
2355 1098 2709 1155 contentione
2741 1097 2992 1150 nituntur
3013 1110 3285 1161 asserere,
3317 1112 3494 1164 usque
3518 1096 3591 1150 ad
3613 1112 3736 1149 eum

2154 1188 2333 1243 locum
2376 1188 2465 1243 ubi
2514 1188 2714 1258 legitur
2748 1203 2764 1243 :
2806 1187 3037 1242 Tantum
3075 1189 3128 1241 in
3155 1198 3204 1242 te
3238 1199 3337 1255 est,
3362 1188 3524 1252 Deus,
3547 1198 3598 1241 et
3635 1204 3739 1241 non

2151 1292 2224 1335 est
2260 1280 2452 1350 absque
2488 1291 2559 1345 te,
2604 1280 2775 1345 Deus,
2817 1283 2898 1336 vel
2931 1281 2997 1336 ad
3047 1279 3371 1345 Jerusalem,
3403 1281 3487 1335 vel
3533 1282 3602 1335 ad
3639 1282 3746 1351 Cy-

2153 1388 2272 1426 rum
2303 1372 2432 1427 dici.
2480 1370 2595 1426 Hoc
2648 1383 2829 1427 autem
2885 1372 3029 1440 quod
3065 1373 3314 1441 sequitur
3362 1389 3377 1427 :
3418 1372 3553 1427 Vere
3599 1384 3655 1425 tu
3692 1389 3761 1426 es

2155 1465 2297 1521 Deus
2334 1466 2702 1530 absconditus,
2759 1465 2898 1520 Deus
2939 1465 3112 1519 Israel
3153 1466 3415 1528 salvator,
3445 1466 3627 1522 subito
3680 1469 3747 1519 ad

2154 1558 2590 1624 Omnipotentem
2624 1554 2792 1608 Deum
2823 1555 3211 1622 apostropham
3249 1553 3390 1617 ﬁeri,
3414 1568 3538 1606 cum
3574 1553 3745 1606 etiam

2157 1648 2341 1701 stultis
2374 1646 2729 1717 perspicuum
2770 1646 2860 1711 sit,
2894 1661 3063 1699 unum
3110 1653 3425 1699 contextum
3460 1658 3586 1698 esse
3624 1659 3748 1698 ser-

473 1745 565 1811 qui
606 1744 657 1795 in
691 1742 783 1795 illo
814 1740 1281 1796 habitaretDeus.
1314 1740 1420 1794 Sed
1455 1739 1558 1793 hoc
1580 1740 1729 1808 quod
1756 1739 2051 1807 sequitur:
2088 1756 2130 1815 Β
2162 1739 2339 1794 monis
2382 1778 2400 1803 ,
2469 1752 2568 1793 nec
2631 1753 2789 1807 posse
2850 1753 3067 1791 sensum
3138 1736 3303 1790 dividi
3368 1736 3458 1803 qui
3520 1735 3579 1789 in
3625 1736 3751 1803 ipso

488 1832 705 1909 Ver-eun
729 1850 782 1888 es
822 1832 960 1887 Deus
1002 1831 1368 1897 absconditus,
1397 1829 1540 1884 Deus
1576 1830 1747 1884 Israel
1796 1830 2050 1895 salvator,

473 1927 744 1998 quomodo
786 1926 957 1994 possit
990 1924 1113 1994 Cyri
1160 1938 1407 1993 persona:
1450 1928 1772 1988 convenire,
1810 1936 1925 1977 non
1974 1922 2055 1977 in—

476 2019 691 2088 telligo,
757 2016 863 2070 nisi
907 2016 1049 2069 forte
1095 2013 1489 2069 Theodotionis
1535 2022 1756 2068 utantur
1794 2013 2054 2079 editione,

483 2113 576 2181 qui
614 2109 911 2181 transtulit,
933 2108 997 2162 In
1023 2116 1069 2161 te
1092 2116 1169 2162 est
1203 2107 1383 2177 fortis,
1408 2117 1456 2161 et
1480 2124 1578 2160 non
1605 2116 1680 2159 est
1709 2106 1845 2160 alius
1864 2116 2059 2175 praeter

478 2221 598 2259 eum
638 2203 816 2257 Deus:
840 2211 1122 2271 propterea
1147 2210 1202 2254 tu
1234 2198 1387 2269 [ortis
1426 2200 1768 2253 absconditus
1804 2198 1943 2252 Deus
1973 2196 2057 2250 ls-

480 2298 595 2353 rael
624 2295 894 2351 Salvator.
965 2296 1301 2364 Quocunque
1358 2308 1417 2347 se
1451 2293 1733 2357 verterint,
1772 2309 1877 2345 non
1920 2291 2060 2347 vale-

482 2394 615 2446 bunt
647 2391 873 2459 laqueos
909 2386 1162 2441 veritatis
1203 2385 1467 2456 eﬂ'ugere.
1501 2385 1609 2442 Fac
1652 2384 1799 2440 enim
1836 2398 1957 2439 esse
2005 2376 2058 2435 in

478 2482 620 2555 Cyro
650 2483 837 2544 Deum,
875 2490 928 2534 et
961 2492 1072 2533 non
1108 2494 1229 2534 esse
1263 2480 1429 2532 alium
1460 2487 1657 2549 praeter
1684 2493 1807 2531 eum
1860 2475 1953 2546 qui
1991 2477 2064 2530 sit

484 2575 540 2629 in
608 2578 753 2645 Cyro
797 2573 961 2635 Deus,
1014 2572 1287 2641 quomodo
1322 2570 1449 2638 Cyri
1497 2582 1745 2639 personas
1790 2565 1899 2622 dici
1940 2582 2063 2622 con-

482 2670 689 2732 veniet,
736 2664 861 2719 l'ere
907 2674 963 2717 tu
988 2680 1041 2717 es
1094 2662 1238 2717 Deus
1295 2662 1658 2726 absconditus,
1697 2659 1840 2714 Deus
1889 2657 2063 2714 Israel

485 2760 778 2817 Saluator?
811 2758 953 2826 Ergo
1019 2754 1163 2811 Deus
1219 2755 1273 2809 in
1321 2770 1430 2824 quo
1475 2759 1563 2807 est
1609 2752 1774 2816 Deus,
1802 2752 2065 2807 Dominus

486 2863 673 2908 noster
700 2852 857 2905 Jesus
884 2848 1139 2902 Christus
1182 2846 1382 2902 rectius
1416 2844 1738 2915 intelligitur
1766 2853 1821 2898 et
1858 2844 2062 2907 verius,

489 2949 581 3017 qui
646 2946 696 2998 in
749 2941 1045 3012 Evangelio
1093 2939 1371 3008 loquitur:
1406 2936 1519 3007 Ego
1552 2946 1599 2990 et
1624 2936 1789 2990 Pater
1821 2952 1954 2989 unus
1977 2953 2065 2989 su-

492 3055 605 3094 mus
640 3036 655 3067 ¹
693 3032 881 3108 (least.
922 3049 977 3097 ι,
1011 3032 1123 3100 '50).
1157 3029 1263 3096 Qui
1301 3031 1440 3083 Deus
1489 3026 1796 3099 appellatur
1833 3027 2062 3081 abscon-

2162 1831 2495 1887 narrationis
2530 1832 2723 1885 ordine
2747 1840 2802 1884 et
2832 1829 3043 1884 ratione
3075 1829 3399 1899 coniunctus
3422 1837 3526 1883 est.

2236 1922 2419 1995 (Vcrs.
2450 1924 2518 1978 18
2543 1934 2724 1995 seqq.)
2747 1941 2766 1976 ι
2793 1923 2932 1990 Quia
2962 1923 3075 1979 hac
3096 1921 3751 1986 dicitDoniinus,creans

2159 2016 2350 2079 caelos,
2390 2014 2505 2084 ipse
2537 2013 2681 2069 Deus
2710 2012 2954 2069 formans
2985 2024 3208 2077 terram,
3239 2021 3293 2066 et
3341 2011 3552 2066 faciens
3594 2026 3744 2069 eam.

2161 2110 2276 2181 ipse
2318 2108 2519 2177 plastes
2566 2106 2866 2175 eius:non
2916 2108 2967 2160 in
3015 2122 3210 2160 vanum
3247 2106 3456 2161 creavit
3509 2120 3661 2169 eam,
3695 2114 3753 2156 ut

2162 2200 2433 2255 habitetur
2488 2197 2681 2268 (Vulg.
2716 2197 3073 2268 habitaretur)
3105 2196 3376 2253 ‘forinavit
3407 2196 3555 2250 illam
3603 2213 3618 2249 :
3652 2210 3754 2265 ego

2163 2290 2450 2356 Dominus,
2492 2298 2546 2344 et
2592 2304 2698 2346 non
2742 2288 3017 2365 estalius.
3056 2288 3173 2343 Non
3210 2288 3261 2343 in
3295 2286 3628 2343 abscondito
3673 2288 3751 2341 Io-

2164 2395 2323 2439 cutus
2370 2399 2510 2447 sum,
2536 2384 2590 2438 in
2640 2384 2760 2439 loco
2797 2394 2957 2439 terra:
2993 2387 3305 2439 tenebroso.
3356 2381 3475 2437 Non
3521 2383 3638 2437 dixi
3665 2398 3754 2438 se-

2165 2476 2300 2532 mini
2326 2475 2499 2532 Jacob
2530 2494 2548 2534 :
2582 2474 2806 2533 Frustra
2832 2478 3062 2546 quaerite
3087 2492 3187 2531 me.
3228 2476 3338 2546 Ego
3367 2473 3634 2531 Dominus
3680 2474 3759 2530 lo-

2166 2582 2339 2639 quens
2363 2568 2650 2636 justitiam,
2685 2570 3019 2623 annuntians
3070 2579 3238 2625 recta.
3300 2567 3752 2637 Congregamini,

2166 2668 2222 2714 et
2258 2644 2461 2722 venite,
2512 2668 2567 2712 et
2617 2659 2859 2713 accedite
2912 2659 3096 2723 simul,
3131 2660 3443 2728 quisalvati
3495 2660 3639 2715 estis
3690 2677 3752 2714 es

2166 2750 2465 2823 gentibus:
2507 2752 2823 2806 nescierunt
2848 2754 2943 2821 qui
2974 2752 3153 2806 levant
3197 2752 3403 2822 lignum
3448 2751 3750 2821 sculptura:

2167 2857 2315 2908 sum,
2345 2852 2401 2895 et
2431 2853 2621 2911 rogant
2652 2840 2819 2897 Deum
2863 2858 2971 2897 non
3023 2846 3345 2899 salvantem.
3382 2846 3753 2909 Annuntiate,

2168 2944 2225 2987 et
2250 2934 2451 2997 venite,
2476 2941 2531 2987 et
2554 2935 2921 2988 consiliamini
2957 2935 3124 2989 simul
3152 2934 3310 3004 :quis
3342 2938 3590 2992 auditum
3619 2937 3748 2993 fecit

2172 3028 2276 3082 hoc
2324 3028 2393 3081 ab
2438 3027 2619 3092 iuitio,
2652 3043 2718 3082 ex
2755 3035 2883 3083 tunc
2919 3028 3171 3096 praedixit
3201 3030 3222 3059 '
3274 3030 3447 3085 illud?
3476 3030 3760 3097 Numquid

491 3132 638 3187 ditus
681 3098 903 3200 propter
938 3098 1202 3192 assumpti
1253 3121 1506 3190 corporis
1528 3098 1987 3186 sacramentum,
2016 3130 2069 3173 et
2094 3098 2137 3154 ο
2174 3134 2278 3173 non
2310 3135 2410 3190 ego
2435 3118 2716 3186 Dominus,
2736 3129 2791 3176 et
2812 3135 2917 3175 non
2944 3131 3029 3177 est
3055 3123 3195 3177 ultra
3223 3122 3361 3177 Deus
3394 3123 3608 3192 absque
3634 3121 3762 3209 me?

493 3226 636 3280 Deus
693 3222 857 3277 Israel
916 3218 1187 3281 Saluator,
1247 3217 1391 3285 quod
1449 3215 1837 3283 interpretatur
1888 3211 2067 3268 Jesus.

495 3316 596 3371 llic
626 3320 769 3370 enim
804 3312 966 3381 justa
1011 3309 1263 3381 angelum
1296 3306 1606 3363 Gabrielem
1638 3307 1868 3361 salvabit
1906 3320 2075 3375 popu-

496 3412 606 3463 lum
642 3422 799 3462 suum
824 3403 982 3476 (Luc.
1009 3406 1068 3475 t).
1091 3402 1315 3473 Confusi
1339 3408 1459 3455 sunt
1482 3409 1530 3453 et
1553 3398 1873 3453 erubuerunt
1899 3410 2073 3450 omnes

496 3502 681 3566 simul,
710 3501 919 3555 Scriba:
952 3497 1205 3552 videlicet
1240 3502 1297 3548 et
1336 3490 1620 3546 Plurimi.
1654 3489 1721 3544 Et
1754 3489 1991 3543 abierunt
2018 3487 2074 3538 in

491 3594 800 3664 confusione
822 3590 1171 3660 fabricatores
1212 3584 1430 3649 erroris,
1458 3582 1552 3652 qui
1602 3580 1655 3634 itt
1717 3588 1830 3633 toto
1876 3578 2078 3631 mundo

498 3688 927 3744 disseminavere
988 3678 1356 3743 mendacium,
1403 3686 1461 3729 ut
1524 3689 1650 3728 eum
1713 3673 1962 3727 dicerent
2010 3671 2079 3724 ab

492 3778 767 3850 apostolis
812 3774 963 3830 furto
1007 3786 1131 3826 esse
1176 3769 1452 3824 sublatum
1488 3764 1705 3837 (Matth.
1743 3764 1962 3832 xxviii).
2000 3761 2079 3817 ls-

504 3874 615 3928 t'acl
669 3881 874 3934 autem,
910 3865 1153 3922 salvatus
1202 3862 1259 3916 in
1323 3860 1550 3916 Domino
1608 3860 1785 3913 salute
1832 3869 2076 3922 aeterna,

506 3964 876 4033 apostolorum
903 3957 1228 4027 intelligitur
1249 3954 1476 4016 chorus,
1512 3950 1643 4007 ethi
1671 3951 1763 4021 qui
1804 3964 1903 4019 per
1950 3962 2082 4016 apo-

500 4057 678 4115 stolos
706 4052 1078 4109 crediderunt.
1111 4047 1265 4105 Unde
1287 4048 1487 4101 dicitur
1519 4044 1589 4098 ad
1619 4057 1714 4098 eos
1740 4060 1755 4096 :
1792 4040 1919 4095 Non
1959 4055 2083 4093 coii-

508 4148 809 4219 [undemini
836 4160 1001 4207 neque
1036 4140 1372 4202 erubescetis,
1394 4152 1501 4191 non
1534 4135 1711 4190 solum
1750 4134 1803 4187 in
1830 4131 2084 4202 praesenti

511 4242 734 4305 saeculo,
768 4242 865 4294 sed
895 4247 951 4292 et
984 4236 1039 4289 in
1077 4234 1283 4289 futuro.
1313 4228 1559 4285 Servisse
1589 4237 1769 4282 autem
1798 4224 1847 4279 ei
1877 4222 2085 4293 Egyp-

514 4347 653 4400 tum,
677 4345 731 4389 et
766 4332 1077 4400 .tEthiopas,
1094 4338 1156 4382 et
1195 4324 1442 4387 Sabaim,
1472 4322 1717 4377 excelsos
1747 4320 1896 4374 viros
1926 4328 2089 4387 atque

2175 3213 2320 3269 Deus
2340 3213 2525 3284 justus
2548 3224 2603 3269 et
2625 3214 2843 3269 salvans
2871 3227 2976 3269 non
3009 3224 3091 3268 est
3132 3224 3329 3283 praeter
3360 3228 3468 3269 me.
3504 3214 3760 3269 Conver-

2175 3307 2347 3363 timini
2391 3305 2459 3361 ad
2507 3321 2616 3369 me,
2652 3315 2706 3360 et
2736 3305 2867 3362 salvi
2902 3305 3081 3369 eritis,
3113 3319 3302 3359 omnes
3348 3306 3483 3359 lines
3529 3312 3700 3361 terra
3744 3323 3759 3361 :

2175 3396 2303 3467 quia
2345 3410 2447 3465 ego
2477 3394 2643 3462 Deus,
2674 3404 2730 3450 et
2774 3409 2882 3449 non
2914 3402 2997 3449 est
3024 3393 3183 3449 alius.
3222 3394 3278 3449 ln
3315 3396 3644 3464 memetipso
3673 3398 3763 3467 jo-

2179 3490 2294 3543 ravi
2333 3489 2688 3558 :egredietur
2736 3489 2803 3544 de
2849 3502 2944 3542 ore
2997 3502 3121 3544 meo
3157 3488 3386 3557 iustitia:
3422 3490 3678 3557 verbum,
3711 3500 3764 3545 et

2180 3596 2286 3636 non
2328 3590 2640 3637 revertetur
2685 3594 2701 3637 :
2735 3581 2860 3650 quia
2892 3582 3024 3635 mihi
3055 3582 3376 3636 curvabitur
3400 3597 3565 3637 omne
3592 3599 3761 3653 genu,

2181 3685 2234 3728 et
2253 3672 2463 3742 iurabit
2482 3675 2660 3729 omnis
2686 3672 2889 3744 lingua.
2914 3672 3054 3743 Ergo
3079 3673 3132 3727 in
3166 3672 3397 3729 Domino
3422 3676 3604 3729 dicet:
3626 3676 3764 3733 ﬂeat

2182 3772 2313 3818 sunt
2354 3760 2584 3829 iustitia:
2633 3772 2689 3819 et
2748 3763 3031 3831 imperium
3072 3767 3186 3819 :ad
3243 3780 3367 3820 eum
3430 3767 3676 3833 venient,
3712 3778 3763 3824 ct

2183 3855 2582 3912 confundantur
2615 3871 2807 3911 omnes
2840 3856 2932 3924 qui
2968 3868 3274 3926 repugnant
3315 3860 3386 3913 ei.
3425 3859 3484 3914 In
3527 3860 3767 3916 Domino

2181 3948 2593 4027 jugtilicabitur,
2628 3959 2683 4001 et
2729 3948 3044 4003 laudabitur
3087 3964 3249 4005 omne
3288 3964 3474 4005 semen
3518 3951 3714 4006 lsrael.
3740 3972 3760 4003 s

2186 4036 2329 4093 LXX
2360 4056 2374 4093 :
2408 4056 2426 4090 ι
2458 4036 2550 4092 Sic
2588 4036 2719 4093 dicit
2762 4036 3023 4094 Dominus
3065 4039 3160 4107 qui
3200 4037 3329 4094 fecit
3358 4038 3559 4094 coelum
3607 4058 3623 4096 :
3660 4043 3767 4096 iste

2190 4131 2332 4188 Deus
2360 4131 2452 4201 qui
2482 4132 2722 4187 ostendit
2752 4137 2980 4197 terram,
3008 4141 3065 4187 et
3108 4132 3241 4189 fecit
3265 4146 3409 4197 eam,
3439 4132 3557 4202 ipse
3608 4148 3770 4202 para-

2191 4225 2267 4279 vit
2300 4224 2321 4255 ³
2350 4239 2468 4280 eam
2505 4240 2521 4281 ;
2553 4239 2655 4277 non
2695 4226 2749 4277 in
2797 4238 3025 4278 vacuum
3054 4223 3184 4278 fecit
3218 4240 3359 4289 eam,
3389 4228 3482 4278 sed
3515 4237 3576 4278 ut
3594 4225 3769 4281 habi-

2194 4326 2401 4371 taretur
2443 4317 2731 4386 plasmavit
2760 4331 2903 4371 eam.
2936 4317 3047 4388 Ego
3078 4332 3197 4371 sum
3239 4315 3524 4382 Dominus,
3563 4328 3623 4373 et
3662 4336 3770 4374 non

514 4428 799 4489 sublimes,
843 4439 1002 4480 nemo
1049 4419 1283 4485 dubitat,
1314 4432 1436 4472 cum
1486 4416 1537 4471 ei
1592 4411 1855 4468 mundum
1906 4410 2089 4464 videat
2122 4434 2166 4489 Β
2196 4416 2279 4462 est
2314 4406 2477 4460 ultra.
2504 4403 2622 4460 Non
2655 4406 2707 4459 in
2741 4405 3057 4461 abscondito
3085 4405 3300 4460 locutus
3332 4420 3472 4470 sum,
3509 4419 3694 4473 neque
3719 4409 3770 4458 in

514 4538 634 4577 esse
663 4521 1071 4589 subjectum,et
1110 4530 1173 4570 ex
1198 4524 1498 4582 paucarum
1528 4508 1753 4564 nomine
1785 4504 2086 4567 nationum,

518 4626 638 4680 qua:
694 4610 944 4663 habitant
998 4607 1054 4660 in
1102 4601 1361 4658 extremis
1384 4598 1594 4654 ﬁnibus
1649 4607 1830 4659 terrae,
1864 4604 2090 4649 cunctos

515 4705 782 4761 caelorum
816 4698 1087 4763 cardines,
1119 4705 1172 4752 et
1200 4695 1384 4748 omnia
1412 4703 1569 4746 terra:
1602 4689 1789 4744 littora
1830 4687 1881 4741 ei
1910 4685 2087 4740 credi-

519 4807 639 4849 tura
690 4790 1018 4861 perspiciat.
1050 4786 1205 4842 Unde
1239 4783 1471 4854 pulchre
1518 4782 1675 4849 quasi
1722 4778 2094 4834 laborantibus

518 4891 574 4942 iu
596 4901 785 4943 errore
814 4880 1156 4943 idololatriae,
1176 4890 1395 4932 cessare
1423 4875 1575 4928 labor
1599 4871 1819 4943 IEgypti
1843 4868 2094 4924 nomina—

520 4992 633 5035 tur.
662 4976 823 5031 Nulla
860 4974 1008 5028 enim
1042 4985 1177 5042 gens
1208 4969 1282 5022 ita
1325 4963 1647 5021 idololatria:
1674 4962 1855 5017 dedita
1885 4957 2007 5025 fuit,
2039 4967 2097 5013 et

522 5082 633 5125 tam
686 5064 1101 5123 innumerabilia
1156 5068 1411 5132 portenta
1476 5063 1733 5127 venerata
1795 5061 1902 5117 est,
1931 5064 2093 5121 quam

517 5162 803 5233 Egyptus,
838 5160 907 5214 de
934 5172 1037 5227 qua
1065 5168 1225 5223 supra
1258 5156 1397 5220 (xix,
1440 5149 1494 5218 l)
1526 5147 1755 5219 legimus
1790 5161 1806 5198 :
1842 5144 1974 5199 Ecce
1992 5143 2098 5197 Do—

512 5255 695 5309 .sninus
730 5251 984 5307 ascendet
1020 5263 1177 5319 super
1213 5245 1397 5299 nubem
1455 5242 1638 5307 levent,
1669 5250 1718 5295 et
1766 5238 2097 5309 ingredietur

592 5434 612 5463 ν¹
643 5429 807 5483 Addit
844 5426 982 5480 Vict.
1015 5441 1080 5480 es
1113 5420 1436 5494 quibusdam
1472 5434 1633 5483 mss.,
1667 5415 1735 5470 Et
1777 5432 1871 5486 ego
1899 5417 1953 5469 in
1980 5414 2092 5469 Pu-

518 5516 626 5565 tre,
649 5510 697 5555 et
732 5498 893 5553 l’ater
922 5500 974 5549 in
1002 5512 1082 5549 me
1125 5505 1224 5550 est.
1695 5559 1707 5565 _
1822 5556 1865 5565 ,η
2055 5553 2087 5565 η

600 5554 626 5604 ⁸⁷
647 5554 876 5640 Legerat
933 5566 1186 5640 Martiali.
1218 5567 1297 5640 it_i__
1325 5572 1497 5640 recto,
1528 5569 1581 5617 et
1628 5559 1728 5615 sub
1784 5554 2089 5640 allirmandi

525 5632 754 5715 quoque
790 5648 916 5693 nota
962 5636 1186 5709 pradixi
1236 5632 1393 5705 illud,
1419 5636 1537 5704 ipso
1600 5644 1762 5688 sacro
1819 5636 1965 5683 testo
2015 5643 2097 5679 re-

522 5728 753 5771 sinente.

2194 4498 2315 4554 loco
2360 4508 2519 4552 terrae
2571 4499 2879 4553 tenebroso.
2912 4496 3036 4551 Non
3065 4495 3177 4551 dixi
3211 4497 3407 4551 semini
3436 4494 3633 4559 Jacob,
3673 4495 3774 4551 Va-

2194 4605 2322 4644 num
2363 4590 2596 4657 quaerite
2631 4606 2645 4643 :
2673 4603 2774 4657 ego
2803 4603 2922 4643 sum
2966 4588 3222 4643 Dominus
3253 4588 3345 4657 qui
3378 4589 3573 4657 loquor
3608 4588 3774 4656 justi-

2197 4682 2347 4747 tiam,
2380 4682 2645 4736 annuntio
2687 4679 3004 4735 veritatem.
3036 4678 3454 4749 Congregamini
3486 4688 3539 4733 et
3567 4681 3777 4742 venite,

2195 4780 2250 4825 et
2286 4771 2561 4825 consulite
2588 4770 2609 4799 ⁸
2639 4769 2810 4823 simul
2851 4770 2943 4835 qui
3008 4768 3299 4825 salvamini
3355 4770 3423 4824 de
3479 4770 3779 4838 gentibus;

2198 4878 2305 4917 non
2324 4869 2695 4930 cognoverunt
2711 4860 2803 4929 qui
2820 4870 3040 4931 portant
3067 4861 3271 4930 lignqu
3296 4861 3593 4931 sculptura:
3610 4876 3731 4916 sua:
3766 4876 3781 4915 :

2197 4964 2357 5009 orant
2382 4955 2514 5008 deos
2552 4969 2658 5007 non
2698 4952 2995 5008 salvantes.
3026 4950 3086 5005 Si
3116 4952 3461 5018 annuntiant,
3494 4952 3659 5023 542
3688 4969 3784 5021 ap-

2200 5048 2566 5119 propinquent
2593 5055 2651 5100 ut
2688 5046 2865 5100 sciant
2892 5044 3075 5111 simul,
3108 5048 3235 5115 quis
3264 5046 3451 5099 audita
3494 5046 3628 5100 fecit
3665 5049 3785 5101 haec

2201 5141 2269 5194 ab
2306 5140 2485 5203 initio,
2525 5148 2653 5193 tunc
2690 5138 3068 5193 annuntiatutn
3108 5149 3192 5193 est
3235 5139 3406 5191 vobis.
3444 5136 3638 5192 Nonne
3680 5154 3784 5207 ego

2205 5230 2478 5285 Dominus
2514 5228 2681 5295 Deus,
2701 5239 2756 5283 et
2778 5244 2885 5282 non
2917 5237 3001 5283 est
3030 5227 3169 5283 alius
3197 5228 3403 5298 absque
3442 5245 3529 5282 me
3554 5228 3579 5281 ‘3
3600 5230 3783 5295 justus

2274 5416 2295 5444 ⁸
2317 5412 2390 5466 Ex
2413 5414 2649 5480 quodam
2668 5408 2905 5464 Mediceo
2930 5422 3039 5480 ms.
3065 5406 3269 5480 Victor,
3296 5409 3557 5478 separavit
3574 5425 3597 5474 ,-
3614 5423 3780 5479 quam

2204 5478 2493 5538 lectionem
2531 5482 2750 5535 Grzecus
2782 5494 2997 5549 quoque
3023 5478 3285 5548 διώρισεν
3315 5484 3529 5549 probat.

2276 5553 2297 5582 ⁸
2329 5550 2498 5606 Verba
2530 5562 2576 5604 et
2604 5552 2856 5603 consulite
2891 5553 2943 5602 in
2970 5550 3327 5604 Ambrosian.
3348 5554 3468 5604 cod.
3495 5564 3604 5603 non
3626 5557 3773 5606 sunt.

2205 5623 2272 5678 Et
2298 5622 2661 5693 Symmachus
2689 5622 2908 5690 quidem
2939 5631 2997 5675 et
3032 5617 3189 5689 Vulg.
3239 5621 3470 5674 accedite
3502 5622 3779 5690 inter-pre.

2208 5704 2408 5748 tantur.
