3952 6180
196 385 292 450 νδ

656 391 1164 458 COMMENTAR.
1207 394 1288 456 IN
1331 394 1595 458 ISAIAM
1660 395 2121 459 PROPHE’I’AM
2181 399 2330 461 LIB.
2374 401 2548 472 XIII,
2592 400 2752 461 CAP.
2790 399 2993 460 XLVI.

3353 391 3457 458 £66

193 510 245 559 et
277 497 505 556 salvam
526 507 638 555 nun
665 508 757 556 est
786 510 984 571 praeter
1009 513 1118 560 me.
1138 497 1540 559 Convenimini
1574 503 1640 558 ad
1665 519 1770 567 me.
1801 510 1848 566 Α
1879 505 1948 558 sit
1975 520 1990 557 :
2017 502 2245 559 Post'ul‘a
2276 521 2308 559 α
2358 523 2460 573 me,
2495 517 2545 560 et
2577 507 2717 560 dabo
2747 503 2848 560 tibi
2874 514 3052 575 gentes
3093 503 3459 560 hwreditatem

195 606 240 646 rt
280 591 419 645 salvi
443 592 600 646 eritis
629 593 697 646 ab
727 595 996 646 extremis
1020 603 1201 647 terra.
1239 593 1352 664 Ego
1381 608 1502 647 sum
1530 592 1690 656 Dens,
1714 603 1774 648 et

194 702 298 740 non
330 695 420 741 est
450 685 608 741 alius.
627 669 748 739 ‘Per
775 685 1156 752 memetipsnm
1186 686 1312 756 iuro
1347 703 1362 739 :
1397 687 1500 742 nisi
1521 688 1770 757 egredie-

195 789 277 832 tur
311 778 383 830 de
415 793 510 832 ore
549 791 672 832 meo
697 776 930 842 iustitia,
989 792 1270 832 sermones
1297 779 1404 834 mei
1441 793 1546 832 non
1598 794 1768 833 aver-

192 878 400 928 tentnr.
464 870 588 938 quia
618 869 748 924 mibi
791 870 1101 924 incurvabit
1139 885 1305 925 omne
1339 886 1500 941 genu,
1526 880 1580 925 et
1623 869 1772 938 iura-

189 961 265 1015 bit
292 971 348 1015 et
382 962 731 1016 conﬁtebitur
751 965 930 1018 omnis
959 961 1139 1032 lingua
1167 964 1279 1018 Deo
1314 965 1511 1020 dicens
1549 981 1563 1017 :
1607 963 1772 1020 Iusti;

192 1057 285 1116 tia,
323 1063 380 1107 et
415 1053 584 1124 gloria
631 1055 698 1108 ad
743 1068 868 1108 eum
896 1056 1098 1121 veniet,
1125 1064 1182 1111 et
1206 1055 1615 1112 confundentur
1649 1071 1770 1111 om-

191 1160 285 1199 nes
315 1145 408 1214 qui
463 1151 716 1214 separant
747 1161 806 1200 se
831 1146 1126 1226 a_Domino
1153 1165 1168 1203 :
1201 1147 1599 1217 justili'eabitur
1631 1158 1682 1203 et
1716 1149 1770 1204 in

195 1235 303 1288 Deo
337 1233 736 1304 gloriﬁcabitur
764 1251 926 1291 omne
976 1251 1162 1292 semen
1231 1237 1465 1293 filiorum
1529 1238 1720 1292 Israel.
1746 1257 1764 1290 ι

189 1325 410 1380 Vocatis
445 1326 702 1397 Egypto,
734 1339 789 1382 et
824 1328 1120 1400 Ethiopia,
1162 1339 1217 1384 et
1265 1321 1484 1384 Sabaim
1514 1331 1648 1386 viris
1677 1346 1772 1386 ex-

195 1419 386 1480 celsis.
465 1436 558 1489 per
623 1435 743 1488 quae
795 1430 1132 1476 monstratur
1193 1420 1343 1476 salus
1393 1421 1770 1478 universarum

188 1513 430 1583 gentium
493 1515 873 1579 barbararum,
918 1525 975 1571 et
1025 1516 1198 1572 totius
1249 1517 1439 1574 mundi
1488 1518 1555 1572 ad
1604 1519 1772 1574 Deum

187 1607 498 1665 conversio.
533 1607 770 1662 Ostendit
793 1605 937 1663 Deus
957 1606 1224 1676 justitiam
1258 1625 1412 1665 suam
1441 1627 1458 1677 ;
1493 1611 1637 1678 quod
1662 1625 1772 1665 non

188 1697 358 1750 ςυΙυηι
389 1697 698 1752 Iudaeorum
736 1701 806 1754 sit
830 1701 1117 1768 Dominus,
1139 1701 1234 1758 sed
1272 1715 1326 1758 et
1357 1703 1626 1774 gentium.
1652 1703 1775 1772 ipso

188 1792 329 1843 enim
361 1790 488 1845 θωπί
540 1789 715 1846 l'ac-‘or
740 1805 793 1846 et
828 1803 985 1848 terrae
1023 1797 1318 1864 aequaliter
1349 1797 1595 1851 omnium
1630 1796 1772 1851 Deus

1872 603 2040 658 tuum,
2078 596 2536 664 “possessionem
2580 605 2729 651 tuam
2781 597 3038 650 terminos
3079 604 3234 648 terra:
3277 593 3455 654 (Hal.

1873 703 1931 745 n.
1959 687 2037 756 8)‘.
2073 687 2338 756 Juratqne
2367 705 2462 756 per
2479 689 2855 757 semetipsum,
2886 690 3144 759 quoniam
3178 687 3456 743 sententia

1871 781 1985 833 oris
2016 780 2120 841 sui,
2148 789 2204 833 et
2233 781 2456 834 verbum
2494 782 2636 850 quod
2667 781 2891 849 protulit
2916 785 2931 813 ⁸
2958 781 3130 834 semel
3155 795 3320 848 super
3363 795 3455 833 sa-

1873 872 1988 926 lute
2016 874 2277 941 gentium,
2322 888 2668 942 nequaquam
2701 873 2930 928 irritum
2972 872 3104 939 ﬂat;
3134 873 3226 928 sed
3269 888 3462 943 repro-

1876 963 2063 1017 missio
2123 963 2240 1033 eius
2293 979 2455 1034 opere
2505 965 2868 1035 compleatur,
2916 964 3150 1021 dicentis
3218 977 3383 1033 supra
3441 979 3462 1018 :

1874 1052 2252 1108 Convertimini
2279 1057 2349 1109 ad
2369 1072 2468 1120 me,
2491 1065 2540 1109 et
2555 1055 2698 1110 salvi
2715 1058 2888 1122 eritis,
2921 1073 3097 1112 omnes
3129 1057 3261 1126 ﬁnes
3284 1065 3459 1112 terra.

1874 1145 2030 1200 Jurat
2075 1158 2258 1204 autem
2316 1150 2619 1204 secundum
2677 1150 2995 1226 Apostolum
3030 1149 3213 1220 (Hebr.
3271 1150 3370 1221 vt),
3401 1159 3462 1205 u-t

1878 1254 1976 1308 per
2001 1239 2141 1293 duas
2175 1256 2262 1296 res
2310 1241 2638 1307 immobiles,
2673 1242 2724 1293 in
2763 1242 2960 1311 quibus
2997 1242 3337 1310 impossibile
3376 1251 3462 1295 est

1877 1331 2099 1386 mentiri
2155 1331 2352 1400 Deum,
2389 1332 2602 1387 ﬁrmam
2649 1333 3076 1388 consolationem
3123 1333 3460 1398 habeamus;

1874 1423 1967 1477 sed
1997 1432 2054 1478 et
2087 1424 2188 1478 hoc
2213 1423 2384 1494 jurat,
2420 1424 2563 1493 quod
2597 1424 2758 1479 idolis
2787 1421 3096 1488 derelictis,
3123 1437 3290 1479 omne
3319 1437 3472 1492 genu-

1873 1518 1921 1572 ei
1953 1516 2222 1582 ﬂectatur,
2251 1517 2580 1583 cmlestium,
2605 1517 2950 1573 terrestrium
3003 1526 3058 1572 et
3095 1517 3458 1582 infernarum,

1874 1622 1927 1664 et
1958 1611 2138 1665 omnis
2169 1625 2268 1680 per
2291 1609 2442 1664 illum
2466 1610 2614 1680 juret
2639 1611 2825 1680 lingua
2852 1610 3165 1665 mortalium
3201 1609 3472 1677 (Philipp;

1875 1703 1956 1774 n).
1992 1701 2047 1755 In
2082 1715 2190 1772 quo
2215 1701 2502 1773 perspicue
2535 1699 2877 1773 signiﬁcatur
2909 1700 3146 1770 populus
3183 1695 3464 1756 curiata-4

1878 1811 2006 1850 nus.
2041 1794 2210 1852 Horis
2245 1805 2326 1852 est
2360 1798 2507 1850 enim
2533 1793 2892 1851 ecclesiastici
2915 1793 3136 1850 Christo
3168 1797 3306 1864 genu
3337 1793 3466 1847 flec-

187 1893 288 1946 est,
315 1891 372 1934 et
397 1899 505 1937 non
539 1886 608 1937 ob
640 1884 800 1938 aliam
827 1901 1052 1940 causam
1088 1890 1298 1942 creavit
1323 1897 1551 1955 terram,
1575 1887 1680 1943 nisi
1716 1895 1775 1942 ut
1807 1862 1846 1916 θ
1880 1903 1995 1944 tare
2033 1905 2048 1947 :
2085 1889 2232 1959 quod
2256 1888 2449 1954 Judmi,
2479 1890 2682 1943 mentis
2720 1887 3028 1958 superbiam
3082 1889 3472 1943 demonstran-'

190 1975 468 2028 hominum
500 1987 646 2031 esset
675 1976 1063 2045 habitaculum,
1084 1982 1174 2049 qui
1202 1995 1361 2034 suum
1397 1981 1689 2036 adorarent
1716 1991 1772 2036 et

191 2066 239 2117 in
268 2067 562 2136 elligereut
597 2069 938 2135 Creatorem,
972 2079 1026 2124 et
1067 2070 1206 2126 idola
1244 2073 1500 2127 universa
1527 2083 1776 2128 contem-

190 2170 402 2213 nerent.
435 2159 571 2214 Nam
599 2171 653 2214 et
679 2162 730 2214 in
761 2171 949 2216 monte
979 2162 1134 2228 Sina,
1163 2163 1232 2218 de
1264 2165 1483 2220 excelso
1509 2164 1628 2232 ejus
1651 2179 1774 2219 ver-

189 2251 292 2303 tice
349 2252 468 2304 haec
539 2253 888 2308 audientibus
939 2253 1160 2324 populis
1206 2266 1291 2310 est
1345 2255 1602 2310 locutus:
1653 2255 1776 2310 Non

188 2351 340 2395 erant
373 2342 467 2396 tibi
493 2344 568 2397 dii
593 2343 756 2398 alieni
775 2345 975 2416 absque
1004 2363 1107 2410 me,
1146 2363 1240 2402 nec
1263 2348 1426 2416 facies
1455 2349 1552 2402 tibi
1572 2347 1774 2402 idolum

192 2433 391 2506 (Exod.
442 2452 535 2502 ιι,
565 2436 622 2501 3,
656 2437 736 2506 ι).
790 2437 898 2492 Sed
941 2438 1154 2507 melius,
1194 2449 1255 2494 ut
1300 2441 1404 2495 hoc
1445 2442 1649 2496 dictqu
1707 2440 1778 2497 de

192 2527 500 2597 evangelica
532 2529 920 2599 praedicatione
945 2532 1266 2587 credamus:
1290 2532 1502 2604 Moyses
1535 2533 1679 2587 enint
1719 2534 1773 2588 in

191 2621 510 2677 abscondita
533 2622 826 2679 solitudine
850 2625 942 2679 uni
964 2634 1172 2681 tantum
1199 2627 1414 2682 locutus
1437 2637 1520 2682 est
1545 2627 1767 2698 populo.

193 2717 579 2783 Apostolorum
629 2731 811 2771 autem
865 2734 1032 2774 sonus
1091 2721 1144 2773 in
1201 2722 1516 2775 universum
1583 2724 1773 2776 orbem

193 2807 348 2873 exiit,
389 2814 447 2862 et
498 2809 656 2863 verba
711 2825 899 2864 eorum
953 2825 1123 2882 usque
1157 2813 1223 2866 ad
1277 2819 1436 2866 terra:
1502 2811 1773 2867 terminos

195 2909 558 2968 pervenerunt
587 2902 752 2968 (Psal.
795 2905 972 2971 xvm).
1014 2903 1135 2957 Non
1171 2904 1306 2970 dixi,
1346 2904 1547 2973 inquit,
1581 2903 1775 2958 semini

194 2988 375 3052 Iacob,
405 2991 630 3046 Frustra
667 2996 894 3062 quaerite
925 3013 1026 3050 me.
1053 2995 1324 3052 Cuslorum
1358 2998 1504 3051 enim
1545 2998 1654 3052 illis
1685 3012 1774 3050 re-

196 3100 289 3153 gna
320 3086 576 3154 promisi.
602 3098 651 3141 et
687 3087 918 3156 primum
951 3090 1152 3144 ad‘eos
1187 3090 1398 3145 locutus
1435 3105 1557 3146 sum
1591 3107 1606 3145 :
1641 3088 1762 3144 Non

1879 1989 1983 2042 tes,
2013 1981 2237 2035 omnino
2270 1997 2375 2035 non
2400 1981 2626 2037 faciunt.
2661 1979 2768 2035 Sed
2801 1988 2855 2036 et
2881 1980 3058 2035 omnis
3088 1977 3271 2048 lingua
3296 1991 3466 2034 cunc-

1875 2081 2053 2128 tarum
2100 2075 2342 2142 gentium
2387 2074 2768 2140 barbararum,
2801 2087 2908 2126 non
2956 2073 3009 2126 in
3033 2073 3344 2144 synagogis,
3372 2065 3474 2126 sed

1877 2169 1929 2220 in
1960 2165 2162 2219 Christi
2201 2164 2448 2220 ecclesiis
2500 2164 2794 2218 confitetur
2823 2163 3013 2218 Deum.
3047 2161 3240 2219 Omnis
3279 2175 3463 2218 autem

1879 2255 2057 2325 lingua
2088 2253 2364 2310 Christum
2420 2255 2691 2310 conﬁtens
2758 2257 2810 2308 in
2846 2254 3076 2309 Domino
3109 2256 3385 2325 loquetur,
3411 2264 3468 2310 et

1878 2349 2023 2405 dicet
2059 2365 2073 2404 :
2116 2348 2246 2404 Mea:
2273 2358 2396 2403 sunt
2417 2349 2672 2419 justitiw,
2709 2359 2758 2402 et
2811 2363 2992 2403 meum
3039 2349 3464 2417 est'imperium,

1880 2457 1986 2496 non
2015 2442 2201 2511 populi
2227 2441 2561 2496 .ludmb’rmn.
2596 2437 2672 2494 Ad
2710 2456 2832 2495 eum
2878 2449 3089 2496 cunctrc
3125 2449 3317 2512 gentes
3371 2454 3466 2494 ve-

1879 2535 2053 2598 nient,
2089 2544 2144 2587 et
2197 2533 2600 2588 confunduntur
2653 2534 2746 2602 qui
2785 2532 2940 2602 prius
2973 2533 3120 2587 illius
3159 2531 3473 2603 Evangelia

1879 2626 2289 2696 repugnabant;
2353 2633 2406 2678 et
2454 2623 2848 2691 lustilicabitur
2907 2633 3074 2693 atque
3149 2621 3470 2676 laudabitur

1877 2731 2044 2771 omne
2077 2731 2263 2772 semen
2293 2716 2484 2779 Israel,
2512 2731 2741 2786 quorum
2772 2714 3094 2786 praedicatio
3117 2720 3171 2768 et
3198 2712 3468 2768 sementis

1878 2807 2212 2864 fertilissima
2242 2808 2296 2861 in
2329 2817 2444 2862 toto
2471 2809 2602 2863 orbe
2625 2807 2938 2864 uberrimos
3014 2807 3193 2862 attulit
3237 2805 3467 2861 fructus.

1879 2899 2026 2964 Sive,
2056 2901 2211 2968 juxta
2237 2898 2620 2970 Septuaginta,
2639 2900 2818 2955 omnis
2839 2899 3023 2969 lingua
3052 2899 3244 2966 iurans
3266 2908 3320 2951 et
3345 2911 3474 2952 con-

1879 2995 2035 3048 litens
2059 2991 2231 3047 Deum
2297 2993 2444 3047 dicet
2475 2994 2620 3062 quod
2646 2993 2856 3060 iustitia
2901 2983 2956 3047 et
2986 2989 3156 3061 gloria
3186 2991 3355 3044 totius
3383 3003 3476 3043 or-

1881 3083 1965 3140 bis
1998 3087 2063 3140 ad
2095 3101 2220 3142 eum
2252 3086 2458 3149 veniat.
2491 3095 2546 3141 et
2593 3085 3000 3141 coitiundantur
3025 3083 3224 3147 Judaei,
3259 3083 3353 3152 qui
3405 3087 3480 3134 se

197 3184 300 3236 sesi
323 3182 426 3234 nisi
464 3182 535 3235 ad
559 3199 673 3237 oves
703 3183 937 3252 perditas
966 3185 1153 3238 domus
1187 3181 1362 3238 Israel
1423 3183 1643 3254 (Matth.
1681 3198 1770 3248 xv,
1802 3219 1850 3278 ο
1879 3179 1949 3234 ab
1974 3194 2040 3235 eo
2069 3189 2348 3260 separant.
2376 3179 2542 3252 544
2568 3179 2633 3234 lii
2660 3189 2842 3234 autem
2875 3178 2968 3248 qui
3012 3179 3079 3234 de
3123 3177 3296 3246 stirpe
3325 3175 3471 3230 lilio-

197 3274 297 3343 24).
342 3273 414 3328 Et
439 3275 647 3330 idcirco
671 3276 881 3331 locutus
909 3291 1028 3331 sum
1054 3276 1325 3348 justitiam
1357 3285 1412 3332 et
1447 3276 1772 3332 annuntiavi

201 3378 359 3432 recta,
395 3367 512 3421 sive
554 3366 860 3434 veritatem,
887 3378 944 3421 ut
997 3365 1329 3436 imaginibus
1363 3366 1523 3438 Legis
1571 3377 1628 3425 et
1665 3383 1776 3426 cte-

197 3461 451 3514 remnniis
503 3459 801 3522 derelictis.
851 3471 1214 3531 sequerentur
1256 3461 1535 3532 Evangelii
1577 3463 1777 3517 verita-

202 3557 322 3605 lem.
353 3553 465 3604 Sed
503 3550 628 3617 quia
661 3549 736 3603 illi
788 3551 1016 3606 credere
1068 3551 1384 3617 noluerunt,
1418 3561 1473 3607 et
1526 3552 1775 3622 indignos

200 3657 249 3696 se
294 3641 679 3711 iudicaverunt
718 3643 935 3708 salute;
964 3652 1244 3712 prOpterea
1282 3643 1406 3697 dico
1451 3643 1746 3712 gentibus:

198 3731 608 3804 Congregamini
664 3733 730 3788 de
773 3742 887 3788 toto
921 3722 1054 3788 orbe
1082 3773 1098 3799 ,
1148 3744 1200 3789 et
1233 3735 1412 3789 venite
1444 3743 1500 3789 et
1532 3735 1777 3789 accedite

200 3826 259 3880 ad
283 3843 369 3881 me
394 3825 556 3880 simul
597 3826 689 3896 qui
731 3825 928 3880 salvati
956 3829 1091 3882 estis
1122 3842 1185 3882 es
1216 3827 1485 3896 gentibus.
1506 3826 1608 3884 Per
1630 3827 1774 3898 quod

199 3917 453 3980 ostendit,
486 3932 596 3969 non
629 3915 812 3970 statim
853 3931 1046 3972 omnes
1069 3927 1259 3987 gentes
1286 3931 1409 3973 esse
1445 3919 1774 3983 crediturus,

200 4010 284 4062 sed
319 4008 586 4078 paulatim
641 4018 699 4062 et
729 4019 826 4078 per
881 4019 1087 4080 partes.
1143 4009 1384 4078 Denique
1417 4009 1641 4078 corripit
1681 4025 1776 4065 eos

202 4104 285 4172 qui
321 4104 376 4156 in
411 4115 599 4156 errore
641 4099 878 4172 pristino
907 4113 1349 4172 permanserunt,
1378 4103 1563 4158 dicens
1597 4120 1611 4159 :
1643 4101 1724 4158 Ne
1753 4133 1778 4146 -

198 4199 422 4252 scierunt
471 4197 562 4266 qui
599 4196 771 4251 levant
821 4199 1018 4267 lignum
1046 4198 1156 4268 (Al.
1216 4196 1448 4269 signum)
1491 4199 1778 4265 sculptura

201 4307 322 4356 su,
346 4298 398 4342 et
428 4297 628 4364 rogant
673 4286 842 4342 Deum
869 4304 971 4342 non
1003 4288 1314 4343 sulcantem.
1345 4288 1411 4342 Et
1434 4300 1519 4344 est
1541 4293 1776 4345 sensus:

202 4383 308 4438 Non
379 4383 766 4436 intellexerunt
801 4396 1089 4436 sermones
1143 4396 1314 4446 meos,
1354 4381 1773 4437 simulacrorum

203 4476 353 4550 553
380 4491 607 4531 suorum
631 4490 795 4530 onere
827 4475 1250 4544 praegravati,et
1279 4477 1562 4542 sperantes
1593 4477 1648 4530 in
1675 4476 1774 4542 eis,

1879 3287 1996 3326 rum
2027 3269 2190 3327 Israel
2219 3273 2324 3327 orti
2353 3284 2499 3338 sunt,
2555 3282 2609 3328 et
2641 3272 2731 3341 qui
2762 3275 2827 3328 de
2855 3273 3228 3342 apostolorum
3262 3271 3480 3327 semine

1877 3364 2306 3434 pullulaverunt,
2359 3363 2410 3418 et
2445 3363 2796 3418 crediderunt
2847 3362 2902 3437 in
2957 3362 3204 3429 Christo,
3231 3361 3470 3417 habeant

1871 3455 2141 3526 justitiam
2168 3453 2477 3525 et'gloriam
2510 3452 2938 3525 sempiternam.‘

1950 3545 2104 3616 (Cap.
2137 3543 2323 3601 XLVI.
2345 3575 2415 3587 —
2439 3543 2598 3601 Vers.
2630 3547 2683 3612 l,
2709 3545 2792 3612 2.)
2832 3563 2851 3596 ι
2881 3543 3211 3600 Contractus
3241 3555 3326 3600 est
3359 3545 3474 3616 Bel,

1877 3640 2151 3694 contritus
2187 3650 2266 3693 est
2307 3637 2462 3692 Natio
2512 3655 2527 3693 :
2569 3637 2709 3693 facta
2764 3645 2895 3694 sunt
2944 3635 3235 3691 simulacra
3282 3649 3480 3692 eorum

1879 3731 2076 3786 bestiis
2127 3741 2183 3786 et
2232 3732 2517 3801 iumentis,
2553 3741 2740 3784 'onera
2804 3738 2985 3785 vestra
3033 3725 3192 3797 gravi
3239 3727 3478 3798 pondere

1878 3837 2050 3895 usque
2093 3827 2161 3878 ad
2208 3822 2620 3880 lassitudinem;
2655 3823 3090 3884 Contabuerunt.
3136 3828 3193 3876 et
3243 3820 3480 3877 contrita

1878 3927 2007 3971 sunt
2068 3915 2233 3972 simul
2282 3929 2296 3969 :
2357 3931 2462 3970 non
2518 3923 2818 3982 potuerunt
2865 3913 3473 3983 salvare‘portantem,

1877 4020 1933 4065 et
1975 4009 2151 4063 anima
2202 4008 2470 4062 eorumin
2490 4007 2868 4078 captivitatem
2885 4005 3004 4062 ibit.
3029 4013 3051 4057 ν
3075 4003 3215 4061 LXX
3249 4019 3266 4060 :
3304 4021 3326 4059 ι
3376 4005 3482 4061 Ce-

1877 4103 2012 4157 cidit
2063 4101 2183 4166 -Bel,
2247 4098 2521 4156 contritus
2573 4106 2657 4154 est
2704 4097 2886 4167 Dagon
2923 4115 2940 4153 :
2977 4096 3120 4152 facta
3161 4104 3290 4151 sunt
3331 4097 3481 4152 seni-

1880 4191 2036 4262 ptilia
2083 4205 2276 4246 eorum
2334 4193 2388 4244 in
2441 4189 2644 4246 bestias
2695 4196 2753 4244 et
2799 4189 3073 4260 ju‘t'nenta,
3125 4188 3372 4259 portatis
3409 4191 3480 4242 ea

1879 4281 2131 4352 colligata
2183 4283 2347 4352 quasi
2397 4295 2538 4335 onus
2594 4280 2885 4348 laboranti,
2949 4287 3005 4334 et
3063 4278 3366 4341 deﬁcienti,
3418 4277 3484 4332 ei

1880 4373 2165 4438 esurienti,
2212 4377 2315 4429 nec
2357 4373 2666 4443 μηνύουιί
2715 4372 2901 4437 simul,
2942 4372 3034 4442 qui
3079 4388 3186 4427 non
3225 4375 3485 4443 poterunt

1880 4469 2097 4523 salvere
2133 4471 2201 4522 de
2241 4467 2384 4521 bello
2423 4483 2438 4521 :
2477 4466 2580 4536 ipsi
2624 4469 2806 4520 autem
2845 4467 3046 4535 captivi
3079 4465 3412 4521 ducti-sunt.
3458 4483 3480 4517 ι

205 4573 250 4623 in
275 4570 482 4642 quibus
511 4567 657 4622 nulla
686 4575 769 4623 est
818 4567 988 4623 salus.
1047 4563 1202 4621 Unde
1237 4566 1495 4637 apostolis
1526 4569 1778 4637 praacipi-
1811 4559 1857 4617 Π
1885 4562 2015 4616 l‘ost
2047 4561 2388 4616 vocationem
2429 4561 2670 4627 gentium
2710 4561 2755 4625 ³,
2786 4567 2840 4613 et
2873 4559 3196 4615 electionem
3251 4559 3485 4614 credens

207 4673 306 4723 tur,
338 4668 399 4712 ut
430 4667 757 4727 opportune,
785 4656 1096 4725 importune
1125 4657 1450 4713 annuntient
1484 4657 1773 4712 veritatem

206 4751 284 4825 (II
338 4751 487 4806 Tim.
526 4751 630 4819 tv),
659 4763 713 4805 et
741 4751 928 4805 ineant
959 4750 1248 4805 consilium
1283 4749 1480 4805 salutis
1509 4749 1776 4820 gentium.

203 4847 310 4903 Hoc
335 4858 547 4914 autem,
585 4847 636 4900 id
695 4854 800 4910 est,
831 4853 892 4899 ut
943 4853 1411 4914 congregarentur
1444 4851 1498 4898 et
1531 4843 1778 4897 venirent

201 4957 264 4995 ex
293 4938 552 5011 gentibus
582 4937 801 5008 plurimi
851 4937 943 5004 qui
995 4938 1363 4999 SaIVarentur,
1393 4935 1462 4990 ab
1503 4935 1661 4990 initio
1695 4935 1775 4989 lo-

200 5041 353 5088 cutus
380 5039 469 5084 est
495 5030 656 5096 Deus,
688 5041 740 5084 et
765 5041 1086 5084 cunctorum
1119 5029 1510 5099 prophetarum
1557 5042 1656 5082 ora
1685 5041 1779 5082 ce-

200 5125 476 5187 cinerunt,
507 5123 600 5193 qui
634 5117 888 5178 sermmte
921 5120 1138 5177 Domini
1170 5122 1552 5191 loquebantur,
1585 5131 1781 5191 praeter

201 5231 356 5285 quem
388 5215 573 5274 nullus
611 5227 697 5271 est
727 5215 891 5272 alius.
919 5214 1095 5270 Filius
1123 5217 1267 5268 enim
1297 5229 1408 5268 non
1443 5214 1650 5283 absque
1691 5227 1778 5276 eo.

203 5309 292 5362 sed
320 5308 376 5362 in
408 5321 478 5362 eo
501 5307 643 5362 Deus
663 5318 767 5363 est.
795 5305 1336 5376 Pulchrequejungit
1367 5327 1380 5361 :
1411 5304 1547 5359 Deus
1569 5307 1776 5375 justus,

205 5415 548 5470 nequaquam
598 5400 759 5455 unius
785 5401 992 5470 gentis,
1020 5399 1118 5453 sed
1150 5400 1394 5454 universi
1447 5397 1657 5462 mundi,
1693 5398 1778 5452 cui

204 5493 442 5564 loquitur
475 5510 492 5546 :
522 5492 902 5547 Converlimini
939 5494 1008 5545 ad
1038 5507 1142 5556 me,
1166 5502 1216 5546 et
1241 5491 1374 5546 salui
1403 5491 1573 5555 eritis,
1607 5505 1783 5543 caunos

207 5588 335 5656 ﬁnes
366 5598 570 5652 terra;
603 5585 826 5656 impleto
858 5583 952 5642 illo
989 5588 1134 5654 quod
1165 5582 1327 5638 Pater
1352 5581 1490 5638 Filio
1515 5583 1777 5652 repromi.

269 5726 286 5756 ¹
315 5723 476 5780 Unus
510 5722 858 5776 Ambrosian.
888 5739 902 5780 :
932 5718 1212 5776 Sententia
1243 5720 1351 5774 oris
1384 5720 1484 5774 mei
1513 5720 1580 5774 de
1607 5719 1778 5785 verbo,

206 5798 336 5865 quod
361 5793 524 5851 ante!
546 5793 770 5865 protuli,
797 5803 905 5865 etc,

273 5868 292 5897 ’
324 5868 445 5924 Duo
475 5864 846 5931 Ambrosiaui,
880 5863 1269 5932 Consequenter
1299 5873 1416 5932 post
1452 5863 1780 5916 vocationem

1886 4657 2019 4713 tium
2044 4670 2111 4710 ex
2149 4654 2337 4717 Israel,
2363 4655 2504 4707 idola
2533 4654 2824 4708 corruisse
2844 4662 3090 4708 testatur.
3119 4651 3353 4717 Cecidit,
3391 4665 3485 4704 ce-

1883 4749 2040 4809 cidit,
2076 4747 2193 4802 sive
2225 4745 2542 4800 rotil‘rnctus
2580 4755 2662 4801 est
2696 4743 2788 4799 Bel
2817 4755 2843 4798 ξ
2872 4747 3032 4814 quem
3063 4743 3239 4798 Grani
3276 4743 3481 4804 Belum,

1887 4839 2066 4894 Latini
2097 4819 2398 4894 Saturnum
2433 4847 2652 4892 vocant.
2685 4836 2861 4905 Cujus
2894 4843 3044 4890 tanta
3079 4833 3177 4887 luit
3213 4833 3352 4902 apud
3387 4846 3484 4885 ve-

1888 4941 2032 4988 teres
2081 4931 2294 5001 religio,
2360 4938 2418 4983 nt
2465 4931 2512 4982 ei
2567 4945 2672 4982 non
2726 4928 2903 4983 solum
2955 4925 3224 4980 humanas
3278 4923 3485 4981 hostias

1886 5019 2230 5096 captivorum
2272 5023 2706 5094 ignobiliumqne
2742 5018 3075 5082 mortalium,
3115 5016 3208 5070 sed
3249 5024 3304 5070 et
3340 5029 3483 5071 suos

1888 5118 2090 5174 liberos
2121 5117 2145 5148 ³
2176 5116 2542 5169 immolareut.
2578 5109 2736 5164 Nubo
2769 5117 2950 5164 autem
2975 5116 3030 5163 et
3066 5107 3244 5177 ipsum
3277 5106 3485 5162 idolum

1887 5220 1995 5274 est,
2031 5214 2176 5278 quod
2209 5211 2604 5275 interpretatur
2644 5203 2897 5276 propheta
2925 5209 2980 5256 et
3009 5199 3286 5268 divinatio,
3321 5214 3484 5271 quam

1887 5311 2009 5371 post
2062 5299 2337 5368 Evangelii
2383 5298 2672 5352 veri-tatem
2719 5296 2771 5347 in
2822 5301 2935 5348 toto
2971 5295 3106 5348 orbe
3153 5292 3485 5348 conticuisse

1889 5391 2185 5466 signiﬁcat.
2248 5391 2396 5455 Sive,
2444 5390 2596 5460 juxta
2649 5387 2815 5452 LXX,
2875 5385 3084 5455 Dagon,
3139 5386 3234 5457 qui
3302 5396 3482 5440 tamen

1890 5485 1944 5539 in
1981 5483 2252 5536 liebraien
2291 5497 2398 5535 non
2442 5482 2697 5534 habetur.
2731 5479 2798 5533 Et
2825 5485 2906 5532 est
2936 5475 3150 5531 idolum
3171 5475 3481 5540 Ascalonis,

1889 5575 2078 5640 (ἱππ,
2103 5585 2165 5627 et.
2189 5573 2522 5642 reliquarum
2560 5569 2780 5626 urbium
2811 5567 3173 5626 Philisthiim.
3206 5565 3274 5622 Et
3302 5582 3334 5646 a
3356 5583 3484 5639 spe-

1892 5719 2127 5788 gcntium
2161 5732 2184 5770 :
2212 5713 2619 5788 etLtnov,__idala
2644 5711 2970 5788 destruatisss
2999 5715 3256 5788 testatur:
3373 5776 3385 5788 _

1964 5790 1984 5820 ⁸
2018 5789 2223 5842 Confer
2256 5775 2681 5846 Tertullianum,
2713 5781 2988 5851 Apologet.
3013 5794 3062 5834 c.
3086 5775 3154 5845 9';
3189 5776 3486 5832 Minucium

1894 5875 2110 5929 quoque
2139 5857 2400 5921 Felicem,
2433 5867 2490 5911 ut
2523 5857 2656 5910 alios
2687 5862 3030 5925 pmtcream.
3313 5869 3324 5881 -
