3952 6180
511 409 614 474 ιω

1694 406 1755 466 8.
1815 405 2127 467 EUSEBII
2178 406 2617 469 HIERONYMI

3681 402 3797 467 468

493 519 619 577 tiali
685 516 881 572 transit
931 515 1000 571 ad
1050 514 1299 591 generale
1360 530 1373 569 :
1425 513 1587 571 Facta
1637 526 1757 571 sunt
1798 518 2087 574 sintulacra
2120 524 2160 579 Α
2190 517 2427 588 appellat
2467 516 2663 582 Jacob.
2716 531 2825 575 nee
2860 516 3044 583 Israel,
3080 516 3228 589 quod
3263 526 3317 575 et
3358 515 3535 585 ipsum
3588 515 3800 587 absque

501 626 683 669 eorum
714 609 889 664 bestiis
923 616 971 662 et
990 608 1267 677 jumcntia.
1295 606 1413 663 Non
1443 623 1551 677 quo
1580 608 1875 664 simulacra
1910 610 2089 678 genti-

492 702 627 759 tium
667 701 719 754 in
752 699 989 769 praedam
1019 698 1311 759 beSIiarum
1354 708 1409 754 et
1433 699 1803 767 juutentorum
1838 700 2084 770 exposita

494 793 608 849 sint
663 809 680 848 :
743 793 839 847 sed
890 807 999 862 quo
1060 792 1249 861 religio
1301 792 1586 847 nationum
1632 793 1925 849 simulacra
1977 794 2091 851 sint

495 882 794 941 bestiarum
861 892 916 938 et
943 883 1229 941 brutorum
1262 884 1647 953 animantium,
1687 899 1809 955 quae
1849 887 2089 943 maxime

495 976 546 1028 in
579 974 814 1046 :Egypto
845 975 1031 1031 divino
1062 976 1232 1032 cultui
1260 985 1579 1033 consecrata
1610 986 1759 1039 sunt.
1791 975 1867 1032 De
1888 977 2087 1047 quibus

496 1071 751 1142 Virgilius
788 1073 1035 1143 (Eneid.
1072 1089 1193 1142 vttt,
1236 1073 1362 1141 698)
1406 1092 1420 1128 :

550 1215 986 1281 Omnigenumque
1007 1211 1154 1266 deuin
1179 1222 1414 1277 monstra,
1445 1221 1495 1264 et
1528 1214 1735 1264 latrator
1778 1214 1986 1265 Anubis.

558 1342 699 1399 Nam
740 1353 794 1397 et
827 1343 1081 1414 pleraque
1120 1343 1319 1413 oppida
1352 1357 1538 1397 eorum
1581 1358 1649 1397 ex
1681 1340 1874 1397 bestiis
1911 1348 1965 1395 et
1990 1340 2083 1410 ju-

492 1436 693 1489 mentis
726 1436 926 1488 habent
962 1434 1203 1507 nomine,
1238 1432 1417 1487 κυνῶν
1443 1450 1473 1488 tt
1500 1449 1650 1500 cane,
1676 1432 1812 1486 λέων
1836 1446 1864 1484 a
1894 1430 2040 1487 leone
2065 1464 2082 1502 ε

489 1524 684 1594 Θμοῦῖς
726 1525 903 1594 lingua
940 1523 1194 1595 Egyptia
1230 1525 1297 1578 ab
1337 1523 1512 1583 hirco.
1552 1523 1733 1576 λύκων
1766 1538 1795 1578 a
1838 1523 1981 1591 lupo,
2025 1530 2083 1575 ut

492 1627 696 1671 taceam
730 1618 796 1668 de
818 1615 1172 1673 formidolosa
1204 1626 1258 1672 et
1290 1615 1536 1673 horribili
1567 1630 1718 1686 cepe,
1754 1624 1806 1672 et
1832 1617 2038 1684 crepitu
2066 1614 2082 1643 ¹

488 1707 694 1761 ventris
731 1706 927 1771 inﬂati,
963 1724 1084 1777 quin
1125 1708 1400 1767 Pelusiaca
1440 1707 1629 1776 religio
1667 1719 1774 1765 ὕει.
1809 1706 1953 1773 llaec,
1997 1706 2081 1761 iu-

486 1798 626 1864 quit,
656 1798 950 1855 simulacra
984 1814 1105 1868 qua:
1133 1816 1237 1854 tton
1274 1808 1509 1869 possunt
1536 1797 1747 1857 salvare
1780 1808 2076 1865 portantes,

2192 609 2581 678 conjunctione
2611 611 2754 669 servi
2778 619 2837 666 et
2859 611 3011 681 pueri
3035 620 3088 667 et
3119 609 3279 665 electi
3304 609 3358 664 in
3386 608 3797 679 sugillationem

2189 702 2371 770 populi
2423 702 2529 763 dici
2573 718 2737 772 supra
2779 703 3135 777 exposuimus
3182 720 3199 758 :
3252 702 3349 758 sed
3387 702 3561 759 multo
3605 701 3798 767 vilius,

2187 793 2382 850 domus
2405 791 2600 859 Iacob,
2632 804 2686 850 et
2716 794 2981 867 reliquias
3013 793 3206 862 Israel,
3228 795 3297 849 oh
3323 794 3798 863 propinquitatem

2188 885 2371 945 carnis
2425 894 2479 938 et
2533 884 2838 952 sanguinis,
2892 891 2947 939 et
2993 884 3151 954 quasi
3211 883 3371 941 faces
3430 883 3797 952 reliquiarum

2189 976 2379 1036 Israel.
2408 977 2679 1046 Docetque
2716 992 2812 1034 eos
2841 978 3015 1033 instar
3054 990 3347 1047 puerorum
3384 985 3549 1047 atque
3580 975 3800 1030 lacten-

2190 1068 2346 1136 tium,
2397 1070 2471 1124 ita
2514 1085 2546 1125 a
2604 1070 2734 1135 Deo,
2783 1068 2938 1140 quasi
2999 1071 3190 1125 matris
3243 1078 3425 1135 utero,
3508 1078 3565 1123 et
3626 1068 3795 1122 vulva

2189 1162 2544 1231 praagnantis,
2576 1178 2641 1218 es
2678 1161 2915 1234 Egypto
2940 1177 3066 1218 esse
3095 1170 3362 1231 portatos.
3398 1158 3512 1215 Non
3539 1159 3800 1214 inerrabi-

2188 1251 2257 1307 lis
2297 1251 2460 1328 546
2499 1251 2593 1309 Dei
2631 1252 3316 1323 incomprehensibilisque
3352 1252 3638 1321 maiestas,
3697 1238 3798 1306 aut

2189 1354 2403 1401 uterum
2429 1343 2647 1411 habeat,
2676 1353 2769 1399 aut
2800 1343 3041 1408 vulvam,
3079 1342 3373 1412 pedesque,
3404 1352 3457 1396 et
3488 1358 3719 1405 manus,
3741 1352 3797 1396 et

2187 1446 2378 1491 cratera
2412 1436 2659 1504 corporis
2691 1437 2977 1502 membra;
3015 1436 3108 1490 sed
3139 1451 3248 1507 quo
3284 1450 3384 1490 nos
3417 1433 3671 1489 allectum
3698 1435 3793 1490 Dei

2186 1542 2284 1599 per
2305 1537 2493 1583 nostra
2521 1528 2681 1584 verba
2713 1529 3011 1585 discamus.
3036 1528 3292 1598 Alioquin
3325 1539 3379 1581 et
3406 1528 3460 1580 in
3486 1528 3793 1583 centesimo

2188 1633 2335 1677 nono
2356 1617 2571 1675 Psalmo
2592 1634 2656 1673 ex
2684 1633 2915 1688 persona
2948 1618 3042 1673 Dei
3069 1620 3170 1673 hoc
3198 1618 3337 1673 idem
3361 1619 3603 1673 canitur.
3625 1618 3689 1673 lu
3716 1633 3789 1673 eo

2186 1710 2330 1767 enim
2368 1710 2487 1767 loco
2526 1710 2615 1765 ubi
2658 1708 3013 1782 Septuaginta
3053 1710 3467 1774 transtulerunt,
3512 1708 3597 1763 Ea:
3634 1722 3789 1769 utero

2187 1809 2310 1855 ante
2343 1801 2626 1871 luciferum
2655 1804 2815 1875 genui
2848 1813 2918 1869 te,
2958 1803 3012 1859 in
3048 1803 3275 1857 Hebraeo
3304 1803 3565 1871 scriptum
3601 1803 3787 1870 habet,

488 1888 620 1942 lt'llil
651 1899 776 1944 sunt
801 1890 948 1945 aliud
984 1891 1083 1945 nisi
1111 1905 1276 1947 onera
1306 1891 1677 1957 sacerdotum,
1714 1888 1874 1961 545
1899 1888 2080 1959 depri-
2112 1912 2156 1967 Β
2185 1911 2433 1951 unusnon
2479 1906 2656 1958 nrt-tn
2711 1896 2853 1967 quod
2912 1896 3323 1965 interpretatur,
3382 1896 3446 1948 de
3505 1895 3684 1949 vulva.
3731 1895 3786 1949 ln

488 1981 691 2037 meutia
724 1996 819 2036 eos
847 1995 1016 2050 usque
1042 1982 1109 2035 ad
1144 1982 1543 2039 lassitudinem.
1581 1980 1710 2050 Quae
1743 1996 1865 2038 cum
1897 1982 2072 2050 capti-

487 2072 627 2127 vitas
650 2072 884 2138 venerit,
908 2087 1007 2143 pro
1027 2074 1204 2141 pretio
1232 2073 1599 2139 metallorum,
1626 2075 1689 2128 de
1710 2074 1905 2145 quibus
1930 2073 2074 2131 farta

486 2173 637 2229 sunt,
670 2165 944 2223 ducuntur
969 2166 1143 2235 prima
1174 2166 1411 2235 captiva,
1437 2176 1489 2221 et
1513 2166 1747 2223 animam
1782 2181 1935 2222 suam
1962 2167 2078 2225 sive

486 2259 853 2328 portantium,
882 2261 1115 2318 liberare
1158 2277 1262 2316 non
1308 2275 1551 2333 possunt.
1606 2262 1723 2317 Non
1766 2278 1874 2333 quo
1926 2272 2077 2319 muta

481 2352 779 2409 simulacra
809 2354 1050 2411 habeant
1074 2356 1310 2409 animant
1339 2366 1393 2410 et
1416 2357 1652 2426 aliquem
1683 2371 1906 2413 sensum
1930 2354 2078 2413 dolo—

485 2445 585 2513 ris,
618 2462 737 2517 qua
773 2447 1112 2504 insensibilia
1149 2460 1315 2508 sunt;
1345 2452 1438 2504 sed
1476 2466 1593 2520 quo.
1616 2451 2079 2523 καταχρηστικῶς

483 2547 712 2595 vocetur
741 2538 945 2604 anima,
987 2549 1038 2593 et
1072 2540 1316 2594 membra
1353 2556 1541 2596 earum
1579 2558 1761 2597 rerum
1798 2557 1917 2615 qua:
1955 2542 2080 2598 abs-

480 2644 587 2701 que
618 2644 783 2687 aensu
817 2639 873 2685 et
905 2630 1166 2686 membris
1196 2640 1344 2686 sunt.
1379 2632 1629 2702 Alioquin
1665 2641 1722 2688 et
1757 2634 1811 2689 in
1843 2635 2075 2690 Prover-

480 2723 587 2779 biis
617 2722 817 2791 legitur
854 2740 868 2779 :
904 2720 973 2777 In
1000 2740 1160 2794 manu
1189 2723 1405 2794 lingua),
1427 2741 1570 2780 mors
1605 2734 1652 2779 et
1684 2728 1814 2781 vita.
1846 2727 1942 2783 Vel
1974 2729 2077 2783 hoc

484 2812 826 2877 dicendum,
882 2814 1031 2883 quod
1084 2816 1463 2887 gravissimum
1517 2832 1656 2875 onus
1716 2818 1772 2871 in
1825 2819 2080 2892 gentibus

479 2918 636 2961 error
666 2904 833 2960 fuerit
860 2905 1207 2971 idololatriae,
1237 2922 1359 2977 quae
1387 2908 1626 2964 cultores
1652 2924 1779 2969 suos
1810 2911 2079 2979 deprime-

481 2997 572 3055 bat
623 2996 692 3052 ad
748 3008 973 3064 terram.
1019 3009 1075 3057 et
1122 2999 1339 3055 salvere
1387 3016 1493 3057 non
1539 3012 1776 3073 poterat,
1837 3007 2078 3063 animas-

477 3104 583 3163 que
633 3106 821 3148 eorum
880 3090 1113 3151 faciebat
1170 3092 1386 3151 diabolo
1450 3103 1503 3152 et
1560 3096 1899 3155 daemonibus
1953 3113 2077 3159 esse

477 3195 746 3253 captivas.

551 3274 730 3342 (Vers.
768 3275 820 3343 1,
860 3276 895 3332 5
924 3280 1106 3349 seqq.)
1148 3296 1167 3329 ι
1215 3278 1416 3335 Audite
1446 3295 1556 3347 me,
1585 3282 1780 3339 domus
1805 3281 1998 3351 Jacob,
2026 3295 2083 3345 et

480 3383 643 3427 omne
674 3371 953 3425 residuum
988 3371 1184 3429 domus
1215 3372 1404 3441 Israel.
1442 3376 1535 3445 qui
1570 3377 1863 3444 portamini
1894 3392 1926 3435 a
1960 3394 2082 3441 meo

480 3471 656 3527 utero,
690 3462 779 3530 qui
807 3464 1091 3532 gestamlui
1121 3480 1152 3518 a
1179 3480 1295 3520 mea
1339 3465 1521 3523 vulva.
1546 3466 1730 3537 Usque
1777 3469 1847 3524 ad
1891 3484 2082 3525 senec-v

479 3566 623 3619 ctam
650 3570 750 3625 ego
783 3554 920 3625 ipse,
949 3565 1006 3612 et
1034 3572 1204 3627 usque
1232 3559 1298 3611 ad
1324 3573 1494 3614 canos
1527 3573 1626 3628 ego
1658 3560 1888 3631 portabo
1926 3576 1942 3615 :
1977 3575 2081 3630 ego

476 3645 602 3716 l‘eci,
622 3656 677 3711 et
704 3663 803 3719 ego
820 3646 991 3704 feram
1025 3666 1039 3703 ε
1069 3663 1167 3719 ego
1201 3649 1450 3718 portabo,
1479 3659 1534 3709 et
1552 3650 1794 3711 salvabo.
1827 3649 1922 3707 Cui
1943 3651 2083 3709 assi-

478 3740 712 3797 milastis
741 3755 849 3808 me,
881 3750 935 3797 et
983 3741 1314 3812 adequastis
1363 3753 1417 3803 et
1463 3746 1827 3816 comparastis.
1871 3760 1981 3812 me,
2026 3758 2082 3805 et

477 3836 685 3893 fecistis
711 3836 948 3911 similem
971 3836 993 3892 ἲ
1016 3836 1121 3905 Qui
1146 3838 1412 3899 confertis
1432 3854 1626 3897 aurum
1655 3840 1726 3897 de
1749 3841 1994 3907 sacculo,
2024 3836 2081 3896 ei

477 3948 505 3982 ει
517 3937 768 3999 rgentum
793 3937 996 3987 statera
1016 3930 1351 4000 pandentis,
1376 3933 1748 3991 conducentea
1769 3933 2079 4005 auriﬁcem,

477 4033 539 4079 ut
570 4022 734 4083 faciat
766 4021 936 4077 Deum
976 4039 990 4079 :
1030 4031 1086 4079 et
1114 4023 1407 4093 procidunt
1442 4035 1500 4085 et
1534 4026 1788 4089 adorant.
1848 4021 2077 4082 Portant

477 4098 625 4171 illum
676 4115 731 4172 in
782 4115 1052 4181 humeris,
1103 4125 1383 4185 gestantes
1427 4126 1483 4177 et
1533 4126 1797 4185 ponentes
1849 4116 1904 4171 in
1954 4116 2076 4173 loco

476 4219 599 4269 suo,
629 4214 683 4259 et
711 4203 901 4274 stabit,
932 4218 998 4260 ac
1029 4205 1097 4261 de
1125 4204 1244 4258 loco
1272 4219 1376 4271 suo
1429 4218 1535 4259 non
1591 4202 1915 4261 movebitur.
1968 4204 2075 4259 Sed

476 4313 603 4357 cum
634 4298 992 4354 clamaverit»
1020 4297 1090 4351 ad
1120 4311 1270 4365 eum,
1298 4310 1404 4357 non
1443 4296 1630 4361 audiet
1676 4312 1695 4350 :
1738 4297 1804 4353 de
1851 4295 2075 4361 tribula-

477 4390 625 4449 tione
672 4404 784 4449 uon
836 4388 1235 4453 salvabiteos.
1294 4405 1313 4440 ι
1376 4386 1519 4445 LXX
1573 4406 1587 4442 :
1646 4408 1667 4441 ι
1712 4388 1908 4444 Audite
1960 4402 2075 4455 me,

475 4482 669 4539 domus
702 4480 895 4545 Iacob,
929 4490 982 4539 et
1017 4494 1209 4541 omnes
1245 4479 1483 4549 reliquie
1523 4480 1691 4536 Israel
1737 4479 1827 4551 qui
1888 4490 2072 4550 porta-

2184 1986 2597 2055 praesentiarum
2632 2002 2760 2043 vero
2788 2003 2895 2042 non
2927 1986 3097 2040 solum
3124 1986 3191 2041 de
3221 1996 3372 2039 utero
3442 1996 3498 2040 et
3527 1985 3597 2039 de
3622 1986 3787 2039 vulva

2180 2078 2444 2151 scriptum
2498 2089 2603 2143 est,
2644 2079 2743 2133 hoc
2786 2088 2893 2142 est,
2938 2093 3184 2137 uenerem
3235 2084 3397 2163 pem
3436 2085 3490 2131 et
3529 2092 3788 2130 neuneu

2180 2179 2390 2237 DlT'tD,
2425 2170 2520 2225 sed
2571 2186 2732 2227 usam
2792 2180 2893 2230 ut:
2954 2184 3075 2240 quae
3138 2169 3448 2241 praepositio
3505 2168 3785 2237 signiﬁcat

2178 2281 2245 2323 ex
2271 2280 2384 2324 meo
2419 2273 2594 2332 utero,
2617 2266 2731 2320 sive
2758 2280 2822 2317 ex
2846 2280 2961 2318 mea
2989 2262 3161 2318 vulva.
3194 2262 3259 2316 Et
3291 2270 3378 2317 est
3404 2275 3605 2317 sensus
3639 2279 3653 2314 :
3680 2262 3785 2325 Qui

2180 2372 2280 2416 vos
2336 2356 2499 2427 genui
2561 2359 2627 2414 ab
2683 2355 2937 2424 infantia,
3002 2366 3058 2411 et
3119 2370 3240 2409 meo
3296 2363 3453 2409 utero
3510 2354 3789 2431 vulvaque

2179 2450 2411 2522 gestavi,
2452 2449 2567 2517 ipse
2601 2462 2772 2517 usque
2819 2449 2887 2504 ad
2926 2454 3265 2503 senectutem
3306 2455 3616 2516 protegam,
3677 2463 3785 2501 non

2182 2556 2383 2609 meam,
2411 2541 2505 2599 sed
2545 2550 2804 2605 vestram,
2832 2550 2891 2594 ut
2911 2554 3005 2597 eos
3037 2540 3231 2597 doceat
3254 2538 3441 2593 divina
3475 2537 3788 2592 misericor-

2181 2635 2269 2695 dia
2317 2649 2442 2693 csse
2486 2634 2799 2693 salvandos.
2852 2631 3085 2689 Creator
3130 2633 3273 2688 enim
3318 2631 3561 2687 omnium
3611 2631 3788 2702 parcit

2180 2735 2455 2799 Creaturze
2479 2740 2612 2790 suae,
2648 2735 2703 2780 et
2735 2735 2922 2796 pastor
2963 2725 3135 2779 bonus
3167 2722 3321 2794 ponit
3350 2720 3590 2775 animam
3629 2736 3785 2774 suam

2180 2835 2281 2893 pro
2319 2819 2516 2877 ovibus
2553 2802 2669 2875 suis
2702 2816 2885 2885 (Joan.
2931 2815 3010 2888 ι).
3048 2816 3151 2882 Qui
3192 2826 3369 2869 autem
3412 2813 3788 2883 mercenarius

2179 2922 2283 2983 est,
2311 2911 2467 2979 cujus
2498 2925 2604 2969 non
2634 2919 2765 2965 sunt
2796 2924 2951 2975 oves,
2984 2924 3108 2964 cum
3143 2907 3341 2969 viderit
3370 2894 3583 2977 lupum,
3617 2894 3782 2974 fugit.

2180 3001 2317 3073 Quia
2353 3000 2518 3079 igitur
2547 2986 2647 3057 feci
2681 3012 2735 3056 et
2769 3000 2930 3072 genui
2969 2997 3189 3063 liberos,
3228 3012 3327 3068 ego
3364 2996 3535 3053 feram
3572 3008 3627 3049 et
3669 2997 3788 3065 ipse

2180 3094 2429 3165 portabo.
2452 3092 2614 3150 Juxta
2652 3092 3005 3163 Septuaginta
3046 3090 3138 3161 qui
3174 3092 3430 3145 dixerunt
3466 3104 3479 3143 :
3516 3087 3624 3154 Qui
3655 3105 3787 3156 por-

2185 3187 2377 3247 taurini
2403 3202 2471 3241 ea:
2500 3195 2675 3252 utero,
2711 3196 2762 3243 et
2797 3185 3089 3263 erudimt’ni
3120 3184 3187 3238 ab
3228 3184 3464 3251 infantia
3500 3200 3669 3252 usque
3711 3185 3782 3235 ad

2108 3250 2155 3311 θ
2183 3289 2526 3347 senectutem.
2560 3250 2670 3341 hoc
2698 3260 2992 3350 significat,
3027 3278 3170 3350 quod
3209 3250 3412 3332 frustra
3444 3250 3620 3344 legem
3674 3274 3783 3350 'Dei

2184 3372 2271 3429 die
2300 3388 2364 3430 ac
2392 3382 2555 3430 nocte
2579 3373 2935 3438 meditemur,
2958 3386 3065 3424 non
3095 3370 3354 3427 habentes
3383 3368 3638 3422 notitiam
3663 3364 3782 3430 Dei,

2183 3465 2278 3521 sed
2320 3464 2603 3521 hominum
2636 3479 2702 3521 ac
2735 3448 3035 3521 bestiarum
3070 3462 3365 3519 simulacra
3400 3472 3728 3515 venerantes
3761 3478 3777 3514 :

2184 3557 2449 3615 intentum
2498 3562 2555 3610 ut
2595 3557 2942 3626 correptione
2983 3556 3264 3625 indigeant
3312 3551 3639 3625 prophetali,
3686 3567 3782 3622 per

2181 3664 2346 3719 quam
2379 3649 2619 3719 loquitur
2648 3650 2713 3704 ad
2745 3664 2838 3705 eos
2866 3650 3005 3705 Deus
3039 3664 3054 3703 :
3095 3647 3195 3711 Cui
3225 3646 3568 3703 asaimilastis
3602 3661 3683 3698 me
3730 3656 3781 3697 et

2179 3738 2550 3808 adaequatus?
2580 3748 2634 3795 et
2665 3739 2874 3809 reliqua
2915 3758 2930 3796 :
2972 3730 3123 3810 quod
3152 3728 3343 3796 aurum
3381 3747 3784 3811 argentumque

2180 3833 2542 3900 contulerint,
2572 3840 2628 3888 et
2657 3832 2927 3889 conducto
2961 3832 3229 3891 statuario
3265 3831 3491 3888 fecerint
3521 3830 3693 3897 idola,
3720 3841 3778 3885 et

2180 3925 2532 3981 adoraverint
2559 3939 2721 3993 opera
2760 3940 3016 3980 manuum
3050 3938 3298 3986 suarum.
3338 3938 3458 3994 qua:
3492 3931 3786 3992 portentur

2180 4016 2447 4081 humeris,
2487 4023 2541 4077 et
2574 4015 2789 4075 conﬁxa
2825 4026 2986 4086 atque
3021 4014 3266 4072 stabilita
3301 4028 3361 4068 se
3406 4029 3510 4071 non
3556 4014 3779 4068 valeant

2181 4121 2557 4179 commovere,
2600 4122 2705 4165 nec,
2751 4109 3011 4179 prodesse
3064 4107 3148 4161 his
3198 4122 3227 4162 a
3264 4107 3461 4178 quibus
3499 4109 3781 4161 eoluntur.

2181 4188 2468 4255 Manifesta
2528 4202 2974 4267 transcurrimus,
3033 4210 3091 4254 ut
3144 4199 3350 4257 Christi
3400 4198 3785 4253 misericordia

2176 4289 2363 4351 clausa
2396 4306 2724 4349 reseramus.
2806 4278 2813 4284 ’
3080 4364 3081 4369 η

2246 4381 2430 4453 (Vers.
2453 4384 2486 4443 8
2516 4385 2694 4456 seqq.)
2724 4404 2740 4436 ι
2762 4382 3085 4439 Mementote
3109 4385 3271 4451 istud,
3290 4392 3345 4439 et
3366 4382 3693 4448 futtdamini,
3723 4396 3783 4441 et

2174 4478 2370 4545 redite,
2404 4478 2874 4550 praevaricatores,
2907 4479 2971 4531 ad
3003 4494 3118 4532 cor.
3150 4476 3534 4532 Recordanﬁni
3570 4479 3782 4545 prioris

476 4573 611 4629 mini
655 4576 721 4631 de
764 4581 938 4639 utero,
984 4581 1042 4627 et
1076 4571 1374 4628 cruditttitti
1414 4586 1448 4625 a
1488 4572 1713 4640 parvulo
1772 4586 1945 4642 usque
1997 4573 2067 4631 ad
2097 4558 2659 4651 D.s.'cculi,quouiam
2680 4585 2777 4640 ego
2796 4586 2915 4625 sum
2936 4569 3098 4633 Deus,
3127 4580 3310 4623 etnon
3336 4576 3418 4622 est
3445 4568 3585 4622 ultra
3610 4568 3783 4633 Deus,

474 4676 837 4725 senectutem.
861 4665 974 4735 Ego
1004 4681 1146 4727 sunt.
1179 4675 1233 4721 et
1252 4664 1427 4721 donec
1449 4665 1752 4721 senescatis
1781 4679 1881 4732 ego
1904 4680 2023 4721 sum
2048 4682 2066 4719 ι

472 4775 573 4831 ego
617 4760 866 4819 sustineo
903 4773 996 4819 vos
1040 4775 1057 4812 :
1101 4771 1201 4828 ego
1242 4757 1371 4820 feci,
1413 4766 1470 4813 et
1503 4772 1607 4829 ego
1639 4757 1865 4826 portabo
1903 4773 1916 4809 :
1967 4770 2069 4826 ego

2176 4681 2279 4723 nec
2315 4676 2399 4722 est
2437 4665 2635 4721 similis
2670 4666 2798 4721 mei.
2840 4654 3199 4719 Annuntians
3223 4664 3290 4715 ab
3329 4662 3557 4718 exordio
3594 4667 3785 4717 novis-

2176 4758 2337 4825 sine,
2369 4764 2426 4810 et
2459 4758 2528 4813 ab
2567 4756 2721 4811 initio
2751 4771 2870 4826 quae
2908 4756 3133 4810 necdum
3172 4755 3313 4809 facta
3354 4766 3505 4822 sunt,
3536 4756 3727 4811 dicens
3764 4780 3779 4815 :

470 4851 767 4919 suscipiam
826 4860 880 4907 et
931 4849 1111 4905 salvos
1179 4864 1274 4906 vos
1320 4849 1532 4905 faciam.
1577 4848 1674 4904 Cui
1725 4849 2069 4907 assimilastis
2169 4849 2475 4909 Consilium
2501 4864 2681 4904 nteum
2711 4848 2896 4915 stabit,
2930 4858 2985 4903 ct
3011 4849 3191 4903 omnis
3226 4849 3477 4925 voluntas
3511 4864 3635 4901 mea
3662 4848 3781 4903 ﬁet.

474 4945 605 5005 tuo?
666 4943 877 5008 Videte,
933 4942 1238 5012 eacogitate
1291 4943 1385 5011 qui
1439 4944 1635 4997 erratis
1692 4953 1745 4997 et
1802 4942 2068 4998 confertis

478 5050 674 5091 aurum
712 5036 779 5090 de
801 5034 1044 5099 sacculo,
1076 5042 1132 5088 et
1159 5047 1443 5104 argentum
1474 5034 1528 5088 in
1567 5042 1774 5087 statera
1811 5033 2067 5104 appendi-

476 5130 570 5191 tis,
589 5138 644 5183 et
664 5127 977 5189 conducitis
997 5126 1278 5183 auriﬁcem
1306 5144 1316 5178 :
1339 5124 1583 5181 fecerunt
1618 5139 1784 5196 Opera
1807 5142 2065 5183 manuum

478 5229 539 5273 et
560 5221 928 5281 ademerunt
957 5237 969 5274 :
1000 5228 1223 5290 portant
1244 5218 1373 5275 illud
1398 5218 1447 5271 in
1478 5217 1741 5280 humeris,
1761 5226 1819 5283 et,
1843 5220 2063 5277 vadunt.

475 5312 532 5363 Si
567 5312 1064 5382 autemposuerint
1093 5310 1226 5367 illud
1260 5311 1311 5364 in
1341 5311 1461 5365 loco
1486 5326 1609 5372 suo,
1647 5320 1850 5377 manet,
1878 5323 1932 5365 et
1956 5328 2064 5368 nou

476 5403 787 5465 movebitur
826 5422 839 5456 :
870 5414 924 5459 et
949 5402 1395 5475 qui'clamaverit
1423 5403 1488 5457 ad
1531 5402 1681 5469 illud,
1716 5418 1825 5457 non
1856 5403 2063 5469 audiet,

474 5507 533 5551 et
562 5496 631 5553 de
666 5497 825 5559 malis
858 5510 966 5551 non
1000 5496 1258 5557 liberabit
1287 5510 1433 5550 eum.
1474 5515 1492 5547 ι
1537 5496 1887 5566 Nequaquam
1937 5514 2063 5553 eum

552 5652 567 5685 ί
598 5653 714 5708 “HC
748 5653 1028 5708 referenda
1063 5666 1187 5707 sunt
1218 5653 1437 5710 Minucii
1463 5655 1660 5710 Felicis
1689 5657 1850 5712 verba
1877 5657 1925 5712 iu
1958 5659 2061 5716 Oc-

478 5725 643 5788 tario,
670 5740 735 5797 Ac.-
757 5724 829 5779 28
858 5741 871 5779 ε
912 5744 929 5779 t
969 5725 1135 5797 iidem
1160 5724 1546 5797 @gt'ptiicum
1580 5730 1855 5797 plerisque
1882 5733 2058 5786 vobis-

479 5812 602 5847 cum
626 5795 699 5863 .(l'.
731 5806 972 5849 vestrum
1000 5793 1056 5866 id,
1075 5805 1150 5847 eat
1177 5793 1462 5861 Romanis)
1493 5793 1599 5851 non
1635 5793 1807 5865 magis
1834 5796 2056 5866 Isidem,

482 5881 643 5935 qtam
671 5880 925 5934 ceparum
950 5865 1281 5921 acrimonias
1304 5877 1571 5923 metuunt.
1602 5867 1713 5923 Nec
1741 5865 2057 5942 Serapidem

2182 4946 2395 5003 Vocans
2455 4946 2524 5002 ab
2584 4945 2805 5001 Oriente
2850 4960 3027 5011 avem,
3075 4953 3130 4999 ct
3176 4943 3245 4997 de
3287 4954 3430 4997 terra
3475 4942 3783 5015 longinqua

2176 5040 2352 5097 virum
2380 5039 2677 5096 voluntatis
2706 5054 2841 5097 mezc
2864 5055 2882 5106 ί
2909 5049 2964 5093 et
2990 5039 3201 5115 locutus
3228 5053 3372 5107 sum,
3413 5047 3469 5092 et
3502 5038 3783 5092 adducam

2176 5135 2329 5199 illud,
2364 5135 2549 5207 ereavi
2583 5146 2641 5191 et
2678 5133 2873 5190 faciam
2904 5130 3289 5209 illud.+LXX
3325 5150 3339 5186 :
3383 5151 3401 5183 ι
3438 5132 3787 5190 Mementote

2174 5228 2391 5292 horum,
2451 5214 2507 5282 εἰ
2558 5226 2903 5303 iugentiscite
2967 5245 2983 5282 :
3040 5226 3185 5305 agite
3241 5224 3619 5295 pmnitentiatn
3684 5231 3782 5295 qui

2173 5322 2394 5375 erratis.
2437 5320 2794 5377 llevertimini
2836 5321 3022 5387 corde,
3062 5331 3118 5375 et
3150 5331 3507 5383 mementote
3522 5320 3780 5389 priorum

2176 5428 2207 5467 a
2264 5412 2463 5485 saeculo
2521 5429 2536 5466 :
2590 5415 2850 5482 quoniam
2892 5429 2991 5483 ego
3046 5430 3167 5468 sum
3216 5411 3379 5474 Deus,
3432 5422 3486 5465 et
3528 5427 3640 5465 neu
3694 5424 3784 5466 est

2175 5503 2337 5577 567
2374 5508 2516 5563 ultra
2553 5516 2747 5575 praeter
2780 5523 2890 5569 me.
2929 5508 3031 5576 Qui
3073 5506 3341 5563 annuntio
3376 5508 3528 5577 prius
3581 5508 3781 5561 novis-

2176 5663 2348 5734 magis
2376 5681 2538 5736 quam
2571 5665 2837 5736 strepitus
2869 5682 2962 5735 per
2987 5660 3232 5734 pudenda
3268 5670 3509 5734 corporis
3535 5680 3774 5732 expres-

2173 5751 2262 5808 sos
2310 5735 2654 5808 tremiscunt.
2684 5757 2702 5790 ι
2763 5739 3049 5808 'l‘heoph'tl.
3098 5741 3165 5808 ad
3202 5737 3536 5804 Autoliwm,
3589 5737 3697 5799 lib.
3728 5753 3772 5806 ι,

2173 5806 2338 5875 ﬁxos;
2369 5805 2656 5878 αἰσχύνης,
2689 5825 2844 5862 sonos
2870 5804 3240 5878 turpitudinis,
3272 5817 3448 5867 vocnt.
