3952 6180
482 381 584 449 471

1645 386 1708 447 8.
1751 386 2062 448 EUSEBII
2108 388 2553 453 HIERONYMI

3633 387 3743 452 472

478 509 571 558 eat
628 498 684 555 in
721 509 1009 557 aeternum.
1041 500 1247 557 Dicitur
1288 517 1422 573 ergo
1468 501 1728 575 Babyloni
1768 505 1967 573 reginae
2000 512 2057 559 et
2086 510 2133 566 A
2161 506 2422 578 bylonem,
2446 517 2494 562 et
2521 522 2625 561 non
2652 517 2724 561 est
2746 514 2957 561 curata.
2979 504 3134 574 Quod
3158 513 3343 564 autem
3377 503 3736 576 Septuaginta

484 593 606 647 ﬁliai
649 593 1026 657 Chaldaeorum
1087 580 1141 663 (ιι
1198 594 1465 650 Chaldaeis
1510 596 1657 650 enim
1700 597 1919 651 condita
1945 596 2053 665 est)

480 691 625 759 quod
658 705 1003 760 nequaquam
1049 690 1189 746 ultra
1236 702 1459 746 vocetur
1500 692 1677 753 mollis
1708 702 1762 747 et
1797 704 1977 748 tenera
2004 701 2061 747 et

480 780 688 834 deliciis
718 778 969 847 aillueus,
1000 795 1123 850 qua:
1151 795 1473 855 cunctarum
1510 783 1758 851 gentium
1802 783 2059 839 manibus

481 870 828 941 portabatur,
868 873 942 926 ita
976 880 1034 927 ut
1077 880 1241 929 terra:
1288 873 1504 944 plantas
1536 874 1626 929 vix
1676 875 2055 945 imprimeret:

480 962 896 1031 praecipiturque
940 964 990 1018 ei
1050 974 1109 1018 ut
1160 964 1315 1019 tollat
1367 963 1588 1032 molam,
1625 975 1683 1022 et
1716 966 1880 1021 molat
1929 965 2061 1021 fari-

480 1067 628 1119 nam,
660 1055 804 1122 quod
851 1063 935 1109 est
983 1044 1318 1124 captivitatis
1375 1065 1431 1110 et
1480 1065 1740 1111 extremas
1780 1057 2060 1114 servitutis

481 1142 875 1208 indicium;ut
921 1162 1041 1215 quae
1090 1148 1362 1215 quondam
1396 1148 1582 1215 regina
1630 1146 1832 1213 fuerat,
1870 1157 2058 1219 postea

480 1236 744 1291 molendae
785 1238 978 1294 farinae
1003 1238 1156 1307 operi
1191 1240 1418 1295 serviat.
1456 1238 1564 1295 Sed
1598 1240 1727 1309 quia
1763 1241 2057 1307 sequitur:

485 1324 712 1380 Denuda
748 1329 1127 1396 turpitudinem
1161 1339 1330 1393 tuam,
1353 1330 1518 1385 etiam
1553 1330 1692 1385 mola
1722 1331 1789 1384 ab
1815 1330 2061 1388 Hebraeis

494 1419 798 1490 ﬁguraliter
844 1420 1187 1492 intelligitur,
1233 1424 1376 1491 quod
1429 1423 1664 1487 scilicet,
1712 1422 1785 1477 in
1853 1438 2060 1480 morem

483 1512 674 1577 scorti,
716 1514 958 1568 virorum
1036 1514 1252 1570 libidini
1300 1524 1505 1584 pateat.
1542 1516 1790 1585 illudque
1829 1510 1977 1587 quod
2007 1519 2060 1573 in

480 1600 737 1661 Iudicum
775 1607 914 1665 lihro
942 1608 1007 1660 de
1038 1604 1266 1662 Samson
1301 1606 1565 1673 scribitur
1597 1606 1799 1676 (ludis.
1843 1610 2061 1677 ιιι),δά

483 1696 682 1751 molam
718 1712 844 1752 eum
894 1714 921 1752 a
977 1696 1312 1754 Philisthiim
1361 1713 1483 1755 esse
1530 1700 1867 1766 damnatum,
1900 1699 2064 1770 550

482 1787 589 1843 hoc
620 1790 932 1859 signiﬁcare
962 1789 1176 1857 volunt,
1210 1791 1354 1861 quod
1390 1805 1489 1859 pro
1526 1790 1713 1847 sobole
1743 1791 2059 1859 robustissi-

483 1896 605 1937 mus
648 1880 663 1912 ³
720 1883 991 1944 virorum,
1026 1881 1129 1937 hoc
1156 1882 1207 1936 in
1255 1882 1557 1954 allaphylas
1588 1884 1844 1938 mulieres
1876 1883 2060 1939 facere

483 1975 557 2029 sit
588 1974 922 2042 compulsus.
963 1974 1019 2029 in
1068 1989 1138 2029 eo
1188 1975 1274 2028 ubi
1322 1990 1419 2029 nos
1459 1976 1796 2041 interpretati
1846 1992 2057 2040 sumus,

482 2063 693 2117 denuda
717 2066 1091 2131 turpitudinem
1118 2074 1287 2125 tuam,
1314 2080 1413 2133 pro
1444 2081 1551 2134 quo
1588 2064 1729 2120 LXX
1761 2066 2057 2122 transtule-

487 2168 635 2224 tunt,
664 2156 835 2212 revela
862 2159 1266 2227 operimentum,
1306 2157 1610 2213 Theodotio
1634 2160 1809 2229 ipsum
1833 2161 2056 2215 verbum

487 2244 812 2304 Hebr-uicum
859 2250 1087 2319 posuit,
1132 2267 1407 2306 SAMTBECB
1468 2252 1717 2334 (111D!)
1748 2255 1809 2318 ’ς
1861 2252 2055 2322 Aquila

486 2358 834 2399 ssuunnecu
861 2362 876 2410 ;
903 2343 1266 2414 Symmachus
1313 2344 1375 2396 τὸ
1429 2345 1709 2414 σιωπηλόν
1739 2361 1831 2397 σου
1866 2364 1877 2400 :
1912 2344 2055 2413 quod

487 2453 588 2491 nos
612 2438 922 2506 exprimere
948 2451 1242 2507 possumus
1273 2437 1690 2493 taciturnitatem
1725 2445 1895 2504 tuam,
1913 2436 2059 2506 quod

491 2533 657 2586 taceri
702 2531 897 2585 debeat
927 2545 1039 2600 pm
1072 2530 1426 2591 verecundia.
1480 2529 1633 2596 Quod
1680 2530 1899 2599 quidem
1929 2529 2057 2584 etin

487 2620 716 2675 Cantico
747 2619 1106 2683 Canticorum
1136 2621 1390 2690 legimus,
1424 2621 1513 2674 ubi
1545 2635 1763 2690 sponsa:
1804 2620 2056 2690 pulchri.

485 2716 616 2767 tudo
669 2712 997 2767 describitur
1033 2732 1046 2767 :
1080 2718 1171 2771 ad
1229 2723 1538 2773 extremum
1578 2712 1748 2769 infert
1798 2733 1815 2769 :
1851 2712 2060 2783 Absque

484 2806 848 2861 taciturnitate
881 2816 973 2859 tua
998 2804 1000 2807 ’
1026 2802 1206 2874 (Cant.
1248 2805 1323 2871 tv)
1362 2822 1379 2858 :
1418 2804 1729 2867 nolentibus
1773 2804 1866 2874 qui
1893 2805 2062 2873 inter-

492 2899 690 2967 pretati
743 2908 873 2953 sunt
922 2898 1222 2953 transferre
1278 2913 1478 2957 nomen
1513 2937 1528 2959 .
1577 2896 1724 2966 quod
1786 2898 1836 2959 in
1868 2905 2059 2955 sancta

488 2991 773 3060 Scriptura
820 3003 1047 3047 sonaret
1094 2990 1508 3059 turpitudinem.
1554 2990 1834 3060 Recteque
1870 3001 2059 3045 contra

489 3081 823 3154 Babylonem
874 3081 1264 3137 inverecundis
1317 3081 1489 3136 utitur
1543 3081 1857 3138 nominibus
1909 3082 2060 3151 (licet

2162 600 2578 663 transtulerunt,
2618 598 2774 666 Quod
2800 599 3009 667 justum
3054 600 3221 654 estde
3263 607 3312 653 te
3353 599 3621 668 auferam,
3649 616 3743 653 ne-

2158 708 2424 763 quaquam
2457 691 2601 745 ultra
2643 679 2850 746 tradam
2888 690 3216 754 hominibus,
3261 691 3588 748 subauditur
3630 689 3738 745 Ba-

2162 785 2404 856 bylonem
2438 801 2457 840 :
2496 784 2581 840 vel
2608 796 2758 840 certe
2784 784 2889 840 hoc
2920 783 3067 853 quod
3095 785 3302 855 justum
3347 792 3453 852 est,
3487 795 3542 839 et
3581 785 3738 839 abla-

2166 888 2279 932 tum
2317 882 2383 932 de
2420 876 2714 949 Babylone.
2752 875 3043 945 Disputant
3093 875 3288 942 Stoici,
3313 876 3477 931 multa
3511 890 3574 931 re
3614 884 3738 931 tur-

2165 973 2276 1040 pia,
2306 986 2471 1041 prava
2508 971 2786 1026 hominum
2816 969 3243 1034 consuetudine,
3280 969 3459 1024 verbis
3499 968 3740 1024 honesta

2162 1076 2322 1130 esse;
2360 1072 2419 1117 ut
2451 1061 2828 1132 parricidium,
2865 1060 3219 1125 adulterium,
3247 1059 3626 1123 homicidium.
3657 1059 3743 1113 in-

2160 1167 2397 1221 cestum,
2440 1164 2497 1210 et
2531 1164 2727 1211 caetera
2766 1153 2849 1209 his
2891 1152 3113 1208 similia.
3154 1150 3498 1219 Rursumque
3530 1166 3592 1207 re
3639 1153 3742 1207 bo-

2162 1259 2317 1304 nesta
2369 1248 2681 1303 noinibus
2708 1246 2876 1301 videri
2904 1245 3117 1314 turpia;
3151 1254 3210 1298 ut
3235 1244 3439 1299 liberos
3475 1259 3740 1312 procrea-

2163 1355 2243 1405 re,
2297 1340 2630 1396 inﬂationem
2690 1340 2899 1395 ventris
2963 1339 3173 1408 crepitu
3222 1337 3491 1406 digerere,
3551 1336 3740 1392 alvum

2164 1432 2409 1489 relevare
2440 1439 2706 1499 stercore,
2738 1430 2977 1486 vesicam
3006 1429 3179 1484 urinae
3203 1427 3466 1482 effusione
3501 1427 3693 1483 laxare
3722 1445 3739 1483 :

2164 1523 2401 1592 denique
2431 1536 2553 1583 non
2600 1535 2762 1591 posse
2814 1535 2934 1585 nos,
2964 1528 3023 1574 ut
3077 1516 3330 1583 dicimus,
3364 1532 3393 1573 a
3426 1523 3552 1571 ruta
3586 1525 3743 1571 rutu-

2162 1614 2291 1675 lam.
2331 1614 2412 1670 sic
2443 1613 2874 1683 ὑποκοριστικδν
2904 1620 3101 1668 mentae
3129 1611 3151 1643 ³
3184 1609 3387 1666 facere.
3415 1608 3577 1681 551
3596 1610 3743 1681 Ergo

2164 1721 2513 1765 ειιιιιιηιιιιειι
2533 1706 2767 1789 (Ῥω),
2783 1707 2927 1775 quod
2946 1690 3142 1776 Aquila
3167 1704 3369 1775 posuit,
3392 1712 3451 1758 ut
3469 1702 3739 1770 diximus,

2164 1797 2403 1854 verenda
2464 1797 2711 1852 mulieris
2764 1796 3127 1867 appellantur.
3181 1793 3349 1864 Cujus
3409 1793 3740 1865 etymologia

2164 1890 2308 1959 apud
2334 1904 2430 1945 eos
2457 1898 2636 1956 sonat,
2667 1888 2857 1959 sitiens
2884 1898 3006 1943 tuus
3030 1904 3050 1954 ;
3080 1894 3141 1942 ut
3182 1885 3510 1956 inexpletam
3559 1885 3741 1956 Baby-

2160 1979 2303 2036 lonis
2326 1980 2531 2036 iudicet
2554 1981 2912 2048 voluptatem.

2233 2069 2463 2140 (VersJ
2487 2070 2669 2141 seqq.)
2702 2068 3068 2138 «Redemptor
3094 2077 3276 2123 noster
3296 2066 3558 2121 Dominus
3573 2079 3738 2119 exer-

2159 2165 2388 2230 cituum,
2420 2177 2614 2219 nomen
2639 2163 2806 2229 illius,
2846 2162 3084 2218 Sanctus
3114 2158 3303 2216 lsrael.
3344 2156 3485 2215 Sede
3520 2165 3759 2223 tacens,

2160 2266 2215 2313 et
2241 2257 2383 2323 intra
2432 2256 2486 2311 in
2518 2256 2797 2321 tenebras,
2844 2254 2952 2310 lilia
2982 2252 3404 2316 Chaldaeorum;
3453 2250 3586 2322 quia
3625 2264 3737 2305 non

2160 2348 2445 2415 vocaberis
2470 2347 2615 2403 ultra
2648 2345 2869 2413 domina
2903 2360 3221 2416 regnorum,
3258 2345 3431 2399 iratus
3478 2357 3606 2399 sum
3639 2358 3737 2398 su-

2160 2456 2279 2511 per.
2314 2440 2573 2510 populum
2628 2454 2859 2504 meum,
2926 2436 3294 2499 contaminavi
3359 2434 3737 2490 bmreditatem

2162 2542 2453 2597 meampet
2482 2532 2604 2590 dedi
2635 2547 2729 2595 eos
2758 2531 2813 2586 in
2842 2547 3006 2586 manu
3032 2541 3162 2597 tua;
3235 2520 3355 2587 non
3380 2528 3615 2607 posuisti
3658 2528 3742 2583 eis

2160 2626 2587 2687 misericordias.
2614 2624 2789 2695 Super
2816 2640 3000 2682 senem
3033 2623 3335 2697 aggravasti
3359 2624 3546 2693 iugum
3574 2631 3732 2676 tuum

2163 2717 2344 2781 valde,
2379 2726 2430 2772 et
2456 2716 2664 2780 dixisti,
2690 2715 2750 2770 In
2779 2716 3173 2785 sempiternum
3211 2730 3307 2770 ero
3342 2714 3602 2779 domina;
3626 2727 3739 2768 non

2162 2809 2389 2878 posuisti
2423 2810 2539 2865 haec
2591 2823 2757 2877 super
2794 2822 2889 2863 cor
2915 2817 3092 2875 tuum,
3127 2822 3305 2876 neque
3360 2805 3650 2861 recordata
3681 2819 3746 2861 es

2164 2902 2444 2963 novissimi
2482 2902 2582 2961 tui,
2612 2919 2632 2954 ο
2661 2900 2800 2957 LXX
2832 2917 2846 2954 :
2872 2919 2891 2952 ι
2923 2901 3064 2956 Dixit
3090 2904 3183 2971 qui
3223 2900 3370 2955 eruit
3395 2908 3449 2952 te
3475 2896 3745 2963 Dominus

2163 2996 2412 3063 sabaoth,
2444 3010 2645 3053 nomen
2695 2995 2839 3064 ejus,
2867 2996 3104 3051 Sanetus
3160 2993 3349 3050 lsrael.
3382 2991 3523 3049 Sede
3585 3006 3745 3045 como

2166 3094 2391 3155 puncta,
2412 3084 2794 3156 ingredere-iu
2836 3086 3113 3150 tenebras,
3143 3084 3252 3147 tilia
3286 3082 3677 3139 Chaldaeorum
3704 3096 3739 3133 ις

489 3177 637 3236 nulla
664 3179 737 3234 sit
776 3177 1074 3245 turpitudo,
1109 3175 1329 3235 humani
1358 3175 1605 3245 corporis
1636 3176 1938 3233 membrum
1965 3189 2056 3229 vo-
2083 3196 2129 3260 c
2164 3191 2510 3247 nequaquam
2540 3178 2683 3234 ultra
2706 3178 2989 3234 vocaberis
3019 3174 3283 3232 fortitudo
3318 3174 3471 3244 regni
3503 3188 3521 3226 :
3556 3174 3741 3228 iratus

488 3284 616 3327 care
636 3270 860 3339 nomine
898 3268 1053 3339 suo),
1080 3269 1166 3329 cui
1196 3266 1585 3337 pracipitur‘ut
1609 3269 1780 3323 nudet
1811 3279 2055 3339 pectora,

448 3360 453 3426 ξ
486 3374 541 3421 οι
564 3377 727 3418 crura
755 3377 820 3419 ac
868 3360 1071 3419 [omina
1108 3361 1340 3427 aperiat,
1372 3369 1429 3419 et
1457 3360 1618 3415 vadat
1667 3360 1723 3415 in
1767 3361 2057 3431 captivita-

450 3453 456 3505 ἕ
488 3468 621 3521 tetu,
644 3457 1009 3525 videaturque
1041 3455 1338 3522 ignominia
1362 3453 1503 3523 ejus.
1529 3463 1587 3508 et
1638 3455 1930 3524 opprobrio
1958 3470 2057 3524 pa-

489 3559 598 3603 teat
626 3550 994 3619 sempiterno.
1034 3546 1102 3601 Et
1145 3545 1249 3602 hoc
1278 3544 1542 3603 Dominus
1573 3544 1781 3601 iecisse
1807 3563 1868 3602 se
1899 3546 2057 3613 dicit,

489 3640 845 3699 utultionem
884 3646 1110 3709 caperet
1136 3637 1204 3692 de
1228 3653 1314 3703 ea,
1348 3653 1469 3707 quae
1502 3637 1768 3707 oppressit
1796 3637 2056 3708 populum

487 3740 757 3805 suumpet
804 3732 1012 3789 nullum
1061 3744 1159 3800 pro
1198 3746 1259 3785 ea
1313 3730 1501 3785 audiat
1557 3739 1921 3799 precatorem,
1963 3729 2057 3799 qui

489 3827 628 3882 iram
663 3822 879 3879 Domini
910 3836 1014 3877 suo
1064 3820 1240 3877 lenire
1276 3830 1509 3878 conetur
1545 3835 1799 3876 occursu.
1842 3820 2061 3889 Signiﬁ-

485 3926 574 3974 cat
624 3924 806 3970 aut’em
858 3913 1115 3984 angelum
1176 3921 1355 3982 gentis
1403 3911 1708 3983 Babylonire
1751 3910 2057 3980 praesidem.

486 4011 581 4079 qui
609 4022 733 4065 cum
765 4005 982 4064 caeteris
1021 4004 1233 4077 angelis
1275 4004 1516 4074 loquitur
1550 4020 1567 4060 :
1596 4005 1907 4062 (Inruimus
1953 4004 2062 4061 Bap

544 4234 583 4270 "
624 4236 996 4299 Ambrosiam,
1049 4231 1560 4288 robustissimorum.
1608 4225 1746 4284 Sunt
1782 4243 1913 4287 vero
1966 4232 2057 4301 qui

493 4304 821 4375 Hieronymo
881 4306 1008 4361 hinc
1066 4304 1247 4358 dicam
1293 4302 1623 4371 impingunt,
1654 4302 1799 4375 quod
1857 4303 2059 4355 frustra

490 4375 647 4433 lania
676 4371 838 4433 verba
887 4378 943 4431 in
1005 4375 1323 4429 obscenum
1382 4386 1602 4426 sensum
1653 4371 2057 4439 interpretetur,

490 4462 614 4503 cum
645 4445 786 4517 inter
817 4445 1153 4517 captivitatis
1184 4444 1378 4517 damna
1415 4452 1468 4497 et
1500 4441 1716 4496 labores
1738 4510 1750 4517 Δ
1771 4441 2058 4517 pistrinum

487 4518 705 4596 quoque
753 4510 1152 4605 fuissenneme
1176 4513 1403 4605 nesciat,
1435 4510 2055 4605 etdn‘onna-d
2090 4548 2134 4605 υ

487 4582 737 4655 corporis
786 4584 1085 4649 infamiam,
1128 4584 1225 4655 sed
1261 4582 1603 4655 contumelia:
1631 4595 1794 4655 causa
1853 4583 2053 4655 captivi

462 4652 874 4725 rvilissiquue
924 4653 1254 4711 conditionis
1304 4652 1447 4725 servi
1503 4652 1935 4725 denudarentur.
1988 4652 2058 4705 At

486 4728 600 4784 lltl’c
634 4718 857 4780 Hieron.
897 4740 1001 4780 non
1050 4739 1149 4778 suo
1180 4740 1342 4779 sensu
1397 4723 1654 4791 loquitur,
1681 4723 1775 4791 sed
1804 4718 2057 4776 Hebraeo-

485 4814 602 4851 rum
635 4796 916 4868 ﬁguralem
948 4796 1343 4868 expositionem
1376 4788 1495 4847 esse
1532 4788 1799 4868 ait._quc_
1835 4805 1896 4868 ea
1934 4791 2057 4859 qni-

483 4869 602 4922 detn
618 4859 921 4929 ab'normis,
941 4859 1377 4934 quandoquidem
1400 4872 1588 4916 notutn
1616 4862 1747 4913 illud
1776 4859 1877 4934 Job
1901 4875 2054 4934 xxvi,

484 4938 553 4991 l3
585 4957 599 4991 :
641 4936 789 4993 Uxor
809 4954 921 4991 mea
959 4931 1124 4990 molat
1154 4931 1309 4989 alteri
1332 4946 1352 4985 :
1384 4948 1483 5002 pro
1510 4941 1745 4991 scortum
1782 4931 1936 4985 alteri
1962 4932 2053 5002 sit.

482 5008 549 5065 Ει
582 5007 771 5063 llurat.
806 5009 896 5061 lib.
931 5022 968 5074 ι,
1018 5008 1176 5061 satir.
1208 5005 1264 5074 2,
1300 5001 1486 5064 ν.»55,
1528 5001 1742 5074 alienas
1772 5001 2057 5074 permolere

485 5095 671 5131 uxores
702 5078 853 5132 dixit.
894 5068 1026 5132 Vide
1058 5068 1351 5131 Festeliutti
1376 5073 1662 5126 Adversar.
1690 5071 1842 5126 lib.“
1869 5088 1883 5137 ;
1910 5068 2056 5123 Bux-

486 5148 625 5202 tOrﬁi
666 5147 965 5219 Catalecta,
1000 5161 1124 5215 cap.
1164 5144 1288 5200 158.
1718 5213 1749 5219 ,,
1784 5212 1795 5219 ,
1970 5211 1980 5219 .
2012 5212 2019 5219 .

553 5222 575 5250 ³
609 5219 913 5273 S-amtheclt.
937 5218 1052 5283 Qua
1069 5211 1404 5272 auctoritate
1434 5224 1642 5270 veteres
1666 5212 1935 5275 editiones
1964 5211 2055 5264 hic

483 5326 593 5397 IN‘9_
836 5311 1137 5397 Santi/iecit.
1176 5293 2052 5397 ΙρειιιιινἾΠξωὲξρίιιιιιξιξιξξίιν

483 5374 663 5437 nullo;
711 5384 885 5441 video.
932 5382 1045 5437 Hoc
1097 5374 1303 5435 tantum
1341 5374 1595 5442 dix'erim,
1621 5377 1812 5432 falsam
1858 5374 2064 5449 bujusﬁ

486 5454 627 5506 modi
658 5463 711 5506 et
745 5452 1034 5507 conﬁctam
1096 5467 1281 5505 vocem
1351 5466 1454 5505 non
1507 5465 1675 5519 posse
1716 5456 1863 5519 stare
1926 5456 2064 5519 cum.

485 5522 802 5593 Hieronymi
838 5534 1116 5587 contextu,
1151 5525 1243 5590 qui
1276 5514 1555 5593 conceptis
1604 5517 1784 5593 verbis
1818 5528 1926 5593 nos
1957 5514 2054 5593 do-

481 5604 585 5651 cet,
606 5584 1035 5647 Theodotinnem
1074 5584 1326 5663 posuisse
1360 5584 1536 5663 ipsum
1568 5584 2066 5663 verbumllebraift

666 5666 848 5749 ιερίαε.
871 5673 1044 5749 ’σηιελδ
1076 5655 1404 5749 ’δαηευιςςιὲ
1422 5655 2053 5749 μδῖἵῗῖνῗέἐδξῗβέέῗξ

483 5706 623 5801 37.1.}
635 5706 1462 5803 .5"ﬁgentia;Sattiae;
1477 5706 1823 5801 satisan
1837 5706 2067 5803 ᾖιύιὶιιιιε

487 5797 718 5857 Iu'hunc
769 5797 1013 5872 modum,
1067 5808 1168 5873 τὴν
1217 5802 1491 5871 σιώπησίν
1540 5797 1670 5867 eoo,
1724 5797 1886 5869 φαυιίο
1939 5800 2047 5850 εισι

485 5873 748 5930 Manum.

2162 3284 2285 3327 sum
2313 3280 2506 3326 contra
2545 3270 2803 3340 populum
2852 3284 3052 3336 meum,
3091 3266 3461 3331 contaminari
3499 3264 3745 3325 haeredi-

2165 3372 2335 3417 tatern
2379 3377 2581 3423 meam.
2638 3361 2754 3433 Ego
2808 3360 2932 3418 dedi
2960 3375 3056 3416 eos
3107 3363 3159 3415 in
3199 3373 3419 3414 manum
3460 3367 3637 3421 tuam,
3683 3367 3744 3412 tu

2162 3467 2292 3508 vero
2320 3466 2429 3508 non
2476 3451 2669 3509 dedisti
2693 3452 2787 3517 eis
2809 3448 3242 3508 misericordiam
3269 3465 3286 3504 :
3318 3447 3439 3504 seni
3491 3446 3603 3519 [AL
3640 3462 3741 3505 se-

2162 3545 2269 3618 nis]
2292 3544 2598 3617 aggravasti
2626 3544 2814 3615 iugum
2848 3544 3024 3611 valde,
3052 3555 3108 3601 et
3136 3543 3347 3608 dixisti,
3378 3538 3437 3594 ιιι
3466 3551 3742 3595 aeternum

2160 3652 2258 3695 ero
2325 3637 2593 3695 domina:
2636 3651 2745 3692 non
2798 3636 3116 3695 intellexisti
3169 3635 3287 3691 haec
3335 3631 3584 3689 in'eorde
3620 3641 3745 3696 tuo,

2159 3741 2341 3799 neque
2383 3729 2670 3786 recordata
2702 3742 2777 3783 es
2820 3728 3261 3797 novissimorum.
3291 3743 3310 3777 ι
3350 3725 3565 3779 Primus
3611 3737 3745 3778 ver-

2161 3836 2254 3877 sus
2284 3820 2436 3891 juxta
2464 3820 2821 3892 Septuaginta
2852 3834 2976 3875 cum
3008 3817 3384 3889 superioribus
3417 3815 3739 3886 copulatur,

2162 3924 2222 3968 nt
2252 3914 2326 3966 sit
2363 3926 2561 3969 sensus
2592 3926 2608 3968 :
2639 3910 2707 3967 Et
2744 3913 2861 3970 hac
2882 3910 3047 3967 faciet
3081 3910 3175 3981 qui
3204 3909 3349 3965 eruit
3377 3916 3431 3963 te
3466 3908 3742 3963 Dominus

2162 4006 2407 4074 sabaotb,
2448 4019 2649 4063 nomen
2701 4006 2823 4076 ejus
2868 4005 3106 4061 Sanctus
3143 4003 3334 4061 lsrael.
3368 4001 3544 4058 Porro
3572 4000 3737 4071 juxta

2230 4260 2301 4274 -
2330 4231 2477 4302 idem
2526 4231 2920 4288 Ambrosianus
2961 4229 3273 4302 Sramtlteaec
3298 4246 3317 4286 :
3340 4230 3558 4302 Aquila,
3590 4228 3739 4302 Sint-

2162 4303 2392 4373 matltee.
2421 4301 2601 4373 Quod,
2626 4318 2788 4373 porro
2819 4317 2921 4373 pro
2940 4301 3035 4373 ab
3054 4300 3336 4373 ριωπηλρν
3363 4300 3463 4356 σὸν
3486 4303 3565 4373 (in
3595 4300 3738 4373 Διιέ

2165 4371 2426 4441 brosiano
2454 4372 2543 4426 ΤΟ
2570 4370 3070 4429 ΟΙΩΠΕΛΟΝΟΟΥ
3115 4390 3127 4426 :
3164 4370 3237 4425 in
3261 4370 3547 4441 Sangertn.
3586 4372 3737 4441 apud

2165 4438 2461 4495 Montfauc.
2509 4444 2843 4509 corruptius,
2870 4443 2932 4496 τὸ
2991 4442 3339 4496 σιωπωλενόν
3370 4438 3488 4510 eoo)
3514 4438 3740 4498 veteres

2164 4511 2367 4579 vulgati
2398 4511 2518 4565 libri
2556 4513 2656 4580 τὴν
2693 4512 2962 4580 σὶώπησίν
2993 4527 3086 4564 σου
3114 4510 3493 4579 praeferebant,
3518 4527 3591 4565 ex
3622 4513 3734 4565 alia

2163 4581 2472 4652 Symmachi
2505 4583 2739 4637 editione
2768 4582 3021 4637 fortassis
3053 4583 3537 4652 desumptunrest.

2236 4652 2255 4682 '
2296 4651 2425 4707 Erat
2456 4653 2584 4707 olim
2610 4666 2839 4706 mentum
2876 4671 2909 4707 α
2966 4662 3167 4716 menta,
3198 4650 3341 4719 quod
3379 4650 3737 4715 Martianaus

2165 4720 2265 4774 loci
2304 4720 2461 4788 hujus
2510 4737 2734 4778 sensum
2782 4722 3005 4775 minime
3036 4733 3341 4785 assecutus.
3374 4723 3500 4776 dum
3536 4740 3736 4782 eruen-

2162 4791 2294 4845 dare
2324 4791 2631 4853 contendit.
2662 4792 2730 4846 de
2789 4792 3019 4845 ridlculo
3066 4806 3253 4844 errore
3283 4791 3569 4859 depravat.
3596 4799 3737 4849 sub.

2161 4864 2397 4915 stituens
2441 4865 2633 4923 metite.
2671 4871 2729 4915 ut
2760 4864 2835 4916 sit
2861 4874 3059 4917 sensus
3094 4875 3201 4914 non
3224 4862 3391 4917 licere
3423 4866 3615 4919 mentis
3647 4870 3735 4921 di-

2160 4933 2483 4989 minutivum
2543 4932 2877 4993 l'acere.ltes
2938 4947 3067 4997 vero
3114 4932 3332 4995 clamat.
3372 4937 3438 4991 de
3499 4946 3621 4989 ruta
3678 4949 3738 4994 et

2163 5014 2343 5054 menta
2374 5003 2555 5057 herbis
2587 5016 2896 5056 sermonem
2927 5002 3179 5071 lticrcsse,
3200 5004 3488 5071 sciuntque
3506 5020 3728 5071 outnes,

2146 5076 2267 5123 ‘nun
2297 5072 2461 5125 licere
2498 5074 2640 5126 sicut
2678 5088 2707 5125 a
2740 5082 2859 5125 ruta
2891 5070 3147 5135 rutulam,
3184 5071 3256 5125 ita
3285 5087 3313 5124 a
3354 5070 3536 5127 menta
3566 5070 3727 5128 men;

2148 5143 2328 5194 tutam
2369 5143 2808 5212 ὑποκοριττικῶς
2839 5142 3047 5197 dicere.
3107 5143 3302 5196 Cicero
3336 5142 3412 5197 lib
3452 5158 3503 5196 Ix
3559 5136 3729 5200 Fam.

2143 5213 2321 5278 .cpist.
2354 5211 2447 5276 2‘2,
2476 5228 2638 5281 quem
2686 5216 2861 5268 locum
2894 5212 2954 5270 S.
2982 5212 3197 5275 Doctor
3250 5213 3442 5266 alludit
3475 5230 3491 5269 :
3526 5232 3546 5266 ι
3580 5214 3725 5269 Buta

2157 5291 2212 5332 et
2269 5292 2483 5344 menta.
2522 5282 2728 5352 inquit,
2770 5295 2918 5338 recte
2976 5292 3265 5349 utrumque
3318 5284 3520 5337 dicitur
3555 5303 3571 5339 :
3604 5288 3729 5341 volo

2157 5360 2397 5423 meritam
2426 5354 2672 5420 pusillam
2708 5354 2780 5407 ita
2803 5352 3161 5423 appellarent
3191 5353 3423 5406 rutulam
3452 5369 3467 5416 ;
3504 5371 3608 5408 non
3660 5357 3726 5409 li-

2142 5432 2262 5492 gcet.
2289 5438 2313 5472 ι
2344 5422 2457 5492 Alia
2498 5438 2694 5492 nempe
2714 5434 2817 5487 est,
2845 5422 3016 5490 eaque
3041 5422 3299 5478 obsctnua
3322 5425 3441 5492 ejus
3485 5425 3728 5482 nominis

2142 5475 2212 5565 ξιιι
2243 5475 2944 5565 ιιιιιιιιιυιινᾷὲῖέηίῐιῲίιοῖ

2140 5539 3126 5634 imi—"item?falé‘iz'ﬁié'quoque
3157 5579 3254 5633 pro
3293 5576 3484 5631 mente,
3512 5575 3725 5635 ponunt

2157 5645 2411 5706 mentam,
2440 5652 2472 5688 a
2500 5648 2669 5689 menta
2707 5635 2899 5706 facere.
2932 5636 3060 5702 Qum
3098 5635 3268 5706 lectio
3296 5650 3514 5689 sensum
3554 5637 3723 5689 alium

2154 5720 2218 5756 ac
2251 5705 2444 5776 falsum
2469 5704 2733 5771 obtrudit,
2761 5708 3043 5776 tit-tegenti
3076 5704 3427 5761 manifestum
3458 5716 3582 5762 esse
3617 5722 3719 5775 po-

2156 5778 2301 5830 terit.
2334 5775 2611 5844 Mantum.
