3952 6180
287 355 394 420 473

766 350 1279 417 COMMENTAR.
1322 354 1403 415 IN
1442 353 1718 417 ISAIAM
1756 356 1880 418 PBt

1980 359 2223 421 ἸΕΤΑΜ
2269 360 2418 420 LIB.
2460 358 2638 429 XIII,
2677 358 2837 423 CAP.
2869 358 3105 421 XLVII.

3444 358 3552 426 474

289 476 641 539 llebraicum,
674 490 737 530 ex
774 490 1007 545 persona
1048 474 1227 546 populi
1284 474 1552 543 propheta
1601 475 1867 546 loquitur.
1895 479 1944 538 Α
1971 488 2171 533 etcum
2192 477 2962 533 multitudinemaleliciorum
3015 486 3253 545 luurnm,
3280 478 3332 531 in
3352 480 3551 549 quibus

292 571 441 639 quod
514 570 631 625 haec
685 567 878 623 fecerit
945 577 1141 623 contra
1214 566 1547 639 Babylonem
1608 568 1873 623 Dominus

289 659 656 721 exercituum,
683 656 841 727 cujus
866 672 1065 713 nomen
1117 654 1191 712 sit
1234 656 1471 721 Sanctus
1510 658 1701 713 Israel.
1734 657 1873 714 Rur-

293 763 533 817 sumque
564 748 629 802 ad
661 750 832 817 ipsam
861 748 1189 819 Babylonem
1224 763 1408 805 sermo
1444 750 1720 820 dirigitur.
1742 749 1874 807 Sede

292 851 496 903 tacens,
521 841 638 894 sive
673 850 1009 909 compuncta,
1042 851 1097 894 et
1126 848 1343 895 tuorum
1373 841 1669 899 criminum
1695 856 1875 897 recor-

292 932 450 984 dare.
504 929 791 1001 Ingredere
835 932 1117 985 tenebras:
1149 933 1274 1000 quia
1319 947 1428 1001 pra:
1465 932 1786 988 confusione
1821 943 1875 988 et

294 1024 595 1093 ignominia
646 1023 821 1077 lucem
872 1021 1015 1077 ferre
1059 1037 1164 1077 non
1202 1024 1484 1079 suStines:
1530 1040 1872 1095 nequaquam

292 1113 603 1177 vocaberis,
627 1128 734 1167 non
788 1113 950 1169 unius
986 1114 1169 1184 regni,
1205 1114 1302 1169 sed
1359 1130 1458 1172 nec
1490 1118 1736 1171 omnium
1790 1132 1877 1172 re-

290 1220 527 1278 gnorum
562 1206 799 1260 domina.
839 1206 1125 1275 Simulque
1185 1208 1310 1276 quia
1371 1209 1585 1264 occulta
1643 1210 1874 1279 quaestio

293 1298 643 1363 nascebatur,
701 1312 799 1351 cur
843 1298 1171 1352 irasceretur
1219 1297 1362 1354 Deus
1402 1302 1668 1365 adversus
1709 1302 1874 1357 Chal-

290 1392 467 1454 daeos,
500 1406 638 1461 quos
684 1390 799 1458 ipse
840 1391 990 1444 misit
1034 1390 1101 1443 ad
1136 1392 1462 1462 capiendum
1512 1393 1721 1448 lsrael:
1786 1409 1875 1449 re-

290 1483 540 1552 spondit,
583 1483 778 1536 iratutn
806 1497 865 1537 se
897 1492 1087 1538 contra
1105 1484 1360 1555 pOpttlum
1390 1500 1572 1553 suum,
1599 1486 1876 1556 corripere

290 1591 392 1631 eos
422 1575 680 1641 voluisse,
723 1590 827 1645 non
862 1580 1114 1643 perdere,
1159 1578 1485 1645 verberare,
1518 1594 1626 1635 non
1660 1580 1877 1636 occide-

292 1682 378 1723 re.
414 1667 538 1721 lllos
569 1675 752 1722 autem
791 1666 995 1722 abusus
1022 1681 1146 1733 esse
1169 1668 1493 1725 crudelitate
1525 1685 1649 1735 sua,
1669 1679 1722 1725 et
1756 1672 1874 1741 plus

296 1761 624 1829 imposuisse
679 1760 962 1830 plagarum
1016 1774 1178 1830 quam
1246 1761 1337 1817 Dei
1392 1761 1527 1819 ultio
1552 1762 1872 1835 ﬂagitabat:

298 1867 667 1922 magnumque
719 1851 1029 1924 Babylonia:
1080 1855 1420 1910 crudelitatis
1458 1856 1719 1913 indicium
1763 1866 1869 1919 est,

302 1960 373 2000 ne
401 1945 628 2001 senibus
657 1943 874 2014 quidem
914 1944 1251 2017 pepercisse,
1281 1961 1513 2016 quorum
1544 1956 1674 2002 tetas
1707 1948 1872 2004 etiam

301 2037 449 2091 inter
477 2036 663 2092 hostes
689 2036 1014 2103 venerabilis
1048 2047 1157 2092 est.
1216 2022 1322 2091 Sed
1383 2047 1439 2093 et
1501 2037 1604 2095 hoc
1659 2039 1872 2106 signum

301 2129 603 2199 superbia),
632 2129 777 2197 quod
815 2128 1066 2197 praesenti
1093 2129 1351 2185 felicitate
1379 2131 1626 2199 decepta,
1667 2131 1869 2186 futuro-

302 2235 421 2273 rum
459 2233 564 2273 non
592 2219 848 2290 cogitarit
882 2218 1157 2288 ambigua.
1189 2218 1350 2290 552
1399 2219 1540 2288 Ergo
1568 2235 1787 2291 semper
1821 2224 1873 2277 in

303 2313 580 2383 prosperis
641 2312 900 2368 debemus
955 2326 1148 2377 cavere
1192 2324 1466 2369 ventura:
1499 2330 1598 2371 nec
1652 2314 1877 2371 traditos

302 2408 463 2460 nobis
480 2404 808 2474 opprimere,
840 2404 935 2474 qui
959 2405 1024 2458 ad
1046 2404 1153 2461 hoc
1174 2407 1521 2471 erudiuntur,
1536 2417 1605 2462 ut
1625 2407 1876 2464 meliores

307 2495 458 2549 fiant.

371 2585 557 2656 (Vers.
594 2587 625 2643 8
654 2587 833 2659 seqq.)
897 2608 915 2641 t
950 2588 1018 2644 Et
1044 2604 1190 2647 nunc
1228 2591 1355 2645 audi
1389 2593 1526 2658 haec,
1555 2594 1788 2650 delicata
1821 2606 1875 2650 et

304 2680 947 2754 ltabitansecnnfidenter,
974 2698 1099 2752 qua:
1132 2684 1269 2739 dicis
1301 2686 1355 2739 in
1389 2687 1678 2743 cordetuo
1714 2706 1728 2743 :
1761 2687 1876 2759 Ego

300 2787 450 2835 sum,
486 2784 541 2825 et
568 2786 672 2825 non
704 2784 786 2837 est
820 2786 1018 2844 prauer
1054 2792 1154 2833 me
1204 2776 1439 2844 amplius
1464 2794 1483 2832 :
1517 2795 1625 2835 non
1675 2779 1876 2835 sedebo

305 2860 491 2923 vidua,
512 2870 567 2915 ct
598 2863 858 2931 ignorabo
881 2864 1253 2935 sterilitatem.
1284 2866 1723 2929 Euvenienttlbi
1767 2868 1877 2925 duo

300 2952 423 3007 haec
460 2950 728 3013 subitoin
761 2953 851 3009 die
874 3024 877 3027 Α
901 2969 1029 3021 una,
1059 2956 1320 3013 sterilitas
1349 2966 1404 3011 et
1434 2958 1673 3025 viduitas
1703 2976 1721 3013 :
1753 2961 1876 3014 uui-

300 3060 460 3099 versa
519 3056 787 3103 venerunt
842 3058 1140 3129 stupente,
1200 3058 1423 3129 propter
1460 3050 1875 3127 multitudinem

1979 573 2238 629 laborasti
2266 572 2335 629 ab
2363 571 2729 627 adolescentia
2780 580 2894 636 tua,
2934 569 2980 624 si
3034 570 3173 624 forte
3223 570 3350 639 quid
3380 571 3555 639 prosit

1980 661 2076 717 tibi
2101 670 2197 714 aut
2218 661 2265 717 si
2304 662 2481 730 possis
2515 660 2632 715 fieri
2668 659 2887 715 fortior:
2913 658 3175 717 Defeeisti
3211 660 3266 715 in
3299 660 3550 716 multitu-

1977 754 2105 811 dine
2136 754 2495 809 consiliorum
2537 763 2796 809 tuorum:
2828 761 2977 808 stent
3009 761 3066 808 et
3086 752 3299 809 salvent
3365 763 3420 808 te
3447 769 3549 808 su-

1976 860 2146 915 gures
2183 845 2329 908 cmli,
2357 846 2451 915 qui
2487 845 2997 913 contemplabantur
3025 846 3231 911 sidera,
3260 856 3315 901 et
3345 861 3550 916 suppu-

1968 939 2165 999 tabant
2197 952 2431 1002 menses,
2466 946 2527 991 ut
2557 952 2620 997 es
2654 938 2734 992 eis
2754 941 3139 993 annnntlarent
3168 948 3394 993 ventura
3424 938 3545 993 tibi.

1978 1029 2121 1085 Ecce
2149 1029 2274 1085 facti
2301 1040 2432 1085 sunt
2472 1033 2629 1100 quasi
2661 1031 2882 1101 stipula,
2916 1030 3056 1102 ignis
3087 1030 3389 1085 combussit
3413 1043 3546 1086 eos:

1978 1136 2087 1177 non
2109 1122 2415 1177 liherabunt
2435 1124 2648 1177 animas
2676 1138 2805 1180 snas
2831 1124 2899 1177 de
2929 1139 3091 1177 manu
3146 1122 3413 1176 ﬂammai:
3442 1136 3549 1175 non

1978 1224 2103 1269 sunt
2134 1230 2322 1282 pruna:
2345 1214 2542 1285 quibus
2582 1216 2858 1281 caleliant,
2895 1230 2996 1270 nec
3028 1215 3187 1270 focus
3232 1224 3291 1268 ut
3322 1216 3551 1267 sedeant

1978 1308 2042 1362 ad
2065 1324 2219 1362 eum:
2255 1309 2333 1363 sic
2367 1308 2507 1363 facta
2535 1320 2662 1364 sunt
2696 1309 2792 1364 tibi
2848 1311 2902 1363 in
2942 1308 3356 1379 quibuscunque
3386 1305 3550 1377 553

1978 1399 2360 1455 laboraveras:
2391 1400 2766 1469 negotiatores
2822 1401 2897 1455 tni
2930 1400 2998 1455 ab
3051 1397 3418 1454 adolescentia
3462 1408 3551 1449 tua

1980 1493 2349 1563 unusquisque
2385 1493 2436 1546 in
2462 1494 2547 1547 via
2579 1508 2676 1547 sua
2738 1501 3102 1547 erraverunt:
3160 1505 3270 1548 non
3325 1499 3410 1545 est
3457 1490 3551 1558 qui

1980 1585 2153 1639 salvet
2184 1595 2258 1641 te.
2290 1603 2312 1638 ι
2368 1583 2509 1639 LXX
2532 1600 2551 1638 :
2588 1603 2609 1638 ι
2643 1586 2737 1641 Sta
2767 1600 2914 1640 nunc
2979 1584 3033 1638 in
3087 1581 3552 1638 incantationibus

1979 1678 2089 1732 tuis
2136 1687 2189 1731 et
2223 1678 2274 1731 in
2301 1677 2485 1732 multis
2516 1676 2798 1731 maleﬁciis
2832 1675 2960 1739 tuis,
3011 1686 3133 1743 qua!
3182 1674 3439 1733 disce‘bas
3482 1673 3550 1726 ab

1980 1768 2340 1825 adolescentia
2362 1779 2463 1823 tua
2496 1770 2543 1824 si
2580 1768 2837 1840 prodesse
2864 1768 2962 1822 tibi
2997 1775 3224 1835 possunt
3262 1768 3279 1799 ί
3322 1782 3337 1819 :
3380 1774 3431 1819 et
3460 1765 3549 1819 la-

1979 1863 2184 1918 borasti
2218 1863 2273 1917 in
2304 1861 2549 1918 consiliis
2584 1862 2732 1916 tuis:
2768 1870 2911 1915 stent
2937 1871 2993 1914 et
3018 1861 3223 1915 salvam
3262 1868 3313 1913 te
3344 1857 3552 1912 faciant

1978 1953 2234 2025 astrologi
2267 1955 2413 2019 cmli,
2444 1954 2537 2023 qui
2588 1952 3023 2019 eontemplantur
3052 1951 3273 2005 stellas:
3328 1964 3549 2003 annun-

1981 2050 2115 2104 tient
2146 2050 2241 2105 tibi
2269 2049 2401 2118 quid
2437 2055 2724 2103 venturum
2758 2047 2828 2100 sit
2859 2058 3026 2113 super
3048 2053 3121 2100 te.
3159 2041 3301 2096 Ecce
3356 2050 3552 2095 omnes

1977 2144 2131 2214 quasi
2154 2143 2434 2214 phrygaus
2461 2142 2515 2196 in
2544 2142 2667 2210 igne
2693 2139 3086 2194 comitarentur
3108 2154 3123 2190 :
3143 2145 3195 2189 et
3224 2149 3330 2189 non
3349 2141 3555 2188 eruent

1962 2236 2214 2290 animam
2268 2249 2421 2289 suam
2457 2234 2524 2287 de
2578 2232 2833 2299 ﬂamma;
2888 2230 3014 2300 quia
3062 2229 3232 2283 habes
3292 2229 3556 2281 carbones

1980 2327 2377 2398 ignis,sedebis
2393 2341 2557 2396 super
2581 2340 2699 2381 eos.
2729 2316 2793 2377 Hi
2816 2332 2976 2377 erunt
3006 2321 3099 2376 tibi
3120 2322 3173 2374 in
3197 2319 3551 2389 adiutorium.

1977 2419 2258 2475 Laborasti
2280 2421 2333 2475 in
2348 2419 2871 2475 commutationetus
2889 2417 2959 2470 ab
2974 2408 3334 2469 adolescentia
3355 2427 3371 2465 :
3393 2411 3557 2464 homo

1980 2516 2033 2569 in
2057 2514 2345 2581 semetipso
2361 2511 2560 2565 erravit
2578 2508 2706 2563 :tibi
2729 2516 2905 2562 autem
2931 2521 3037 2561 non
3061 2505 3163 2560 erit
3197 2496 3366 2559 salus.
3399 2520 3416 2553 ι
3446 2501 3555 2554 lla-

1979 2605 2164 2660 buisse
2188 2602 2509 2674 Babylonem
2535 2614 2861 2667 omnemque
2890 2596 3221 2660 Chaldaeum,
3251 2595 3555 2649 incantato-

1979 2713 2097 2751 rum
2134 2705 2188 2751 et
2216 2709 2505 2766 augurum,
2533 2702 2589 2747 et
2649 2690 2982 2746 hariolorum
3043 2694 3097 2739 et
3150 2684 3554 2739 Gazarenosum

1979 2788 2245 2851 studium,
2271 2802 2409 2856 quos
2439 2802 2555 2839 nos.
2577 2784 2875 2852 aruspices}
2898 2779 3257 2850 appellamus,
3312 2774 3555 2829 Danielis

1981 2878 2259 2949 propheta:
2288 2877 2450 2931 lectio
2507 2875 2722 2942 probat,
2778 2871 2869 2940 qui
2910 2872 2978 2925 ad
3023 2883 3212 2924 eorum
3270 2864 3557 2921 consilium

1980 2977 2172 3025 cuncta
2214 2982 2370 3037 reges
2398 2964 2725 3033 Babylonios
2748 2960 3400 3017 fecisse;comtnensorat.
3434 2951 3555 3006 :Pro

1981 3074 2048 3115 eo
2086 3073 2303 3129 quoque
2333 3059 2478 3128 quod
2504 3071 2606 3111 nos
2629 3064 2782 3125 Juxta
2825 3050 3210 3123 Symmachum
3262 3058 3317 3105 e1
3379 3044 3557 3113 Theo-

300 3138 705 3193 maleliciorum
741 3149 978 3211 tuorum,
1011 3149 1064 3205 et
1092 3151 1315 3212 propter
1338 3145 1599 3207 duritiam
1635 3147 1879 3204 incanta-

1982 3148 2639 3219 dotionetninterpretati.
2678 3140 3201 3221 sumus:,Stentet
3249 3137 3449 3193 utqu
3509 3145 3559 3191 te

302 3242 481 3287 torum
522 3242 735 3288 tuorum
762 3236 1104 3307 vehementer
1134 3233 1319 3306 (,Valg,
1362 3237 1919 3308 vehementem).l§t~'

305 3322 562 3376 fiduciam
628 3318 866 3378 habuisti
894 3325 945 3376 in
1008 3325 1214 3385 malitia
1259 3335 1373 3393 tua,
1412 3337 1469 3383 et
1491 3327 1672 3383 dixisti
1706 3347 1722 3383 :
1760 3328 1876 3389 Non

316 3425 400 3467 est
429 3414 521 3483 qui
552 3414 735 3467 videat
772 3430 857 3468 tne
885 3432 900 3468 :
929 3416 1194 3489 sapientia
1245 3426 1333 3471 tua
1366 3426 1437 3473 et
1489 3420 1719 3487 scientia
1785 3429 1877 3473 tua

302 3508 418 3559 haec
471 3506 805 3573 deceperunt
849 3515 921 3580 te,
957 3516 1011 3559 et
1056 3505 1244 3565 dixiSti
1275 3506 1329 3559 in
1361 3507 1525 3581 corde
1584 3516 1674 3579 tuo
1698 3523 1718 3581 :
1767 3506 1880 3581 Ego

300 3610 444 3657 sum,
479 3604 536 3649 et
574 3606 772 3677 praeter
799 3610 886 3650 me
916 3612 1019 3651 non
1054 3605 1148 3651 est
1179 3589 1601 3677 altera.‘\'eniet
1620 3613 1785 3669 super
1829 3609 1880 3654 te

304 3687 532 3754 malum,
558 3697 613 3741 et
664 3666 873 3743 nescies
927 3696 1105 3751 ortum
1138 3686 1275 3756 eius,
1308 3698 1361 3745 et
1410 3666 1783 3759 irruet‘super
1830 3702 1882 3745 te

302 3779 608 3845 calamitas,
635 3795 799 3857 quam
836 3796 942 3834 non
977 3783 1182 3851 poteris
1229 3781 1472 3851 expiare,
1508 3764 1693 3851 veniet
1717 3796 1880 3852 super

306 3886 357 3929 te
384 3885 613 3942 repente
644 3874 887 3945 miseria,
916 3890 1077 3943 quam
1113 3876 1348 3931 nescies.
1385 3893 1402 3926 ι
1441 3874 1554 3935 Duo
1594 3876 1761 3931 simul
1792 3892 1880 3932 ve-

303 3967 455 4021 nient
493 3966 773 4036 Babyloni,
811 3968 1078 4022 sterilitas
1119 3978 1175 4022 et
1216 3969 1473 4034 viduitas,
1503 3978 1560 4022 ut
1611 3984 1711 4024 nec
1740 3968 1881 4024 filios

306 4059 525 4122 habeat,
552 4059 603 4112 id
637 4067 742 4121 est,
773 4057 1048 4129 subjectos
1079 4059 1180 4113 sibi
1217 4060 1445 4129 populos
1472 4076 1490 4127 ;
1524 4074 1625 4115 nec
1676 4061 1878 4124 virum,

305 4165 468 4220 quem
510 4163 692 4219 regem
724 4164 1014 4220 possumus
1056 4150 1403 4221 intelligere:
1433 4166 1554 4221 quze
1597 4150 1727 4206 dum
1771 4166 1880 4207 non

301 4252 507 4311 sperat,
542 4255 762 4312 repente
786 4243 1065 4299 sustinuit.
1099 4242 1286 4314 Neque
1313 4244 1458 4299 enim
1489 4252 1704 4315 poterat
1737 4243 1883 4297 arbi-

276 4336 436 4403 _trari
489 4339 634 4405 quod
686 4333 883 4400 Persa),
916 4335 1120 4395 nullius
1167 4344 1291 4389 ante
1333 4333 1694 4415 fortitudinis,
1736 4350 1880 4401 eam,

302 4430 445 4500 Cyro
490 4437 772 4495 regnante,
808 4438 1146 4497 superarent,
1172 4440 1225 4484 et
1253 4444 1365 4484 sua:
1392 4412 1737 4495 subiicerent
1787 4446 1881 4502 p0-

1982 3261 2211 3316 augmes
2242 3242 2387 3307 caeli,
2416 3241 2801 3311 Septuaginta
2848 3236 3217 3293 manifestius.
3264 3229 3560 3289 transmin-

1968 3348 2132 3402 ruut.
2167 3335 2316 3392 Sient
2350 3344 2401 3389 et
2421 3334 2631 3388 salvam
2660 3331 2955 3399 tetfaeiantr.
2998 3326 3428 3395 astrslogicaeli:
3469 3322 3560 3391 qui

1981 3430 2143 3499 vulgo
2196 3428 2571 3499 appellantur
2604 3422 3002 3489 mathematici,
3054 3430 3123 3479 et;
3165 3435 3239 3475 es
3285 3428 3557 3474 astrorum

1982 3537 2148 3578 cursu
2173 3522 2445 3590 lapsuque
2495 3518 2738 3573 siderum
2780 3530 2877 3571 rest
2930 3514 3202 3568 humanas
3250 3510 3371 3579 regi
3408 3508 3561 3563 arbi-

1964 3624 2220 3673 Itrantur.
2242 3612 2476 3671 Unde-et
2509 3608 2742 3679 Magide
2758 3607 2991 3661 Oriente
3019 3599 3557 3666 venerunt,.ﬂomini

1983 3708 2198 3763 stellam
2210 3721 2279 3760 se
2302 3704 2506 3759 vidisse
2525 3702 2796 3759 dicentes.
2833 3698 3005 3752 vel'ex
3027 3696 3169 3751 artis
3193 3694 3452 3752 scientia.
3476 3691 3557 3746 vel

1964 3816 2046 3859 rs
2085 3799 2341 3854 vaticinio
2364 3801 2391 3849 ⁸.
2421 3793 2953 3864 Βαὶιιιηιριιοριιαιεε
2979 3791 3087 3849 sui.
3131 3790 3225 3857 qui
3259 3790 3321 3841 in.
3349 3784 3556 3841 Naute-

1962 3895 2061 3948 rris
2110 3890 2598 3948 dixerat:0rietur
2649 3888 2802 3942 stella
2845 3901 2911 3940 ea;
2947 3882 3130 3939 'Jacob
3154 3922 3172 3948 ,
3229 3890 3279 3935 et
3312 3881 3466 3935 homo
3498 3882 3562 3931 de

1984 3984 2157 4041 Israel
2193 3981 2720 4053 ('Nunt.‘xstv,ll7).
2754 3979 2847 4034 lsti
2905 3977 3070 4047 igitur
3112 3975 3213 4043 qui
3264 3980 3563 4042 supputant

1985 4087 2534 4145 ntettseo,ansosque
2561 4072 2968 4137 tdinumerant,
3029 4076 3086 4123 et
3138 4067 3564 4121 borarmnmo-

1986 4162 2166 4225 menta
2198 4167 2480 4228 librantes.
2535 4164 2838 4219 futurorum
2871 4158 3158 4216 scientiam
3208 4153 3557 4224 pollicentur,

1983 4260 2171 4317 dicant
2203 4260 2298 4314 tibi
2330 4257 2461 4329 quid
2491 4270 2656 4326 super
2682 4266 2733 4310 te
2758 4253 3020 4307 Dominus
3041 4246 3381 4317 cogitaverit,
3416 4242 3556 4296 illis-

1983 4366 2092 4421 que
2125 4349 2477 4411 tacentibus,
2505 4346 2636 4415 quid
2681 4352 2969 4398 venturum
3022 4336 3114 4401 sit,
3182 4333 3447 4405 propheta
3482 4345 3566 4421 re-

1982 4418 2239 4510 spondit:
2261 4437 2394 4493 Ecca
2415 4436 2543 4507 facti
2566 4442 2689 4491 sunt
2711 4432 2867 4503 quasi
2895 4430 3113 4500 stipula,
3132 4425 3267 4499 ignis
3297 4418 3564 4495 decoravit

306 4521 512 4578 testati.
544 4519 676 4586 Quia
702 4536 949 4591 perpessa
994 4538 1071 4589 es,
1094 4520 1291 4601 inquit,
1316 4538 1420 4575 non
1459 4522 1631 4576 solum
1669 4533 1880 4591 propter

1987 4548 2073 4591 eos
2094 4541 2201 4588 :ut
2221 4531 2315 4601 qui
2347 4531 2578 4587 salutent
2613 4528 2739 4583 aliis
2769 4524 3177 4597 promittebant,
3212 4535 3307 4575 sua
3336 4517 3557 4591 ignora-

303 4613 606 4685 .xuperbiam
639 4622 688 4667 et
729 4612 1114 4667 abundantiam
1149 4624 1461 4667 cunctarum
1514 4630 1672 4684 opum
1725 4623 1886 4685 atque

305 4707 547 4765 delicias,
578 4706 670 4758 sed
707 4715 756 4759 et
801 4688 1451 4774 propter‘multitudinem
1495 4706 1886 4776 maleﬁciorum

306 4811 545 4860 morum,
574 4807 621 4850 et
652 4798 1044 4859 incantatorum
1082 4807 1317 4860 tuorunt,
1348 4797 1404 4850 in
1440 4800 1623 4867 quibus
1655 4799 1888 4854 habuisti

305 4895 584 4965 ﬁduciam.
618 4890 687 4946 Et
719 4893 886 4946 veniet
918 4878 1075 4959 super
1101 4902 1147 4959 te
1165 4894 1367 4953 malum
1398 4894 1537 4960 quod
1593 4904 1753 4949 antea
1793 4912 1886 4951 ne-

307 4987 539 5049 sciebas,
570 4997 617 5040 et
651 4986 803 5054 cujus
845 4986 1132 5055 ignorabas
1178 4995 1374 5041 artant.
1422 4976 1545 5041 Sive
1569 4996 1626 5041 ut
1662 4986 1890 5058 Septua-

307 5079 459 5145 ginta
512 5076 955 5131 transtulerunt:
1008 5073 1183 5129 Veniet
1249 5091 1407 5139 super
1459 5086 1507 5130 te
1544 5079 1797 5145 perditio,
1837 5089 1887 5133 et

310 5154 509 5224 nescia}
542 5182 562 5221 :
593 5167 766 5236 fovea,
799 5177 847 5222 et
884 5166 1081 5221 incides
1134 5168 1193 5241 in~
1238 5183 1357 5233 eam
1386 5183 1405 5223 :
1436 5177 1495 5225 ut
1532 5152 1652 5239 qua
1679 5171 1890 5226 cunctis

309 5263 561 5332 gentibus
605 5263 840 5332 parabas
888 5261 1219 5331 captivitatis
1270 5259 1496 5326 malum,
1532 5262 1646 5332 ipsa
1679 5262 1889 5318 incidas

311 5355 363 5407 in
404 5355 613 5408 foveam
642 5369 805 5423 quam
853 5354 1081 5422 parasti.
1119 5353 1249 5419 Qua:
1278 5338 1559 5423 perspicua
1598 5365 1749 5423 sunt,
1779 5357 1885 5411 cito

311 5460 561 5501 sermone
592 5446 1037 5500 transcurrimus.
1494 5504 1497 5507 η

382 5536 565 5610 (Vera.
595 5537 661 5591 l2
710 5540 892 5609 seqq.)
929 5556 948 5591 t
986 5537 1081 5592 Sta
1116 5553 1240 5592 cum
1273 5538 1706 5593 incantatbribus
1738 5540 1883 5605 .Atuis,

383 5678 399 5710 ⁸
428 5677 745 5751 Sicjtabent
775 5694 907 5732 mss.
937 5679 1002 5729 ad
1035 5676 1279 5733 Graecum
1313 5678 1587 5751 exemplar
1616 5678 1652 5732 ἃ
1678 5680 1885 5751 δυνήσῃ
1956 5744 1959 5745 ν

310 5746 684 5820 (δμηθῆναι.
718 5750 891 5804 Antea
917 5759 1057 5819 crat,
1096 5763 1214 5818 qua:
1238 5764 1339 5802 non
1382 5750 1630 5818 prodesse
1656 5746 1881 5821 tibip'os'7

312 5830 451 5872 ιυκι.

1968 4624 2599 4695 rentsuppliciaineo
2634 4620 2859 4677 dubium
2920 4617 3076 4685 quin,
3132 4616 3357 4679 ardente
3407 4608 3564 4671 urbe,

1993 4720 2343 4779 habitatores
2404 4718 2525 4788 ejus
2609 4730 2776 4771 vorax
2857 4711 3077 4769 flamma
3135 4703 3564 4777 consumpserit.

1960 4812 2257 4880 νΟυοιὶψω
2299 4810 2546 4879 sequitur
2578 4825 2595 4862 :
2640 4808 2763 4863 Non
2801 4815 2924 4861 sunt
2962 4818 3159 4873 pruna,
3183 4798 3373 4870 quibus
3432 4795 3571 4848 rale-

1993 4906 2153 4975 ﬁant,
2179 4920 2270 4959 nec
2290 4903 2438 4971 focus
2456 4914 2522 4961 ut
2561 4903 2777 4958 sedeant
2814 4901 2882 4953 ad
2905 4912 3046 4962 eum,
3068 4896 3151 4949 sic
3180 4889 3391 4956 Hebmj
3420 4888 3568 4953 edis-

1972 5005 2184 5054 serunt
2219 5016 2232 5052 :
2265 4996 2480 5052 Nullam
2510 4996 2715 5055 habent
2736 4991 2934 5047 caloris
2976 4985 3282 5047 scientiam,
3316 4997 3419 5037 nec
3449 4980 3571 5033 illu-

1992 5091 2292 5144 minantem
2318 5103 2565 5154 sensum,
2594 5087 2690 5156 qui
2721 5098 2908 5138 eormn
2947 5078 3198 5135 tenebras
3238 5074 3411 5145 possit
3456 5072 3571 5127 dis-

1990 5193 2202 5246 eutere.
2232 5190 2288 5238 et
2319 5181 2494 5250 frigus
2518 5178 2724 5235 erroris
2746 5173 3039 5245 expellere.
3100 5168 3213 5237 Pro
3254 5184 3364 5238 quo
3385 5166 3570 5221 nescio

1989 5275 2118 5344 quid
2179 5274 2425 5337 volentes
2481 5268 2836 5338 Septuaginta
2887 5262 3336 5320 transtulerunt:
3384 5258 3569 5329 Habes

1990 5366 2245 5418 carbones
2278 5362 2434 5432 ignis,
2468 5359 2671 5413 sedebis
2707 5372 2865 5425 super
2898 5373 2986 5410 eos
3008 5371 3055 5423 ε,
3083 5351 3247 5425 554
3304 5350 3357 5403 hi
3412 5356 3570 5402 erant

1991 5458 2083 5511 tibi
2112 5458 2165 5511 in
2192 5456 2522 5525 adjutorium
2548 5469 2567 5507 :
2594 5452 2698 5507 nisi
2732 5450 2872 5505 forte
2902 5463 3199 5519 possumus
3238 5444 3339 5499 hoc
3364 5440 3569 5501 dicere,

1990 5552 2132 5619 quod
2156 5544 2337 5604 multo
2357 5548 2545 5602 utilior
2579 5545 2653 5600 sit
2684 5545 2825 5614 ignis
2850 5556 2907 5599 et
2936 5541 3254 5597 incendium
3277 5530 3566 5605 Babyloni,

2060 5688 2081 5718 ’
2136 5685 2341 5742 Recole
2390 5701 2510 5756 quae
2564 5700 2729 5756 supra
2766 5681 3168 5740 adnotavimus
3224 5676 3279 5734 itt
3336 5692 3407 5741 c._
3449 5686 3565 5738 ιιι,

1990 5774 2133 5814 γωδ.
2173 5774 2191 5814 ι
