3952 6180
337 315 445 381 ne
747 327 784 375 .·
1211 331 1214 334 ι
1522 308 1582 371 s.
1626 303 2422 370 EUSEBIIBIERONYMI
2531 291 2536 296 '
3025 289 3079 336 π
3501 275 3602 371 tso

339 438 391 485 et
423 428 778 485 oneretiestis
803 424 1028 496 (Matth.
1073 421 1294 492 st,~9.8j.
1325 421 1391 478 Et
1430 421 1618 478 audite
1657 423 1772 476 hate
1795 435 1921 488 qua:
1949 421 1996 480 Δ
2025 434 2242 489 quoque
2271 422 2414 490 quod
2448 420 2681 476 dicitur:
2718 419 2840 476 Non
2875 407 3126 478 sitierunt
3160 423 3212 476 iu
3241 423 3449 476 deserto
3489 439 3605 474 cum

342 537 373 576 a
397 521 666 592 principio
699 523 754 576 in
791 518 1113 575 abscondito
1143 531 1266 572 sum
1298 515 1458 586 559
1507 515 1746 576 locutus.
1819 515 1922 567 hoc
2027 519 2268 570 educeret
2297 534 2404 580 eos,
2429 534 2626 582 aquam
2660 517 2751 571 'de‘
2769 531 2917 586 petra
2942 511 3192 587 produxit
3229 518 3339 584 eis;
3369 528 3419 571 et
3456 517 3609 571 scidit

343 625 428 670 est
466 630 562 684 per
595 613 885 682 aenigmata
916 620 971 665 et
997 609 1256 680 mysteria
1308 609 1718 678 prophetarum,
1775 605 1922 676 quod
2025 620 2246 677 petram,
2280 618 2326 662 et
2350 609 2828 680 fluxeruntaquw:
2858 611 2983 664 licet
3010 611 3305 666 secundum
3327 609 3612 663 historiam

343 707 567 762 cunctis
638 714 789 761 retro
842 701 1288 771 generationibus
1360 700 1540 756 fuerat
1591 702 1922 770 ignoratum.
2025 699 2294 769 expletura
2339 700 2534 754 docere
2579 717 2684 755 non
2752 703 3005 767 valeant;
3077 717 3252 770 neque
3303 701 3448 755 enim
3513 701 3613 755 sub

345 799 572 867 Quando
597 799 1046 853 lie‘bantomniaa
1073 795 1255 859 Patre,
1283 808 1402 862 ipse
1434 803 1552 848 erat
1571 809 1695 846 cum
1712 807 1800 858 eo,
1834 790 1926 859 qui
2030 788 2328 844 Zorobahel
2359 797 2412 842 ct
2443 788 2578 843 Ezra
2604 799 2871 845 venerunt
2898 805 2991 860 per
3023 792 3319 856 desertum,
3353 799 3408 845 et
3429 775 3608 846 scissa

347 892 707 962 adgaudebat,
741 891 829 960 qui
870 892 1036 946 etiam
1063 888 1417 951 nunc,dicit:
1457 887 1568 952 Ego
1598 886 1690 955 qui
1715 899 1930 954 semper
2030 891 2182 954 petra
2211 882 2440 949 praebuit
2478 882 2560 938 eis
2591 899 2783 953 aquas,
2817 885 2960 953 quod
2996 883 3063 938 de
3107 881 3340 955 [Egypto
3370 885 3624 938 exeunti-

346 999 497 1039 eram
537 997 659 1037 cum
688 983 865 1042 Patre.
901 992 952 1036 ct
991 984 1040 1035 in
1068 980 1252 1040 Patre.
1291 990 1348 1034 et
1397 980 1512 1032 sine
1564 978 1722 1031 Patre
1786 991 1926 1030 nun-
2033 972 2136 1026 bus
2162 973 2430 1028 accidisse
2467 983 2764 1028 narratur:
2800 984 2976 1029 tamen
3007 976 3350 1046 hyperbolice
3381 976 3433 1028 in
3465 975 3625 1029 simi-

348 1091 512 1143 quam
543 1090 696 1131 eram
721 1077 908 1140 etiam,
931 1089 1073 1127 nunc
1102 1072 1490 1142 loquor‘Uoun.
1517 1072 1630 1135 χεν)
1656 1085 1671 1123 :
1703 1067 1929 1138 etjuxta
2034 1062 2314 1117 litudinetu
2345 1065 2541 1134 prioris
2555 1063 2834 1120 felicitatis
2863 1066 3085 1136 impleta
3115 1076 3410 1135 testantur,
3443 1083 3626 1135 quan-

351 1169 707 1239 fragilitatem
759 1167 944 1221 carnis
971 1175 1262 1232 assunt-piae
1295 1165 1439 1224 dico,
1493 1160 1634 1228 quod
1674 1158 1933 1216 Dominus
2034 1153 2104 1206 do
2138 1169 2233 1223 per
2259 1155 2532 1210 desertum
2568 1157 2846 1210 nationum
2899 1167 3168 1213 venerunt
3231 1161 3287 1213 in
3349 1157 3626 1224 Juda‘am,

354 1261 501 1315 Deus
525 1258 740 1314 miserit
781 1273 885 1322 me,
919 1265 974 1311 et
1001 1256 1227 1324 spiritus
1252 1255 1370 1322 ejus
1402 1270 1416 1306 :
1448 1253 1716 1320 brevique
1755 1249 1934 1305 versi-
2035 1255 2090 1300 et
2130 1248 2194 1300 de
2227 1248 2538 1316 captivitate
2570 1260 2696 1302 sunt
2737 1249 2972 1304 liberati.
3012 1249 3079 1306 Et
3103 1260 3157 1304 ut
3211 1253 3478 1312 sciamus,
3538 1251 3629 1304 in-

353 1352 478 1408 culo
529 1350 826 1405 Trinitatis
867 1347 1024 1403 nobis
1087 1346 1396 1402 ostenditur
1437 1355 1863 1401 sacramentum.
2037 1339 2249 1408 quium,
2269 1340 2554 1410 jungitur:
2589 1339 2713 1396 Non
2739 1351 2817 1396 est
2861 1359 2967 1410 pax
2991 1341 3204 1411 impiis,
3240 1344 3376 1397 dicet
3436 1342 3630 1396 Demi-

429 1440 608 1513 (Vcrs.
647 1441 735 1505 l7,
763 1439 831 1494 18
860 1440 1036 1511 seqq.)
1069 1440 1230 1493 diuae
1254 1437 1389 1492 dicit
1412 1437 1700 1497 Dominus.
1726 1437 1938 1490 redem-
2039 1447 2138 1485 una
2164 1446 2184 1485 :
2219 1441 2275 1486 et
2315 1444 2436 1487 esse
2485 1447 2706 1487 sensum
2737 1451 2752 1492 :
2809 1433 3061 1490 Perfecta
3085 1434 3317 1490 felicitas
3365 1450 3472 1490 non
3521 1436 3632 1490 erit

359 1543 488 1606 pter
521 1543 646 1590 tuus
673 1535 909 1588 Sanctus
947 1531 1288 1602 lsraelego
1326 1531 1595 1586 Dominus.
1618 1529 1762 1584 Deus
1817 1541 1940 1583 tuus
2039 1523 2144 1578 nisi
2183 1525 2283 1577 sub
2309 1523 2549 1589 Christo,
2585 1525 2728 1596 quod
2765 1529 2819 1579 in
2873 1525 3062 1580 ultimo
3095 1535 3336 1604 tempore
3369 1542 3629 1581 reservo-

361 1628 564 1690 deccns
590 1633 643 1682 te
679 1623 854 1688 utilia,
889 1623 1204 1692 gubernans
1238 1628 1291 1676 te
1321 1620 1376 1675 in
1411 1622 1494 1673 via
1533 1635 1640 1689 qua
1669 1619 1936 1674 ambulas.
1984 1672 1990 1678 .
2043 1624 2148 1668 tur.
2171 1612 2343 1668 Porro
2367 1616 2460 1685 qui
2487 1627 2539 1667 et
2565 1618 2758 1672 verius
2781 1627 2833 1670 et
2859 1617 3213 1674 rectius'hatc
3251 1618 3508 1674 releruut
3560 1619 3634 1672 ad

348 1717 584 1782 Utinam
609 1716 935 1772 attendisses
965 1717 1222 1772 mandata
1239 1728 1382 1778 mea,
1415 1714 1556 1771 facta
1588 1711 1783 1767 fuisset
1799 1713 1940 1766 sicut
1967 1767 2013 1782 _
2043 1703 2336 1760 Salvatoris
2377 1707 2667 1761 adventum
2725 1708 2878 1780 (iufr.
2928 1710 2996 1763 ad
3045 1726 3164 1779 cap.
3191 1726 3301 1778 ιιι,
3332 1711 3385 1782 l)
3409 1711 3476 1766 de
3519 1727 3638 1782 quo

361 1809 560 1865 ﬂumen
593 1823 692 1876 pax
729 1819 838 1870 tua,
861 1815 916 1860 et
939 1807 1146 1876 j-ustitia
1179 1816 1276 1862 tua
1306 1805 1446 1860 sicut
1474 1805 1714 1876 gurgites
1750 1803 1938 1857 maris.
1969 1797 2016 1830 ⁵
2045 1798 2274 1854 dicitur:
2312 1797 2648 1855 Anuuutiare
2673 1803 2992 1872 pauperibus
3027 1804 3175 1858 misit
3196 1821 3297 1871 me,
3332 1807 3638 1872 pra'dicare

366 1900 432 1954 Et
462 1900 654 1954 luisset
689 1899 838 1954 sicut
877 1912 1041 1960 arena
1077 1910 1265 1952 semen
1300 1905 1476 1961 tuutn,
1508 1903 1563 1950 et
1603 1897 1772 1962 stirps
1801 1893 1938 1967 uteri
2043 1893 2261 1966 captivis
2289 1894 2814 1964 remiasiouethuc.
2847 1911 2920 1956 tv,
2962 1895 3049 1961 18,
3077 1896 3639 1964 l9),coho‘rtationcm

365 1992 446 2047 tui
485 1999 544 2044 ut
571 1991 734 2059 lapilli
775 1989 927 2057 ejus:
964 2005 1069 2045 non
1099 1989 1442 2053 interissent,
1495 1997 1688 2041 etnon
1745 1984 1943 2040 fuisset
2045 1997 2168 2038 esse
2197 1983 2502 2056 intelligunt
2551 2000 2738 2040 eorum
2773 1989 2862 2056 qui
2896 1985 3252 2059 Evangelium
3303 1990 3643 2044 annuntiant

365 2087 609 2140 attritum
640 2099 834 2139 nomen
866 2083 984 2150 ejus
1011 2099 1042 2136 a
1076 2083 1214 2138 facie
1241 2098 1382 2138 mea.
1417 2101 1434 2132 ι
1467 2082 1604 2148 Quia
1635 2080 1823 2138 Israeli
1855 2080 1944 2136 fu-

2076 2075 2218 2143 psius
2254 2075 2468 2131 Domini
2501 2077 2834 2151 Salvatoris,
2872 2089 2931 2135 ut
2961 2075 3308 2151 egrediantur
3339 2081 3406 2136 de
3456 2081 3644 2153 Baby-

363 2191 490 2238 ,ωε-η
521 2175 988 2248 ριοοιιήείι,;ι·εά(1ίι
1013 2190 1210 2232 causas
1233 2190 1402 2243 quare
1431 2189 1526 2230 eos
1551 2177 1702 2242 prius
1727 2173 1941 2228 afﬂixe-
2045 2165 2190 2231 Ione,
2226 2167 2276 2221 id
2302 2176 2408 2232 est,
2436 2169 2776 2225 confusione
2801 2170 2960 2226 istius
2987 2172 3178 2226 mundi
3207 2189 3224 2226 :
3253 2181 3309 2228 et
3358 2171 3647 2240 fugiamus

369 2273 472 2324 rit:
509 2284 645 2339 quas
700 2270 747 2324 si
789 2269 1062 2334 vitaverit,
1098 2281 1438 2335 nequaquam
1465 2265 1661 2322 similia
1689 2266 1943 2334 patiatur.
2045 2256 2352 2324 Chaldaeos,
2391 2259 2470 2324 de,
2505 2261 2703 2329 quibus
2733 2253 2926 2316 crebro
2969 2263 3174 2318 dictum
3218 2273 3320 2318 est.
3384 2263 3649 2317 Redemit

368 2358 450 2425 Si,
478 2358 676 2426 inquit,
701 2357 1012 2412 attendisses
1038 2357 1289 2411 mandata
1311 2371 1459 2421 mea,
1500 2364 1557 2410 ut
1587 2353 1944 2423 Septuaginta
2048 2351 2194 2403 enim
2247 2348 2510 2404 Dominus
2559 2365 2776 2406 servum
2810 2367 2968 2407 suum
3009 2353 3182 2409 Iacob
3237 2355 3649 2424 pretiosissima

369 2451 761 2506 transtulerunt
800 2467 814 2504 :
853 2449 933 2504 vel
963 2459 1114 2504 certe
1177 2447 1414 2516 optantis
1472 2444 1692 2508 aﬂectu,
1742 2445 1948 2498 utinam
2049 2443 2317 2512 sanguine
2341 2453 2554 2510 θωνα
2604 2444 2832 2500 adduxit
2875 2460 2971 2516 per
3020 2446 3296 2502 desertum
3327 2443 3543 2513 saeculi,
3589 2457 3653 2504 et

369 2545 682 2600 attendisses
715 2542 970 2596 mandatu
999 2557 1115 2595 mea
1139 2557 1158 2595 :
1189 2555 1312 2610 qua:
1339 2541 1385 2593 si
1431 2538 1692 2606 fecisses,
1755 2537 1950 2593 fuisset
2050 2543 2245 2600 aquam
2278 2532 2438 2587 scidit
2479 2533 2548 2588 de
2574 2542 2751 2602 petra.
2790 2534 2966 2604 Super
2993 2551 3101 2605 qua
3127 2545 3184 2592 et
3229 2537 3526 2606 Apostolus
3564 2539 3652 2592 Io-

369 2635 509 2690 sicut
536 2633 761 2687 llutnina
793 2647 897 2702 pax
924 2641 1036 2696 tua,
1064 2639 1119 2686 et
1141 2628 1350 2699 justitia
1403 2639 1490 2684 tua
1534 2629 1678 2684 sicut
1707 2627 1948 2698 gurgites
2049 2626 2270 2692 quitur:
2325 2623 2487 2679 Petra
2513 2636 2701 2680 autem
2754 2619 2870 2684 erat
2919 2626 3163 2684 Christus
3225 2628 3279 2700 (1
3309 2629 3448 2686 Cor;
3471 2649 3528 2695 ι,
3559 2633 3650 2704 4).

373 2723 571 2778 maris:
607 2721 992 2786 abundantiam
1041 2719 1290 2784 omnium
1311 2733 1495 2773 rerum
1525 2718 1848 2786 copiamque
1877 2719 1950 2774 εἰ·
2042 2714 2336 2772 Scinditur
2369 2729 2548 2772 autem
2573 2732 2754 2773 sermo
2791 2719 3029 2786 divinus,
3047 2730 3106 2774 et
3139 2721 3191 2775 in
3229 2724 3428 2779 multas
3458 2733 3652 2794 partes

371 2813 656 2886 gniﬁcans.
689 2811 950 2880 Quodque
975 2811 1256 2880 sequitur:
1291 2809 1358 2864 Et
1385 2809 1573 2878 [uisset
1607 2810 1759 2880 quasi
1787 2825 1952 2868 arena
2042 2808 2330 2874 dividitur,
2359 2820 2420 2864 ut
2443 2825 2606 2880 quem
2641 2820 2811 2865 totum
2832 2813 3112 2882 suscipere
3155 2831 3260 2868 non
3319 2831 3649 2882 possumus.

371 2919 544 2959 semen
575 2912 747 2966 tuum,-
783 2911 832 2955 et
865 2903 1025 2967 stirps
1059 2903 1196 2958 uteri
1223 2904 1302 2956 tui
1344 2911 1401 2955 ut
1443 2901 1620 2970 lapilli
1658 2900 1772 2972 ejus
1796 2917 1836 2956 :.
1876 2900 1952 2955 εἰ·
2052 2915 2331 2958 sumamus
2361 2901 2416 2956 in
2456 2903 2728 2972 partibus.
2755 2904 2834 2959 Ac
2875 2921 2944 2960 ne
2972 2917 3257 2976 putaretur
3303 2901 3402 2963 ista
3447 2911 3656 2978 praedi-

375 2998 535 3048 detur
561 2993 779 3063 quidem
811 3007 1138 3063 permanere
1168 2993 1220 3048 in
1255 2993 1453 3062 populo,
1480 2992 1814 3058 Judaorum,
1857 2992 1946 3062 qui
2045 2995 2206 3057 eatio,
2229 2995 2336 3050 dici
2367 2995 2946 3064 omnisem-iu-iJa'cob,
2971 3010 3026 3056 et
3053 3015 3161 3055 non
3195 2997 3282 3057 bis
3305 3012 3528 3057 tantum
3555 3006 3652 3073 qui

375 3102 546 3156 usque
592 3086 646 3140 in
703 3095 1018 3156 praesentem
1079 3087 1248 3153 diem,
1301 3086 1474 3150 instar
1527 3086 1950 3148 vermiculorum
1983 3112 2028 3169 ε
2065 3103 2161 3156 per
2199 3088 2480 3158 apostolos
2509 3090 2766 3146 credituri
2812 3103 2960 3158 sunt,
3011 3092 3241 3149 infertur
3272 3101 3329 3150 'et
3355 3084 3652 3167 jungitur:

377 3175 644 3247 pullulant
679 3175 818 3232 ﬁlios
868 3187 926 3236 et.
955 3186 1213 3246 nepotes;
1247 3177 1343 3232 sed
1390 3177 1665 3246 quomodo
1720 3177 1823 3234 hoc
1893 3179 1948 3232 in
2069 3179 2196 3236 Non
2230 3191 2307 3236 est
2331 3197 2437 3250 pax
2475 3183 2674 3252 impiis,
2723 3185 2853 3238 dicit
2885 3184 3187 3242 Domitius:
3233 3187 3339 3242 illis
3389 3189 3656 3244 videlicet

356 3265 799 3334 repromissione
822 3264 1197 3335 accipiendum
1218 3275 1348 3340 est,
1391 3281 1518 3334 cum
1543 3281 1766 3337 pacem,
1793 3266 1958 3338 justi-
2057 3274 2154 3342 qui
2189 3273 2244 3328 in
2269 3288 2462 3329 errore
2485 3276 2718 3345 pristino
2757 3287 3216 3346 permanserunt;
3249 3281 3341 3350 qui
3366 3295 3486 3335 non
3535 3297 3656 3337 me-

379 3361 618 3434 tiamque
644 3362 1064 3442 nonhabesnti
1085 3363 1194 3420 Aut
1225 3362 1382 3428 enim,
1401 3362 1573 3420 iratus
1599 3373 1700 3421 est.-
1723 3364 1837 3434 eis.
1859 3372 1960 3429 aut
2064 3375 2294 3424 nuerunt.
2338 3364 2528 3422 bibere
2564 3367 2635 3421 de
2667 3377 2818 3434 petra
2849 3367 2890 3423 ⁸.
2913 3393 2917 3398 ’
2937 3368 3110 3438 Cujus
3154 3383 3213 3425 ut
3259 3387 3399 3427 nove
3430 3372 3653 3443 loquar,

380 3453 970 3529 placatugl.Siir,atus,
1006 3457 1271 3526 quotuods
1299 3470 1500 3516 semen
1534 3459 1960 3532 ejusquotidie
2047 3457 2208 3518 ,latns
2258 3461 2447 3516 lancea
2502 3457 2659 3531 561
2718 3460 3102 3528 vulneratum,
3163 3467 3324 3531 aquis
3370 3463 3536 3519 ﬂuxit
3599 3476 3658 3520 et

384 3547 813 3618 multiplicatur?
863 3546 921 3603 Si
951 3547 1222 3618 placatus,
1247 3550 1550 3614 quomodo
1581 3553 1872 3619 serviunt,
1902 3561 1962 3611 et
2045 3550 2554 3621 sanguinulenta.
2587 3552 2652 3619 t),
2688 3552 3014 3623 baptismum
3053 3555 3211 3611 nobis
3230 3567 3285 3612 et
3322 3561 3654 3627 martyrium

383 3654 568 3709 pacem
607 3639 982 3709 iustitiamque
1025 3655 1132 3698 non
1157 3640 1481 3710 possident?
1533 3642 1610 3696 Ex
1658 3659 1796 3713 quo.
1835 3659 1960 3713 per-
2064 3643 2358 3704 dedicans.-.
2733 3655 2737 3658 '

381 3735 629 3804 spicuum
686 3743 772 3790 est
791 3733 868 3800 de
917 3735 1218 3803 apostolico
1257 3735 1366 3791 dici
1438 3750 1583 3796 nunc
1627 3738 1857 3803 semine,
1892 3734 1963 3793 de

381 3843 491 3896 quo
511 3835 570 3881 et
595 3842 764 3896 supra
803 3829 950 3896 (cap.
989 3829 1029 3896 ι)
1055 3827 1322 3898 legimus:-
1350 3827 1472 3888 Nt'si
1504 3829 1761 3884 Dominus
1793 3828 1963 3886 Saba-

382 3920 476 3974 otlt
505 3919 798 3988 reliquisset
823 3920 968 3974 nobis
999 3936 1196 3985 semen,
1219 3921 1380 3990 quasi:
1395 3920 1632 3976 Sodoma
1655 3922 1960 3990 fuissemus.

361 4013 540 4080 Quod
568 4015 697 4079 quia
726 4011 819 4066 illo
855 4021 1097 4081 tempore
1149 4028 1488 4083 nequaquam
1524 4014 1752 4070 videtur.
1781 4015 1966 4083 exple-

385 4116 520 4168 tum,
555 4104 610 4158 in
635 4104 839 4162 Christi
873 4105 1177 4174 completur
1213 4106 1495 4160 adventu:
1525 4113 1580 4159 et
1608 4113 1735 4160 ante
1768 4103 1961 4160 facient

387 4196 530 4251 illius
555 4211 744 4251 semen
785 4205 1070 4264 permanet
1097 4196 1333 4252 lsraelis.
1606 4225 1610 4232 ι
1895 4227 1906 4234 -

458 4288 642 4360 (Vers.
671 4291 762 4357 20,
785 4289 877 4356 2t,
906 4289 1024 4359 22.)
1063 4288 1426 4358 «Egredimini
1461 4289 1528 4346 de
1557 4290 1855 4362 Babylone,
1882 4291 1966 4347 fu-

388 4382 548 4448 gitea
591 4382 905 4438 Chaldaeis:
968 4385 1022 4438 in
1067 4397 1198 4434 voce
1219 4383 1566 4437 exaltationis
1620 4385 1964 4446 annuntiate,

2137 3737 2291 3808 (Cap.
2324 3731 2514 3793 XLIX.
2557 3767 2626 3779 --
2656 3736 2814 3793 Vere.
2840 3738 2877 3792 1.
2916 3739 3093 3808 seqq.)
3127 3757 3148 3790 ‹
3171 3741 3388 3804 Audite,
3432 3743 3655 3808 insulae,

2063 3837 2120 3884 et
2142 3830 2428 3894 attendite,
2459 3830 2642 3902 pepuli
2673 3832 2742 3886 de
2769 3831 2946 3902 longe.
2980 3830 3242 3886 Dominus
3272 3833 3342 3887 ab
3368 3846 3527 3887 utero
3560 3843 3662 3888 Vo-

2063 3923 2336 3989 cuvitnte,
2364 3920 2432 3976 de
2461 3931 2653 3976 ventre
2684 3921 2876 3977 matris
2909 3936 3046 3976 mea:
3076 3922 3403 3978 recordatus
3431 3937 3518 3978 est
3550 3941 3658 3979 no-

2066 4015 2231 4070 minis
2261 4015 2390 4070 mei.
2420 4015 2486 4068 Et
2514 4014 2697 4084 posuit
2727 4029 2790 4070 os
2814 4027 3000 4080 meum
3043 4015 3210 4084 quasi"
3235 4016 3472 4086 gladium
3510 4031 3654 4072 acn-

2069 4117 2180 4162 tnm
2207 4122 2226 4164 :
2256 4109 2309 4161 in
2334 4106 2526 4162 umbra
2557 4120 2749 4162 manus
2781 4121 2892 4161 sua:
2935 4108 3173 4176 protexit
3205 4123 3313 4163 me.
3365 4108 3433 4162 Et
3473 4112 3664 4178 posuit

2068 4215 2156 4256 me
2204 4200 2632 4270 sicutisagittatu
2664 4198 2938 4256 electam:
2989 4201 3043 4255 in
3092 4205 3360 4270 pharetra.
3387 4216 3485 4255 sua
3530 4204 3667 4258 abs-

2067 4294 2256 4346 condit
2287 4305 2416 4356 me;
2468 4299 2525 4346 et
2567 4289 2715 4347 dixit
2741 4291 2914 4346 mihi:
2949 4291 3157 4347 Servus
3190 4307 3428 4346 menses
3455 4305 3534 4357 tu,
3583 4293 3667 4350 leo

2073 4383 2358 4454 rael,'qnia
2385 4384 2442 4439 in
2479 4393 2528 4438 te
2563 4382 2837 4454 gloriabor
2863 4381 2970 4455 [AL
2997 4383 3391 4457 gloriﬁcubor].
3425 4383 3488 4438 Et
3515 4411 3520 4418 -
3544 4402 3656 4456 ego

395 4473 638 4530 auditum
667 4474 832 4529 facile
859 4474 986 4537 hoc,
1012 4473 1205 4528 aﬂ‘ene
1231 4473 1358 4528 illud
1383 4490 1558 4544 usque
1578 4476 1645 4530 ad
1665 4487 1967 4530 extremum
2005 4475 2047 4529 D
2074 4478 2182 4530 disi
2210 4493 2227 4537 :
2260 4476 2319 4531 ln
2353 4491 2583 4532 vacuum
2626 4475 2890 4543 laboravi,
2921 4478 3042 4532 sine
3069 4485 3238 4533 causa
3265 4489 3321 4532 et
3369 4493 3505 4531 vane
3549 4478 3666 4533 foro

387 4581 572 4634 terrae,
611 4580 663 4622 et
697 4567 902 4622 dicite:
933 4565 1183 4620 Redemit
1217 4565 1478 4622 Dominus
1533 4566 1700 4638 560
1751 4581 1967 4622 servum

391 4675 551 4720 suum
585 4657 779 4724 Jacob.
812 4657 931 4714 Non
956 4659 1214 4714 sitierunt
1243 4659 1296 4714 in
1327 4659 1546 4714 deserto
1572 4675 1694 4714 cum
1719 4659 1974 4716 educeret

389 4771 520 4820 eos;
555 4767 754 4822 aquam
793 4753 857 4806 de
880 4751 1320 4822 petraproduxit
1347 4754 1449 4817 eis,
1477 4763 1531 4806 et
1550 4751 1707 4807 scidit
1739 4761 1968 4822 petram,

389 4862 446 4903 et
471 4848 746 4904 ﬂuxerunt
793 4862 972 4917 aquae.
1014 4845 1132 4902 Non
1181 4853 1284 4905 est
1312 4861 1415 4916 pax
1461 4845 1662 4914 impiis,
1701 4847 1835 4900 dicit
1872 4845 1975 4900 Do-

394 4945 624 4996 tninusa
670 4941 774 5008 Qui
817 4956 981 5009 supra
1026 4941 1078 4994 itt
1133 4955 1200 4994 eo
1234 4939 1402 5008 loco._
1433 4937 1523 4992 ubi
1562 4941 1822 5008 scriptum
1853 4949 1970 4993 est:

394 5031 506 5100 Ego
534 5049 626 5101 ego
656 5033 863 5084 locutus
893 5047 1032 5095 sum,
1059 5039 1109 5084 et
1138 5031 1315 5084 vocavi
1344 5045 1464 5084 eum
1485 5045 1504 5083 :
1535 5030 1740 5083 adduxi
1761 5046 1904 5095 sum,
1923 5041 1971 5082 et

391 5128 593 5179 directa
619 5137 696 5180 est
724 5128 810 5192 via
832 5127 970 5195 ejus,
997 5141 1158 5195 super
1176 5124 1320 5194 Cyro
1347 5123 1617 5192 Darioque
1648 5121 1974 5191 intelligunt,

394 5221 556 5274 etiam
615 5218 730 5274 haec
764 5221 833 5272 ad
901 5219 1044 5274 illius
1109 5216 1354 5272 referunt
1408 5227 1687 5284 tempore;
1757 5217 1976 5285 quando

395 5328 653 5380 egressus
686 5323 769 5368 est
798 5312 1028 5381 populus
1053 5310 1434 5381 de,Babyloue,
1466 5319 1521 5364 et
1549 5307 1680 5378 fugit
1708 5309 1773 5364 de
1807 5307 1969 5364 Chal-

395 5406 556 5473 daeis,
601 5414 658 5459 et
715 5407 1027 5472 redemptus
1069 5415 1156 5460 est
1187 5421 1217 5458 a
1265 5402 1502 5458 Domino
1551 5403 1658 5458 Deo
1687 5416 1821 5458 auo.
1865 5401 1980 5456 Hoc

471 5563 487 5594 ‘
524 5563 807 5618 Glossator
835 5560 1038 5618 codicis
1077 5561 1446 5625 Ambrosiam,
1497 5579 1656 5631 quam
1683 5571 1736 5616 et
1755 5543 1977 5631 sangui-

399 5649 517 5758 tdtem
549 5635 732 5688 lateris
789 5632 1002 5688 Domini
1051 5633 1368 5703 baptismum
1425 5635 1845 5702 utartyriutttqtte
1899 5633 1979 5684 in-

438 5720 630 5759 trasse.
661 5713 770 5759 etc.

662 5744 770 5759 υῑυ.

470 5767 696 5830 II'Atttra
729 5789 866 5846 erat,
904 5775 1199 5851 gloriabor.
1231 5779 1427 5838 Vcrtnu
1463 5790 1595 5832 mss.
1629 5775 1784 5846 juxta
1826 5774 1870 5831 G
1903 5790 1976 5830 te-

2083 4569 2368 4626 titudinem
2409 4583 2586 4628 meam
2628 4567 2944 4638 consumpsi
2969 4593 2994 4631 ,-
3018 4584 3149 4638 ergo
3177 4569 3442 4639 judicium
3476 4582 3664 4623 meum

2046 4719 2048 4722 τ
2079 4675 2203 4716 cum
2238 4660 2486 4726 Domino,
2521 4670 2576 4714 et
2596 4675 2732 4727 opus
2758 4676 2936 4716 meum
2969 4677 3092 4717 cum
3134 4661 3244 4719 Deo
3265 4677 3452 4718 meo.»
3477 4661 3666 4719 LXX:

2086 4755 2312 4810 «Audite
2356 4771 2462 4822 tne,
2526 4755 2740 4819 insulae,
2770 4765 2826 4810 et
2889 4756 3176 4823 attendite,
3259 4765 3466 4826 gentes.
3531 4756 3668 4814 Post

2053 4848 2314 4902 multum
2374 4858 2593 4918 tempus
2643 4849 2836 4914 stabit,
2869 4849 3003 4904 dicit
3031 4847 3314 4904 Dominus.
3350 4847 3434 4903 De
3459 4859 3668 4904 ventre

2085 4943 2301 4996 vocavit
2333 4955 2437 5007 me,
2478 4957 2542 4996 ex
2590 4949 2749 4996 utero
2796 4941 2990 4996 matris
3041 4957 3172 4996 mea!
3207 4941 3420 4997 vocavit
3459 4957 3666 4997 nomen

2084 5049 2284 5090 meum.
2320 5032 2386 5086 Et
2415 5034 2594 5102 posuit
2625 5047 2689 5088 os
2717 5047 2896 5088 meum
2942 5032 3099 5103 quasi
3149 5033 3384 5102 gladium
3414 5045 3662 5101 acutum,

2081 5134 2139 5178 et
2172 5123 2276 5192 sub
2305 5122 2645 5192 protectione
2670 5138 2872 5179 manus
2891 5138 3008 5178 suae
3027 5122 3319 5179 abscondit
3337 5141 3446 5180 me.
3469 5127 3667 5181 Posuit

2085 5230 2170 5270 tne
2194 5215 2362 5282 quasi.
2382 5217 2644 5283 sagittam
2678 5214 2934 5279 electam,
2962 5225 3016 5270 et
3047 5215 3099 5268 iu
3134 5215 3390 5284 pharetra
3419 5231 3520 5272 sua
3533 5217 3665 5271 abs-

2057 5306 2270 5372 ,condit
2299 5322 2406 5362 me.
2431 5303 2498 5358 Et
2517 5304 2656 5361 dixit
2677 5307 2807 5360 mihi
2831 5323 2848 5361 :
2880 5306 3084 5360 Servus
3109 5322 3261 5363 meus
3281 5321 3342 5362 es
3365 5315 3442 5372 tu,
3463 5308 3662 5372 Israel.

2084 5413 2138 5458 et
2177 5402 2229 5456 in
2253 5409 2305 5454 te
2339 5397 2681 5470 gloriﬁcabor
2705 5399 2748 5456 '.
2777 5397 2848 5455 Et
2879 5415 2981 5471 ego
3011 5400 3122 5469 dixi
3155 5398 3289 5456 Sine
3317 5415 3480 5456 causa
3511 5402 3666 5457 laba-

2087 5539 2210 5617 cum
2229 5547 2700 5630 ἑνδοξασθήσομαι
2731 5567 2842 5612 tum
2864 5560 2974 5624 hic,
3001 5575 3125 5613 cum
3156 5561 3207 5614 in
3233 5560 3498 5627 superiori
3530 5575 3664 5628 quo-

2086 5645 2193 5699 que
2224 5631 2474 5684 versione
2505 5629 2793 5696 pra-ferunt
2819 5631 3661 5699 gloriﬁcatur,-quemadmodum

2086 5715 2144 5829 ft
2167 5716 2238 5783 ex
2262 5699 2507 5755 subnexa
2531 5698 2877 5766 expositione
2904 5698 3289 5773 Hiewuytnum
3314 5700 3510 5772 legisse
3549 5698 3663 5756 col-

2111 5778 2294 5829 lillltlf.

2111 5778 2294 5842 igitur.
