3856 6172
217 220 320 289 681

700 223 1203 292 COMMENTAR.
1240 228 1323 293 IN
1366 229 1640 292 ISAIAM
1676 229 2156 292 PROPHETAM
2198 230 2356 296 LIB.
2401 229 2578 298 XIII.
2619 229 2783 291 CAP.
2828 228 3043 292 XLIX.

3362 225 3476 290 482

217 339 362 404 ravi,
392 337 446 393 in
470 352 690 405 vanum,
713 348 773 396 et
793 340 846 396 in
872 341 1026 396 nihili
1055 342 1180 398 dedi
1209 343 1582 400 fortitudinem
1599 358 1798 399 meam.
1827 352 1878 411 Α
1909 340 2131 411 Sagitta:
2165 350 2272 397 tute
2300 353 2495 408 acuta,
2553 342 2952 411 potentissime;
2985 338 3166 417 populi
3194 337 3290 396 sub
3326 347 3374 393 te
3397 354 3492 394 ea.

214 425 514 499 Propterea
537 428 806 500 judicium
831 446 1009 486 meum
1042 433 1187 503 apud
1218 433 1534 501 Dominum,
1567 445 1624 491 et
1647 436 1804 491 labor

214 536 375 577 meus
404 535 588 576 coram
615 521 730 579 Deo
755 539 929 579 meo.»
969 526 1096 581 Scio
1112 536 1168 581 et
1189 528 1306 583 haec
1328 538 1386 583 et
1409 527 1666 584 inieriora
1684 543 1804 599 quae

211 612 418 668 dicturi
448 628 658 678 sumus,
688 615 755 669 ad
784 617 946 672 unius
969 617 1196 686 capituli
1243 619 1532 674 scientiam
1567 632 1666 676 seu
1718 619 1801 674 in-

214 705 573 777 telligentiam
606 708 903 777 pertinuere,
929 719 982 764 et
1012 713 1197 766 omnia
1231 727 1296 766 ex
1325 725 1557 782 persona
1597 712 1801 768 Christi

215 795 422 852 debere
450 797 648 868 accipi.
684 797 789 853 Sed
813 800 960 854 nolui
993 802 1156 856 simul
1193 803 1377 858 omnia
1429 804 1800 873 proponendo,

220 888 450 946 lectoris
481 907 716 947 onerare
745 908 972 946 sensum
997 933 1012 958 ,
1043 903 1100 949 et
1146 895 1288 963 quod
1335 909 1431 966 per
1478 905 1659 965 partes
1718 896 1803 950 fa-

215 981 382 1037 cilius
408 983 512 1038 dici
538 994 738 1050 potest,
774 986 1146 1055 magnitudine
1173 989 1260 1042 sui
1294 987 1653 1044 confundere.
1689 988 1804 1045 Un-

212 1075 287 1130 de
323 1085 379 1130 et
409 1087 693 1146 utramque
723 1081 1013 1134 editionem
1042 1082 1235 1150 posui:
1267 1093 1325 1136 ut
1356 1084 1499 1152 quod
1546 1083 1598 1136 in
1629 1083 1801 1139 altera

215 1167 444 1222 videtur
475 1169 790 1234 obscurum,
817 1172 1046 1227 alterius
1073 1173 1307 1229 lectione
1340 1183 1639 1230 reseretur.
1669 1174 1803 1231 Post

213 1259 558 1314 vocationem
583 1275 715 1331 ergo
750 1261 1105 1331 reliquiarum
1128 1263 1320 1330 lsrael,
1351 1275 1405 1320 ct
1435 1264 1800 1333 abjecﬁonem

211 1349 278 1404 in
306 1350 686 1407 incredulitate
718 1356 902 1424 populi
951 1358 1340 1423 permanentia,
1386 1357 1456 1412 de
1483 1359 1682 1428 quibus
1722 1360 1803 1413 di-

209 1447 411 1491 xerat:
469 1437 587 1494 Non
617 1451 713 1494 est
759 1458 872 1512 paa:
919 1443 1118 1513 impiis,
1151 1445 1282 1500 dicit
1339 1445 1600 1503 Dominus
1657 1448 1798 1520 (lsa.

210 1544 412 1595 aut",
440 1531 556 1600 ’32),
588 1535 786 1590 transit
831 1535 898 1589 ad
927 1534 1206 1593 Ecclesiae
1245 1527 1317 1593 de
1373 1541 1622 1611 gentibus
1669 1557 1802 1596 cou-

211 1632 498 1691 gregatas,
551 1634 607 1680 et
642 1627 733 1682 eis
774 1629 875 1684 sub
908 1629 1213 1686 insularum
1265 1633 1487 1688 nomine
1532 1633 1795 1704 loquitur.

209 1713 352 1779 Quae
385 1715 460 1770 ita
511 1729 922 1785 persecutorum
966 1722 1202 1788 insidiis,
1236 1726 1392 1794 quasi
1442 1727 1634 1782 maris.
1663 1727 1798 1781 ﬁuc-

211 1806 365 1860 tibos
399 1814 602 1876 patent,
636 1822 689 1865 et
726 1826 790 1866 ex
824 1813 972 1868 omni
1005 1825 1161 1885 parte
1199 1819 1458 1874 saeviente
1489 1819 1794 1891 naufragio,

207 1901 528 1956 tunduntur
561 1902 740 1971 potius
771 1921 933 1974 quam
962 1920 1271 1968 moventur.
1301 1912 1380 1967 Ac
1410 1927 1477 1966 ne
1503 1913 1624 1981 quis
1649 1921 1802 1983 putct

205 1994 516 2050 violentam
549 2011 673 2052 esse
715 1999 1112 2080 expositionem
1160 2016 1420 2071 nostram,
1474 2012 1528 2060 et
1576 2020 1682 2060 non
1732 2006 1800 2060 ad

203 2095 409 2158 gentes
445 2090 720 2158 pertinere
751 2091 910 2160 quod
961 2093 1184 2162 dicitur,
1239 2095 1336 2152 sed
1382 2097 1450 2151 ad
1499 2113 1802 2168 synagogas

207 2181 404 2250 populi
456 2180 790 2250 Judteorum,
847 2187 1139 2256 sequitur:
1174 2188 1242 2243 Et
1277 2190 1552 2258 attendite,
1593 2191 1797 2261 populi,

205 2271 334 2326 sire
380 2286 558 2342 gentes
595 2274 660 2329 de
704 2275 877 2348 longe,
932 2279 1037 2334 hoc
1075 2290 1158 2336 est
1207 2282 1278 2338 ab
1307 2287 1566 2339 extremis
1607 2287 1802 2340 ﬁnibus

207 2371 404 2431 terra,
445 2365 538 2421 Vel
570 2377 628 2421 ut
669 2367 1029 2440 Septuaginta
1053 2377 1479 2442 transtulerunt,
1526 2376 1642 2446 post
1672 2387 1802 2432 tem-

205 2471 315 2524 pus
365 2460 592 2514 multum
633 2462 816 2529 stabit,
853 2465 955 2519 hoc
979 2473 1086 2532 est,
1130 2481 1240 2521 non
1275 2469 1380 2522 hoc
1415 2477 1660 2538 tempore
1693 2485 1802 2540 quo

207 2551 507 2619 dicuntur,
559 2553 654 2608 sed
687 2565 806 2624 post
839 2556 1011 2612 multa
1045 2558 1178 2614 ﬁent
1204 2568 1475 2630 tempora.
1517 2560 1798 2626 Dominus,

210 2643 420 2714 inquit,
440 2643 602 2716 562
624 2649 688 2699 ab
719 2655 869 2701 utero
893 2650 1100 2704 uocauit
1128 2666 1230 2716 me,
1255 2661 1305 2704 et
1325 2652 1388 2706 de
1417 2665 1592 2708 ventre
1615 2657 1799 2710 matris

209 2753 351 2792 mete
383 2743 689 2795 recordatus
718 2751 794 2796 est
820 2745 1048 2797 nominis
1073 2744 1198 2800 mei.
1231 2743 1384 2812 Quod
1415 2762 1558 2802 nunc
1583 2748 1802 2812 interim

206 2833 574 2888 audientibus
610 2835 826 2890 videtur
857 2835 1177 2902 obscurum,
1210 2847 1398 2908 postea
1429 2850 1610 2894 autem
1637 2857 1804 2896 cunc-

209 2925 288 2980 tis
336 2927 597 2998 gentibus
647 2937 834 2983 notum
865 2927 978 2996 ﬁet,
1013 2931 1232 2998 quando
1251 2929 1470 2986 Gabriel
1511 2931 1708 3002 Joseph
1733 2934 1802 2990 de

1907 435 2029 489 deut
2091 433 2268 505 (Psal.
2305 450 2452 499 κων,
2482 433 2534 503 6)
2563 451 2578 500 ;
2637 445 2692 488 et
2721 433 2953 488 iterum:
2987 431 3210 503 Sagittae
3264 432 3489 498 potentis

1906 538 2080 581 acuta:
2114 542 2231 581 cum
2278 527 2592 580 carbonibus
2619 526 2949 581 desolatoriis
2989 523 3163 595 (Psal.
3199 539 3343 589 cstx,
3375 523 3488 591 41).

1905 619 2156 675 Christus
2186 630 2364 675 autem
2397 621 2464 674 de
2492 619 2677 674 multis
2709 619 2922 688 sagittis
2961 627 3016 672 et
3047 617 3172 672 ﬁliis
3215 616 3489 686 plurimis,

1908 725 2018 765 una
2060 711 2256 782 sagitta
2290 712 2486 777 electa,
2517 721 2570 767 et
2600 709 2771 765 Filius
2805 708 3117 776 unigenitus
3149 717 3273 770 est;
3328 721 3488 774 quam

1907 804 1960 858 in
2000 803 2254 872 pharetra
2288 819 2381 858 sua
2415 805 2726 868 abscondit,
2799 805 2849 856 id
2876 814 2957 858 est
2994 803 3045 857 in
3082 802 3320 854 humano
3367 814 3490 854 cor—

1907 911 2058 965 pore,
2103 907 2163 951 ut
2193 898 2466 953 habitaret
2509 899 2560 952 in
2595 915 2661 955 eo
2705 898 2984 968 plenitudo
3017 895 3319 951 divinitatis
3366 908 3489 947 coro

1907 990 2188 1059 poraliter.
2223 989 2474 1059 Raraque
2497 1000 2576 1044 est
2607 990 2950 1045 credentium
2990 988 3158 1042 ﬁdes:
3196 987 3279 1040 cui
3313 996 3363 1041 et
3395 1001 3489 1039 su-

1906 1096 2000 1150 pra
2033 1083 2177 1150 (cap.
2222 1095 2345 1146 ην,
2383 1081 2470 1149 15)
2501 1083 2734 1135 dicitur:
2767 1080 2842 1133 Tu
2875 1098 2927 1134 es
2953 1079 3096 1150 (Deus
3127 1079 3485 1143 absconditus,

1906 1183 1956 1228 et
2007 1172 2392 1229 nesciebamus.
2428 1174 2542 1238 Qua
2593 1173 2790 1243 sagitta
2825 1179 2879 1226 et
2917 1185 3117 1238 sponsa
3148 1171 3342 1222 Vitlnus
3397 1182 3488 1222 ac-

1905 1266 2112 1336 cipiens
2168 1267 2412 1336 loquitnr
2457 1266 2512 1320 in
2550 1266 2777 1320 Cautico
2841 1264 3226 1333 canticorum:
3295 1260 3489 1314 Vulne-

1904 1371 2025 1413 rata
2057 1361 2322 1414 charitate
2349 1376 2442 1430 ego
2472 1375 2588 1414 sum
2613 1357 2795 1428 (Cant.
2829 1373 2903 1421 tv,
2954 1355 3033 1424 9).
3065 1355 3131 1408 Et
3168 1355 3299 1408 dixit
3325 1353 3488 1408 mihi:

1907 1451 2100 1506 Servus
2151 1467 2291 1505 meus
2331 1468 2384 1506 es
2422 1462 2498 1517 tu,
2561 1449 2736 1504 Israel
2761 1468 2778 1504 :
2809 1449 2934 1517 quia
2969 1448 3020 1500 in
3050 1457 3098 1500 te
3128 1445 3486 1516 gloriﬁcabor.

1906 1543 2130 1605 Servus,
2163 1544 2288 1610 quia
2323 1557 2446 1596 cum
2481 1541 2533 1595 in
2569 1541 2745 1594 forma
2776 1538 2864 1593 Dei
2915 1546 3082 1604 esset,
3111 1536 3338 1591 fortnam
3373 1550 3492 1589 ser-

1907 1635 1956 1688 vi
1999 1641 2084 1689 est
2121 1635 2374 1705 dignatus
2431 1648 2715 1690 assumere
2761 1629 3024 1699 (Philipp.
3082 1639 3166 1698 ιι),
3205 1637 3259 1683 et
3297 1625 3488 1690 lsrael,

1906 1727 2031 1795 quia
2075 1737 2237 1782 natus
2274 1739 2358 1783 est
2388 1725 2455 1781 de
2495 1726 2705 1781 semine
2738 1721 3077 1778 Judaeorum.
3118 1722 3382 1789 Quodque
3421 1721 3488 1774 de

1908 1819 2054 1873 nullo
2078 1819 2184 1874 alio
2219 1834 2502 1873 servorum
2539 1817 2766 1886 intelligi
2795 1825 2995 1885 potest,
3034 1813 3318 1884 jungitur:
3353 1809 3491 1877 Quia

1907 1911 1960 1965 in
2010 1922 2057 1964 te
2096 1911 2366 1982 gloriabor
2419 1910 2553 1983 [ΔΙ.
2592 1909 2932 1979 gloriﬁcabor
2961 1906 2999 1980 ].
3063 1906 3205 1960 Dicit
3252 1902 3405 1959 ‘enim
3436 1915 3491 1957 et

1908 2003 2114 2071 ipsein
2175 2004 2470 2073 Evangelia
2503 2019 2518 2057 :
2550 2001 2736 2068 Pater,
2787 1998 3030 2069 gloriﬁca
3084 2013 3270 2052 nomen
3343 2006 3491 2049 tuum

1901 2092 2094 2164 '(Joan.
2132 2109 2228 2159 ιιι,
2254 2095 2370 2162 28).
2404 2091 2505 2160 Qui
2533 2092 2585 2145 in
2614 2091 2830 2146 Psalmo
2879 2088 3124 2160 loquitur
3161 2089 3225 2140 ad
3255 2084 3489 2140 Filium:

1910 2186 2174 2259 Exsurge,
2224 2187 2398 2258 gloria
2441 2201 2580 2249 mea,
2614 2195 2662 2240 et
2696 2199 2940 2254 exsurge,
2974 2180 3290 2251 psalterium
3328 2186 3376 2231 et
3410 2177 3484 2230 ci-

1909 2286 2065 2337 thara
2092 2280 2270 2352 (Psal.
2301 2295 2412 2346 ut,
2439 2280 2518 2349 9),
2549 2279 2602 2334 id
2642 2287 2749 2342 est,
2779 2275 3024 2332 omnium
3067 2274 3331 2330 virtutum
3358 2271 3489 2325 cho-

1909 2389 2024 2430 rus.
2063 2374 2283 2430 Dicente
2316 2383 2498 2426 autem
2528 2369 2662 2424 mihi
2699 2367 2861 2425 Patre
2889 2367 2995 2422 ista
3025 2379 3146 2436 qua:
3179 2363 3360 2427 retuli,
3391 2376 3492 2431 ego

1909 2464 2163 2535 respondi
2193 2465 2244 2520 ei
2271 2482 2286 2520 :
2338 2461 2621 2529 Quomodo
2653 2461 2707 2514 in
2738 2475 2824 2514 me
2847 2457 3181 2529 gloriﬁcatus
3202 2469 3283 2521 es,
3309 2451 3488 2511 Pater.

1909 2561 2036 2627 quia
2070 2557 2123 2611 in
2176 2571 2408 2612 vacuum
2439 2553 2712 2615 laboravi,
2747 2561 2799 2607 et
2831 2563 3082 2622 magnam
3123 2558 3333 2616 partem
3390 2559 3490 2612 po-

1907 2648 2019 2718 puli
2043 2645 2350 2703 Iudaeorum
2384 2645 2548 2717 563
2600 2644 2669 2699 ad
2736 2653 2789 2701 te
2841 2655 3103 2699 revocare
3158 2655 3266 2694 non
3297 2634 3492 2707 potui?

1895 2741 2038 2798 llaec
2063 2754 2244 2798 autem
2277 2741 2531 2795 universa
2564 2738 2844 2800 dicuntur,
2877 2744 2934 2790 ut
2967 2733 3196 2802 liberum
3254 2729 3492 2785 hominis

1908 2845 2242 2894 monstraret
2299 2833 2589 2888 arbitrium
2616 2833 2656 2886 '.
2700 2829 2794 2886 Dei
2848 2829 2992 2884 enim
3043 2839 3240 2880 vocare
3292 2835 3398 2887 est,
3432 2833 3489 2878 et

1909 2940 2156 2988 nostrum
2202 2927 2468 2983 credere:
2497 2940 2598 2980 nec
2643 2922 2825 2978 statim
2859 2921 3022 2976 sinos
3041 2933 3148 2973 non
3188 2915 3488 2980 credimus,

208 2993 379 3085 partu
412 3017 610 3073 dixerit
649 3020 900 3092 virginali
951 2993 972 3078 τ’
1001 2993 1073 3076 [ξι
1100 3022 1312 3078 vocabis
1347 3040 1534 3079 nomen
1568 2993 1682 3094 ejus
1709 2993 1870 3102 Je-lc
1910 3020 2303 3094 impossibilis'
2340 3018 2482 3074 Deus
2504 3027 2622 3073 est:
2659 3017 2752 3070 sed
2777 3012 3073 3084 potentiam
3116 3024 3270 3066 suam
3305 3019 3489 3102 nostro

207 3124 334 3162 sum
354 3125 378 3163 :
403 3109 514 3178 ipse
532 3111 672 3165 enim
697 3115 903 3167 saluum
933 3114 1092 3184 {aciei
1122 3124 1378 3185 populum
1403 3131 1559 3170 suum
1581 3116 1800 3187 (Matth.

205 3217 249 3265 t,
286 3201 414 3273 21).
467 3199 653 3258 Posuit
689 3218 910 3277 quoque
933 3221 996 3262 os
1021 3207 1140 3276 ejus
1171 3210 1326 3277 quasi
1367 3209 1608 3278 gladium
1673 3225 1805 3264 acu-

208 3302 357 3361 tum,
399 3305 455 3349 ut
483 3297 679 3366 spiritu
718 3299 832 3354 oris
862 3299 948 3354 sui
983 3299 1279 3355 interﬁciat
1307 3301 1555 3371 impium.
1593 3302 1666 3356 De
1696 3318 1803 3372 quo

205 3387 404 3458 gladio
445 3399 500 3443 et
540 3389 656 3450 ipse
695 3390 748 3445 iu
776 3389 1372 3464 Evangelioloquitur:
1411 3393 1533 3448 Non
1571 3395 1686 3449 veni
1708 3411 1802 3462 pa-

204 3496 322 3534 cem
345 3480 556 3536 mittere
575 3497 733 3551 super
751 3493 971 3550 terram,
988 3486 1078 3538 sed
1109 3486 1372 3555 gladium,
1393 3487 1565 3542 malos
1599 3506 1624 3538 a
1647 3487 1804 3542 bOlllS

207 3589 524 3643 separatis:
556 3573 687 3631 Veni
705 3577 846 3631 enim
863 3577 1093 3634 dividere
1115 3579 1377 3634 hominem
1399 3587 1582 3633 contra
1599 3588 1802 3648 patrem

207 3682 398 3732 suam,
427 3676 480 3722 et
492 3667 662 3737 ﬁliam
686 3680 871 3724 contra
890 3683 1112 3726 matrem
1137 3686 1311 3736 suam,
1331 3679 1379 3725 et
1403 3687 1595 3724 nurum
1616 3681 1803 3725 contra

205 3775 431 3813 socrum
460 3760 913 3831 suum(blatth.x,
932 3760 1026 3827 δι,
1053 3761 1166 3830 55).
1190 3761 1256 3815 Ει
1285 3763 1339 3815 in
1361 3761 1568 3824 umbra,
1605 3762 1799 3830 inquit,

204 3868 408 3906 atauus
433 3869 546 3908 sua
568 3856 796 3922 protexit
827 3870 928 3921 me,
963 3865 1024 3911 ut
1069 3856 1252 3910 carnis
1301 3855 1482 3910 vilitas
1546 3855 1804 3910 divinita-

203 3951 282 4002 tis
330 3949 577 4014 potentia
625 3957 923 4018 tegeretur,
973 3949 1166 4020 angelo
1221 3949 1290 4005 ad
1332 3947 1610 4018 Virginem
1667 3964 1802 4004 num

208 4039 391 4094 tiante
420 4058 434 4093 :
471 4038 698 4108 Spiritus
731 4052 949 4095 sanctus
991 4042 1320 4110 superveniet
1349 4041 1405 4093 in
1434 4051 1506 4104 te,
1553 4049 1603 4095 et
1635 4041 1802 4096 virtus

203 4133 487 4185 Altissimt'
534 4132 871 4188 obumbrabit
901 4133 996 4188 tibi
1037 4132 1190 4205 (Luc.
1247 4149 1288 4201 ι,
1319 4133 1435 4202 35).
1472 4131 1683 4199 Posuit,
1718 4133 1802 4186 in-

203 4226 355 4295 quit,
387 4242 471 4280 me
492 4227 626 4280 sicut
649 4229 898 4297 sagittam
936 4228 1176 4293 electam,
1208 4228 1264 4280 in
1279 4228 1534 4297 pharetra
1560 4243 1657 4281 sua
1681 4225 1801 4281 abs-

204 4319 395 4372 condit
429 4334 533 4372 ωε.
563 4319 795 4383 Quando
827 4321 980 4385 dicit.
1029 4325 1281 4389 sagittam
1311 4319 1564 4384 electam,
1613 4327 1800 4375 osten-

1905 3113 2137 3169 arbitrio
2191 3109 2524 3178 derelinquit
2589 3117 2649 3161 ut
2711 3104 2845 3174 justi
2903 3101 3152 3158 voluntas
3207 3099 3484 3169 pra'mium

1903 3212 2298 3273 consequatur.
2359 3199 2500 3266 Quia
2549 3210 2680 3266 ergo
2733 3197 3025 3249 noluerunt
3058 3207 3154 3262 per
3204 3207 3290 3246 me
3343 3192 3396 3244 in
3435 3201 3488 3244 te

1904 3298 2152 3360 credere,
2185 3293 2450 3362 judicium
2486 3306 2665 3344 meum
2709 3293 2850 3359 apud
2888 3299 2938 3342 te
2986 3297 3091 3356 est,
3133 3289 3274 3356 quod
3301 3288 3482 3341 omnia

1907 3389 2129 3445 fecerim
2172 3403 2294 3455 quae
2323 3387 2406 3441 eis
2430 3385 2612 3439 facere
2637 3384 2825 3448 debui,
2859 3385 3046 3438 dicens
3071 3384 3123 3438 in
3154 3383 3484 3452 Evangelio:

1906 3479 2022 3550 Ego
2052 3487 2100 3534 te
2120 3476 2414 3549 θιατίρεαυὶ
2441 3491 2599 3542 super
2629 3486 2848 3540 terram,
2879 3489 3036 3541 opere
3058 3475 3314 3542 completo
3341 3477 3481 3543 quod

1904 3570 2097 3627 dedisti
2129 3569 2258 3624 mihi
2284 3578 2340 3622 ut
2370 3568 2597 3637 {acerem
2629 3565 2814 3638 (Joan.
2866 3579 2999 3631 xvn,
3030 3565 3107 3634 4);
3156 3574 3210 3618 et
3249 3566 3482 3620 iterum:

1905 3664 2250 3734 Manifestaui
2280 3678 2468 3716 nomen
2499 3672 2646 3715 tuum
2686 3657 3006 3714 hominibus.
3038 3656 3101 3711 Et
3131 3671 3268 3727 opus
3305 3672 3481 3710 Ineunt

1905 3758 2021 3813 sive
2050 3757 2202 3811 labor
2231 3765 2286 3812 et
2317 3755 2474 3810 dolor
2503 3747 2803 3822 meus'(hoc
2832 3752 2979 3805 enim
3004 3748 3274 3820 signiﬁcat
3299 3741 3485 3816 πόνος)

1905 3848 1958 3902 in
1989 3855 2282 3915 conspectu
2323 3854 2412 3898 tuo
2447 3853 2554 3900 est.
2597 3841 2770 3896 Flevit
2802 3841 2950 3896 enim
2986 3851 3042 3895 et
3093 3841 3144 3893 in
3183 3839 3483 3909 Evangelio

1902 3939 2206 3996 Jerusalem
2258 3936 2413 4008 (Luc.
2451 3937 2590 4006 xu),
2627 3945 2683 3990 et
2724 3939 2775 3988 in
2802 3933 3021 3989 Pssimo
3059 3933 3130 3990 ob
3168 3934 3476 3988 incredulo-

1905 4049 2025 4088 rutn
2053 4032 2478 4095 multitudinem,
2507 4029 2908 4100 quodammodo
2944 4029 3146 4085 frustra
3173 4044 3391 4100 passum
3418 4043 3479 4083 se

1903 4139 2024 4182 esse
2057 4125 2216 4180 dicit:
2263 4122 2393 4189 Quae
2427 4122 2630 4177 utilitas
2655 4122 2708 4176 in
2738 4123 2998 4192 sanguine
3026 4139 3159 4190 meo,
3202 4125 3329 4176 dum
3392 4124 3481 4176 de-

1903 4219 2095 4275 scendo
2134 4218 2190 4271 in
2227 4216 2620 4283 corruptionem
2664 4212 2835 4286 (Psal.
2862 4229 3012 4279 χιιι,
3053 4215 3182 4286 10)?
3221 4214 3288 4269 Et
3327 4215 3482 4285 juxta

1907 4310 2230 4368 llebraicum
2262 4309 2507 4379 pendens
2535 4310 2589 4362 in
2615 4323 2777 4363 cruce
2801 4308 3070 4378 loquitur:
3114 4309 3291 4380 Longe
3333 4327 3365 4366 a
3391 4327 3484 4366 sa-

201 4415 286 4470 dit
314 4414 494 4468 Deutn
529 4413 730 4470 habere
750 4383 978 4485 sagittas
994 4383 1281 4483 plurimas,
1314 4412 1410 4468 sed
1437 4383 1553 4468 non
1575 4412 1796 4468 electas:
1831 4383 1878 4442 θ
1903 4405 2011 4458 Iule
2057 4418 2197 4469 mea.
2252 4400 2406 4465 verba
2455 4402 2896 4456 lamentationum
2937 4419 3177 4461 mearum
3222 4404 3243 4436 ³
3303 4402 3482 4476 (Psal.

199 4522 333 4578 quae
359 4507 580 4577 sagittae
609 4507 890 4578 prophetae
927 4517 1055 4562 sunt
1097 4517 1153 4563 et
1171 4505 1428 4579 apostoli,
1466 4505 1556 4576 qui
1589 4505 1645 4559 in
1685 4514 1798 4560 toto

199 4601 345 4655 orbe
379 4600 724 4658 discurrunt.
754 4598 827 4656 De
847 4599 1048 4668 quibus
1076 4608 1130 4654 et
1161 4599 1213 4653 in
1252 4600 1361 4654 alio
1395 4597 1517 4653 loco
1545 4597 1793 4652 canitur:

283 4784 300 4814 ⁸
339 4782 398 4836 lu
440 4779 836 4842 Atnbrosianis,
871 4786 1194 4833 monstretur
1225 4776 1552 4831 arbitrium:
1587 4784 1803 4830 veteres

200 4854 371 4920 editi,
412 4860 818 4904 monstraretur.

279 4927 302 4955 '
339 4918 536 4977 Active
575 4921 922 4984 impossibilis
959 4921 1064 4975 hoc
1119 4919 1240 4973 loco
1293 4930 1392 4985 pro
1431 4918 1689 4986 impotens
1713 4929 1803 4968 su-

200 4995 410 5057 mitur,
447 5007 551 5044 non
593 4992 808 5062 passiva
849 4989 1274 5062 signiﬁcatione.
1326 4987 1616 5052 Quomodo
1669 5001 1798 5062 vero

201 5065 357 5120 Deus
390 5073 445 5117 et
468 5058 639 5132 possit
694 5060 878 5132 lacere
905 5058 1129 5126 'omnia,
1188 5069 1242 5116 et
1279 5068 1460 5112 tamen
1507 5058 1800 5132 potentiam

200 5152 369 5190 suam
404 5125 584 5186 nostro
617 5131 838 5184 arbitrio
871 5125 1240 5202 derelinquat,
1279 5129 1626 5202 con_scntieus
1669 5125 1796 5202 Hie-

197 5220 453 5276 ronyo
479 5203 814 5276 Augustinus
854 5195 1223 5276 explicattlib.
1264 5199 1328 5276 de
1357 5196 1564 5266 Spiritu
1595 5207 1642 5251 et
1682 5195 1793 5276 ρει.

197 5291 252 5332 c.
299 5269 401 5341 33,
441 5269 622 5348 n._58,
654 5269 1002 5348 cutnscribit
1037 5269 1235 5348 t_velle
1267 5269 1431 5348 Deum
1468 5282 1675 5348 o_rnnes_
1699 5269 1798 5322 ho-

200 5339 396 5401 mines
450 5346 629 5399 salvos
688 5343 828 5411 ﬁeri,
886 5359 992 5398 non
1025 5342 1121 5411 sic
1147 5350 1329 5396 tamen
1365 5339 1426 5392 ut'
1463 5341 1544 5395 eis
1591 5339 1796 5411 adimat

197 5413 451 5472 liberum
495 5407 822 5469 arbitrium.
865 5413 930 5469 Et
991 5407 1314 5469 litildeles...
1370 5420 1564 5464 contra
1599 5409 1796 5464 volun-

198 5498 384 5542 tatem
424 5484 516 5539 Dei
551 5486 731 5540 lacere
753 5501 877 5539 cum
907 5485 1027 5554 ejus
1079 5481 1377 5556 Evangelia
1397 5494 1506 5535 non
1537 5481 1794 5556 credunt,

196 5556 500 5628 expet-turi
549 5557 601 5610 in
636 5549 1288 5628 suppliciis'potestatet'n
1321 5553 1462 5623 ejus,
1511 5552 1680 5628 cujus
1737 5549 1792 5605 in

196 5621 382 5682 donis
435 5621 867 5681 misericordiam
910 5621 1372 5695 contempserunt.
1434 5641 1454 5675 ι
1509 5621 1657 5695 Hinc,
1703 5635 1796 5695 ar-

193 5711 344 5762 guas
398 5695 833 5763 omnipotentet-n
873 5696 1064 5765 gratiae
1108 5692 1489 5766 operationem
1543 5693 1690 5748 illam
1723 5692 1794 5748 ab

1905 4513 2019 4564 ut,
2047 4513 2072 4553 ι
2104 4513 2148 4564 ).

1981 4514 2019 4564 ι,
2132 4536 2148 4553 .

1943 4499 2159 4662 ι(νέτέ
2197 4593 2252 4661 5,
2286 4593 2319 4649 6
2347 4593 2529 4664 seqq.)
2567 4609 2585 4646 t
2624 4590 2692 4648 Et
2724 4607 2869 4648 nunc
2898 4592 3028 4650 dicit
3060 4591 3344 4660 Dominus,
3369 4595 3485 4650 lor-

1909 4771 2241 4844 ilieronymo
2285 4787 2427 4844 _uon
2475 4771 3000 4844 probari,rqualem
3065 4773 3271 4828 ultimis
3332 4772 3486 4829 hisce

1910 4842 2246 4914 temporibus
2272 4842 2618 4910 Quesnellius
2653 4843 2757 4899 sibi
2788 4842 2976 4914 lingit,
3033 4859 3154 4914 quae
3200 4851 3357 4910 cogat
3386 4859 3484 4898 vo-

1908 4913 2171 4968 luntatem
2201 4917 2267 4968 ad
2319 4930 2456 4984 opus
2497 4915 2696 4968 bonum
2734 4913 2799 4966 ad
2853 4913 2996 4983 quod
3051 4913 3362 4984 iaciendum
3393 4915 3486 4967 dat

1905 4998 2071 5055 posse
2101 4998 2116 5037 :
2146 4994 2202 5040 et
2244 4982 2369 5053 quae
2412 4985 2836 5053 omnipotentis,
2875 4982 2932 5055 ut
2978 4982 3095 5038 vult
3153 4984 3268 5055 ille,
3298 4984 3370 5038 ita
3395 4994 3481 5039 est

1913 5053 1983 5110 de
2045 5056 2234 5125 gratia:
2277 5056 2655 5125 cujuscunque
2711 5053 2988 5125 essentia,
3041 5062 3100 5107 ut
3157 5053 3302 5107 nulla
3357 5069 3480 5110 esse

1901 5121 2082 5195 gratia
2130 5127 2302 5194 possit
2344 5121 2478 5195 quin
2533 5121 2720 5180 eilicax
2765 5125 2860 5180 sit.
2898 5121 3016 5178 Non
3070 5124 3256 5194 itaque
3305 5126 3484 5180 omni-

1905 5198 2206 5266 potentiam
2244 5197 2338 5252 Dei
2394 5196 2758 5278 ilierouytnus
2795 5204 2992 5278 negat,
3035 5208 3214 5278 neque
3267 5195 3480 5278 assitme,

1903 5265 2084 5336 neque
2113 5279 2365 5337 respectu
2400 5265 2689 5320 habito‘ad
2723 5280 2819 5320 cor
2851 5265 3111 5330 hominis,
3149 5266 3193 5320 si
3225 5267 3374 5322 velit.

1974 5337 1996 5369 ³
2035 5335 2206 5392 Verba
2236 5338 2676 5392 lamentationum
2712 5351 2974 5391 mearum.
3004 5335 3062 5390 ln
3092 5335 3359 5392 Psalterio
3383 5351 3484 5391 suo

1903 5405 2202 5474 Hebraico,
2242 5411 2358 5463 sive
2413 5423 2481 5461 ex
2518 5406 2782 5461 Hebraica
2834 5406 3064 5461 veritate
3105 5422 3378 5464 converso
3400 5407 3482 5462 le-

1899 5479 1977 5548 git
2006 5479 2110 5534 hoc
2138 5481 2323 5542 modo,
2345 5482 2504 5545 longe
2525 5493 2557 5529 o
2580 5478 2754 5535 salute
2779 5493 2895 5532 mea
2924 5477 3084 5531 verba
3111 5479 3318 5548 rugitus
3357 5479 3481 5534 mei.

1902 5549 2033 5614 Quae
2066 5549 2231 5602 verba
2262 5551 2512 5603 eumdem
2536 5562 2758 5605 sensum
2795 5549 3054 5604 retinent.
3110 5549 3374 5603 blaesus.

1969 5647 2041 5660 —-
2097 5616 2567 5673 Pseudo-llieron.
2619 5617 2672 5673 in
2741 5621 2888 5674 hunc
2957 5618 3156 5674 Psalmi
3226 5620 3404 5673 locum
3467 5637 3484 5676 :

1909 5707 1928 5744 t
1975 5689 2212 5762 Longea
2246 5689 2424 5746 salute
2477 5704 2596 5745 mea
2636 5691 2796 5748 verba
2841 5689 3168 5748 delictorum
3211 5703 3482 5750 meorum.
