3952 6180
448 231 556 295 L83

1619 224 1680 284 S.
1717 221 2021 285 EUSEBII
2062 221 2506 286 HlERDNYMi

3580 229 3671 296 484

452 360 608 402 mans
638 358 723 399 me
754 358 822 399 ex
856 350 1013 399 utero
1050 356 1270 398 servum
1309 341 1435 406 sibi,
1472 349 1529 393 ut
1582 341 1838 394 reducam
1868 334 2039 392 .lacob
2069 340 2119 397 Α
2149 338 2264 405 prie
2326 353 2435 390 non
2464 343 2648 393 sonat.
2684 335 2824 403 Quia
2869 336 3036 407 igitur
3058 351 3161 391 non
3193 345 3278 393 est
3332 336 3562 395 reductus
3595 340 3671 397 la-

451 440 516 493 ad
551 452 697 502 eum,
727 444 779 492 et
813 435 975 490 lsraei
1009 451 1116 489 non
1150 432 1675 504 congregabiturzet
1704 428 2039 500 glorificatus

454 543 573 581 sum
630 528 685 582 in
738 527 915 582 oculis
970 524 1204 588 Domini,
1240 532 1294 578 et
1342 524 1482 576 Deus
1518 536 1673 576 meus
1726 519 1909 574 factus
1957 527 2040 571 est

456 622 718 676 fortitudo
746 636 883 675 mea.
917 617 983 673 Et
1011 618 1147 672 dixit
1171 634 1188 671 :
1209 615 1407 669 Parnm
1435 623 1538 681 est,
1575 625 1633 669 ut
1663 613 1738 669 sis
1765 613 1895 667 mihi
1924 627 2039 666 ser-

463 731 567 770 vus
620 716 687 769 ad
740 713 1091 767 suscitandas
1150 710 1326 764 tribus
1372 706 1558 772 Iacob,
1594 716 1648 762 et
1683 706 1841 760 faeces
1872 705 2037 759 Israel

457 807 879 862 conuertendas.
916 805 1044 859 Dedi
1076 803 1095 875 [
1130 803 1288 873 Vulg.
1323 802 1463 856 Ecce
1494 798 1661 872 dedi]
1695 812 1746 853 te
1771 800 1823 853 in
1852 799 2028 853 lucem

456 902 717 967 gentium,
742 909 799 951 ut
814 900 887 952 sis
908 897 1054 951 salus
1074 911 1191 950 mea
1208 910 1379 964 usque
1400 894 1465 946 ad
1485 904 1787 947 extremum
1810 902 1989 947 terrae.
2012 910 2031 942 ι

456 990 628 1044 LXX':
668 1009 686 1041 r
726 990 793 1043 Et
820 1004 962 1043 nunc
989 989 1069 1043 sic
1101 988 1233 1041 dicit
1264 986 1519 1040 Dominus
1545 986 1635 1053 qui
1669 983 1921 1038 formavit
1954 998 2037 1038 me

454 1100 519 1138 ex
557 1096 709 1137 utero
735 1098 951 1137 servum
987 1081 1114 1143 sibi,
1143 1090 1200 1134 ut
1225 1077 1799 1148 congregaremJacob
1816 1077 1883 1131 ad
1913 1092 2036 1132 etim

455 1184 507 1228 et
535 1173 698 1227 lsrael
732 1191 745 1225 :
790 1172 1165 1241 congregabor
1220 1178 1275 1222 et
1310 1167 1659 1236 glorificabor
1712 1180 1902 1220 coram
1937 1166 2037 1218 Dn-

456 1269 622 1328 tnino,
650 1277 700 1319 et
724 1263 869 1319 Deus
902 1276 1054 1317 tuens
1085 1262 1190 1315 erit
1220 1259 1483 1315 fortitudo
1510 1274 1650 1312 mea.
1682 1257 1747 1315 Et
1770 1259 2038 1338 dixit‘mi-

457 1357 510 1411 hi
563 1353 862 1425 :Magnum
922 1353 1018 1408 tibi
1072 1361 1249 1406 estut
1312 1351 1528 1406 voceris
1569 1364 1706 1419 puer
1758 1364 1930 1412 meus,
1984 1359 2039 1403 et

460 1448 695 1503 suscites
727 1449 897 1500 tribus
927 1444 1120 1508 iacob,
1166 1452 1220 1497 et
1264 1442 1663 1511 diSpersionem
1701 1440 1873 1495 Israel
1900 1455 2034 1495 con-

459 1549 661 1595 vertas.
693 1538 832 1593 Ecce
864 1539 1014 1607 pOsui
1060 1538 1111 1589 in
1140 1546 1538 1590 testamentum
1572 1535 1808 1604 generis,
1839 1534 1890 1587 in
1946 1533 2033 1586 lu-

461 1648 580 1687 cem
636 1632 904 1701 gentium,
939 1638 996 1682 ut
1052 1629 1129 1683 sis
1179 1628 1329 1682 salus
1371 1641 1543 1694 usque
1604 1626 1669 1679 ad
1722 1637 2029 1679 extremum

2142 428 2246 482 cob
2271 429 2337 481 ad
2376 427 2566 491 Deum,
2601 442 2703 481 nec
2735 427 2905 483 Israel
2952 441 3311 497 congregatus
3357 446 3375 484 :
3422 440 3669 497 propterea

2143 519 2314 575 Filius
2365 520 2606 588 loquitur
2638 519 2743 574 illis
2792 535 2904 574 non
2936 521 3285 575 credentibus
3319 537 3335 574 :
3374 519 3672 588 Gloriﬁcatus

2140 628 2256 665 sum
2287 612 2345 664 in
2375 611 2545 664 oculis
2576 610 2809 665 Domini.
2845 611 2898 665 In
2955 627 3042 666 me
3078 612 3225 666 enim
3274 612 3444 666 omnis
3474 616 3674 670 mundus

2142 702 2376 759 credidit
2431 720 2447 757 :
2501 714 2552 757 et
2580 703 2721 757 Deus
2766 719 2912 757 meus
2939 703 3116 772 factus
3143 712 3221 759 est
3256 703 3411 775 565
3444 706 3673 773 fortitudo

2142 815 2280 864 mea,
2321 800 2414 866 qui
2444 809 2499 852 et
2534 800 2853 853 consolatus
2892 806 2975 853 est
3005 813 3089 853 me
3119 798 3325 852 tristem
3350 814 3501 864 super
3525 800 3678 868 abiec-

2141 890 2287 942 tione
2315 889 2494 957 p0puli
2525 892 2662 955 mei,
2718 897 2773 942 et
2799 889 2934 942 dixit
2972 890 3104 942 mihi
3142 906 3157 943 :
3196 886 3393 942 Parum
3420 891 3557 943 estsi
3585 906 3677 943 ser-

2138 981 2250 1034 vias
2300 981 2429 1033 mihi
2476 980 2547 1033 ad
2595 982 2933 1034 suscitandas
2969 980 3135 1033 tribus
3187 980 3372 1041 Iacob,
3428 995 3536 1049 qua:
3594 995 3680 1034 suo

2141 1072 2271 1127 vitio
2317 1083 2664 1138 corruerunt,
2715 1082 2771 1129 et
2834 1074 2901 1128 ad
2941 1074 3121 1140 Iaces,
3174 1074 3289 1129 sive
3339 1073 3573 1142 reliquias
3618 1072 3681 1128 |s~

2142 1166 2256 1221 rsel
2312 1167 2735 1222 convertendas.
2774 1168 2888 1222 Hoc
2934 1168 3085 1223 enim
3116 1169 3341 1223 verbum
3392 1167 3678 1224 Hebraicunt

2136 1274 2342 1315 nssuns
2399 1261 2598 1331 (H133)
2651 1268 2833 1315 sonat.
2876 1261 2983 1316 Pro
3011 1261 3119 1315 illis
3156 1262 3302 1315 enim
3328 1260 3445 1315 dedi
3473 1261 3587 1315 tein
3611 1261 3680 1315 lu-

2137 1366 2254 1405 cem
2310 1352 2553 1406 omnium
2630 1353 2899 1422 gentium,
2957 1362 3015 1406 ut
3073 1352 3347 1407 illumines
3409 1352 3682 1406 universum

2139 1443 2398 1497 mundum
2434 1482 2448 1507 ,
2505 1455 2560 1499 et
2603 1446 2841 1500 salutem
2906 1460 3106 1510 meam,
3155 1459 3256 1513 per
3301 1458 3459 1513 quam
3524 1456 3683 1498 omnes

2137 1534 2276 1588 salvi
2333 1536 2487 1603 ﬁunt,
2531 1550 2705 1606 usque
2748 1538 2815 1592 ad
2857 1548 3105 1592 extrema
3157 1547 3319 1591 terra:
3376 1536 3534 1591 facias
3580 1550 3683 1604 per-

2139 1628 2347 1683 venire.
2405 1628 2539 1683 Illud
2580 1639 2764 1683 antem
2796 1630 2943 1698 quod
2984 1630 3039 1683 in
3104 1628 3455 1698 Septuaginta
3501 1628 3681 1697 legitur,

459 1735 637 1778 terrae.
682 1741 701 1773 ι
751 1721 973 1774 Dicente
1029 1734 1146 1786 me,
1201 1717 1268 1771 In
1326 1734 1551 1772 uacuum
1609 1717 1871 1783 laboraui,
1927 1690 2114 1771 sineB
2147 1716 2522 1788 Congregabor
2586 1730 2637 1773 et
2690 1718 3038 1789 gloriﬁcabor
3095 1735 3277 1773 coram
3336 1718 3566 1781 Domino,
3619 1718 3683 1771 sie

455 1833 616 1870 causa
662 1824 709 1869 et
742 1831 873 1868 vane
907 1813 1276 1882 fortitudinem
1301 1828 1471 1865 meam
1504 1811 1805 1879 consumpsi
1847 1826 1866 1862 :
1914 1811 2043 1879 quia

456 1908 628 1964 Jude
660 1907 888 1961 credere
925 1906 1240 1967 noluerunt,
1272 1913 1328 1960 et
1364 1903 1634 1974 judicium
1692 1918 1872 1956 meum
1922 1917 2043 1957 cum

459 1998 625 2072 564
670 2000 895 2053 Domino
936 2006 1064 2063 est;
1110 2006 1169 2050 et
1196 2012 1332 2066 opus
1363 2012 1565 2063 meum,
1613 1995 1780 2066 quod,
1816 1996 1905 2049 illo
1959 1996 2047 2064 jn-

460 2106 622 2146 vante
658 2093 700 2155 ¹,
747 2092 988 2159 implevi,
1036 2105 1161 2144 cum
1226 2089 1453 2145 Domino
1507 2106 1524 2143 :
1580 2088 1861 2159 respondit
1912 2087 2044 2143 mihi

460 2185 745 2249 Dominus,
810 2184 902 2253 qui
954 2199 1041 2238 me
1090 2183 1347 2238 formavit
1376 2197 1440 2236 ex
1473 2192 1630 2236 utero
1660 2195 1879 2237 servum
1914 2178 2043 2235 sibi.

460 2276 540 2332 Ex
577 2294 687 2349 quo
732 2279 970 2335 ostendit
1016 2292 1140 2332 eum
1200 2275 1465 2346 appellari
1525 2288 1771 2337 servum,
1835 2273 1927 2342 qui
1973 2273 2047 2327 sit

460 2371 726 2427 formatus
775 2387 843 2427 ex
899 2380 1075 2426 utero.
1127 2367 1230 2434 Qui
1264 2378 1317 2423 et
1357 2368 1411 2421 in
1460 2367 1681 2423 Psalmo
1733 2367 1870 2422 dicit
1914 2383 1928 2420 :
1973 2364 2047 2419 De

460 2475 636 2521 centre
666 2466 852 2520 matris
886 2479 1011 2518 mete
1046 2462 1184 2517 Deus
1213 2470 1365 2516 meus
1386 2477 1439 2517 es
1475 2470 1533 2515 tu
1566 2461 1746 2529 (Psal.
1778 2474 1897 2527 ιιι,
1923 2459 2039 2530 ii).

460 2558 601 2626 Quid
639 2574 769 2629 ergo
804 2557 1067 2613 Dominus
1102 2556 1236 2610 dicit
1282 2555 1377 2611 ei?
1438 2553 1509 2609 Ut
1538 2556 1827 2610 reduceret
1873 2552 2043 2610 Iacob

460 2657 527 2708 ad
564 2666 686 2707 eum
740 2651 834 2721 qui
894 2650 1265 2713 aberrat-erat,
1324 2648 1439 2715 qui,
1494 2647 1714 2704 deserto
1757 2646 2042 2715 Crestore,

461 2744 621 2800 idolis
650 2741 949 2798 serviebat.
997 2737 1153 2794 Unde
1186 2748 1241 2792 et
1273 2738 1390 2806 ipse
1434 2738 1675 2807 loquitur
1709 2738 1777 2792 ad
1806 2740 2047 2807 discipu-

460 2841 542 2894 los
574 2856 588 2892 :
633 2835 700 2890 In
737 2837 872 2891 ciam
903 2835 1138 2905 gentium
1168 2847 1231 2887 ne
1260 2832 1459 2897 ieritis,
1491 2841 1539 2885 et
1587 2831 1642 2886 in
1675 2832 1910 2886 ciuitates
1939 2831 2042 2887 Sa;-

461 2935 851 2986 maritanorum
910 2944 973 2982 ne
1020 2926 1267 2991 intretis;
1319 2923 1411 2977 sed
1470 2924 1542 2976 ite
1597 2924 1764 2993 magis
1822 2924 1892 2977 ad
1926 2939 2042 2979 ones

462 3025 696 3095 perditas
750 3022 938 3073 domus
1000 3017 1173 3072 Israel
1205 3016 1450 3088 (Matth.
1505 3032 1560 3081 ι,
1595 3016 1692 3087 5);
1724 3025 1781 3072 et
1829 3017 1884 3072 in
1931 3017 2043 3073 alio
2067 3054 2112 3114 α

465 3116 583 3171 loco
618 3128 632 3168 :
675 3110 795 3166 Non
830 3112 941 3165 reni
976 3112 1077 3164 nisi
1110 3112 1177 3163 ad
1207 3125 1324 3163 oves
1353 3109 1587 3175 perditas
1619 3109 1809 3161 domus
1863 3106 2040 3162 Israel

464 3209 686 3280 (Matth.
738 3222 829 3268 xv,
860 3204 977 3275 24).
1032 3202 1159 3258 Haec
1194 3202 1362 3272 igitur
1394 3201 1645 3256 voluntas
1697 3201 1876 3256 Patris
1917 3200 2038 3267 fuit,

465 3313 525 3355 ιιι
572 3299 794 3371 pessimi
832 3294 1098 3351 vinitores
1153 3295 1383 3350 missum
1445 3295 1790 3363 susciperent
1819 3291 2037 3358 Filium,

464 3404 520 3451 ct
554 3395 761 3448 fructus
801 3393 976 3446 vinea:
1019 3389 1329 3458 redderent,
1360 3388 1451 3457 qui
1493 3386 1887 3442 interfecerunt
1917 3401 2038 3440 eum

464 3489 757 3545 dicentes:
805 3483 1004 3548 Venite,
1058 3472 1365 3537 occidantus
1422 3480 1601 3545 illum,
1631 3488 1680 3534 et
1710 3489 1895 3534 nostra
1942 3480 2041 3534 erit

462 3580 741 3635 htereditas
775 3577 994 3648 (Matth.
1025 3591 1139 3639 χχι,
1190 3574 1315 3643 38);
1345 3583 1399 3627 et
1424 3573 1530 3628 hoc
1581 3582 1684 3638 est,
1714 3572 1861 3642 quod
1894 3587 2043 3627 nunc

464 3670 599 3728 dicit
654 3686 669 3728 :
722 3668 785 3722 Et
839 3667 1012 3722 Israel
1072 3682 1174 3720 non
1234 3665 1659 3735 congregabitur,
1695 3664 1877 3731 idest,
1933 3678 2041 3718 non

464 3771 771 3820 revertetur
804 3761 870 3815 ad
912 3759 1221 3814 Dominum.
1254 3758 1513 3829 Satisque
1552 3759 1720 3813 miror
1766 3758 2042 3829 quomodo

463 3857 677 3927 vulgata
709 3854 879 3910 editio
938 3854 1294 3908 fortissimum
1332 3862 1519 3907 contra
1555 3849 1868 3906 Iudaeorum
1918 3866 2041 3915 per-

462 3948 645 4003 fidiam
680 3946 1048 4001 testimonium
1083 3944 1189 3997 alia
1224 3941 1673 4012 interpretatione
1690 3943 2037 4010 subvenerit,

462 4042 652 4096 dicens
678 4057 690 4092 ε
725 4037 1096 4107 Congregabor
1124 4047 1172 4089 et
1198 4033 1535 4105 glori/icabor
1573 4049 1753 4087 coram
1776 4034 2037 4088 Domino:

462 4149 589 4188 cum
625 4131 929 4186 Tlteodotio
973 4140 1027 4184 et
1062 4128 1425 4200 Symmachus
1463 4137 1663 4181 nostras
1711 4128 2041 4196 interpreta-

466 4224 602 4276 tioni
659 4230 988 4293 congruant.
1047 4219 1123 4276 De
1172 4218 1371 4288 Aquila
1426 4227 1607 4272 autem
1691 4232 1801 4272 non
1849 4220 2039 4284 miror,

467 4322 611 4391 quod
664 4318 829 4372 homo
887 4315 1293 4370 eruditissimus
1348 4312 1552 4383 lingua:
1623 4311 1926 4379 Hebraicis,
1988 4324 2044 4369 et

2148 1808 2374 1878 intelligi
2422 1820 2625 1880 potest,
2670 1822 2729 1865 ut
2763 1821 3127 1880 congregatus
3173 1811 3247 1865 sit
3292 1808 3541 1864 Dominus
3580 1820 3680 1861 CIIII

2145 1900 2518 1958 credentibus.
2556 1903 2820 1971 Quodque
2847 1905 3098 1973 sequitur
3128 1919 3147 1958 :
3208 1902 3356 1956 Dixit
3385 1902 3505 1955 mihi
3540 1917 3555 1955 :
3581 1899 3681 1955 ls-

2144 2011 2308 2065 gnum
2334 1996 2429 2049 tibi
2454 2006 2530 2051 est
2563 2008 2619 2050 ut
2643 1998 2843 2052 voceris
2868 2013 2998 2066 puer
3026 2013 3199 2062 meus,
3226 2011 3479 2067 magnum
3511 1996 3682 2050 refera-

2148 2101 2268 2142 mus
2293 2086 2361 2141 ad
2393 2087 2676 2144 hominem
2710 2098 2767 2145 et
2794 2090 2862 2145 ad
2900 2105 3152 2160 puerum,
3182 2093 3275 2162 qui
3312 2089 3683 2161 comparatione

2149 2177 2241 2233 Dei
2290 2194 2495 2249 parvus
2508 2190 2629 2236 est.

2219 2267 2401 2339 (Vers.
2436 2272 2532 2343 7.)
2572 2292 2592 2325 ι
2633 2273 2759 2329 Haec
2790 2274 2927 2330 dicit
2964 2273 3236 2333 Dominus
3298 2278 3588 2348 redemptor
3611 2275 3680 2331 ls-

2145 2362 2262 2417 rael
2294 2362 2530 2421 Sanctus
2577 2364 2698 2437 ejus
2727 2368 2796 2423 ad
2838 2370 3308 2436 contemptibilem
3359 2372 3600 2436 animam,
3627 2368 3681 2423 ad

2142 2452 2514 2511 abominatam
2544 2468 2784 2529 gentem,
2827 2461 2894 2515 ad
2947 2476 3168 2518 servant
3221 2464 3565 2519 dominorum.
3593 2461 3679 2517 lico

2146 2562 2243 2617 ges
2299 2549 2582 2616 videbunt,
2617 2562 2673 2608 et
2718 2565 3054 2623 consurgent
3087 2558 3385 2625 principes,
3430 2566 3482 2611 et
3516 2555 3679 2609 adora-

2144 2640 2282 2694 bunt
2310 2648 2531 2710 pr0pter
2572 2641 2888 2711 Dominum,
2919 2646 3044 2715 quia
3081 2645 3258 2701 fidelis
3288 2655 3374 2702 est
3407 2663 3421 2702 :
3467 2654 3515 2701 et
3545 2644 3685 2700 Sano-

2146 2739 2260 2787 tum
2292 2731 2460 2788 Israel
2493 2735 2583 2803 qui
2618 2734 2783 2805 elegit
2816 2747 2888 2791 te.
2945 2753 2966 2787 ι
3004 2735 3152 2791 LXX
3192 2757 3206 2793 :
3250 2757 3269 2791 ι
3310 2738 3401 2793 Sic
3449 2739 3567 2793 dicit
3600 2738 3684 2791 Do-

2144 2824 2330 2880 minus
2358 2826 2451 2894 qui
2482 2826 2629 2881 eruit
2685 2836 2736 2882 te
2775 2828 2920 2884 Deus
2968 2829 3158 2885 Israel.
3220 2831 3555 2886 Sanctiﬁcate
3578 2845 3677 2885 eum

2146 2919 2241 2989 qni
2272 2918 2507 2989 despicit
2560 2922 2803 2977 animam
2838 2939 3020 2989 suam,
3055 2927 3149 2994 qui
3196 2926 3573 2982 abominationi
3612 2932 3682 2981 est

2145 3013 2412 3082 gentium,
2443 3015 2533 3084 qui
2571 3029 2762 3071 servus
2812 3023 2896 3071 est
2934 3017 3244 3088 principum
3271 3019 3316 3074 ⁸.
3354 3019 3520 3090 Reges
3558 3017 3682 3071 vide-

2151 3106 2288 3159 bunt
2324 3120 2473 3170 eum,
2512 3114 2569 3161 et
2605 3119 2936 3177 consurgent
2974 3110 3276 3180 principes,
3322 3122 3375 3165 et
3419 3110 3682 3166 adorabunt

2148 3212 2273 3251 eum
2310 3211 2532 3268 propter
2567 3199 2856 3257 Dominum
2903 3220 2918 3256 :
2953 3205 3082 3275 quia
3122 3205 3303 3261 ﬁdelis
3358 3214 3439 3262 est
3483 3208 3681 3260 Sanctus

2148 3288 2338 3356 Israel,
2373 3300 2427 3347 et
2460 3293 2624 3361 elegit
2676 3304 2749 3349 te.
2788 3312 2809 3347 ι
2846 3294 2950 3351 Pro
2981 3312 3047 3351 eo
3084 3299 3230 3368 quod
3280 3313 3379 3354 nos
3425 3300 3633 3353 diximus
3666 3312 3678 3350 :

2151 3382 2235 3435 Ad
2266 3386 2704 3454 contemptibilem
2724 3391 2985 3454 animum,
3008 3392 3076 3443 ad
3107 3390 3463 3450 abominatum
3492 3399 3677 3461 gentem.

2155 3478 2224 3528 ad
2272 3493 2480 3531 servum
2511 3480 2871 3545 dominorum,
2924 3480 3237 3539 Theodotio
3297 3484 3560 3541 transtulit
3589 3500 3601 3537 :
3629 3482 3681 3535 Ei

2148 3575 2237 3643 qui
2287 3575 2513 3646 despicit
2561 3579 2825 3645 animant,
2872 3582 2965 3652 qui
3019 3585 3404 3640 abominationi
3446 3592 3517 3640 est
3548 3582 3680 3655 genii,

2147 3673 2236 3738 qui
2267 3687 2446 3725 servus
2477 3684 2552 3727 est
2577 3676 2877 3745 principum
2919 3695 2934 3732 :
2969 3681 3114 3747 quod
3181 3680 3461 3736 manifeste
3511 3675 3681 3734 Christi

2149 3781 2396 3835 personae
2425 3771 2701 3824 convenit.
2746 3771 2867 3841 ipse
2903 3775 3049 3827 enim
3098 3774 3276 3831 bonus
3331 3784 3509 3846 pastor
3534 3769 3681 3844 posuit

2149 3858 2384 3913 animam
2433 3875 2589 3915 suam
2634 3876 2733 3933 pro
2768 3865 2960 3921 ovibus
2991 3867 3107 3921 suis
3141 3866 3345 3937 (Joan.
3389 3867 3463 3939 κ),
3492 3877 3541 3922 et
3578 3879 3683 3919 con-

2148 3953 2370 4022 tempsit
2412 3966 2556 4021 eam,
2590 3957 2719 4026 quia
2771 3958 3163 4016 abominationi
3197 3972 3283 4018 est
3313 3962 3453 4032 genti
3496 3960 3681 4016 Judae-

2152 4061 2290 4114 rum,
2318 4050 2405 4103 cui
2460 4057 2544 4105 ter
2589 4066 2688 4121 per
2732 4052 2977 4123 singulos
3008 4055 3125 4109 dies
3155 4057 3261 4111 sub
3282 4056 3494 4111 nomine
3534 4050 3682 4106 Naza-

2151 4153 2408 4195 renorum
2445 4142 2780 4198 maledicunt
2806 4145 2861 4199 in
2895 4148 3187 4217 synagogis
3223 4148 3360 4203 suis.
3403 4146 3499 4215 Qui
3525 4158 3681 4200 servus

2151 4232 2246 4287 fuit
2298 4233 2602 4303 principum
2667 4244 2723 4291 et
2802 4246 2910 4290 tam
2968 4238 3197 4294 humilis
3258 4246 3318 4293 ut
3373 4244 3533 4294 staret
3579 4244 3683 4288 ante

2151 4329 2363 4383 Annam
2393 4338 2447 4383 et
2500 4331 2801 4402 Caipham,
2860 4346 2912 4388 et
2971 4335 3380 4402 crucifigendus
3425 4333 3582 4388 Pilato
3637 4335 3682 4381 et

465 4414 690 4468 verbum
724 4411 791 4465 de
823 4410 984 4464 verbo
1024 4407 1358 4476 exprimens,
1407 4406 1463 4459 in
1493 4406 1615 4473 illoc
1651 4406 1775 4461 loco
1822 4415 1918 4460 aut
1966 4407 2040 4461 si-

2146 4423 2343 4481 Herodi
2378 4425 2706 4483 mitteretur.
2739 4426 2838 4482 Cui
2872 4426 3312 4499 interpretationi
3343 4426 3525 4498 Aquila
3569 4435 3682 4479 con-

467 4508 687 4581 rnu_larit
718 4504 1069 4573 imperitiam,
1100 4509 1190 4554 aut
1225 4499 1624 4554 Pharisaeorum
1660 4514 1920 4570 perversa
1948 4513 2043 4555 ex-

466 4602 735 4674 positione
781 4597 1042 4664 deceptus
1092 4595 1183 4659 sit,
1235 4593 1326 4663 qui
1378 4592 1725 4662 interpretari
1770 4592 1959 4659 voluit,
1996 4604 2044 4647 et

466 4694 639 4750 Israel
695 4693 743 4745 ei
786 4689 1217 4758 congregabitur,
1273 4686 1375 4739 hoc
1421 4695 1525 4750 est,
1561 4684 1691 4751 Deo,
1752 4700 1878 4739 cum
1926 4699 2048 4741 ver-

466 4789 591 4841 bum
623 4781 951 4837 liebraicunt
988 4793 1075 4842 LO,
1112 4776 1164 4830 in
1195 4777 1301 4831 ltoc
1338 4776 1455 4830 loco
1486 4789 1593 4829 non
1628 4775 1900 4830 scribatur
1948 4792 2045 4847 per

462 4893 641 4937 unum
689 4886 748 4931 et
795 4890 896 4929 ην
928 4853 1023 4941 (ἦ)
1057 4887 1073 4927 :
1107 4870 1251 4942 quod
1300 4868 1346 4924 si
1378 4878 1544 4935 esset,
1596 4867 1953 4939 significaret,
1998 4873 2047 4926 ei

464 4973 549 5025 vel
578 4972 700 5031 illi;
734 4969 834 5024 sed
863 4982 959 5037 per
988 4979 1163 5020 Lauso
1206 4972 1263 5017 et
1308 4977 1482 5017 nuru
1508 4944 1635 5033 (κὸ)
1681 4965 1700 4994 ⁸
1740 4961 1887 5032 quod
1924 4978 2047 5033 pro-

464 5109 656 5178 Aquila
688 5108 834 5160 hunc
858 5105 1033 5160 locum
1067 5103 1158 5178 sic
1199 5102 1595 5178 interpretatus
1651 5110 1755 5163 est.
1782 5099 1959 5173 Longe
1987 5122 2046 5178 _a

465 5168 641 5234 saiute
682 5192 799 5230 mea
841 5180 997 5230 verba
1021 5175 1243 5245 gemitus
1282 5171 1384 5227 mei
1462 5168 1841 5245 Symmachus,
1885 5168 2044 5229 uerba

460 5248 753 5320 gemituum
786 5242 1044 5320 utcontra}
1082 5244 1282 5320 Quinta
1323 5251 1383 5320 _et
1433 5251 1587 5320 sexta
1633 5242 1841 5320 editio;
1886 5247 2042 5300 verba

462 5310 717 5373 clamoris
748 5317 868 5369 mei.
898 5334 918 5367 ι
946 5316 1017 5369 Et
1040 5329 1173 5368 sane
1197 5312 1338 5367 haud
1364 5310 1609 5367 occurrit
1635 5313 1691 5366 in
1714 5310 1928 5371 Latinis
1952 5332 2045 5370 co-

464 5390 699 5451 dicibus,
728 5388 821 5457 qui
857 5386 1043 5453 legerit
1075 5383 1508 5457 lamentationes.

540 5460 556 5491 '
604 5451 951 5513 Ambrosiam
985 5456 1147 5509 codd.
1191 5472 1209 5504 ι
1271 5453 1429 5518 Quod
1476 5451 1568 5509 Illo
1610 5452 1842 5522 iubente
1892 5470 2045 5514 com-

462 5530 607 5601 plevi
639 5546 764 5583 cunt
807 5528 1234 5601 Dotnino__tneo_;
1267 5534 1324 5578 et
1355 5525 1657 5601 respondit,
1686 5544 1711 5581 ρ
1752 5537 1861 5601 etc.

538 5604 559 5634 ³
585 5601 652 5655 Ει
692 5614 822 5653 vero
862 5599 914 5652 in
958 5594 1240 5652 hodiernis
1300 5592 1520 5663 quoque
1559 5592 1807 5652 Hebraeis
1854 5612 2041 5654 exem-

464 5691 707 5763 plaribus
734 5676 830 5759 κθ,
854 5705 960 5746 non
991 5686 1256 5746 scribitur
1281 5687 1491 5745 circillo
1529 5688 1952 5762 superimposito
1984 5706 2039 5755 et

2146 4518 2339 4581 sensit,
2374 4529 2429 4574 et
2456 4535 2522 4575 ex
2565 4529 2717 4590 parte
2751 4517 3128 4592 Septuaginta,
3181 4524 3310 4579 licet
3336 4523 3386 4577 in
3428 4535 3491 4578 eo
3531 4522 3682 4573 muta-

2147 4611 2330 4664 verint
2361 4624 2581 4666 sensum
2624 4624 2679 4666 et
2724 4617 3163 4680 extenuaverint,
3199 4616 3343 4685 quod
3374 4615 3394 4647 ⁸
3417 4626 3509 4684 pro
3534 4614 3681 4681 gente.

2148 4710 2352 4770 gentes,
2384 4711 2439 4755 et
2466 4716 2564 4769 pro
2587 4718 2760 4769 seruo,
2792 4720 2991 4769 servos,
3036 4705 3373 4776 interpretati
3417 4711 3552 4758 sunt.
3592 4694 3682 4751 Alii

2149 4806 2275 4847 vero
2300 4791 2404 4847 hoc
2426 4790 2532 4847 dici
2560 4788 2896 4851 arbitrantur
2918 4796 2985 4851 ad
3010 4808 3224 4867 gentem
3241 4797 3561 4854 Judzeorum,
3581 4803 3683 4860 qua

2146 4880 2475 4952 contempsit
2499 4883 2737 4939 animam
2755 4900 2936 4951 suam,
2975 4899 3029 4943 et
3051 4887 3436 4944 abominationi
3469 4893 3549 4939 est
3578 4876 3684 4935 oni-

2149 4988 2307 5029 verso
2323 4976 2560 5043 mundo;
2581 4986 2640 5031 et
2667 4979 2843 5035 servit
2858 4981 3212 5054 principibus,
3244 4984 3309 5038 de
3327 4979 3514 5053 quibus
3544 4970 3684 5047 566

2148 5096 2600 5202 &9__'Psrs:.35._
2620 5114 2903 5202 ξηρολεοε
2952 5120 3025 5202 είς
3054 5118 3256 5202 Sicque
3274 5118 3403 5202 θείω
3429 5112 3683 5202 οβξιειξιξξ

2186 5178 2542 5260 arapltrtistes
2560 5178 2719 5260 legit'._
2736 5178 2937 5260 Neque
2960 5190 3095 5245 adeo
3129 5178 3487 5260 putandusest
3509 5178 3679 5260 ᾼιιυὶιθ

2169 5257 2435 5309 actionem
2464 5254 2670 5311 temere
2704 5257 2761 5313 iu
2804 5254 3242 5318 Christianorum
3289 5260 3467 5325 odium
3512 5254 3684 5309 intum-

2148 5331 2167 5376 ι
2298 5361 2317 5378 .

2148 5338 2510 5475 ,ἶῗθοειοιωρ
2555 5405 2773 5475 tantum
2825 5400 3027 5475 verbis,
3083 5417 3351 5475 servarunt
3388 5396 3680 5475 principatu.

2145 5463 2427 5605 gemmas
2478 5466 2642 5524 habet
2671 5485 2756 5537 ,ει
2818 5462 3034 5591 (ἱεροῖσι
3086 5475 3195 5528 τῶν
3239 5462 3439 5528 δούλών
3467 5462 3568 5522 τῶν
3596 5462 3683 5529 ἀρ’

2220 5570 2478 5666 z“\i'i'tiose
2493 5616 2615 5665 erat
2630 5619 2795 5668 antea
2994 5612 3299 5674 Emendsnt
3329 5629 3479 5679 nisi»
3505 5605 3648 5684 φασί·
