3856 6172
207 198 340 268 ιιι·

697 200 1200 268 COMMENTAR.
1240 189 1627 268 ΙΝ-ςιδΑιΑΜ
1669 203 2140 266 PROPHETAM
2174 203 2324 265 LIB.
2361 203 2541 264 xm.
2584 202 2744 265 CAP.
2806 199 3024 262 XLIX.

3371 194 3495 261 £86

207 319 476 389 scriptum
493 319 578 372 est
603 315 750 386 ,τριῦ
766 316 1019 374 deuorant
1047 317 1248 386 plebem
1269 331 1441 372 mut
1466 317 1602 372 sicut
1627 314 1802 370 cibum
1831 332 1876 389 Α
1910 321 2022 372 tum
2059 325 2115 370 et
2139 323 2534 385 opportunum,
2558 320 2612 370 et
2641 313 2760 372 dies
2783 312 3000 380 salutis,
3051 311 3237 384 passio
3287 312 3482 370 Salva-

205 410 366 482 panis
391 405 562 480 (Prol.
591 423 718 474 χιιι,
739 410 821 479 ι).
846 408 953 465 Sed
986 409 1181 465 melior
1196 419 1360 478 super
1379 406 1602 464 Christo
1623 407 1798 463 inter-

207 503 466 574 pretatio.
538 500 672 568 Quas
713 503 880 572 igitur
929 501 1118 569 Pater,
1172 501 1487 570 redemptor
1519 499 1798 570 quondam

205 595 536 650 et-Sanetus
570 593 626 650 ls
642 595 777 660 rael,
809 596 876 650 ad
908 593 1109 650 Filium
1144 592 1421 663 loquitur!
1449 592 1628 663 Reges
1647 590 1799 648 vide-

206 686 369 750 bunt,
393 696 448 742 et
472 697 802 755 consurgent
831 687 1129 758 principes,
1149 696 1205 741 et
1228 686 1551 750 adorabunt,
1577 686 1797 755 quando

209 780 423 833 venerit
455 781 507 832 in
534 779 710 846 gloria
738 778 920 836 Patris
949 795 1074 835 cum
1105 778 1316 850 angelis
1360 778 1500 846 suis,
1556 786 1614 832 et
1639 780 1800 832 sede-

205 871 282 925 rit
317 872 374 925 in
421 873 620 926 throno
643 871 832 943 gloriae
885 885 999 926 suae
1025 912 1040 937 ,
1060 871 1320 941 judicans
1353 871 1508 926 vivos
1545 879 1602 924 et
1651 887 1797 922 ιιιυι-

208 977 384 1032 tuos;
423 975 550 1019 tunc
581 979 776 1020 omnes
827 964 1283 1020 adorabunteum
1332 969 1554 1032 propter
1610 960 1798 1016 Domi-

205 1071 343 1110 num
375 1053 592 1109 Patrem
618 1069 802 1122 suum,
833 1055 927 1126 qui
971 1055 1140 1125 elegit
1169 1069 1295 1109 eum
1350 1053 1390 1108 ¹.
1417 1051 1544 1108 Sive
1595 1051 1667 1109 ita
1709 1052 1795 1106 in-

207 1141 567 1216 telligendum
614 1186 628 1205 .
661 1145 838 1216 Reges
870 1159 1108 1213 quorum
1133 1159 1230 1199 cor
1255 1144 1310 1200 in
1341 1157 1512 1199 manu
1561 1141 1654 1198 Dei
1689 1151 1792 1204 est,

203 1249 262 1294 et
288 1235 560 1294 Ecclesia
609 1237 704 1293 Dei
743 1237 1038 1306 principes,
1079 1235 1387 1292 adorabunt
1441 1244 1491 1290 te
1518 1275 1535 1301 ,
1570 1233 1790 1304 quia/i-

202 1329 345 1385 δοιάς
391 1339 472 1385 est
508 1329 792 1396 Dominus,
846 1327 1078 1384 Sanetus
1133 1328 1312 1386 Israel
1360 1329 1452 1397 qui
1509 1327 1690 1398 elegit
1722 1341 1794 1386 te.

207 1421 558 1478 llascoatttem
593 1424 777 1478 omnia
806 1421 874 1476 ad
905 1437 1030 1477 eum
1067 1421 1240 1476 reicrt
1270 1460 1285 1486 ,
1313 1420 1415 1490 qui
1462 1422 1798 1488 contempsit

203 1516 455 1570 animant
488 1531 668 1580 suam,
694 1515 788 1587 qui
829 1517 1176 1572 abominetur
1202 1529 1231 1566 a
1255 1525 1441 1583 gente,
1473 1515 1567 1583 qui
1598 1529 1795 1570 servus

202 1621 298 1661 est
321 1605 649 1674 principum.

1903 403 2040 460 toris
2065 413 2154 461 est
2186 415 2241 462 et
2280 404 2634 473 resurrectio,
2667 404 2890 476 quando
2919 403 3114 460 orabat
3165 404 3218 458 in
3266 419 3429 458 cruce
3463 421 3480 458 :

1901 495 2048 554 Deus
2063 495 2394 560 Deusmeus,
2416 514 2579 564 quare
2603 514 2683 552 me
2707 496 3038 566 dereliquisti
3055 496 3278 567 (Matth.
3309 511 3484 560 xxvu,

1899 590 2031 660 t6)?
2066 591 2134 644 Et
2158 593 2398 650 servavit
2425 606 2572 656 eunt,
2609 591 2730 646 sive
2762 591 3074 659 plasmavit,
3105 599 3290 644 morte.
3321 603 3484 658 snpe-

1899 691 2040 746 rata,
2070 683 2332 752 deditque
2381 683 2440 738 in,
2476 682 2654 739 lmdus
2699 683 2883 753 pepuli
2907 681 3246 748 Judmorunt,
3280 682 3365 738 his
3407 682 3487 736 vi-

1901 773 2099 830 delicet
2136 773 2230 844 qui
2251 789 2316 828 ex
2355 773 2462 830 illis
2489 776 2716 830 credere
2738 775 3028 830 voluerunt
3057 793 3072 829 :
3103 782 3164 830 ut
3192 775 3487 830 suscitaret

1903 875 2133 929 terram,
2155 881 2274 937 quas
2293 870 2346 922 in
2373 867 2700 922 idololatriae
2719 867 2937 939 jacebat
2962 867 3265 932 erroribus,
3286 878 3339 924 et
3359 883 3483 938 pos-

1901 959 2109 1013 sideret
2146 959 2498 1014 hacreditates
2547 961 2860 1032 dissipatas,
2899 962 3014 1017 sive
3043 962 3314 1027 desertas,
3353 979 3478 1031 quae

1900 1049 2272 1108 habitatorem
2297 1064 2407 1108 non
2438 1052 2674 1110 habebat
2705 1053 2898 1117 Deum,
2928 1064 2983 1108 et
3012 1054 3222 1110 diceret
3273 1054 3361 1110 bis
3392 1054 3483 1122 qui

1900 1153 2066 1200 erant
2121 1144 2178 1198 in
2212 1143 2474 1209 vinculis,
2508 1142 2686 1210 Exite,
2727 1146 2820 1216 qui
2854 1155 3200 1216 peccatorum
3252 1147 3486 1201 vinculis

1898 1233 2324 1304 stringebantur,
2348 1234 2473 1303 quia
2494 1235 2709 1303 funibus
2726 1245 3062 1305 peccatorum
3085 1252 3300 1291 suorum
3321 1252 3496 1292 unus-

1897 1326 2112 1396 quisque
2155 1327 2542 1396 constringitur
2563 1326 2582 1398 (
2604 1325 2769 1384 Prov.
2793 1343 2860 1392 v,
2885 1327 3000 1398 92);
3032 1337 3085 1383 et
3123 1329 3218 1397 qui
3244 1338 3399 1381 erant
3426 1329 3482 1381 in

1897 1418 2162 1485 tenebris,
2189 1417 2535 1474 Reuelamini.
2570 1419 2667 1486 Qui
2691 1420 3022 1476 sedebantiu
3055 1419 3314 1485 tenebris,
3343 1430 3399 1475 et
3429 1420 3482 1474 in

1900 1511 2092 1568 umbra
2130 1513 2346 1580 mortis,
2375 1523 2429 1568 et
2478 1514 2650 1570 lucem
2685 1515 2869 1571 videre
2899 1529 3005 1570 non
3049 1523 3326 1583 poterant.
3378 1513 3482 1581 Qui

1902 1613 2190 1674 postquam
2241 1608 2491 1664 conversi
2543 1605 2774 1673 iuerint,
2816 1617 2872 1662 et
2909 1607 3119 1664 clarum
3151 1607 3358 1666 Christi
3393 1608 3484 1663 lu-

290 1702 312 1770 (
345 1697 501 1753 Vers.
536 1697 571 1752 8
601 1698 794 1768 seqq.)
827 1715 846 1751 s
884 1696 1012 1754 Haec
1039 1698 1173 1754 dicit
1205 1697 1475 1754 Dominus
1511 1716 1530 1756 :
1572 1698 1628 1752 In
1655 1707 1798 1754 tem-
1828 1684 1870 1743 Β
1901 1712 2026 1750 men
2085 1697 2421 1766 aspexerint,
2466 1711 2761 1767 pascentur
2813 1700 2867 1753 in
2921 1700 3024 1754 viis
3063 1710 3118 1762 et
3152 1700 3206 1754 in
3266 1699 3483 1754 semitis

205 1809 344 1862 pore
372 1794 576 1863 placito
603 1792 857 1849 exaudiri
890 1793 984 1863 ite,
1031 1804 1086 1849 et
1121 1793 1174 1847 in
1219 1792 1310 1848 die
1338 1791 1534 1850 salutis
1563 1793 1796 1847 auxilia-

203 1900 304 1944 tus
339 1903 460 1943 sunt
489 1886 585 1942 tui.
629 1887 694 1941 Et
726 1887 938 1942 servavi
973 1897 1046 1952 te,
1069 1896 1125 1943 et
1154 1887 1282 1943 dedi
1309 1898 1361 1942 to
1388 1888 1442 1942 in
1490 1885 1670 1943 fmdus
1693 1901 1810 1957 po-

205 1981 349 2051 puli,
382 1989 459 2041 ,ιιι
501 1979 801 2035 suscitares
833 1989 1062 2048 terram,
1106 1990 1163 2036 et
1208 1979 1529 2050 possideres
1565 1980 1798 2035 heredi-

205 2085 354 2129 tates
390 2073 684 2146 dissipatas
731 2088 746 2127 :
795 2074 1097 2128 utdlceres
1151 2074 1236 2132 his
1259 2073 1356 2143 qui
1385 2073 1554 2128 vincti
1607 2082 1738 2128 sunt
1774 2087 1804 2130 ε,

205 2167 410 2233 Exite;
437 2177 494 2222 et
525 2165 623 2224 bis
643 2168 738 2238 qui
765 2167 820 2223 in
855 2169 1100 2225 tenebris
1131 2181 1146 2219 :
1181 2165 1542 2224 Revelamini.
1591 2165 1646 2224 ιιι
1693 2166 1800 2224 viis

211 2258 229 2333 [
264 2257 426 2333 Vulg.
456 2275 622 2330 super
652 2260 816 2333 vias]
846 2271 1163 2332 pascentur,
1191 2265 1246 2317 et
1289 2261 1342 2316 in
1373 2261 1632 2317 erunibus
1675 2259 1800 2330 pla-

206 2354 300 2408 nis
348 2365 550 2424 paseua
607 2367 824 2410 eorum.
874 2353 994 2409 Non
1028 2354 1311 2420 esuriant,
1373 2366 1553 2425 nequ
1586 2352 1795 2416 sitient,

205 2455 267 2501 et
307 2445 741 2516 noufpereutiet
795 2457 893 2502 eos
939 2454 1109 2501 astus
1164 2454 1220 2500 et
1282 2445 1365 2502 sol
1427 2459 1444 2503 :
1505 2443 1635 2514 quia
1693 2441 1800 2498 mi-

208 2547 438 2595 serator
490 2551 688 2594 eorum
729 2546 882 2611 reget
927 2551 1048 2607 eos,
1096 2548 1154 2595 et
1177 2539 1247 2594 ad
1296 2538 1480 2594 fontes
1527 2551 1792 2607 aquarum

207 2630 429 2700 potabit
471 2633 494 2664 ³
533 2643 653 2686 eos.
709 2627 778 2684 Et
819 2642 1018 2700 ponam
1058 2643 1253 2686 ontnes
1298 2637 1516 2686 montes
1552 2642 1704 2685 meos
1738 2629 1797 2684 in

210 2721 402 2788 viam,
451 2731 510 2777 et
556 2722 766 2778 semitm
832 2735 965 2778 mea
1011 2721 1426 2776 excitabuntur.
1479 2718 1626 2798 Ecce
1704 2719 1797 2776 isti

209 2817 286 2873 de
319 2813 486 2886 longe
513 2814 754 2883 venient,
796 2823 854 2872 et
881 2829 1012 2870 ecce
1047 2814 1126 2870 illi
1152 2814 1222 2870 ab
1259 2812 1526 2884 Aquilone
1552 2823 1607 2868 et
1632 2813 1796 2881 mari,

206 2917 270 2963 et
305 2908 398 2962 isti
429 2909 496 2961 de
524 2917 672 2963 terra
695 2906 960 2963 Australi.
993 2906 1258 2972 Laudato,
1281 2906 1524 2975 caliJet
1557 2905 1796 2970 exsulta,

208 3008 364 3055 terra
400 3016 416 3054 :
456 2997 709 3069 jubilate,
757 3007 998 3066 montes,
1041 2997 1279 3064 laudem,
1309 2997 1437 3068 quia
1485 2997 1800 3053 consolatus

205 3102 300 3149 est
324 3092 596 3172 Dominus
617 3093 878 3162 populum
919 3105 1102 3160 suum,
1137 3101 1194 3146 et
1223 3105 1525 3162 pauperum
1575 3103 1798 3146 urorum

207 3167 590 3240 miserabitur.
633 3200 653 3236 s
689 3181 877 3238 LXX:
911 3197 933 3236 ι
977 3183 1073 3239 Sic
1099 3181 1252 3238 dicit.
1281 3182 1593 3239 Dominus:
1635 3181 1800 3238 Temo

211 3290 352 3348 pore
380 3284 692 3346 opportuno
722 3274 984 3332 exaudivi
1019 3284 1090 3343 te,
1111 3283 1174 3332 et
1207 3276 1260 3331 in
1286 3275 1377 3331 die
1403 3275 1600 3331 salutis
1643 3273 1800 3330 anxio

212 3372 383 3426 liatus
410 3385 532 3424 sum
570 3369 669 3424 tui.
711 3368 780 3424 Et
807 3369 1074 3439 plusmavi
1103 3378 1178 3437 te,
1209 3377 1264 3424 et
1287 3369 1412 3425 dedi
1451 3370 1586 3422 tein
1631 3375 1798 3423 testae

212 3471 472 3519 ruentum
493 3461 758 3532 gentium,
790 3469 850 3516 ιιι
887 3461 1256 3519 constitueres
1279 3471 1504 3526 terram,
1533 3468 1589 3516 et
1622 3463 1803 3531 possi-

212 3564 382 3612 deres
417 3555 768 3611 hereditates
801 3555 1072 3624 desertas,
1117 3553 1438 3622 diceresque
1479 3555 1569 3610 his
1605 3555 1696 3624 qui
1749 3555 1802 3608 in

209 3647 454 3704 vinculis
479 3657 629 3712 sunt,
657 3645 839 3712 Exite,
861 3652 916 3702 et
939 3647 1034 3717 qui
1059 3646 1400 3714 intenebris,
1427 3645 1800 3702 Revelamini:

212 3744 267 3800 in
316 3741 580 3797 omnibus
614 3741 720 3798 viis
769 3752 1088 3812 pascentur,
1120 3748 1175 3796 et
1212 3741 1546 3797 inomnibns
1593 3739 1802 3796 semitis

211 3849 424 3908 pascua
468 3847 683 3891 eorum.
731 3833 1142 3899 Nonesurient,
1167 3846 1344 3903 neque
1380 3833 1591 3897 sitiant,
1627 3844 1803 3901 neque

211 3931 490 4000 percutiet
538 3943 635 3984 eos
665 3941 831 3984 aestus
879 3927 1204 3995 nequesol:
1247 3926 1342 3982 sed
1367 3925 1462 3996 qui
1507 3924 1802 3980 miseretur

209 4034 434 4082 eorum,
486 4019 873 4074 censolaliitur
929 4033 1047 4083 eos,
1082 4025 1138 4073 et
1184 4029 1279 4087 per
1327 4015 1507 4070 lentes
1537 4027 1801 4084 aquarum

210 4112 380 4166 ducet
428 4111 571 4166 illos.
619 4111 932 4181 Ponamquc
991 4125 1212 4166 omnem
1249 4118 1488 4163 montem
1530 4108 1588 4163 in
1632 4107 1800 4173 viam,

209 4216 269 4262 et
315 4213 540 4260 omnem
599 4206 849 4260 seruitum
888 4204 942 4258 in
991 4219 1194 4274 pascua
1245 4206 1364 4258 eis.
1404 4201 1544 4258 Ecce
1594 4202 1683 4257 isti
1734 4201 1803 4257 de

213 4300 379 4366 longe
440 4297 687 4365 venient,
750 4297 841 4352 isti
899 4297 968 4351 ab
1021 4296 1290 4366 Aquilone
1349 4305 1406 4351 et
1469 4294 1607 4350 mari
1648 4335 1663 4361 ,
1710 4295 1799 4350 alii

1903 1799 2217 1844 satwtarum
2283 1789 2718 1859 Scripturarum,
2779 1800 2836 1846 et
2907 1792 3096 1848 dicent
3152 1807 3168 1845 :
3221 1791 3482 1846 Dominus

1901 1885 2067 1948 pascit
2097 1898 2198 1949 nte,
2235 1893 2284 1938 et
2311 1883 2444 1938 nihil
2469 1885 2600 1938 mihi
2632 1886 2818 1950 deerit,
2843 1888 2895 1940 in
2923 1886 3034 1940 loco
3059 1873 3272 1955 pascua:
3298 1887 3366 1938 ibi
3401 1900 3484 1939 me

1902 1973 2182 2030 collocavit
2231 1993 2245 2029 :
2311 1991 2471 2045 super
2521 1993 2691 2046 aquas
2746 1977 3046 2046 refections's
3097 1978 3340 2032 educavit
3400 1993 3483 2030 me

1905 2065 2083 2140 (Psal.
2119 2081 2257 2134 uti,
2291 2067 2375 2138 2).
2404 2068 2510 2136 Qui
2541 2079 2721 2126 autem
2753 2070 2808 2126 in
2858 2069 3168 2126 istiusmodi
3197 2071 3300 2124 viis
3319 2081 3486 2140 atque

1903 2157 2114 2214 seruitia
2146 2169 2342 2228 pastus
2369 2159 2542 2218 luerit
2571 2171 2624 2218 et
2657 2162 2922 2227 nutritus,
2959 2176 3062 2220 nec
3118 2162 3348 2228 esuriat,
3384 2176 3490 2217 nec.

1904 2251 2074 2316 sitiet,
2108 2265 2298 2320 neque.
2317 2253 2555 2316 calorem
2586 2251 2786 2310 sentiet
2838 2253 2972 2312 solis
3013 2268 3028 2320 ;
3082 2263 3138 2309 et
3169 2253 3486 2322 istplebitur

1904 2343 1973 2404 de
2002 2342 2096 2401 illo
2119 2347 2267 2413 quod
2300 2345 2568 2416 scriptum
2600 2355 2686 2402 est
2716 2364 2730 2400 :
2769 2345 2876 2402 Per
2903 2348 3041 2402 diem
3090 2349 3171 2400 sol
3208 2363 3315 2401 non
3365 2357 3481 2404 uret

1904 2444 1976 2503 te,
2005 2450 2170 2506 neque
2196 2435 2325 2492 luna
2356 2453 2452 2508 per
2465 2447 2665 2494 nectent
2692 2437 2868 2508 (Psal.
2891 2453 3024 2504 cxx,
3053 2437 3136 2505 6).
3173 2440 3239 2498 Ut
3263 2454 3366 2495 nec
3389 2441 3486 2494 ad-

1907 2543 2062 2586 versa
2097 2545 2198 2586 nec
2218 2545 2486 2600 prospera
2522 2530 2685 2600 hujus
2719 2531 2913 2588 saeculi
2944 2531 3168 2588 sentiat.
3201 2531 3486 2600 Siquidem

1908 2624 2225 2680 misericors
2251 2632 2310 2680 et
2340 2626 2636 2681 miserator
2658 2622 2924 2680 Dominus
2968 2625 3083 2692 ipse
3111 2624 3486 2678 consolabitur

1903 2726 1958 2772 et
1986 2725 2270 2786 regeteos,
2289 2725 2341 2771 et
2364 2715 2598 2772 deducet
2627 2716 2694 2770 ad
2717 2717 2897 2772 fontes
2920 2730 3210 2787 aquarum.
3243 2715 3369 2774 Sive
3386 2730 3485 2786 ρος

1906 2808 2040 2865 tabit
2057 2809 2078 2843 ’
2107 2808 2231 2866 illos
2256 2808 2324 2863 ad
2355 2808 2553 2871 lentes,
2575 2810 2642 2864 de
2661 2809 2858 2878 quibus
2884 2811 3148 2877 scriptum
3175 2817 3257 2864 est
3280 2807 3486 2866 :Beaee

1905 2899 2064 2956 dicite
2093 2898 2315 2958 Dentino
2347 2899 2412 2954 de
2433 2898 2663 2971 fontibus
2680 2898 2850 2956 Israel
2885 2896 3063 2969 (Prol.
3091 2913 3258 2965 nxvtt,
3289 2899 3485 2968 27).Et

1908 2995 1964 3048 in
1996 2990 2103 3048 alio
2136 2991 2263 3048 loco
2295 3009 2310 3048 :
2338 2989 2566 3048 Haut-ite
2586 2993 2854 3062 aquosae
2895 2990 3130 3060 fontibus
3183 2990 3483 3050 Saluatoris

1903 3082 2046 3152 (lsa.
2067 3097 2169 3147 χιι,
2185 3081 2266 3153 3).
2293 3081 2367 3136 lli
2395 3083 2575 3139 lentes
2602 3084 2655 3138 in
2682 3083 2862 3140 Veteri
2896 3082 3320 3152 Testamentoet
3334 3083 3485 3142 Novo

1900 3183 2048 3231 sunt.
2061 3172 2364 3245 Omniaque
2380 3174 2703 3229 offendicula
2721 3190 2842 3244 quas
2859 3175 3198 3239 credentium
3231 3187 3486 3247 poterant

1901 3267 2164 3336 impedire
2212 3281 2453 3336 gressus,
2487 3256 2761 3322 Dominus
2791 3269 2874 3321 eis
2908 3277 3086 3324 vertet
3132 3267 3186 3322 in
3235 3269 3480 3336 planum,

1899 3367 1954 3415 et
1985 3360 2196 3414 excelsa
2257 3359 2585 3424 bumiliabit,
2639 3366 2806 3426 atque
2861 3359 3088 3414 bumilia
3148 3361 3480 3430 sublimabit,

1903 3463 1960 3507 ut
1985 3451 2088 3507 iter
2110 3453 2331 3520 planum
2374 3450 2608 3506 habeant
2634 3461 2798 3519 atque
2829 3462 3159 3520 campestre.
3226 3454 3328 3522 Qui
3367 3457 3484 3512 sint

1902 3555 2083 3598 autem
2115 3540 2206 3596 isti
2233 3540 2434 3610 quibus
2482 3550 2819 3610 praeparetur
2869 3542 2980 3609 via,
3025 3545 3178 3612 ponit
3223 3544 3484 3602 manifesv

1901 3636 2013 3694 lius
2068 3653 2082 3690 :
2142 3634 2280 3690 Ecce
2335 3636 2426 3690 isti
2473 3639 2538 3692 de
2579 3636 2732 3705 longe
2785 3638 2992 3692 uenient
3018 3651 3039 3692 ι
3066 3647 3114 3692 et
3143 3654 3258 3693 ecce
3295 3639 3377 3694 illi
3415 3639 3480 3694 ab

1900 3729 2161 3799 Aquilone
2208 3728 2375 3800 568
2414 3743 2461 3785 et
2517 3732 2680 3796 arari,
2729 3741 2781 3788 sl
2828 3733 2916 3786 isti
2943 3736 3006 3787 de
3033 3742 3176 3788 terra
3219 3733 3480 3794 Australi.

1901 3822 2151 3888 Quatuor
2178 3826 2367 3893 plagas
2393 3825 2546 3884 orbis
2575 3829 2896 3895 ostendens,
2927 3828 3208 3892 Orientem
3239 3837 3296 3882 et
3346 3829 3482 3895 hep-

1903 3916 2256 3980 tentrionem,
2281 3915 2635 3974 Occidentem
2666 3930 2720 3976 et
2748 3921 3052 3986 Meridiem.
3078 3938 3176 3989 pro
3219 3919 3474 3984 Oriente.

1899 4006 2059 4078 longe
2087 4009 2280 4078 posuit
2314 4026 2329 4063 :
2366 4025 2466 4079 pro
2497 4011 2736 4070 Australi
2783 4014 2963 4084 plaga,
3011 4016 3062 4072 in
3092 4012 3320 4069 Hebraeo
3350 4013 3483 4084 legi-

1904 4109 1991 4156 tur
2027 4115 2182 4158 autut
2247 4101 2450 4176 (βψω)
2505 4108 2649 4172 quod
2699 4105 2839 4161 LXX
2885 4106 3176 4162 Persarum
3209 4109 3484 4177 interpre-

1905 4192 2001 4247 tati
2022 4205 2183 4250 sunt.
2212 4191 2408 4251 Ceteri
2439 4196 2516 4252 ita
2553 4205 2612 4252 ut
2653 4198 2707 4253 in
2740 4196 2968 4260 Hebraeo
3021 4199 3222 4270 legitur
3253 4214 3481 4268 expres»

1903 4299 2097 4350 serunt
2123 4292 2306 4359 sinim,
2341 4294 2490 4362 quod
2516 4309 2618 4348 nos
2639 4295 2980 4365 interpretati
3015 4310 3206 4351 sumus
3233 4296 3304 4350 ab
3345 4295 3488 4350 Aus-

216 4402 408 4445 autem
443 4392 536 4444 ‘de
601 4398 744 4446 terra
801 4390 1116 4446 Persarum.
1166 4389 1448 4445 Lactamini
1474 4428 1489 4453 ,
1529 4389 1651 4446 (ξαείὶ
1675 4432 1690 4455 ,
1743 4398 1798 4445 et
1829 4416 1876 4475 ο
1907 4381 2081 4456 lfalil
2106 4383 2193 4442 Al.
2227 4386 2423 4440 Austro
2453 4383 2474 4458 ]
2507 4403 2522 4441 :
2563 4386 2697 4442 illud
2748 4389 3092 4459 suspicantes
3122 4391 3269 4458 quod
3315 4402 3477 4446 mons

221 4484 684 4548 essultcttterra,
734 4491 1025 4552 erumpant
1079 4491 1294 4537 montes
1335 4482 1578 4538 laetitiam
1608 4524 1624 4550 ,
1672 4486 1797 4553 quia
1906 4475 2061 4532 Sinai
2091 4479 2144 4532 in
2185 4480 2426 4535 Australi
2464 4492 2619 4552 parte
2658 4482 2869 4553 positus
2906 4485 2997 4549 sit,
3047 4483 3203 4554 juxta
3233 4481 3486 4537 Habacuc

217 4578 483 4630 misertus
511 4583 597 4630 est
639 4573 787 4630 Deus
834 4574 1019 4645 populi
1046 4575 1190 4632 sui:
1228 4585 1287 4631 et
1318 4575 1552 4630 humiles
1611 4577 1796 4647 populi

214 4670 302 4725 sui
358 4670 682 4724 consolatus
730 4680 835 4724 est.
893 4687 914 4721 ι
968 4667 1086 4724 lloc
1138 4669 1452 4726 testimonio
1520 4673 1799 4741 apostolus

215 4763 424 4818 Paulus
456 4765 538 4830 ,ιιι
574 4764 815 4817 secunda
864 4761 1026 4833 567
1070 4761 1312 4832 Epistula
1377 4768 1444 4818 ad
1482 4763 1799 4819 Corinthios

209 4871 350 4912 usus
377 4867 484 4920 est,
517 4857 709 4911 dicens
744 4859 765 4911 τ’
792 4855 1042 4924 Tempore
1075 4866 1364 4926 Opportuna
1422 4855 1667 4911 exaudiui
1704 4867 1751 4912 te
1780 4875 1795 4912 :

211 4960 267 5004 et
291 4949 348 5002 in
368 4939 468 5002 ‘die
499 4948 691 5002 salutis
721 4949 1012 5004 assiliatus
1043 4965 1159 5003 sum
1193 4951 1301 5004 tui.
1334 4946 1471 5005 Ecce
1505 4965 1643 5004 nunc
1669 4959 1800 5005 tem-

213 5057 316 5110 pus
341 5041 686 5110 acreptabite,
709 5049 819 5096 etc.
845 5041 901 5113 (Ι
929 5041 1055 5097 Cor.
1081 5055 1156 5109 vI,
1186 5041 1264 5113 2).
1296 5041 1351 5096 Si
1384 5057 1512 5115 ergo
1535 5057 1632 5098 vas
1661 5044 1802 5099 elec-

227 5132 408 5186 tionis
431 5132 500 5185 ad
524 5131 685 5200 primi
715 5134 980 5188 adventus
1016 5132 1185 5188 refert
1212 5133 1626 5204 intelligentiam
1679 5150 1800 5205 qua:

219 5226 502 5292 dicuntur,
516 5235 573 5282 et
593 5239 696 5282 nos
713 5239 1010 5295 sequamur
1031 5226 1392 5297 expositionis
1407 5227 1528 5298 ejus
1548 5229 1798 5298 vestigia,

217 5329 277 5375 et
329 5322 508 5373 instar
573 5322 948 5388 parvulorum,
995 5335 1166 5390 super
1223 5321 1576 5376 adumbratas
1606 5306 1802 5379 illness

219 5411 597 5480 praeceptoris,
650 5409 861 5466 litteras
917 5411 1322 5484 imprimamus.
1368 5412 1605 5483 Tempus
1633 5414 1803 5486 placi-

296 5547 318 5623 ξ
344 5546 518 5623 _Unus
542 5547 1226 5623 Ambrosiamjnterserit,
1260 5554 1388 5623 quia
1417 5553 1591 5622 ﬁdelis
1620 5563 1722 5610 est.

295 5617 529 5672 ’Facile
579 5627 857 5675 assentiar
911 5619 1171 5688 Victorio,
1210 5617 1523 5679 ett'tendanti
1573 5626 1802 5694 portabit

226 5728 296 5768 ex
351 5713 582 5769 llebrzo
609 5697 999 5785 D‘x'utcrarco
1054 5716 1196 5784 ἄξει,
1241 5717 1543 5778 multisque
1591 5717 1801 5777 Latinis

1657 5939 1688 5963 δ

1902 4571 2229 4641 prophetam
2277 4588 2294 4628 :
2324 4573 2465 4629 Deus
2497 4576 2564 4630 ab
2591 4578 2788 4633 Austro
2821 4579 2992 4633 ueniet
3027 4593 3046 4633 :
3075 4585 3125 4633 et
3151 4590 3368 4633 sanctus
3419 4578 3485 4630 de

1893 4676 2080 4720 =moute
2114 4664 2336 4720 Pharon
2363 4667 2628 4724 'tunbroso
2669 4680 2720 4724 et
2747 4674 3038 4726 condenso
3087 4658 3343 4742 (Hahae.
3375 4679 3482 4741 ut).

1905 4761 1963 4816 Si
1997 4770 2177 4818 autem
2213 4764 2395 4828 sinim,
2435 4774 2493 4819 ut
2524 4764 2661 4820 LXX
2705 4768 3125 4830 transtulerunt,
3162 4766 3356 4820 Persas
3400 4767 3482 4817 in-

1904 4854 2222 4926 telligimus,
2265 4857 2356 4925 qui
2417 4859 2484 4911 ad
2516 4857 2818 4928 _0ricntem
2853 4861 2943 4914 siti
2969 4869 3117 4922 sunt,
3153 4858 3282 4911 illud
3338 4860 3483 4927 quod

1906 4963 2074 5022 supra
2101 4951 2304 5007 dicitur
2337 4967 2354 5006 :
2389 4949 2527 5008 Ecce
2567 4953 2658 5007 isti
2704 4958 2768 5008 de
2795 4951 2946 5024 longe
2994 4953 3222 5018 venient,
3283 4954 3348 5007 ad
3378 4955 3490 5005 Au-

1906 5055 2080 5100 strum
2117 5045 2324 5100 referre
2379 5046 2699 5115 poterimus.
2757 5044 3188 5115 Prwcipiturque
3243 5046 3402 5100 caelis
3430 5057 3485 5100 et

1906 5144 2089 5203 terrae,
2117 5135 2200 5192 vel
2235 5137 2320 5193 bis
2352 5139 2648 5194 virtutibus
2678 5152 2797 5208 quas
2825 5138 2877 5192 in
2913 5137 3052 5192 cmlo
3110 5148 3394 5193 morantur
3429 5149 3485 5194 et

1909 5239 2077 5298 terra,
2112 5230 2195 5288 vel
2237 5233 2448 5302 angelis
2492 5242 2549 5288 et
2583 5233 2917 5297 hominibus,
2946 5242 3005 5286 ut
3035 5230 3130 5288 Dei
3187 5234 3489 5289 concinam

1903 5321 2116 5378 laudes.
2171 5323 2237 5376 Et
2279 5324 2375 5394 qui
2422 5324 2474 5377 in
2529 5325 2747 5379 excelso
2801 5328 3065 5380 virtutum
3119 5327 3282 5397 positi
3328 5333 3483 5384 sunt.

1907 5413 2107 5471 mentis
2152 5413 2394 5472 laetitiam
2433 5415 2610 5487 jubilo
2656 5425 2711 5473 et
2767 5415 3148 5476 exsultatione
3189 5431 3486 5478 testentur.

1908 5551 2206 5631 Bibliorum
2269 5569 2404 5610 mss.
2455 5554 2767 5631 codicibus.
2834 5555 3245 5631 Hieronymianl
3303 5543 3487 5615 tamen

1905 5623 2108 5695 potabit
2139 5635 2456 5680 constanter
2491 5625 2810 5694 pnrlerunt.

1983 5694 2005 5726 ⁸
2033 5695 2411 5765 Ambrosiam,
2447 5697 2554 5753 sive
2585 5699 2817 5768 portabit
2851 5697 2994 5765 illos,
3023 5710 3133 5756 ete.
