3952 6180
390 230 499 294 437

1548 234 1587 290 S
1603 274 1616 289 .
1658 223 1979 287 :EUSEBII
2026 224 2074 283 II
2089 222 2466 283 lERONYMI

3544 211 3646 278 483

389 340 530 404 Quia
582 338 886 393 consolatus
950 351 1027 395 est
1099 340 1351 395 Dominus
1396 342 1644 410 papulum
1671 357 1847 402 suum,
1879 353 1974 395 eos
2002 342 2045 397 Δ
2074 353 2161 393 eos
2190 338 2282 404 qui
2327 336 2397 389 ad
2424 348 2492 389 'te
2538 333 2687 389 missi
2728 344 2848 389 sunt
2883 332 3103 403 (Matth.
3135 344 3292 394 mu,
3328 325 3443 397 37).
3476 325 3546 382 Et
3590 328 3644 379 in

389 434 481 501 qui
543 449 611 487 ex
657 432 862 489 Judaeis
917 436 1140 490 credere
1173 436 1489 489 voluerunt.
1530 431 1601 485 Et
1657 444 1963 501 pauperum
2066 429 2171 482 alio
2202 429 2324 482 loco
2356 446 2370 482 :
2401 427 2533 482 Cum
2572 427 2809 481 uideritis
2835 424 3155 481 circumdari
3185 422 3250 477 ab
3292 420 3529 477 exercitu
3557 417 3650 473 Je-

390 522 792 593 humiliumque
836 538 1058 579 suorum
1089 528 1345 579 misertus
1402 533 1487 579 est
1540 541 1554 578 :

1622 523 1738 577 sive
1787 523 1967 576 omnis
2068 522 2320 584 rusalem,
2345 531 2468 575 tunc
2513 520 2697 579 scitote
2739 520 2864 588 quia
2911 515 3352 586 appropinquavit
3395 510 3653 566 desolatio

388 614 573 685 populi
606 615 715 677 sui.
745 616 837 683 qui
875 618 942 670 de
992 615 1213 670 Oriente
1266 626 1322 671 et
1344 615 1662 677 Occidente,
1695 614 1965 681 Aquilone
2067 614 2183 684 ejus
2229 612 2383 680 (Luc,
2424 628 2537 675 ιιι,
2566 611 2682 676 20).
2717 610 2991 668 Secundo.
3036 617 3351 665 sanctorum
3392 613 3482 673 est
3522 617 3657 657 con-

388 721 448 767 et
487 710 684 763 Austro
706 710 770 763 ad
808 724 929 763 eum
967 718 1194 763 vocatus
1229 717 1333 772 est,
1370 723 1479 762 non
1525 708 1731 761 habens
1764 704 1962 773 Legem

396 816 494 853 nec
532 800 844 870 prophetas,
879 815 979 853 nec
1005 800 1228 854 divitias
1256 799 1609 868 spirituales:
1647 798 1740 851 sed
1774 797 1962 851 deser-

2070 706 2332 776 gregatio,
2359 705 2450 775 qui
2484 704 2536 758 in
2566 719 2704 773 pace
2733 703 2945 757 Domini
2982 710 3038 755 et
3060 702 3112 754 in
3143 700 3400 754 virtutum
3426 694 3651 765 specula

2072 797 2376 859 constituti,
2412 804 2558 850 recte
2590 796 2928 864 appellantur
2963 794 3111 852 Sion.
3150 793 3220 846 de
3245 805 3348 859 qua
3398 788 3602 840 dicitur
3636 803 3649 837 :

396 904 505 957 tus,
540 906 745 960 pauper
773 899 828 945 et
863 891 1104 956 humilis,
1142 892 1361 946 cunctis
1395 889 1734 945 daemonibus
1784 887 1970 958 subja-
2070 886 2434 941 Fundamenta
2462 885 2576 955 ejus
2609 886 2663 939 in
2702 884 2964 938 montibus
2993 882 3192 937 sanctis
3220 896 3238 934 .'
3265 879 3433 947 diligit
3470 875 3655 929 Domi-

395 986 577 1038 Cebal.

459 1074 634 1144 (Vers.
670 1072 735 1126 Η
780 1075 958 1142 seqq.)
998 1093 1016 1124 ι
1060 1073 1123 1127 Εῑ
1152 1073 1285 1126 dixit
1322 1070 1453 1127 Sion
1486 1090 1500 1125 :
1538 1070 1835 1140 Dereliquit
1879 1085 1987 1125 me!

391 1166 674 1229 Dominus,
720 1175 775 1219 et
829 1165 1087 1220 Dominus
1133 1166 1335 1220 oblitus
1381 1175 1465 1219 est
1514 1165 1645 1220 mei.
1698 1162 1972 1236 Numquid

390 1259 638 1314 oblivisci
671 1268 849 1327 potest
901 1259 1094 1313 mulier
1124 1258 1386 1311 infantem
1418 1274 1600 1323 suum,
1638 1270 1694 1313 ut
1730 1274 1837 1313 non
1869 1260 1975 1313 mi-

393 1360 644 1407 sereatur
674 1350 784 1405 lilio
816 1352 954 1405 uteri
989 1351 1111 1405 sui?
1154 1351 1222 1405 Et
1252 1352 1293 1406 si
1340 1352 1428 1405 illa
1456 1351 1622 1407 oblita
1660 1353 1844 1417 fuerit,
1872 1368 1971 1424 ego

394 1443 583 1517 [Vulg.
628 1444 777 1507 addit
827 1443 1032 1516 tamen]
1079 1460 1185 1498 non
1233 1445 1523 1500 obliviscar
1579 1447 1675 1499 tui.
1727 1446 1868 1501 Ecce
1915 1448 1968 1501 in

394 1539 651 1593 manibus
690 1538 820 1591 meis
849 1536 1110 1604 descripsi
1147 1548 1240 1591 te:
1272 1537 1410 1590 muri
1447 1537 1522 1590 tui
1571 1550 1754 1590 coram
1800 1536 1988 1591 oculis-

398 1631 533 1685 meis
583 1645 812 1697 semper.
862 1627 1140 1684 Venerunt
1188 1640 1489 1683 structores
1527 1629 1601 1682 tui
1650 1647 1663 1684 :
1709 1641 1764 1684 et
1798 1629 1889 1699 qui
1921 1638 1974 1685 te

391 1722 775 1778 destruxerant
808 1731 863 1777 et
890 1720 1307 1790 dissipaverunt,
1356 1722 1580 1776 exibunt
1610 1723 1623 1753 ¹
1663 1737 1693 1776 a
1727 1730 1799 1776 te.
1819 1697 1972 1777 Levat
2002 1697 2049 1757 Β

400 1817 455 1868 in
489 1807 720 1869 circuiiu
750 1814 940 1871 oculos
975 1823 1114 1880 tuos,
1144 1824 1197 1868 et
1229 1816 1368 1877 vide,
1406 1830 1597 1868 omnes
1629 1816 1717 1869 isti
1751 1829 1974 1883 congre-

393 1910 500 1977 gati
533 1917 682 1971 sunt,
715 1916 983 1960 venerunt
1014 1907 1134 1959 tibi.
1166 1906 1301 1960 Vivo
1352 1920 1473 1977 ego,
1516 1907 1647 1962 dicit
1691 1905 1973 1972 Dominus,

393 1998 522 2065 quia
563 1997 820 2051 omnibus
866 1997 953 2051 his
1003 1997 1148 2051 velut
1200 2007 1528 2053 ornamento
1578 1997 1872 2062 vestieris,
1923 2006 1979 2054 et

397 2090 757 2144 circumdabis
784 2090 878 2144 tibi
911 2103 1004 2145 eos
1036 2090 1189 2159 quasi
1225 2104 1449 2160 sponsa,
1469 2091 1597 2160 quia
1621 2091 1835 2146 deserta
1862 2103 1977 2158 tua,

394 2191 449 2237 et
484 2182 809 2237 solitudines
842 2190 969 2247 tute,
1000 2191 1057 2236 et
1090 2190 1234 2236 terra
1269 2182 1440 2237 ruina:
1470 2194 1579 2236 tua!
1624 2197 1771 2238 nunc
1804 2198 1979 2252 angu-

399 2287 484 2329 sta
530 2283 694 2329 erunt
741 2290 851 2343 prae
886 2275 1311 2338 habitatoribus,
1342 2284 1397 2329 et
1443 2274 1602 2342 longe
1647 2275 1980 2346 fugabnntur

361 2428 370 2432 _
398 2369 491 2437 qui
524 2368 891 2423 absorbebant
936 2375 1007 2421 te.
1041 2367 1234 2422 Adhuc
1279 2367 1469 2421 dicent
1499 2367 1552 2421 in
1594 2368 1818 2423 auribus
1848 2368 1976 2435 tuis,

401 2460 496 2514 lilii
532 2453 663 2531 [AL‘
695 2456 841 2530 tiliis]
893 2458 1194 2514 sterilitatis
1232 2469 1336 2514 tua:
1366 2478 1380 2514 :
1412 2463 1689 2530 Angustus
1721 2471 1805 2515 est
1847 2461 1976 2514 mihi

396 2552 570 2620 locus,
610 2553 695 2607 fac
724 2556 981 2622 spatium
1018 2553 1173 2621 mihi,
1212 2564 1283 2607 ut
1316 2554 1577 2608 habitem.
1630 2553 1693 2608 Et
1741 2552 1888 2608 dices
1924 2553 1977 2607 in

397 2647 562 2701 corde
596 2657 695 2700 tuo
724 2663 740 2703 :
772 2645 907 2711 Quis
935 2646 1125 2715 genuit
1162 2645 1293 2699 mihi
1326 2646 1502 2701 istos?
1531 2644 1640 2715 Ego
1687 2643 1892 2699 sterilis
1924 2651 1980 2697 et

397 2754 503 2793 non
541 2741 778 2807 pariens,
813 2738 1193 2807 transmigrata
1231 2747 1285 2793 et
1315 2740 1569 2807 captiva:
1598 2746 1651 2791 et
1683 2737 1814 2791 istos
1856 2736 1981 2805 quis

396 2831 688 2887 enutrivit?
737 2829 849 2900 Ego
896 2829 1153 2884 destituta
1196 2839 1252 2885 et
1294 2830 1405 2884 sola
1438 2846 1453 2883 :
1484 2838 1536 2885 et
1568 2826 1733 2900 569
1763 2829 1851 2883 isti
1886 2828 1977 2882 ubi

401 2922 493 2978 hic
532 2926 552 2955 ι
580 2924 778 2977 erant?
820 2941 836 2972 ι
875 2921 1018 2976 Lxx
1053 2944 1066 2977 ε
1101 2940 1121 2974 ι
1162 2924 1304 2977 Dixit
1344 2904 1703 2977 autem~Siou
1731 2939 1747 2976 :
1775 2920 1981 2977 Dereli-

2073 996 2170 1034 nus
2219 989 2398 1049 portas
2447 977 2609 1043 Sion,
2667 995 2822 1045 super
2872 978 3050 1032 omnia
3090 972 3433 1030 tabernacula
3483 967 3654 1024 Iacob

2076 1070 2251 1142 (Psal.
2284 1086 2507 1135 Lxxxvt,
2540 1072 2615 1139 l).
2648 1069 2834 1139 Neque
2858 1072 3002 1124 enim
3033 1069 3383 1124 fundamenta
3412 1063 3658 1131 Judaica

2075 1165 2207 1220 Sion
2227 1204 2241 1228 .
2276 1168 2439 1234 quam
2491 1163 2738 1219 videmus
2780 1178 2903 1218 esse
2933 1167 3267 1218 destructam
3289 1201 3305 1222 ,
3336 1174 3367 1212 a
3417 1154 3657 1212 Domino

2074 1266 2203 1313 sunt
2236 1258 2453 1323 dilecta,
2493 1266 2587 1312 aut
2618 1255 2768 1329 quod
2799 1272 2828 1309 a
2864 1255 3096 1311 Domino
3126 1253 3385 1310 dilectum
3418 1258 3526 1315 est,
3562 1248 3659 1303 de-

2074 1350 2212 1405 strui
2249 1352 2441 1422 potuit.
2479 1350 2667 1406 Tertio
2698 1345 3328 1420 appellaturJerusalem
3361 1341 3658 1398 multitudo

2075 1443 2441 1513 Angelorum,
2511 1442 2988 1505 Dominationum,
3053 1447 3105 1495 et
3164 1437 3543 1496 Potestatum,
3601 1440 3659 1486 et

2075 1551 2236 1590 omne
2268 1535 2411 1603 quod
2447 1534 2500 1587 in
2550 1534 2641 1592 Dei
2692 1535 2998 1589 ministerio
3040 1532 3392 1587 constitutum
3442 1533 3551 1582 est.
3582 1524 3661 1578 De

2079 1638 2181 1694 qua
2206 1623 2508 1679 Jerusalem
2535 1623 2898 1693 etgApostolus
2927 1622 3288 1692 loquebatur:
3316 1618 3449 1685 Qui:
3479 1625 3660 1669 autem

2076 1730 2287 1769 sursum
2310 1724 2386 1768 est
2414 1712 2740 1781 Jerusalem,
2776 1715 2939 1769 libera
2968 1724 3066 1779 est,
3098 1728 3216 1784 qua
3239 1720 3314 1766 est
3346 1722 3515 1763 mater
3544 1726 3662 1761 om-

2078 1806 2223 1860 nium
2258 1816 2496 1861 nostrum
2532 1806 2737 1873 (Galat.
2780 1823 2853 1871 tv,
2884 1808 3000 1878 26).
3044 1806 3106 1861 Et
3135 1807 3188 1859 in
3220 1804 3328 1858 alio
3362 1804 3482 1856 loco
3510 1815 3523 1851 :
3556 1798 3662 1855 Sed

2077 1898 2372 1952 accessistis
2416 1897 2486 1950 ad
2534 1895 2663 1953 Sion
2708 1911 2954 1962 montem.
2986 1908 3037 1953 et
3067 1898 3333 1951 civitatem
3362 1894 3460 1948 Dei
3485 1893 3663 1948 visen-

2080 1991 2170 2056 tis,
2198 1990 2496 2045 Jerusalem
2526 1992 2779 2047 caelestem
2816 1994 3001 2063 (Hebr.
3049 2007 3145 2055 xu,
3176 1990 3289 2050 22).
3320 1988 3527 2056 Quarto
3562 2001 3661 2054 ap-

2080 2083 2310 2152 pellatur
2333 2082 2633 2141 Jerusalem
2663 2100 2825 2155 quam
2857 2083 3029 2140 Judaei
3071 2093 3127 2138 et
3164 2083 3334 2137 nostri
3361 2079 3662 2137 Judaizano

2082 2184 2190 2243 tes,
2243 2174 2408 2247 57o
2448 2178 2603 2247 juxta
2656 2177 3032 2249 Apocalypsim
3078 2176 3307 2233 Joannis
3333 2162 3497 2248 quam
3547 2187 3662 2231 non

2082 2268 2416 2338 intelligunt,
2472 2276 2666 2340 putant
2717 2284 2939 2327 auream
2988 2279 3153 2340 atque
3212 2281 3540 2336 gentmatam
3595 2272 3663 2325 de

2081 2358 2399 2415 cmicstibus
2421 2361 2725 2428 ponendam
2749 2361 2939 2430 (Apoc.
2960 2363 3101 2430 xxi).
3125 2363 3286 2432 cujus
3313 2364 3576 2417 terminos
3606 2376 3662 2418 et

2083 2451 2350 2506 infinitam
2404 2452 2747 2509 latitudinem
2791 2453 2959 2513 etiam
3009 2455 3064 2508 in
3113 2454 3413 2510 Ezechielis
3464 2456 3659 2509 ultima

2083 2556 2238 2614 parte
2282 2543 2594 2599 describi‘.
2630 2542 2761 2611 Quae
2794 2560 2918 2599 cum
2967 2546 3038 2601 its
3085 2560 3149 2601 se
3193 2545 3466 2613 habeant,
3514 2562 3663 2603 nunc

2081 2636 2394 2706 diligentius
2424 2638 2741 2692 intuendum
2782 2649 2888 2702 est.
2933 2655 3056 2709 quae
3100 2654 3170 2696 ex
3197 2650 3433 2707 quatuor
3458 2641 3665 2698 dixerit

2081 2727 2234 2792 Sion,
2268 2727 2557 2798 Dereliquit
2583 2746 2665 2786 me
2687 2729 2965 2795 Dominus,
2992 2743 3043 2787 et
3078 2732 3328 2789 Dominus
3354 2735 3549 2790 oblitus
3584 2746 3661 2791 est

2080 2821 2202 2875 mei.
2236 2817 2348 2875 Nec
2376 2821 2600 2877 dubium
2641 2832 2726 2878 est
2754 2825 2888 2894 quin
2929 2828 3278 2897 congregatio
3317 2839 3661 2895 sanctorum,

2080 2927 2203 2981 qua:
2235 2913 2384 2981 prior
2429 2913 2609 2970 fuerat
2655 2916 2706 2971 in
2737 2915 2960 2984 Judaeis,
2990 2928 3045 2975 et
3073 2934 3106 2975 a
3137 2919 3363 2977 Domino
3394 2921 3657 2978 derelicta

402 3016 519 3085 quit
570 3008 655 3068 me
701 3013 980 3080 Dominus,
1018 3022 1071 3068 et
1103 3014 1244 3068 Deus
1289 3015 1491 3070 oblitus
1531 3026 1614 3069 est
1647 3013 1771 3069 mel.
1806 3011 1977 3068 Num-
2005 3046 2050 3104 ο
2083 3012 2188 3067 εει.
2225 3004 2328 3060 isla
2358 3018 2771 3071 commemoret.
2802 3020 2857 3063 el
2882 3025 3015 3067 voce
3047 3012 3381 3082 lacrymabili
3414 3030 3661 3082 conque-

400 3107 531 3177 quid
562 3106 915 3161 obliviscetur
949 3105 1142 3160 mulier
1189 3105 1396 3174 parvuli
1431 3107 1538 3172 sui,
1586 3115 1644 3160 ut
1675 3120 1781 3161 non
1816 3106 1977 3162 mise-

402 3206 591 3251 reatur
618 3204 810 3266 partus
839 3198 977 3251 uteri
1010 3196 1130 3251 sui?
1154 3196 1247 3253 Sin
1279 3207 1461 3252 autem
1497 3206 1553 3253 et
1585 3200 1778 3254 horum
1810 3199 1979 3254 oblita

402 3288 570 3343 fuerit
602 3288 819 3354 mulier,
881 3290 974 3344 sed
1003 3304 1102 3360 ego
1127 3304 1238 3344 non
1269 3291 1567 3348 obliviscar
1592 3293 1692 3357 tui,
1719 3293 1849 3347 dicit
1879 3293 1982 3346 Do-

402 3381 609 3437 minus.
673 3379 812 3436 Erce
860 3397 1024 3452 super
1075 3398 1268 3437 manus
1324 3399 1472 3439 meas
1525 3385 1741 3455 depinxi
1797 3400 1982 3440 muros

404 3482 526 3529 tuos
557 3516 571 3540 ,
603 3484 657 3528 et
692 3489 877 3528 coram
927 3489 1014 3530 me
1056 3490 1114 3530 es
1146 3490 1381 3545 semper.
1411 3476 1640 3547 Citoque
1670 3479 1982 3535 tediticahe-

404 3567 504 3633 ris,-
530 3583 560 3622 a
592 3567 788 3637 quibus
820 3567 1094 3621 destructa
1129 3568 1310 3623 fueras
1338 3608 1353 3631 ,
1389 3578 1442 3622 et
1474 3570 1566 3639 qui
1602 3579 1652 3625 te
1681 3570 1984 3642 dissipave-

403 3670 548 3727 rant,
582 3660 934 3728 egredientur
977 3672 1041 3714 ex
1095 3671 1168 3715 te.
1217 3661 1359 3716 Leva
1412 3661 1464 3715 in
1515 3662 1749 3718 circuitu
1798 3664 1987 3721 oculos

407 3766 549 3818 tuos,
569 3759 641 3809 ἐς
659 3755 781 3809 vide
813 3793 830 3820 ,
855 3767 1044 3809 omnes
1072 3753 1161 3807 isti
1201 3754 1516 3824 congregati
1544 3761 1697 3820 sunt,
1723 3764 1988 3811 venerunt

405 3847 472 3901 ad
510 3855 581 3901 te.
618 3843 752 3900 Vivo
779 3860 903 3915 ego,
937 3845 1068 3900 dicit
1098 3844 1382 3910 Dominus,
1442 3847 1568 3916 quia
1598 3848 1856 3902 omnibus
1898 3848 1986 3903 his

406 3939 564 4009 quasi
612 3936 935 3994 drnamento
970 3937 1241 4001 vestieris,
1281 3946 1337 3992 et
1363 3937 1730 3993 circumdabis
1763 3936 1859 4019 tibi
1891 3951 1987 3993 eos

409 4031 566 4100 quasi
600 4030 797 4085 monile
826 4045 1038 4100 sponsae
1065 4046 1078 4097 ;
1108 4029 1368 4100 quoniam
1399 4029 1614 4086 deserta
1643 4038 1758 4095 tua,
1785 4040 1840 4084 et
1869 4045 1988 4099 qua

409 4122 694 4191 dissipata,
724 4128 787 4177 et
832 4137 956 4192 quat
1012 4131 1359 4178 corruerunt.
1412 4121 1571 4177 Nunc
1614 4120 1990 4191 angustaberis

410 4229 522 4285 prae
550 4214 969 4281 habitatoribus,
1003 4226 1060 4270 et
1083 4215 1242 4282 longe
1266 4214 1401 4269 ﬂent
1431 4230 1460 4267 a
1502 4223 1555 4269 te
1582 4212 1674 4284 qui
1709 4223 1762 4269 te
1808 4213 1990 4268 humi-

413 4305 698 4358 liaverant.
732 4303 928 4359 Dicent
948 4304 1102 4359 enim
1128 4306 1183 4359 in
1201 4305 1569 4369 auribus_tuis
1608 4305 1704 4360 lilii
1724 4307 1825 4371 tul,
1852 4320 1991 4376 quos

2085 3104 2236 3151 ratur
2271 3111 2333 3152 se
2362 3111 2485 3154 esse
2514 3099 2785 3155 desertam
2821 3108 2877 3156 et
2935 3102 3150 3158 Domini
3194 3104 3397 3161 auxilio
3425 3108 3663 3163 destitu-

2086 3196 2277 3244 tntam.
2311 3188 2407 3244 Cui
2441 3192 2720 3259 respondit
2749 3192 2917 3259 Deus,
2951 3196 3184 3253 naturali
3216 3205 3373 3252 utens
3402 3198 3663 3252 similitu-

2084 3278 2255 3333 dine:
2286 3278 2345 3334 Si
2404 3289 2586 3349 potest
2627 3282 2781 3346 ﬁeri,
2834 3293 2890 3338 ut
2942 3293 3119 3342 mater
3170 3288 3255 3341 sui
3301 3286 3664 3344 obliviscatur

2084 3369 2331 3436 infantis,
2365 3382 2421 3427 et
2454 3375 2520 3428 ad
2548 3384 2760 3442 partum
2789 3375 3060 3432 viscerum
3084 3391 3307 3433 suorum
3340 3394 3444 3433 non
3476 3378 3666 3435 ﬂecta-

2086 3468 2176 3514 tur
2215 3462 2620 3529 misericordia,
2672 3476 2728 3521 et
2777 3480 2877 3537 ego
2921 3468 3210 3527 obliviscar
3252 3472 3352 3526 tui.
3398 3470 3531 3529 Plus
3563 3472 3665 3527 ali.

2085 3553 2216 3623 quid
2243 3554 2422 3611 dicam
2473 3572 2490 3611 :
2524 3556 2641 3612 Etsi
2671 3558 2760 3612 illa
2805 3559 2971 3615 oblita
3000 3560 3185 3628 fuerit,
3217 3561 3441 3618 vincens
3466 3566 3665 3618 mentis

2086 3643 2288 3699 duritia
2333 3645 2455 3713 jura
2505 3659 2745 3712 naturae;
2814 3664 2916 3719 ego
2963 3658 3143 3707 tamen
3214 3668 3321 3710 non
3372 3655 3666 3711 obliviscar

2086 3745 2393 3789 creaturam
2433 3750 2629 3801 meam,
2660 3749 2716 3791 et
2774 3750 3088 3795 sanctorum
3122 3743 3334 3799 animas
3362 3759 3577 3813 semper
3609 3750 3661 3802 in

2088 3842 2212 3883 meo
2244 3829 2410 3884 corde
2446 3831 2711 3888 retinebo.
2748 3831 2899 3890 Scito
2923 3836 3068 3889 enim
3103 3846 3179 3904 tu,
3206 3853 3335 3908 qua:
3360 3848 3412 3895 te
3441 3841 3663 3911 penitus

2088 3920 2377 3979 arbitraris
2408 3922 2747 3992 derelictam,
2779 3925 2834 3980 in
2868 3927 3005 3982 meis
3033 3927 3361 3998 descriptam
3389 3946 3515 3987 esse
3549 3949 3665 3987 rna-

2089 4012 2250 4069 nibus
2280 4022 2444 4082 atque
2474 4016 2743 4084 depictam
2770 4054 2788 4080 .
2822 4027 2877 4073 et
2905 4033 3092 4076 muros
3120 4029 3244 4076 tuos
3275 4036 3460 4078 coram
3489 4026 3667 4082 oculis

2095 4105 2231 4161 meis
2275 4105 2479 4176 iugiter
2513 4122 2853 4177 permanere.
2883 4110 2963 4166 Ex
3006 4128 3116 4184 quo
3147 4116 3431 4184 discimus,
3466 4134 3673 4187 nequa-

2092 4211 2260 4266 quam
2291 4194 2592 4253 Jerusalem
2623 4198 2677 4254 in
2705 4198 3007 4259 Palaestina
3039 4205 3263 4272 regione
3295 4211 3671 4279 qua-rendam.

2095 4305 2216 4361 quae
2268 4293 2432 4348 totius
2488 4296 2782 4364 provinciis
2832 4296 3128 4357 deterrima
3180 4312 3296 4369 est,
3349 4314 3405 4363 et
3458 4310 3676 4365 saxosis

409 4394 1025 4464 perdidistizAngustus
1041 4396 1336 4452 miltilocns
1351 4405 1434 4451 est
1456 4413 1471 4451 :
1496 4394 1723 4452 facmihi
1746 4395 1921 4452 locum
1938 4406 1994 4449 ut
2022 4391 2073 4452 ι)
2102 4382 2212 4456 [M-
2245 4384 2453 4458 sami5]
2501 4388 2773 4443 ηιοηιίδυθ
2805 4402 3112 4461 asperam".
3149 4405 3205 4451 θι
3247 4400 3532 4467 penuriam
3574 4418 3676 4472 pa-

413 4486 673 4541 habitem.
688 4484 756 4541 Et
774 4487 919 4543 dices
936 4490 990 4541 in
1006 4488 1170 4543 corde
1189 4500 1281 4543 tuo
1297 4506 1311 4542 :
1326 4487 1461 4554 Quis
1479 4488 1662 4559 genuit
1675 4488 1803 4543 mihi
1824 4487 1994 4544 istos?

418 4580 529 4647 Ego
548 4589 726 4634 autem
762 4581 972 4649 absque
992 4579 1177 4636 liberis
1199 4589 1254 4635 et
1275 4581 1452 4645 vidua,
1471 4591 1527 4636 et
1556 4584 1691 4636 istos
1711 4581 1835 4650 quis
1858 4594 1995 4636 enu-

414 4672 565 4725 trivit
591 4671 722 4725 mihi
741 4669 893 4740 iEgo
911 4670 1169 4726 derelicta
1190 4688 1309 4727 sum
1331 4671 1468 4738 sola,
1487 4682 1541 4728 et
1562 4673 1648 4727 isti
1671 4673 1758 4727 ubi
1778 4672 1958 4727 erant?
1972 4691 1991 4724 ι

410 4762 713 4817 Jerusalem
747 4772 803 4817 et
821 4761 953 4816 Sion
985 4770 1222 4831 quatuor
1255 4762 1429 4818 modis
1464 4762 1516 4817 in
1539 4761 1836 4833 Seripturis
1868 4777 1997 4819 san-

417 4853 520 4907 ctis
541 4852 738 4907 debere
763 4852 1011 4921 intelligi,
1034 4866 1179 4921 saepe
1215 4855 1659 4907 memoravimus.
1685 4851 1823 4917 Uno,
1841 4853 1995 4921 juxta

419 4942 657 5009 Judaeos,
681 4959 843 5014 quam
876 4943 1080 5014 plangit
1107 4943 1366 4997 Dominus
1406 4943 1456 4996 in
1488 4940 1781 5014 Evangelia
1804 4940 1998 5001 :Jeru-

416 5040 606 5102 salem,
636 5037 959 5101 Jerusalem,
992 5051 1112 5108 qua:
1148 5035 1345 5091 occidis
1377 5035 1676 5105 prophetas,
1709 5046 1759 5090 et
1786 5036 1996 5106 lapides

494 5257 514 5290 ⁸
552 5254 737 5326 Vulg.,
768 5258 1091 5315 destruentes
1138 5270 1188 5315 te
1231 5271 1280 5315 et
1327 5260 1668 5329 dissiparim,
1716 5276 1751 5312 a
1802 5269 1852 5315 te
1883 5264 1998 5316 eai-

420 5331 569 5383 bunt.
950 5360 953 5365 ‹

493 5398 514 5430 ¹
556 5396 738 5468 Vulg.,
778 5398 862 5452 hic
898 5400 1324 5465 nonhabet,sed
1361 5401 1649 5455 Hebratum
1679 5406 1821 5460 nam
1853 5402 1997 5470 quod

419 5477 505 5524 est
555 5470 680 5532 ubi,
734 5470 781 5524 si
838 5480 922 5542 ut‘
950 5472 1056 5525 duo
1092 5474 1258 5526 verba
1304 5472 1451 5542 legas
1480 5487 1541 5537 e,
1565 5477 1627 5527 ’Ν
1660 5474 1757 5531 pho
1789 5479 1893 5538 ΠΣ),
1944 5480 1999 5525 et

423 5553 715 5611 utrumque
752 5539 1039 5611 signiﬁcat.

496 5608 684 5684 {Olim
735 5608 861 5684 erat
900 5612 1201 5681 descripsi:
1235 5613 1584 5684 quamobrem
1622 5610 1999 5668 Tillemonttus

424 5681 606 5735 addita
655 5683 770 5737 huc
812 5683 883 5738 ab
935 5681 1272 5757 Hieronymo
1315 5685 1572 5753 putavit,
1606 5700 1729 5739 cum
1761 5694 1883 5753 post
1928 5701 1995 5737 an

2099 4478 2233 4531 titur
2258 4476 2401 4542 sitis,
2436 4478 2512 4534 ita
2549 4488 2609 4534 ut
2642 4480 2961 4539 ctelestibus
2991 4495 3172 4541 utatur
3198 4488 3414 4560 pluviis,
3450 4501 3503 4549 et
3537 4495 3679 4551 rari-

2099 4577 2263 4623 tatem
2317 4567 2961 4631 fontiumclsternarnm
3008 4582 3383 4638 exstructione
3428 4586 3675 4654 soletur;

2097 4663 2193 4717 sed
2237 4665 2291 4717 in
2323 4661 2417 4717 Dei
2464 4665 2736 4734 manibus,
2785 4668 2853 4723 ad
2900 4685 3063 4738 quam
3096 4674 3332 4730 dicitur:
3365 4675 3676 4735 Festinass-

2097 4762 2221 4806 runt
2252 4762 2540 4810 structores
2578 4757 2679 4822 tui,
2730 4760 2847 4814 sive
2880 4761 3034 4831 juxta
3070 4762 3211 4822 LXX
3240 4783 3257 4822 :
3287 4767 3405 4823 Cito
3437 4771 3679 4842 cedi/ica-

2098 4844 2233 4899 beris
2263 4862 2295 4899 a
2330 4848 2518 4918 quibus
2548 4850 2818 4905 destructa
2852 4853 3055 4922 fueras.
3088 4858 3133 4911 Δ
3162 4857 3361 4915 Judais
3398 4862 3545 4917 enim
3580 4866 3680 4921 de-

2097 4944 2329 5029 structa,
2380 4954 2409 4990 a
2455 4939 2658 4995 Judaeis
2703 4944 2973 5001 tediticata
3020 4959 3130 5006 est.
3176 4950 3307 5018 Quae
3337 4958 3408 5010 ob
3456 4957 3673 5029 culpata

2100 5025 2416 5085 Scribarum
2457 5031 2963 5109 Pharisteorumque
3002 5042 3239 5111 deserta,
3286 5047 3355 5101 ad
3400 5025 3673 5118 pradica-

2102 5269 2232 5344 pum
2415 5257 2633 5344 expleto
2658 5259 2770 5344 jam
2794 5263 2849 5319 in
2871 5265 3225 5344 Ezecjtielem
3243 5268 3673 5344 Commentario,

2290 5342 2436 5414 opus
2461 5326 2617 5414 suum
2660 5326 2956 5414 relegerat.‘
2984 5336 3149 5414 Quod
3182 5342 3228 5414 si
3256 5326 3673 5414 tullius

2103 5406 2211 5482 tur,
2249 5401 2653 5482 rescribendum
2686 5417 2703 5458 :
2741 5401 3053 5482 (Ezechiel
3084 5410 3137 5482 in
3172 5410 3361 5467 ultima
3394 5401 3551 5482 parte
3575 5416 3675 5471 de-

2100 5467 2344 5538 scripsit.
2396 5487 2414 5520 ι
2445 5466 2601 5525 Nunc
2648 5474 2951 5533 restitutam
3004 5493 3033 5532 a
3086 5480 3339 5537 Martian.
3381 5466 3668 5541 lectionem

2103 5552 2236 5661 mis.
2252 5553 2485 5679 ‘qup’qtlte
2526 5544 2698 5598 nostri
2727 5548 3074 5615 conﬁrmant,
3108 5561 3165 5607 et
3194 5566 3395 5611 sensus
3423 5558 3671 5613 tectissi-

2200 5626 2224 5663 S
2293 5626 2350 5663 ΙἸ)
2391 5630 2417 5663 Et
2451 5648 2464 5661 .

2200 5626 2224 5663 S
2255 5626 2464 5663 Dl‘tlbal.
