3952 6180
223 337 331 402 489

743 335 1241 397 COMMENTAR.
1291 335 1366 396 ΙΝ
1409 335 1668 395 ΙΞΑΙΛΜ
1711 336 1793 394 Pll

1899 333 2176 397 ’llli'l‘tM
2222 337 2360 396 [ΑΒ.
2414 330 2582 397 Xill.
2624 335 2781 392 CAP.
2828 327 3045 392 XLIX.

3371 325 3476 397 490

221 451 423 504 tionem
451 445 836 516 Apostolorum
869 446 1073 501 Christi
1103 456 1426 516 congregata
1471 459 1554 500 est
1594 458 1701 501 tam
1734 449 1798 501 de
1824 449 1873 506 Α
1903 459 2000 512 ego
2031 445 2191 515 572
2229 446 2509 508 Dominus,
2543 459 2704 512 super
2751 459 2861 512 quo
2913 460 3016 496 non
3073 441 3481 496 coulundcntur
3513 477 3518 482 -

218 541 444 606 Judaris,
472 553 632 606 quam
666 537 734 592 de
765 537 1034 607 gentibus.
1069 538 1326 608 Sequitur
1358 555 1372 594 :
1411 537 1474 590 Et
1513 538 1605 605 qui
1635 549 1682 591 te
1710 539 1801 592 de-

217 646 528 691 struxerant
567 644 617 689 et
663 634 1071 704 dissipaverunt,
1101 630 1429 700 egrediantur
1453 646 1518 683 ea:
1547 640 1594 682 te
1623 645 1642 684 .-'
1667 629 1797 683 (loc-

221 739 368 784 tores
419 729 672 799 pessimi;
724 737 786 782 ut
833 740 1174 796 nequaquam
1227 725 1476 776 mandata
1527 733 1582 776 ct
1634 723 1800 776 tradi-

221 825 397 879 tiones
447 822 697 892 sequaris
748 821 1027 876 hominum
1071 819 1288 891 (Matth.
1333 819 1444 886 xv),
1481 818 1577 872 sed
1625 819 1796 887 legem

218 912 339 968 Dei;
389 912 704 981 Diciturque
740 912 804 966 ad
853 927 998 974 eam,
1049 920 1106 965 ut
1139 912 1312 965 elevet
1358 911 1547 964 oculos
1579 925 1708 963 suos
1741 911 1796 964 in

217 1005 476 1070 circuitu,
509 1013 562 1059 et
603 1004 785 1059 videat
829 1003 970 1058 ﬁlios
1013 1004 1103 1068 qui
1133 1003 1180 1056 ei
1213 1002 1426 1057 fuerant
1461 1002 1795 1069 congregati.

219 1095 293 1149 De
339 1097 537 1166 quibus
584 1104 640 1149 et
682 1095 946 1148 Dominus
995 1093 1363 1161 loquebatur:
1399 1092 1589 1146 Levate
1620 1094 1796 1146 oculos

215 1199 436 1253 vestros,
467 1200 515 1242 et
546 1191 714 1242 videte
741 1189 864 1256 quia
887 1188 1004 1256 jam
1043 1187 1179 1240 alba
1207 1196 1330 1240 sunt
1373 1197 1565 1254 segetes
1591 1187 1660 1238 ad
1689 1203 1800 1239 me-

216 1283 437 1334 tendum
485 1279 667 1348 (Joan.
709 1296 782 1344 tv,
833 1281 944 1344 55).
987 1279 1050 1334 Et
1096 1289 1148 1330 ut
1189 1293 1408 1333 securos
1447 1293 1542 1330 nos
1586 1279 1790 1332 iaciat:

227 1371 350 1426 Viro
373 1389 490 1442 ego,
520 1373 693 1439 inquit
727 1371 987 1427 Dominus
1015 1369 1183 1441 (quod
1226 1370 1380 1436 justa
1417 1379 1570 1424 vetus
1606 1369 1798 1423 Testa-

214 1474 482 1528 mentum,
515 1461 670 1532 571
704 1463 921 1532 jnrandi
969 1461 1170 1515 dicitur
1197 1461 1641 1530 consuetudine),
1670 1463 1796 1528 quia

213 1557 460 1608 erunibus
480 1556 560 1608 liis
585 1556 720 1609 velut
745 1565 1057 1608 ornamento
1080 1554 1339 1614 restieris.
1362 1562 1412 1606 et
1439 1555 1487 1606 ci
1495 1554 1796 1608 rcumdabis

215 1649 312 1700 tibi
344 1663 457 1711 eos,
489 1649 642 1717 quasi
688 1663 878 1713 sponsa
927 1646 1226 1700 circumdat
1267 1645 1462 1700 monile
1490 1647 1610 1700 sibi.
1649 1645 1800 1703 Felix

212 1743 301 1811 qui
353 1741 493 1794 tanti
533 1739 710 1794 meriti
744 1749 858 1803 est,
913 1748 1184 1808 tantaeque
1236 1740 1492 1801 virtutis.
1547 1749 1604 1796 ut
1635 1755 1797 1794 orna-

215 1842 464 1888 mentum
497 1833 712 1886 dicatur
740 1830 1018 1886 Ecclesire.
1054 1831 1188 1885 Puto
1221 1840 1398 1886 autem
1427 1831 1526 1885 has
1554 1831 1796 1886 diversas

212 1924 516 1994 signiﬁcari
547 1925 752 1993 gratias
781 1924 1111 1992 spiritualcs,
1159 1938 1256 1993 per
1290 1938 1426 1990 quas
1459 1937 1674 1992 sponsae
1707 1939 1796 1976 or-

213 2026 376 2070 natur
406 2014 656 2070 ambitio.
688 2015 762 2070 De
795 2029 900 2085 qua
951 2025 1006 2070 et
1050 2014 1102 2068 in
1148 2014 1572 2084 quadragesimo
1601 2025 1795 2081 quarto

213 2111 427 2178 psalmo
458 2110 716 2164 canitur:
749 2110 926 2164 Astitit
957 2112 1138 2178 regina
1173 2124 1206 2162 a
1245 2109 1446 2162 dextris
1479 2108 1583 2162 tuis
1617 2108 1671 2160 in
1703 2124 1790 2160 re-

212 2204 338 2256 stitu
362 2205 644 2264 deaurato.
669 2203 999 2256 circumdata
1031 2203 1282 2256 varietate
1307 2199 1476 2270 (Psal.
1504 2217 1648 2264 xuv,
1678 2201 1788 2267 10).

213 2292 344 2357 Qut
377 2292 524 2347 enim
554 2294 706 2360 prius
736 2292 948 2346 deserta
981 2291 1215 2353 fuerant,
1248 2302 1302 2344 et
1332 2291 1543 2360 dilapsa
1581 2292 1634 2344 in
1668 2292 1793 2346 soli-

215 2382 434 2437 tudines
479 2391 536 2437 et
583 2383 792 2446 ruinas,
846 2383 1169 2437 adveniente
1217 2381 1418 2437 Christi
1475 2381 1793 2452 Evangelio,

214 2474 667 2531 instaurabnntur
715 2483 770 2531 et
823 2482 1028 2530 tantam
1095 2473 1373 2529 habebunt
1424 2475 1792 2528 habitatorum

215 2566 643 2630 multitudinem,
677 2575 732 2618 nt
765 2581 860 2621 eos
887 2579 1084 2634 capere
1128 2582 1233 2618 non
1262 2565 1495 2633 possint.
1527 2566 1605 2620 lta
1639 2568 1796 2620 dum-

216 2666 386 2720 taxat,
423 2666 481 2712 ut
511 2667 890 2727 persecutores
943 2657 1196 2727 fugentur
1249 2657 1461 2725 procul,
1504 2658 1584 2711 vel
1634 2659 1685 2712 hi
1731 2659 1796 2713 de

212 2751 605 2817 quibussupra
639 2750 875 2803 diximus
905 2764 919 2802 :
957 2747 1058 2813 Qui
1086 2747 1425 2803 destruebant
1458 2759 1526 2812 te,
1559 2761 1608 2804 et
1640 2750 1798 2804 dissi-

210 2844 430 2908 pabant,
459 2841 676 2896 exibunt
714 2858 747 2894 a
779 2850 848 2895 te.
881 2840 1112 2910 Filiique
1159 2843 1466 2897 sterilitatis
1511 2852 1616 2898 tuae
1661 2857 1797 2912 quos

214 2935 446 3004 putabas
479 2943 533 2989 te
563 2935 780 3002 penitus
814 2934 1140 3004 perdidisse,
1173 2945 1229 2990 et
1274 2935 1380 2990 illis
1412 2935 1523 3007 [AL
1562 2937 1632 2991 ab
1662 2935 1795 3009 illis]

216 3036 267 3080 te
298 3041 423 3081 esse
457 3025 758 3090 viduatam,
795 3027 965 3080 dicent
996 3027 1063 3081 in,
1084 3028 1304 3082 auribus
1337 3029 1442 3082 tuis
1481 3043 1494 3058 ·
1523 3029 1795 3098 Angustus

1904 537 1996 606 qui
2030 546 2350 605 exspectant
2380 552 2529 591 eum.
2569 555 2587 588 ι
2627 534 2766 589 LXX
2797 553 2810 588 :
2851 553 2868 586 ι
2905 533 2997 588 Sic
3035 534 3174 588 dixit
3215 534 3480 589 Dominus

1903 629 2045 682 Deus
2077 646 2091 684 ξ
2124 628 2261 684 Ecce
2291 630 2446 684 elevo
2495 643 2663 700 super
2692 638 2880 700 gentes
2928 643 3146 682 manum
3201 641 3401 688 meam.
3427 637 3481 680 et

1900 736 2065 790 super
2100 721 2306 776 insulas
2353 721 2544 778 leVabo
2589 717 2800 790 signum
2850 736 3054 784 meum,
3103 729 3159 775 et
3213 719 3485 774 adducent

1904 813 2044 868 lilios
2073 821 2197 868 tuos
2227 815 2280 866 in
2309 816 2453 880 sinu,
2489 822 2544 869 et
2577 814 2718 869 tilias
2751 821 2871 868 tuas
2917 814 2972 868 in
3021 813 3264 868 humeris
3293 822 3484 880 porta-

1901 908 2053 962 bunt.
2083 909 2153 964 Et
2181 917 2343 964 erunt
2373 923 2530 979 rcges
2573 908 2795 962 nutricii
2845 907 2920 963 ttti
2956 946 2972 969 .
3005 916 3060 962 et
3095 907 3367 976 principes
3400 906 3483 960 le-

1903 1001 2062 1054 minae
2095 1001 2338 1056 nutrices
2372 1009 2477 1054 tuae
2508 1039 2526 1064 ,
2557 1015 2721 1070 super
2752 1000 2946 1055 faciem
2981 1010 3140 1055 terras
3177 999 3485 1054 adorabunt

1905 1100 1974 1150 te.
2020 1099 2074 1144 et
2123 1090 2403 1159 pulverem
2450 1090 2648 1159 pedum
2700 1099 2913 1145 tuorum
2951 1089 3190 1158 lingcnt;
3235 1098 3292 1143 et
3340 1089 3483 1143 scies

1902 1183 2027 1251 quia
2058 1198 2162 1252 ego
2191 1183 2473 1247 Dominus,
2495 1192 2548 1236 et
2579 1199 2684 1236 tton
2711 1182 3116 1238 confundantur
3138 1181 3230 1251 qui
3255 1197 3484 1250 exspec-

1905 1284 2018 1328 tant
2052 1290 2155 1330 me.
2197 1293 2215 1326 ι
2251 1275 2331 1329 Ad
2365 1276 2415 1329 id
2445 1277 2588 1344 quod
2619 1274 2859 1329 Ecclesia
2892 1276 3147 1330 dixerat:
3192 1274 3300 1343 Ego
3331 1275 3486 1328 steri-

1901 1367 1968 1420 lis
2003 1377 2162 1437 atque
2196 1370 2423 1436 captiva,
2454 1370 2584 1422 istos
2611 1369 2729 1438 quis
2755 1368 2936 1437 genuit
2981 1369 3150 1421 mihi?
3178 1367 3288 1438 Ego
3317 1369 3480 1422 desti-

1900 1469 2016 1513 tuta
2053 1474 2101 1514 et
2148 1463 2297 1527 sola,
2320 1471 2368 1516 et
2401 1463 2491 1516 isti
2521 1463 2611 1514 ubi
2636 1461 2721 1514 llic
2759 1462 2949 1516 erant?
2984 1463 3266 1530 respondit
3305 1461 3486 1514 Domi-
3517 1488 3520 1492 -

1901 1567 2046 1607 nus:
2085 1553 2300 1607 Miraris
2362 1569 2461 1608 cur
2527 1555 2627 1608 ista
2691 1556 2802 1608 sint
2881 1554 3065 1608 facta?
3129 1553 3482 1625 Nequaquam

1903 1644 2187 1698 miraberis
2217 1661 2340 1699 cum
2372 1645 2631 1710 audieris,
2662 1649 2788 1714 quia
2818 1661 2920 1714 ego
2949 1647 3014 1700 atl
3044 1657 3234 1716 gentes
3267 1647 3481 1702 letavc-

1902 1735 2004 1788 rim
2041 1752 2260 1791 manum
2312 1753 2512 1792 meam.
2549 1738 2624 1793 De
2655 1755 2760 1809 qua
2810 1750 2865 1794 et
2903 1742 3140 1796 Sanctus
3192 1741 3434 1812 loquitur
3468 1760 3483 1798 :

1901 1825 1974 1880 Tu
2009 1828 2256 1897 formasti
2299 1845 2402 1890 me.
2449 1841 2496 1885 et
2529 1831 2752 1898 posuisti
2786 1847 2942 1900 super
2973 1848 3056 1887 me
3087 1849 3300 1887 manum
3336 1846 3482 1888 tuam

1899 1917 2072 1985 (Prol.
2106 1935 2368 1985 csxxvnt,
2401 1921 2478 1990 5).
2514 1921 2582 1974 Et
2620 1924 2731 1990 ipse
2777 1921 3027 1979 Salvator
3055 1942 3070 1981 :
3102 1923 3272 1980 Nemo
3316 1938 3484 1992 potest

1899 2025 2088 2078 rapere
2129 2014 2191 2065 de
2224 2029 2384 2067 manu
2444 2014 2628 2069 Patris
2665 2019 2765 2071 mei
2798 2015 2982 2085 (Joan.
3017 2033 3074 2077 ι.
3105 2019 3223 2091 29).
3257 2021 3320 2074 Et
3355 2037 3485 2086 apo-

1901 2101 2074 2156 solus
2105 2103 2319 2164 Petrus.
2358 2104 2733 2162 llumiliamini
2764 2107 2860 2161 sub
2907 2110 3108 2176 potenti
3157 2127 3318 2164 manu
3365 2110 3483 2175 Dei,

1899 2203 1952 2244 ut
1990 2209 2080 2247 vos
2111 2194 2307 2248 exultet
2341 2197 2395 2249 in
2443 2205 2672 2267 tempore
2701 2200 3020 2255 uisitationis
3054 2199 3107 2269 (Ι
3143 2200 3282 2257 I’etr.
3321 2220 3372 2268 v,
3404 2205 3483 2271 6).

1899 2281 2006 2337 leta
2047 2301 2242 2342 manus
2276 2293 2341 2342 ad
2389 2301 2580 2360 gentes
2616 2291 2814 2356 levata,
2852 2292 2966 2361 ipsa
3013 2303 3096 2348 est
3131 2295 3197 2348 de
3241 2312 3346 2366 qua
3396 2298 3482 2350 hic

1899 2376 2040 2432 idem
2088 2382 2354 2450 propheta
2389 2381 2628 2452 loquitur
2657 2398 2671 2437 :
2723 2383 2841 2438 Erit
2888 2387 3045 2440 radis:
3072 2388 3242 2454 .lesse,
3277 2391 3367 2460 qui
3394 2407 3484 2445 ea:-

1897 2482 2095 2540 surget,
2147 2482 2203 2524 ut
2249 2474 2490 2543 princeps
2538 2476 2607 2528 sit
2659 2478 2894 2545 gentium
2924 2516 2940 2542 ,
2995 2479 3049 2532 in
3097 2481 3268 2548 ipsum
3307 2495 3483 2552 gentes

1897 2562 2182 2631 sperabunt
2215 2564 2348 2632 (Isa.
2388 2582 2462 2630 st,
2499 2567 2610 2637 l0).
2661 2567 2776 2623 Nec
2826 2571 2999 2624 solum
3050 2587 3268 2626 manum
3323 2589 3480 2628 suam

1901 2656 2100 2711 levabit
2127 2658 2194 2712 ad
2223 2668 2450 2727 gentes;
2485 2663 2577 2716 sed
2611 2673 2666 2716 et
2697 2663 2908 2732 signum
2948 2680 3102 2718 suum
3133 2667 3398 2723 exaltabit
3427 2671 3483 2726 in

1901 2749 2132 2818 populis.
2165 2749 2322 2805 Haud
2351 2751 2573 2806 dubium
2603 2754 2733 2824 qttin
2762 2755 3018 2810 vexillum
3049 2759 3250 2824 crucis,
3289 2769 3350 2814 ut
3378 2761 3479 2815 int-

1901 2844 2113 2910 pleatur
2160 2843 2292 2898 illud
2341 2847 2486 2914 quod
2541 2848 2801 2917 scriptum
2859 2859 2941 2905 est
2980 2868 2996 2908 :
3045 2850 3317 2909 Laudibus
3365 2858 3480 2924 eius

1897 2935 2052 3002 plena
2075 2945 2150 2990 est
2178 2946 2344 2993 terra.
2368 2939 2436 2994 Et
2463 2940 2659 2996 iterum
2687 2956 2701 2996 :
2740 2942 2806 2998 In
2836 2947 2980 2999 omni
3003 2956 3143 3001 terra
3168 2949 3483 3006 admirabile

1902 3040 2088 3079 nomen
2127 3027 2244 3096 ejus
2279 3027 2451 3098 (Psal.
2502 3046 2622 3098 vttt,
2654 3033 2734 3100 2).
2768 3032 2923 3090 Tunc‘
2964 3037 3194 3094 aﬂ‘crent
3225 3041 3278 3095 in
3313 3043 3479 3109 ulnis,

215 3119 344 3172 mihi
380 3129 457 3173 est
490 3118 634 3172 locus
682 3118 736 3172 in
786 3119 1107 3190 synagogis,
1160 3119 1246 3189 [ac
1293 3119 1421 3172 mihi
1464 3121 1691 3188 spatium
1745 3122 1795 3174 in
1828 3131 1870 3189 ρ
1903 3117 2020 3169 sive
2064 3117 2115 3170 in
2164 3119 2285 3170 sinu
2323 3120 2460 3178 tilios
2498 3122 2651 3186 Sion,
2683 3132 2739 3178 et
2777 3125 2916 3181 tilias
2951 3128 3073 3196 ejus
3107 3133 3399 3198 portabunt
3429 3136 3480 3188 in

213 3211 495 3278 Ecclesiis,
522 3221 578 3265 ut
605 3211 834 3266 habitem
869 3211 1049 3278 latius,
1089 3220 1148 3266 ut
1180 3227 1282 3265 non
1318 3212 1649 3280 comprimar
1675 3212 1790 3268 bla-

212 3306 478 3375 Sphemiis
512 3303 850 3368 indecorum,
896 3313 953 3359 ut
1003 3315 1172 3359 totum
1205 3303 1390 3359 orbem
1435 3313 1522 3357 tua
1578 3319 1790 3359 mecum

210 3401 393 3468 rapiat
443 3399 691 3453 latitudo.
742 3397 822 3453 Tu
875 3407 1053 3453 autem
1108 3395 1308 3452 laetitia:
1363 3397 1790 3466 magnitudinem

213 3510 319 3548 non
350 3493 536 3547 valens
566 3507 660 3547 ore
691 3493 954 3561 proferre,
988 3490 1039 3544 in
1071 3499 1163 3544 tuo
1199 3491 1362 3544 corde
1396 3490 1557 3543 tacita
1586 3491 1793 3558 cogita-

212 3587 316 3649 bis,
362 3594 419 3638 et
469 3585 667 3639 dices:
721 3583 850 3650 Quis
897 3583 1023 3636 mihi
1063 3587 1188 3637 istos
1234 3583 1454 3652 genuit?
1488 3583 1598 3652 Ego
1641 3599 1789 3637 cram

211 3679 416 3733 smilis
446 3688 502 3732 et
532 3677 717 3740 vidua,
746 3676 962 3730 deserta
1011 3683 1180 3744 atque
1229 3675 1441 3744 captiva
1492 3675 1548 3728 in
1594 3675 1792 3744 populo

211 3769 541 3834 intimorum,
576 3767 718 3823 ﬁlios
764 3768 964 3822 habere
1008 3767 1300 3827 desieram.
1349 3767 1517 3822 multo
1551 3776 1793 3836 tempore

213 3878 319 3916 nun
367 3875 708 3932 pepereram.
758 3859 890 3915 Post
941 3860 1198 3929 Aggazum
1253 3867 1308 3913 et
1358 3859 1681 3914 Zachariam
1737 3871 1792 3915 et

214 3953 557 4016 Malacltiam,
593 3952 768 4007 nullos
796 3952 931 4006 alios
973 3950 1274 4021 Prophetas
1305 3966 1478 4020 usque
1507 3951 1576 4006 ad
1619 3952 1790 4008 Joan-

213 4062 334 4101 nem
371 4046 668 4116 Baptistam
705 4047 981 4111 videram;
1016 4055 1069 4100 et
1100 4045 1373 4114 quomodo
1412 4061 1531 4114 qua:
1580 4045 1788 4102 fueram

214 4139 347 4204 sola,
383 4149 440 4193 et
482 4139 583 4193 viri
632 4139 832 4194 auxilio
862 4139 1145 4204 destituta,
1178 4148 1356 4194 tantos
1409 4140 1546 4194 lilios
1591 4140 1791 4196 habere

214 4251 356 4290 nunc
405 4236 583 4302 θαιριῖ
636 4234 704 4290 Ut
751 4243 931 4290 autem
982 4236 1221 4291 sciamus
1265 4250 1432 4306 super
1477 4245 1680 4304 petram
1733 4249 1791 4294 et

218 4327 625 4383 fundamentum
667 4326 871 4383 Christi
903 4341 968 4382 ex
1014 4336 1245 4396 utroque
1294 4327 1490 4398 populo
1533 4328 1786 4383 aediﬁcari

216 4421 368 4487 Sion,
397 4421 469 4474 ad
490 4421 774 4475 credentes
798 4419 998 4474 Paulus
1019 4419 1261 4489 loquitur
1283 4435 1298 4472 :
1323 4418 1607 4488 ZEdilicati
1631 4435 1789 4489 super

214 4515 622 4583 fundamentum
685 4517 1046 4583 apostolorum
1119 4523 1168 4566 et
1240 4499 1630 4582 prophetarum
1677 4514 1790 4581 ipso

213 4624 418 4662 summo
471 4607 649 4676 lapide
700 4605 982 4675 angulari,
1043 4606 1133 4675 qui
1200 4614 1278 4658 est
1329 4603 1489 4659 Jesus
1549 4606 1790 4660 Christus

218 4700 431 4769 (Epltes.
467 4715 530 4761 tt.
555 4700 674 4768 20).
710 4698 782 4752 lix
815 4712 922 4766 quo
951 4697 1296 4766 perspicuum
1335 4706 1438 4761 est,
1477 4713 1642 4750 unum
1672 4713 1792 4752 esse

216 4794 624 4847 lutulatnentum
657 4793 1026 4859 apostolorum
1073 4799 1128 4844 et
1173 4791 1585 4860 prophetarum,
1614 4789 1792 4844 Domi-

218 4901 340 4938 num
385 4895 628 4938 nostrum
661 4883 846 4936 Jesum
881 4881 1184 4937 Christum.

287 4975 468 5042 (Vers.
499 4973 590 5038 22,
621 4973 738 5038 25.)
771 4991 787 5022 t
826 4970 951 5026 Haec
981 4970 1113 5024 dicit
1148 4969 1410 5024 Dominus
1440 4967 1585 5022 Deus
1614 4988 1626 5023 :
1654 4967 1791 5022 Ecce

217 5067 330 5121 lev‘o
363 5064 552 5138 |Vulg.
586 5062 794 5134 levabo}
828 5063 892 5115 ad
924 5075 1109 5130 gentes
1157 5076 1374 5113 manum
1412 5075 1610 5123 meam,
1633 5070 1688 5113 ct
1723 5062 1788 5113 ad
1825 5069 1828 5082 ³

217 5159 447 5227 populos
477 5156 729 5209 esaltabo
758 5155 969 5222 signum
1022 5169 1200 5206 tneum
1235 5170 1248 5206 :
1283 5163 1337 5206 et
1371 5151 1602 5228 aﬂ‘erent
1653 5152 1789 5206 lilios

219 5261 336 5304 tuos
385 5250 439 5302 in
487 5247 650 5309 ulnis,
681 5256 733 5300 et
769 5247 906 5300 tilias
949 5255 1069 5298 tuas
1107 5259 1268 5313 super
1311 5246 1568 5298 humeros
1601 5253 1787 5313 porta-

219 5342 367 5394 bunt.
395 5337 464 5392 Et
491 5349 654 5393 erunt
686 5353 840 5406 reges
869 5335 1088 5390 nutricii
1117 5337 1219 5400 ttti,
1247 5344 1300 5390 ct
1329 5336 1525 5404 regina:
1547 5335 1788 5390 nutrices

222 5441 343 5486 tute.
375 5431 536 5485 Vultu
573 5432 624 5482 in
653 5443 852 5483 terram
882 5427 1121 5482 demisso
1149 5427 1454 5482 adorabunt
1493 5436 1564 5491 te,
1593 5438 1647 5480 et
1672 5430 1787 5496 pul-

224 5537 399 5576 verem
465 5522 659 5592 pedum
747 5530 958 5572 tuorum
1023 5519 1222 5586 lingcnt
1272 5535 1287 5571 :
1349 5527 1403 5572 et
1461 5519 1603 5572 Scies
1661 5519 1786 5588 quia

292 5725 307 5753 '
332 5727 501 5778 Antea
525 5734 781 5791 corrupte
813 5733 951 5785 erat,
1017 5737 1048 5773 a
1089 5721 1190 5773 Deo
1239 5729 1326 5773 tuo
1361 5734 1457 5790 pro
1491 5727 1548 5771 tu
1586 5735 1601 5774 ;
1639 5718 1784 5789 quod

225 5807 358 5870 Iuss.
393 5791 686 5866 prmiserunt
716 5807 768 5846 et
793 5792 1012 5844 Graecus
1051 5803 1248 5846 textus.

554 5892 593 5951 Ρ
608 5903 825 5950 tTtwL.
856 5869 990 5947 ΧΧι
1004 5884 1073 5946 ν.

1903 3206 2171 3264 humeris.
2201 3208 2386 3275 Qualis
2429 3213 2529 3268 luit
2560 3224 2609 3268 et
2648 3215 2909 3283 Lazarus,
2956 3235 3257 3291 omnesque
3302 3230 3480 3283 sancti

1901 3299 1993 3366 qui
2032 3301 2383 3368 requiescunt
2436 3304 2490 3357 in
2546 3306 2670 3360 sinu
2701 3308 2935 3364 Abrahte
2985 3312 3156 3382 (Luc.
3217 3320 3378 3387 xvt),
3428 3335 3479 3376 et

1902 3389 2096 3442 animae
2118 3391 2479 3458 credentium,
2505 3397 2570 3450 ad
2599 3413 2735 3465 quas
2759 3398 2959 3456 Paulus
2983 3403 3272 3472 Apostolus
3297 3410 3483 3479 loque-

1901 3480 2061 3535 batur
2088 3520 2101 3543 ,
2133 3481 2294 3538 Lacte
2328 3503 2412 3540 vos
2453 3491 2632 3557 potavi
2661 3489 2714 3559 (1
2761 3492 2887 3547 Cor.
2940 3510 3018 3560 ιιι,
3063 3497 3141 3564 2).
3192 3499 3258 3553 Et
3301 3504 3477 3561 alibi:

1901 3571 2080 3627 Filioli
2111 3577 2232 3642 mei,
2261 3594 2389 3646 quos
2417 3582 2605 3636 iterum
2630 3599 2896 3653 purturto,
2916 3593 3078 3646 donec
3108 3595 3346 3653 Christus
3363 3598 3478 3667 for-

1902 3675 2072 3717 metur
2099 3669 2153 3720 in
2198 3671 2338 3723 vobis
2381 3672 2604 3742 (Colat.
2659 3693 2734 3742 tv,
2789 3681 2897 3749 19).
2950 3685 3014 3736 Et
3062 3686 3113 3739 itt
3159 3687 3265 3740 alio
3316 3690 3475 3749 loco:

1902 3755 2069 3822 Quasi
2096 3761 2280 3814 nutrix
2313 3763 2484 3831 foveat
2511 3766 2650 3833 ﬁlios
2679 3785 2804 3825 suos
2829 3788 2848 3826 :
2881 3775 2958 3828 sic
2984 3775 3339 3834 desiderantes
3366 3799 3472 3842 vos.

1899 3849 2136 3917 cupimus
2167 3854 2438 3919 impartire
2469 3859 2608 3912 vobis
2638 3877 2740 3916 non
2767 3864 2934 3918 solum
2957 3866 3299 3940 Et'angelittm
3317 3875 3472 3931 Citri-

1899 3943 1988 4006 sti,
2019 3944 2109 3996 sed
2143 3953 2192 3997 et
2227 3948 2435 4004 animos
2494 3963 2705 4007 nostras
2733 3954 2783 4022 (I
2820 3955 2999 4013 Thess.
3033 3977 3093 4024 ιι,
3126 3965 3177 4029 7,
3215 3965 3290 4035 8).
3324 3967 3472 4023 Alio-

1899 4035 2030 4104 quin
2059 4036 2346 4094 ridiculum
2376 4051 2459 4098 est
2487 4060 2635 4100 more
2659 4047 2887 4107 Judaico
2913 4056 3225 4122 grandaevos
3257 4060 3392 4115 lilios
3419 4075 3473 4117 et

1899 4125 2040 4182 ﬁlias
2093 4129 2148 4183 in
2199 4129 2345 4186 ulnis
2386 4133 2735 4207 humerisque
2783 4146 3008 4210 portari.
3067 4145 3239 4220 Reges
3289 4162 3469 4207 autem

1899 4221 2144 4287 nutricii,
2193 4232 2248 4276 et
2295 4226 2495 4296 regina:
2546 4231 2924 4302 principesque
2979 4241 3241 4305 nutrices,
3301 4247 3474 4300 mani-

1898 4314 2035 4370 feste
2079 4315 2366 4385 Apostolus
2417 4331 2472 4376 et
2515 4325 2862 4394 Apostolicos
2912 4333 3205 4391 ostendunt
3255 4339 3404 4393 viros
3451 4382 3468 4405 ,

1898 4407 2072 4474 qualis
2105 4406 2208 4462 fuit
2239 4420 2294 4464 et
2325 4412 2622 4478 Abraham.
2661 4419 2726 4472 ad
2779 4434 2938 4489 quem
2989 4424 3193 4480 dicitur
3228 4445 3242 4485 :
3291 4430 3405 4486 Rex
3438 4451 3470 4487 τι

1825 4497 1868 4551 D
1905 4497 2009 4552 Deo
2045 4509 2102 4553 tu
2137 4502 2152 4532 ¹
2184 4501 2237 4554 in
2269 4503 2420 4557 nobis
2445 4521 2499 4559 es
2525 4505 2676 4575 (Gen.
2713 4525 2870 4578 χχιιι,
2901 4513 2994 4585 6);
3034 4524 3087 4570 et
3119 4533 3350 4588 quorum
3376 4541 3474 4578 cor

1898 4589 1952 4642 in
2005 4607 2166 4644 manu
2205 4593 2292 4647 Dei
2342 4603 2426 4649 est
2455 4595 2638 4665 (Prov.
2671 4601 2784 4672 ut)
2812 4642 2828 4668 ,
2857 4607 2948 4674 qtti
2979 4608 3168 4665 dicunt
3195 4615 3470 4670 credenti-

1895 4683 1996 4737 bus
2026 4722 2042 4747 ,
2073 4685 2244 4749 Quasi
2274 4690 2427 4742 ntodo
2460 4693 2575 4744 nati
2605 4697 2841 4761 parvuli,
2871 4700 3231 4770 rationabiles,
3267 4717 3315 4758 et
3347 4708 3469 4761 abs-

1891 4789 1990 4840 que
2039 4776 2161 4828 dolo
2211 4778 2294 4831 lac
2345 4781 2642 4837 desiderate
2688 4784 2742 4854 (I
2789 4786 2935 4843 Petr.
2975 4805 3050 4856 ιι,
3099 4793 3176 4857 2).
3211 4795 3469 4865 Princeps

1893 4880 2130 4935 quoque,
2168 4869 2219 4923 id
2270 4880 2374 4935 est,
2422 4871 2687 4944 ἄρχουσα,
2720 4881 2862 4945 quod
2895 4879 3044 4934 Sane
3077 4881 3237 4954 573
3269 4901 3468 4942 nomen

1894 4968 2054 5012 sonat
2079 4997 2094 5022 ,
2124 4971 2174 5014 et
2209 4963 2430 5030 reginis,
2462 4967 2576 5021 sive
2607 4970 2814 5038 regina,
2846 4973 2912 5026 de
2940 4988 3045 5041 qua
3081 4977 3132 5028 in
3169 4979 3468 5050 quadrage-

1895 5054 2032 5108 simo
2061 5067 2257 5123 quarto
2297 5061 2505 5127 psalmo
2548 5062 2762 5116 canitur
2793 5102 2808 5128 ,
2841 5064 3028 5118 Astitit
3059 5067 3239 5137 regina
3275 5086 3306 5122 a
3340 5072 3471 5126 des:-

1895 5149 1990 5201 tris
2019 5151 2122 5202 tuis
2154 5151 2205 5202 in
2242 5154 2427 5207 uestitu
2463 5155 2742 5222 deaurato,
2773 5158 3014 5225 quotidie
3047 5158 3252 5215 Christi
3296 5170 3470 5220 nutrit

1895 5243 2172 5307 parvulos,
2201 5254 2256 5298 et
2285 5247 2348 5299 ad
2381 5247 2675 5314 perfectam
2711 5249 2859 5304 ducit
2891 5257 3108 5306 aetatem
3136 5291 3153 5318 ,
3181 5258 3469 5327 omnisque

1893 5343 2047 5398 atlas,
2090 5350 2278 5399 sexus,
2307 5351 2360 5391 et
2390 5339 2646 5408 dignitas,
2679 5342 2985 5396 adorabunt
3012 5345 3032 5375 ¹
3063 5345 3192 5399 Sion
3245 5361 3468 5418 propter

1892 5440 2015 5479 eum
2040 5427 2131 5495 qui
2159 5429 2363 5483 habitat
2388 5430 2442 5484 in
2469 5445 2551 5484 ea.
2585 5433 2642 5486 Si
2670 5433 2813 5488 enim
2841 5446 3003 5503 caput
3030 5434 3286 5498 Ecclesia:
3309 5439 3469 5493 Chri-

1894 5529 2008 5572 stus
2037 5529 2141 5586 est,
2179 5531 2340 5589 caput
2374 5523 2628 5578 aduratur
2654 5525 2706 5578 in
2741 5541 2989 5596 corpore.
3023 5527 3089 5582 Et
3123 5530 3168 5584 si
3202 5533 3267 5584 ad
3299 5546 3466 5600 quos-

1968 5725 1986 5755 ²
2019 5721 2172 5779 Unus
2201 5723 2568 5787 Ambrosian..
2602 5729 2871 5783 intrabunt
2893 5745 2990 5800 pro
3006 5729 3326 5785 adorabunt.

3000 5883 3069 5946 16

2063 5968 2156 5975 __._,
2308 5963 2386 5972 ,υς-
