  <div class='ocr_page' id='page_1' title='image "/cluster/home/n/w/nwhite01/storage/ocr_20150623/24/hvd.32044096580485/251.png"; bbox 0 0 3856 6172; ppageno 0'>
   <div class='ocr_carea' id='block_1_1' title="bbox 435 377 536 444">
    <p class='ocr_par' dir='ltr' id='par_1_1' title="bbox 435 377 536 444">
     <span class='ocr_line' id='line_1_1' title="bbox 435 377 536 444; baseline 0 -2"><span class='ocrx_word' id='word_1_1' title='bbox 435 377 536 444; x_wconf 72' lang='grc'><strong>491</strong></span> 
     </span>
    </p>
   </div>
   <div class='ocr_carea' id='block_1_2' title="bbox 1623 367 2527 430">
    <p class='ocr_par' dir='ltr' id='par_1_2' title="bbox 1623 367 2527 430">
     <span class='ocr_line' id='line_1_2' title="bbox 1623 367 2527 430; baseline -0.004 -2"><span class='ocrx_word' id='word_1_2' title='bbox 1623 371 1680 430; x_wconf 84' lang='grc'><strong>8.</strong></span> <span class='ocrx_word' id='word_1_3' title='bbox 1728 368 2035 429; x_wconf 81' lang='lat' dir='ltr'><strong>EUSEBII</strong></span> <span class='ocrx_word' id='word_1_4' title='bbox 2083 367 2527 427; x_wconf 56' lang='lat' dir='ltr'><strong>IIIERONYNII</strong></span> 
     </span>
    </p>
   </div>
   <div class='ocr_carea' id='block_1_3' title="bbox 3597 344 3693 410">
    <p class='ocr_par' dir='ltr' id='par_1_3' title="bbox 3597 344 3693 410">
     <span class='ocr_line' id='line_1_3' title="bbox 3597 344 3693 410; baseline -0.021 0"><span class='ocrx_word' id='word_1_5' title='bbox 3597 344 3693 410; x_wconf 62' lang='grc'><strong>4⁸³2</strong></span> 
     </span>
    </p>
   </div>
   <div class='ocr_carea' id='block_1_4' title="bbox 438 464 3696 551">
    <p class='ocr_par' dir='ltr' id='par_1_4' title="bbox 438 464 3696 551">
     <span class='ocr_line' id='line_1_4' title="bbox 438 464 3696 551; baseline -0.014 0"><span class='ocrx_word' id='word_1_6' title='bbox 438 497 563 551; x_wconf 85' lang='lat' dir='ltr'><strong>dam</strong></span> <span class='ocrx_word' id='word_1_7' title='bbox 598 492 795 549; x_wconf 86' lang='lat' dir='ltr'><strong>dicitur</strong></span> <span class='ocrx_word' id='word_1_8' title='bbox 852 505 867 544; x_wconf 76' lang='grc' dir='ltr'><strong><em>τ</em></strong></span> <span class='ocrx_word' id='word_1_9' title='bbox 915 487 1164 543; x_wconf 65' lang='lat' dir='ltr'><strong>Exultat:</strong></span> <span class='ocrx_word' id='word_1_10' title='bbox 1210 486 1490 540; x_wconf 80' lang='lat' dir='ltr'><strong>Dominum</strong></span> <span class='ocrx_word' id='word_1_11' title='bbox 1542 483 1706 538; x_wconf 81' lang='lat' dir='ltr'><strong>Deum</strong></span> <span class='ocrx_word' id='word_1_12' title='bbox 1757 493 2014 544; x_wconf 80' lang='lat' dir='ltr'><strong>nostrum,</strong></span> <span class='ocrx_word' id='word_1_13' title='bbox 2051 493 2089 542; x_wconf 71' lang='grc' dir='ltr'><strong>Α</strong></span> <span class='ocrx_word' id='word_1_14' title='bbox 2123 481 2268 535; x_wconf 81' lang='lat' dir='ltr'><strong>illius</strong></span> <span class='ocrx_word' id='word_1_15' title='bbox 2295 479 2600 547; x_wconf 75' lang='lat' dir='ltr'><strong>suppelch</strong></span> <span class='ocrx_word' id='word_1_16' title='bbox 2637 475 3002 542; x_wconf 67' lang='lat' dir='ltr'><strong>universaque</strong></span> <span class='ocrx_word' id='word_1_17' title='bbox 3043 467 3247 522; x_wconf 79' lang='lat' dir='ltr'><strong>lamilia</strong></span> <span class='ocrx_word' id='word_1_18' title='bbox 3287 465 3309 498; x_wconf 83' lang='lat'><strong>&#39;</strong></span> <span class='ocrx_word' id='word_1_19' title='bbox 3333 464 3598 533; x_wconf 68' lang='lat' dir='ltr'><strong>apostolis</strong></span> <span class='ocrx_word' id='word_1_20' title='bbox 3619 465 3696 515; x_wconf 73' lang='lat' dir='ltr'><strong>di.</strong></span> 
     </span>
    </p>
   </div>
   <div class='ocr_carea' id='block_1_5' title="bbox 439 573 2017 648">
    <p class='ocr_par' dir='ltr' id='par_1_5' title="bbox 439 573 2017 648">
     <span class='ocr_line' id='line_1_5' title="bbox 439 573 2017 648; baseline -0.013 -6"><span class='ocrx_word' id='word_1_21' title='bbox 439 599 487 642; x_wconf 84' lang='lat' dir='ltr'><strong>et</strong></span> <span class='ocrx_word' id='word_1_22' title='bbox 513 587 733 642; x_wconf 74' lang='lat' dir='ltr'><strong>adorate</strong></span> <span class='ocrx_word' id='word_1_23' title='bbox 758 584 1040 638; x_wconf 77' lang='lat' dir='ltr'><strong>scabellum</strong></span> <span class='ocrx_word' id='word_1_24' title='bbox 1069 579 1262 648; x_wconf 85' lang='lat' dir='ltr'><strong>pedum</strong></span> <span class='ocrx_word' id='word_1_25' title='bbox 1285 579 1401 646; x_wconf 81' lang='lat' dir='ltr'><strong>ejus</strong></span> <span class='ocrx_word' id='word_1_26' title='bbox 1429 578 1561 643; x_wconf 85' lang='lat' dir='ltr'><strong>(non</strong></span> <span class='ocrx_word' id='word_1_27' title='bbox 1587 590 1696 644; x_wconf 85' lang='lat' dir='ltr'><strong>quo</strong></span> <span class='ocrx_word' id='word_1_28' title='bbox 1717 573 2017 629; x_wconf 84' lang='lat' dir='ltr'><strong>scabellum</strong></span> 
     </span>
    </p>
   </div>
   <div class='ocr_carea' id='block_1_6' title="bbox 442 665 2021 742">
    <p class='ocr_par' dir='ltr' id='par_1_6' title="bbox 442 665 2021 742">
     <span class='ocr_line' id='line_1_6' title="bbox 442 665 2021 742; baseline -0.011 -9"><span class='ocrx_word' id='word_1_29' title='bbox 442 679 909 740; x_wconf 76' lang='lat' dir='ltr'><strong>adorandumsit,</strong></span> <span class='ocrx_word' id='word_1_30' title='bbox 955 676 1046 729; x_wconf 87' lang='lat' dir='ltr'><strong>sed</strong></span> <span class='ocrx_word' id='word_1_31' title='bbox 1079 689 1186 742; x_wconf 90' lang='lat' dir='ltr'><strong>quo</strong></span> <span class='ocrx_word' id='word_1_32' title='bbox 1219 671 1480 740; x_wconf 85' lang='lat' dir='ltr'><strong>majestas</strong></span> <span class='ocrx_word' id='word_1_33' title='bbox 1513 668 1709 738; x_wconf 88' lang='lat' dir='ltr'><strong>pedum</strong></span> <span class='ocrx_word' id='word_1_34' title='bbox 1759 665 1904 719; x_wconf 85' lang='lat' dir='ltr'><strong>illius</strong></span> <span class='ocrx_word' id='word_1_35' title='bbox 1937 665 2021 717; x_wconf 89' lang='lat' dir='ltr'><strong>in-</strong></span> 
     </span>
    </p>
   </div>
   <div class='ocr_carea' id='block_1_7' title="bbox 443 759 2020 840">
    <p class='ocr_par' dir='ltr' id='par_1_7' title="bbox 443 759 2020 840">
     <span class='ocr_line' id='line_1_7' title="bbox 443 759 2020 840; baseline -0.009 -17"><span class='ocrx_word' id='word_1_36' title='bbox 443 770 706 840; x_wconf 81' lang='lat' dir='ltr'><strong>dicetur),</strong></span> <span class='ocrx_word' id='word_1_37' title='bbox 759 783 858 823; x_wconf 89' lang='lat' dir='ltr'><strong>cur</strong></span> <span class='ocrx_word' id='word_1_38' title='bbox 907 782 1018 820; x_wconf 82' lang='lat' dir='ltr'><strong>non</strong></span> <span class='ocrx_word' id='word_1_39' title='bbox 1073 767 1334 818; x_wconf 72' lang='lat' dir='ltr'><strong>adoretur</strong></span> <span class='ocrx_word' id='word_1_40' title='bbox 1380 759 1620 815; x_wconf 80' lang='lat' dir='ltr'><strong>Ecclesia</strong></span> <span class='ocrx_word' id='word_1_41' title='bbox 1672 774 1794 828; x_wconf 55' lang='lat' dir='ltr'><strong>qua».</strong></span> <span class='ocrx_word' id='word_1_42' title='bbox 1851 767 2020 811; x_wconf 88' lang='lat' dir='ltr'><strong>totum</strong></span> 
     </span>
    </p>
   </div>
   <div class='ocr_carea' id='block_1_8' title="bbox 441 849 2022 929">
    <p class='ocr_par' dir='ltr' id='par_1_8' title="bbox 441 849 2022 929">
     <span class='ocr_line' id='line_1_8' title="bbox 441 849 2022 929; baseline -0.009 -13"><span class='ocrx_word' id='word_1_43' title='bbox 441 863 643 918; x_wconf 67' lang='lat' dir='ltr'><strong>tthristi</strong></span> <span class='ocrx_word' id='word_1_44' title='bbox 679 875 878 929; x_wconf 84' lang='lat' dir='ltr'><strong>corpus</strong></span> <span class='ocrx_word' id='word_1_45' title='bbox 906 858 1273 925; x_wconf 75' lang='lat' dir='ltr'><strong>amplectitur,</strong></span> <span class='ocrx_word' id='word_1_46' title='bbox 1309 865 1366 908; x_wconf 90' lang='lat' dir='ltr'><strong>ut</strong></span> <span class='ocrx_word' id='word_1_47' title='bbox 1396 853 1691 923; x_wconf 78' lang='lat' dir='ltr'><strong>impleatur</strong></span> <span class='ocrx_word' id='word_1_48' title='bbox 1721 851 1848 906; x_wconf 89' lang='lat' dir='ltr'><strong>illud</strong></span> <span class='ocrx_word' id='word_1_49' title='bbox 1879 849 2022 916; x_wconf 87' lang='lat' dir='ltr'><strong>quod</strong></span> 
     </span>
    </p>
   </div>
   <div class='ocr_carea' id='block_1_9' title="bbox 442 941 2023 1025">
    <p class='ocr_par' dir='ltr' id='par_1_9' title="bbox 442 941 2023 1025">
     <span class='ocr_line' id='line_1_9' title="bbox 442 941 2023 1025; baseline -0.011 -14"><span class='ocrx_word' id='word_1_50' title='bbox 442 959 703 1025; x_wconf 72' lang='lat' dir='ltr'><strong>scriptum</strong></span> <span class='ocrx_word' id='word_1_51' title='bbox 735 961 816 1007; x_wconf 88' lang='lat' dir='ltr'><strong>est</strong></span> <span class='ocrx_word' id='word_1_52' title='bbox 843 954 898 1004; x_wconf 84' lang='lat' dir='ltr'><strong>in</strong></span> <span class='ocrx_word' id='word_1_53' title='bbox 931 949 1208 1019; x_wconf 77' lang='lat' dir='ltr'><strong>Snpltonia</strong></span> <span class='ocrx_word' id='word_1_54' title='bbox 1240 967 1254 1004; x_wconf 75' lang='grc' dir='ltr'>ε</span> <span class='ocrx_word' id='word_1_55' title='bbox 1295 946 1610 1001; x_wconf 79' lang='lat' dir='ltr'><strong>Adorabunt</strong></span> <span class='ocrx_word' id='word_1_56' title='bbox 1640 959 1758 996; x_wconf 80' lang='lat' dir='ltr'><strong>eum</strong></span> <span class='ocrx_word' id='word_1_57' title='bbox 1784 941 2023 1012; x_wconf 74' lang='lat' dir='ltr'><strong>singuli‘</strong></span> 
     </span>
    </p>
   </div>
   <div class='ocr_carea' id='block_1_10' title="bbox 442 1033 2027 1109">
    <p class='ocr_par' dir='ltr' id='par_1_10' title="bbox 442 1033 2027 1109">
     <span class='ocr_line' id='line_1_10' title="bbox 442 1033 2027 1109; baseline -0.011 -8"><span class='ocrx_word' id='word_1_58' title='bbox 442 1052 504 1101; x_wconf 78' lang='lat' dir='ltr'><strong>de</strong></span> <span class='ocrx_word' id='word_1_59' title='bbox 534 1050 645 1101; x_wconf 72' lang='lat' dir='ltr'><strong>loco</strong></span> <span class='ocrx_word' id='word_1_60' title='bbox 676 1059 696 1098; x_wconf 89' lang='lat'><strong><em>:</em></strong></span> <span class='ocrx_word' id='word_1_61' title='bbox 724 1060 899 1098; x_wconf 79' lang='lat' dir='ltr'><strong>omnes</strong></span> <span class='ocrx_word' id='word_1_62' title='bbox 930 1041 1122 1096; x_wconf 71' lang='lat' dir='ltr'><strong>insula:</strong></span> <span class='ocrx_word' id='word_1_63' title='bbox 1160 1039 1394 1109; x_wconf 69' lang='lat' dir='ltr'><strong>gentium</strong></span> <span class='ocrx_word' id='word_1_64' title='bbox 1426 1035 1685 1107; x_wconf 80' lang='lat' dir='ltr'><strong>(Sopltou.</strong></span> <span class='ocrx_word' id='word_1_65' title='bbox 1724 1050 1783 1100; x_wconf 89' lang='grc' dir='ltr'>ιι,</span> <span class='ocrx_word' id='word_1_66' title='bbox 1822 1033 1934 1101; x_wconf 75' lang='grc' dir='ltr'><strong>Η),</strong></span> <span class='ocrx_word' id='word_1_67' title='bbox 1967 1040 2027 1084; x_wconf 82' lang='lat' dir='ltr'><strong>ut</strong></span> 
     </span>
    </p>
   </div>
   <div class='ocr_carea' id='block_1_11' title="bbox 445 1126 2027 1209">
    <p class='ocr_par' dir='ltr' id='par_1_11' title="bbox 445 1126 2027 1209">
     <span class='ocr_line' id='line_1_11' title="bbox 445 1126 2027 1209; baseline -0.009 -15"><span class='ocrx_word' id='word_1_68' title='bbox 445 1152 785 1209; x_wconf 88' lang='lat' dir='ltr'><strong>nequaquam</strong></span> <span class='ocrx_word' id='word_1_69' title='bbox 818 1150 968 1190; x_wconf 89' lang='lat' dir='ltr'><strong>more</strong></span> <span class='ocrx_word' id='word_1_70' title='bbox 999 1133 1224 1188; x_wconf 58' lang='lat' dir='ltr'><strong>iudaice</strong></span> <span class='ocrx_word' id='word_1_71' title='bbox 1257 1132 1432 1185; x_wconf 89' lang='lat' dir='ltr'><strong>tribus</strong></span> <span class='ocrx_word' id='word_1_72' title='bbox 1462 1145 1560 1198; x_wconf 88' lang='lat' dir='ltr'><strong>per</strong></span> <span class='ocrx_word' id='word_1_73' title='bbox 1593 1143 1791 1181; x_wconf 86' lang='lat' dir='ltr'><strong>annum</strong></span> <span class='ocrx_word' id='word_1_74' title='bbox 1821 1126 2027 1180; x_wconf 75' lang='lat' dir='ltr'><strong>vicibus</strong></span> 
     </span>
    </p>
   </div>
   <div class='ocr_carea' id='block_1_12' title="bbox 443 1220 2026 1287">
    <p class='ocr_par' dir='ltr' id='par_1_12' title="bbox 443 1220 2026 1287">
     <span class='ocr_line' id='line_1_12' title="bbox 443 1220 2026 1287; baseline -0.008 -3"><span class='ocrx_word' id='word_1_75' title='bbox 443 1232 667 1286; x_wconf 76' lang='lat' dir='ltr'><strong>veniant</strong></span> <span class='ocrx_word' id='word_1_76' title='bbox 699 1232 750 1281; x_wconf 90' lang='lat' dir='ltr'><strong>in</strong></span> <span class='ocrx_word' id='word_1_77' title='bbox 779 1225 1086 1282; x_wconf 76' lang='lat' dir='ltr'><strong>Jerusalem</strong></span> <span class='ocrx_word' id='word_1_78' title='bbox 1119 1263 1135 1287; x_wconf 87' lang='lat'><strong>,</strong></span> <span class='ocrx_word' id='word_1_79' title='bbox 1187 1224 1280 1277; x_wconf 86' lang='lat' dir='ltr'><strong>sed</strong></span> <span class='ocrx_word' id='word_1_80' title='bbox 1329 1223 1380 1275; x_wconf 91' lang='lat' dir='ltr'><strong>iu</strong></span> <span class='ocrx_word' id='word_1_81' title='bbox 1433 1222 1550 1278; x_wconf 82' lang='lat' dir='ltr'><strong>loco</strong></span> <span class='ocrx_word' id='word_1_82' title='bbox 1586 1234 1686 1272; x_wconf 85' lang='lat' dir='ltr'><strong>suo</strong></span> <span class='ocrx_word' id='word_1_83' title='bbox 1737 1220 2026 1272; x_wconf 72' lang='lat' dir='ltr'><strong>adorantes</strong></span> 
     </span>
    </p>
   </div>
   <div class='ocr_carea' id='block_1_13' title="bbox 452 1310 2031 1389">
    <p class='ocr_par' dir='ltr' id='par_1_13' title="bbox 452 1310 2031 1389">
     <span class='ocr_line' id='line_1_13' title="bbox 452 1310 2031 1389; baseline -0.011 -11"><span class='ocrx_word' id='word_1_84' title='bbox 452 1324 759 1387; x_wconf 78' lang='lat' dir='ltr'><strong>hominum,</strong></span> <span class='ocrx_word' id='word_1_85' title='bbox 812 1319 1126 1389; x_wconf 87' lang='lat' dir='ltr'><strong>possideant</strong></span> <span class='ocrx_word' id='word_1_86' title='bbox 1166 1314 1497 1370; x_wconf 70' lang='lat' dir='ltr'><strong>Jerusalem.</strong></span> <span class='ocrx_word' id='word_1_87' title='bbox 1543 1312 1807 1379; x_wconf 83' lang='lat' dir='ltr'><strong>Quodque</strong></span> <span class='ocrx_word' id='word_1_88' title='bbox 1849 1310 2031 1378; x_wconf 82' lang='lat' dir='ltr'><strong>sequi-</strong></span> 
     </span>
    </p>
   </div>
   <div class='ocr_carea' id='block_1_14' title="bbox 453 1403 2031 1483">
    <p class='ocr_par' dir='ltr' id='par_1_14' title="bbox 453 1403 2031 1483">
     <span class='ocr_line' id='line_1_14' title="bbox 453 1403 2031 1483; baseline -0.01 -13"><span class='ocrx_word' id='word_1_89' title='bbox 453 1435 538 1471; x_wconf 85' lang='lat' dir='ltr'><strong>tur</strong></span> <span class='ocrx_word' id='word_1_90' title='bbox 570 1434 586 1472; x_wconf 71' lang='grc' dir='ltr'>ε</span> <span class='ocrx_word' id='word_1_91' title='bbox 625 1417 692 1469; x_wconf 80' lang='lat' dir='ltr'><strong>Et</strong></span> <span class='ocrx_word' id='word_1_92' title='bbox 719 1413 976 1483; x_wconf 81' lang='lat' dir='ltr'><strong>pulverem</strong></span> <span class='ocrx_word' id='word_1_93' title='bbox 1007 1411 1197 1481; x_wconf 79' lang='lat' dir='ltr'><strong>pedum</strong></span> <span class='ocrx_word' id='word_1_94' title='bbox 1230 1417 1441 1462; x_wconf 73' lang='lat' dir='ltr'><strong>tuorum</strong></span> <span class='ocrx_word' id='word_1_95' title='bbox 1473 1407 1694 1476; x_wconf 69' lang='lat' dir='ltr'><strong>litigent,</strong></span> <span class='ocrx_word' id='word_1_96' title='bbox 1727 1405 1827 1457; x_wconf 86' lang='lat' dir='ltr'><strong>hoc</strong></span> <span class='ocrx_word' id='word_1_97' title='bbox 1860 1403 2031 1470; x_wconf 81' lang='lat' dir='ltr'><strong>signi-</strong></span> 
     </span>
    </p>
   </div>
   <div class='ocr_carea' id='block_1_15' title="bbox 450 1495 2030 1578">
    <p class='ocr_par' dir='ltr' id='par_1_15' title="bbox 450 1495 2030 1578">
     <span class='ocr_line' id='line_1_15' title="bbox 450 1495 2030 1578; baseline -0.011 -13"><span class='ocrx_word' id='word_1_98' title='bbox 450 1516 594 1576; x_wconf 80' lang='lat' dir='ltr'><strong>ticat,</strong></span> <span class='ocrx_word' id='word_1_99' title='bbox 627 1507 768 1578; x_wconf 87' lang='lat' dir='ltr'><strong>quod</strong></span> <span class='ocrx_word' id='word_1_100' title='bbox 804 1520 956 1574; x_wconf 75' lang='lat' dir='ltr'><strong>rcges</strong></span> <span class='ocrx_word' id='word_1_101' title='bbox 985 1515 1039 1558; x_wconf 89' lang='lat' dir='ltr'><strong>et</strong></span> <span class='ocrx_word' id='word_1_102' title='bbox 1085 1501 1384 1570; x_wconf 79' lang='lat' dir='ltr'><strong>principes,</strong></span> <span class='ocrx_word' id='word_1_103' title='bbox 1421 1497 1686 1567; x_wconf 80' lang='lat' dir='ltr'><strong>quidquid</strong></span> <span class='ocrx_word' id='word_1_104' title='bbox 1716 1496 1768 1549; x_wconf 84' lang='lat' dir='ltr'><strong>in</strong></span> <span class='ocrx_word' id='word_1_105' title='bbox 1803 1495 2030 1565; x_wconf 77' lang='lat' dir='ltr'><strong>pedibus</strong></span> 
     </span>
    </p>
   </div>
   <div class='ocr_carea' id='block_1_16' title="bbox 453 1591 2032 1664">
    <p class='ocr_par' dir='ltr' id='par_1_16' title="bbox 453 1591 2032 1664">
     <span class='ocr_line' id='line_1_16' title="bbox 453 1591 2032 1664; baseline -0.012 -7"><span class='ocrx_word' id='word_1_106' title='bbox 453 1604 738 1657; x_wconf 71' lang='lat' dir='ltr'><strong>Eccclcsize</strong></span> <span class='ocrx_word' id='word_1_107' title='bbox 794 1597 996 1651; x_wconf 86' lang='lat' dir='ltr'><strong>terreni</strong></span> <span class='ocrx_word' id='word_1_108' title='bbox 1048 1594 1233 1664; x_wconf 86' lang='lat' dir='ltr'><strong>operis</strong></span> <span class='ocrx_word' id='word_1_109' title='bbox 1271 1591 1582 1654; x_wconf 77' lang='lat' dir='ltr'><strong>adhaeserit,</strong></span> <span class='ocrx_word' id='word_1_110' title='bbox 1629 1604 1730 1644; x_wconf 85' lang='lat' dir='ltr'><strong>suo</strong></span> <span class='ocrx_word' id='word_1_111' title='bbox 1777 1601 2032 1641; x_wconf 85' lang='lat' dir='ltr'><strong>sermone</strong></span> 
     </span>
    </p>
   </div>
   <div class='ocr_carea' id='block_1_17' title="bbox 451 1678 2033 1764">
    <p class='ocr_par' dir='ltr' id='par_1_17' title="bbox 451 1678 2033 1764">
     <span class='ocr_line' id='line_1_17' title="bbox 451 1678 2033 1764; baseline -0.01 -17"><span class='ocrx_word' id='word_1_112' title='bbox 451 1703 663 1764; x_wconf 68' lang='lat' dir='ltr'><strong>tergunt</strong></span> <span class='ocrx_word' id='word_1_113' title='bbox 698 1701 860 1757; x_wconf 84' lang='lat' dir='ltr'><strong>atque</strong></span> <span class='ocrx_word' id='word_1_114' title='bbox 903 1687 1205 1756; x_wconf 77' lang='lat' dir='ltr'><strong>delingant.</strong></span> <span class='ocrx_word' id='word_1_115' title='bbox 1236 1684 1396 1740; x_wconf 85' lang='lat' dir='ltr'><strong>Unde</strong></span> <span class='ocrx_word' id='word_1_116' title='bbox 1431 1693 1486 1735; x_wconf 90' lang='lat' dir='ltr'><strong>et</strong></span> <span class='ocrx_word' id='word_1_117' title='bbox 1522 1681 1807 1752; x_wconf 63' lang='lat' dir='ltr'><strong>Apostolis</strong></span> <span class='ocrx_word' id='word_1_118' title='bbox 1840 1678 2033 1746; x_wconf 67' lang='lat' dir='ltr'><strong>prteci-</strong></span> 
     </span>
    </p>
   </div>
   <div class='ocr_carea' id='block_1_18' title="bbox 451 1770 2028 1855">
    <p class='ocr_par' dir='ltr' id='par_1_18' title="bbox 451 1770 2028 1855">
     <span class='ocr_line' id='line_1_18' title="bbox 451 1770 2028 1855; baseline -0.009 -17"><span class='ocrx_word' id='word_1_119' title='bbox 451 1790 610 1855; x_wconf 76' lang='lat' dir='ltr'><strong>pitur.</strong></span> <span class='ocrx_word' id='word_1_120' title='bbox 635 1794 692 1839; x_wconf 88' lang='lat' dir='ltr'><strong>ut</strong></span> <span class='ocrx_word' id='word_1_121' title='bbox 722 1785 996 1838; x_wconf 77' lang='lat' dir='ltr'><strong>excutiant</strong></span> <span class='ocrx_word' id='word_1_122' title='bbox 1023 1780 1298 1851; x_wconf 77' lang='lat' dir='ltr'><strong>pulverem</strong></span> <span class='ocrx_word' id='word_1_123' title='bbox 1333 1776 1531 1847; x_wconf 88' lang='lat' dir='ltr'><strong>pedum</strong></span> <span class='ocrx_word' id='word_1_124' title='bbox 1567 1790 1786 1830; x_wconf 87' lang='lat' dir='ltr'><strong>suorum</strong></span> <span class='ocrx_word' id='word_1_125' title='bbox 1807 1770 2028 1842; x_wconf 75' lang='lat' dir='ltr'><strong>(Matth.</strong></span> 
     </span>
    </p>
   </div>
   <div class='ocr_carea' id='block_1_19' title="bbox 2125 556 3702 636">
    <p class='ocr_par' dir='ltr' id='par_1_19' title="bbox 2125 556 3702 636">
     <span class='ocr_line' id='line_1_19' title="bbox 2125 556 3702 636; baseline -0.014 -10"><span class='ocrx_word' id='word_1_126' title='bbox 2125 574 2366 626; x_wconf 83' lang='lat' dir='ltr'><strong>vidatnr.</strong></span> <span class='ocrx_word' id='word_1_127' title='bbox 2401 570 2624 635; x_wconf 81' lang='lat' dir='ltr'><strong>Itupleto</strong></span> <span class='ocrx_word' id='word_1_128' title='bbox 2656 569 2746 618; x_wconf 86' lang='lat' dir='ltr'><strong>illo</strong></span> <span class='ocrx_word' id='word_1_129' title='bbox 2783 565 2932 632; x_wconf 82' lang='lat' dir='ltr'><strong>quod</strong></span> <span class='ocrx_word' id='word_1_130' title='bbox 2963 562 3226 636; x_wconf 67' lang='lat' dir='ltr'><strong>scriptum</strong></span> <span class='ocrx_word' id='word_1_131' title='bbox 3258 568 3343 612; x_wconf 69' lang='lat' dir='ltr'><strong>est</strong></span> <span class='ocrx_word' id='word_1_132' title='bbox 3366 572 3382 612; x_wconf 88' lang='lat'><strong>:</strong></span> <span class='ocrx_word' id='word_1_133' title='bbox 3407 556 3521 609; x_wconf 61' lang='lat' dir='ltr'><strong>ﬁer</strong></span> <span class='ocrx_word' id='word_1_134' title='bbox 3540 556 3702 608; x_wconf 72' lang='lat' dir='ltr'><strong>virtu-</strong></span> 
     </span>
    </p>
   </div>
   <div class='ocr_carea' id='block_1_20' title="bbox 2127 643 3704 727">
    <p class='ocr_par' dir='ltr' id='par_1_20' title="bbox 2127 643 3704 727">
     <span class='ocr_line' id='line_1_20' title="bbox 2127 643 3704 727; baseline -0.013 -10"><span class='ocrx_word' id='word_1_135' title='bbox 2127 675 2236 717; x_wconf 82' lang='lat' dir='ltr'><strong>tum</strong></span> <span class='ocrx_word' id='word_1_136' title='bbox 2267 661 2464 723; x_wconf 74' lang='lat' dir='ltr'><strong>dilecti,</strong></span> <span class='ocrx_word' id='word_1_137' title='bbox 2518 670 2564 712; x_wconf 86' lang='lat' dir='ltr'><strong>et</strong></span> <span class='ocrx_word' id='word_1_138' title='bbox 2599 657 2790 727; x_wconf 77' lang='lat' dir='ltr'><strong>speciei</strong></span> <span class='ocrx_word' id='word_1_139' title='bbox 2849 657 3034 708; x_wconf 73' lang='lat' dir='ltr'><strong>donius</strong></span> <span class='ocrx_word' id='word_1_140' title='bbox 3067 651 3305 704; x_wconf 61' lang='lat' dir='ltr'><strong>diuidere</strong></span> <span class='ocrx_word' id='word_1_141' title='bbox 3363 647 3559 717; x_wconf 69' lang='lat' dir='ltr'><strong>spatia.</strong></span> <span class='ocrx_word' id='word_1_142' title='bbox 3602 643 3704 698; x_wconf 70' lang='lat' dir='ltr'><strong>Iste</strong></span> 
     </span>
    </p>
   </div>
   <div class='ocr_carea' id='block_1_21' title="bbox 2126 738 3704 819">
    <p class='ocr_par' dir='ltr' id='par_1_21' title="bbox 2126 738 3704 819">
     <span class='ocr_line' id='line_1_21' title="bbox 2126 738 3704 819; baseline -0.013 -12"><span class='ocrx_word' id='word_1_143' title='bbox 2126 766 2208 807; x_wconf 78' lang='lat' dir='ltr'><strong>est</strong></span> <span class='ocrx_word' id='word_1_144' title='bbox 2238 757 2382 807; x_wconf 84' lang='lat' dir='ltr'><strong>enim</strong></span> <span class='ocrx_word' id='word_1_145' title='bbox 2414 751 2504 819; x_wconf 91' lang='lat' dir='ltr'><strong>qui</strong></span> <span class='ocrx_word' id='word_1_146' title='bbox 2556 751 2843 803; x_wconf 65' lang='lat' dir='ltr'><strong>ascendens</strong></span> <span class='ocrx_word' id='word_1_147' title='bbox 2894 748 2951 800; x_wconf 71' lang='lat' dir='ltr'><strong>in</strong></span> <span class='ocrx_word' id='word_1_148' title='bbox 3005 745 3201 802; x_wconf 72' lang='lat' dir='ltr'><strong>altum.</strong></span> <span class='ocrx_word' id='word_1_149' title='bbox 3249 742 3514 804; x_wconf 63' lang='lat' dir='ltr'><strong>captis-am</strong></span> <span class='ocrx_word' id='word_1_150' title='bbox 3554 738 3704 789; x_wconf 68' lang='lat' dir='ltr'><strong>duxit</strong></span> 
     </span>
    </p>
   </div>
   <div class='ocr_carea' id='block_1_22' title="bbox 2127 829 3703 911">
    <p class='ocr_par' dir='ltr' id='par_1_22' title="bbox 2127 829 3703 911">
     <span class='ocr_line' id='line_1_22' title="bbox 2127 829 3703 911; baseline -0.013 -13"><span class='ocrx_word' id='word_1_151' title='bbox 2127 840 2692 911; x_wconf 26' lang='lat' dir='ltr'><strong>cuptieitnteut,‘dedit</strong></span> <span class='ocrx_word' id='word_1_152' title='bbox 2729 839 2872 890; x_wconf 72' lang='lat' dir='ltr'><strong>dona</strong></span> <span class='ocrx_word' id='word_1_153' title='bbox 2902 838 2956 888; x_wconf 82' lang='lat' dir='ltr'><strong>in</strong></span> <span class='ocrx_word' id='word_1_154' title='bbox 2989 832 3286 888; x_wconf 71' lang='lat' dir='ltr'><strong>hominibus</strong></span> <span class='ocrx_word' id='word_1_155' title='bbox 3324 829 3497 899; x_wconf 69' lang='lat' dir='ltr'><strong>(Paul.</strong></span> <span class='ocrx_word' id='word_1_156' title='bbox 3543 841 3703 884; x_wconf 77' lang='lat' dir='ltr'><strong>uvn.</strong></span> 
     </span>
    </p>
   </div>
   <div class='ocr_carea' id='block_1_23' title="bbox 2130 918 3707 1002">
    <p class='ocr_par' dir='ltr' id='par_1_23' title="bbox 2130 918 3707 1002">
     <span class='ocr_line' id='line_1_23' title="bbox 2130 918 3707 1002; baseline -0.014 -12"><span class='ocrx_word' id='word_1_157' title='bbox 2130 937 2229 999; x_wconf 75' lang='lat' dir='ltr'><strong>l9;</strong></span> <span class='ocrx_word' id='word_1_158' title='bbox 2273 936 2458 1002; x_wconf 71' lang='grc' dir='ltr'><strong>ΙίῃΙιεε.</strong></span> <span class='ocrx_word' id='word_1_159' title='bbox 2495 951 2568 999; x_wconf 77' lang='lat' dir='ltr'><strong>tr,</strong></span> <span class='ocrx_word' id='word_1_160' title='bbox 2602 933 2705 1000; x_wconf 91' lang='lat'><strong>8):</strong></span> <span class='ocrx_word' id='word_1_161' title='bbox 2745 946 2842 985; x_wconf 87' lang='lat' dir='ltr'><strong>eos</strong></span> <span class='ocrx_word' id='word_1_162' title='bbox 2895 928 3148 982; x_wconf 76' lang='lat' dir='ltr'><strong>videlicet</strong></span> <span class='ocrx_word' id='word_1_163' title='bbox 3197 925 3293 994; x_wconf 89' lang='lat' dir='ltr'><strong>qui</strong></span> <span class='ocrx_word' id='word_1_164' title='bbox 3349 923 3500 991; x_wconf 82' lang='lat' dir='ltr'><strong>prius</strong></span> <span class='ocrx_word' id='word_1_165' title='bbox 3566 918 3707 985; x_wconf 85' lang='lat' dir='ltr'><strong>capti</strong></span> 
     </span>
    </p>
   </div>
   <div class='ocr_carea' id='block_1_24' title="bbox 2128 1012 3712 1092">
    <p class='ocr_par' dir='ltr' id='par_1_24' title="bbox 2128 1012 3712 1092">
     <span class='ocr_line' id='line_1_24' title="bbox 2128 1012 3712 1092; baseline -0.013 -8"><span class='ocrx_word' id='word_1_166' title='bbox 2128 1039 2282 1085; x_wconf 86' lang='lat' dir='ltr'><strong>erant</strong></span> <span class='ocrx_word' id='word_1_167' title='bbox 2311 1029 2362 1081; x_wconf 93' lang='lat' dir='ltr'><strong>in</strong></span> <span class='ocrx_word' id='word_1_168' title='bbox 2396 1037 2650 1090; x_wconf 89' lang='lat' dir='ltr'><strong>mortem,</strong></span> <span class='ocrx_word' id='word_1_169' title='bbox 2709 1021 2917 1092; x_wconf 81' lang='lat' dir='ltr'><strong>recepit</strong></span> <span class='ocrx_word' id='word_1_170' title='bbox 2950 1021 3003 1074; x_wconf 92' lang='lat' dir='ltr'><strong>in</strong></span> <span class='ocrx_word' id='word_1_171' title='bbox 3039 1021 3230 1074; x_wconf 86' lang='lat' dir='ltr'><strong>vitam.</strong></span> <span class='ocrx_word' id='word_1_172' title='bbox 3263 1015 3418 1071; x_wconf 78' lang='lat' dir='ltr'><strong>Unde</strong></span> <span class='ocrx_word' id='word_1_173' title='bbox 3481 1012 3712 1066; x_wconf 71' lang='lat' dir='ltr'><strong>inanite-</strong></span> 
     </span>
    </p>
   </div>
   <div class='ocr_carea' id='block_1_25' title="bbox 2129 1102 3713 1187">
    <p class='ocr_par' dir='ltr' id='par_1_25' title="bbox 2129 1102 3713 1187">
     <span class='ocr_line' id='line_1_25' title="bbox 2129 1102 3713 1187; baseline -0.014 -13"><span class='ocrx_word' id='word_1_174' title='bbox 2129 1123 2269 1175; x_wconf 86' lang='lat' dir='ltr'><strong>stius</strong></span> <span class='ocrx_word' id='word_1_175' title='bbox 2303 1122 2689 1187; x_wconf 80' lang='lat' dir='ltr'><strong>interpretatus</strong></span> <span class='ocrx_word' id='word_1_176' title='bbox 2710 1127 2792 1169; x_wconf 77' lang='lat' dir='ltr'><strong>est</strong></span> <span class='ocrx_word' id='word_1_177' title='bbox 2824 1111 3186 1184; x_wconf 75' lang='lat' dir='ltr'><strong>Symmachus</strong></span> <span class='ocrx_word' id='word_1_178' title='bbox 3227 1127 3242 1163; x_wconf 87' lang='lat'><strong>:</strong></span> <span class='ocrx_word' id='word_1_179' title='bbox 3271 1107 3376 1163; x_wconf 77' lang='lat' dir='ltr'><strong>Sed</strong></span> <span class='ocrx_word' id='word_1_180' title='bbox 3413 1113 3462 1160; x_wconf 81' lang='lat' dir='ltr'><strong>et</strong></span> <span class='ocrx_word' id='word_1_181' title='bbox 3491 1102 3713 1173; x_wconf 66' lang='lat' dir='ltr'><strong>captivi-</strong></span> 
     </span>
    </p>
   </div>
   <div class='ocr_carea' id='block_1_26' title="bbox 2131 1195 3712 1281">
    <p class='ocr_par' dir='ltr' id='par_1_26' title="bbox 2131 1195 3712 1281">
     <span class='ocr_line' id='line_1_26' title="bbox 2131 1195 3712 1281; baseline -0.012 -17"><span class='ocrx_word' id='word_1_182' title='bbox 2131 1222 2212 1266; x_wconf 83' lang='lat' dir='ltr'><strong>tas</strong></span> <span class='ocrx_word' id='word_1_183' title='bbox 2248 1213 2396 1281; x_wconf 76' lang='lat' dir='ltr'><strong>[ortis</strong></span> <span class='ocrx_word' id='word_1_184' title='bbox 2421 1212 2720 1276; x_wconf 73' lang='lat' dir='ltr'><strong>auferetur,</strong></span> <span class='ocrx_word' id='word_1_185' title='bbox 2752 1217 2802 1260; x_wconf 81' lang='lat' dir='ltr'><strong>et</strong></span> <span class='ocrx_word' id='word_1_186' title='bbox 2845 1205 3049 1274; x_wconf 68' lang='lat' dir='ltr'><strong>rapina:</strong></span> <span class='ocrx_word' id='word_1_187' title='bbox 3097 1200 3364 1254; x_wconf 71' lang='lat' dir='ltr'><strong>horribilis</strong></span> <span class='ocrx_word' id='word_1_188' title='bbox 3411 1195 3562 1250; x_wconf 68' lang='lat' dir='ltr'><strong>talea</strong></span> <span class='ocrx_word' id='word_1_189' title='bbox 3587 1196 3712 1248; x_wconf 75' lang='lat' dir='ltr'><strong>erit.</strong></span> 
     </span>
    </p>
   </div>
   <div class='ocr_carea' id='block_1_27' title="bbox 2131 1287 3714 1373">
    <p class='ocr_par' dir='ltr' id='par_1_27' title="bbox 2131 1287 3714 1373">
     <span class='ocr_line' id='line_1_27' title="bbox 2131 1287 3714 1373; baseline -0.015 -11"><span class='ocrx_word' id='word_1_190' title='bbox 2131 1306 2346 1362; x_wconf 78' lang='lat' dir='ltr'><strong>Fortem</strong></span> <span class='ocrx_word' id='word_1_191' title='bbox 2386 1314 2549 1373; x_wconf 83' lang='lat' dir='ltr'><strong>atque</strong></span> <span class='ocrx_word' id='word_1_192' title='bbox 2579 1300 2898 1356; x_wconf 78' lang='lat' dir='ltr'><strong>horribilem</strong></span> <span class='ocrx_word' id='word_1_193' title='bbox 2925 1297 3204 1351; x_wconf 84' lang='lat' dir='ltr'><strong>diabolum</strong></span> <span class='ocrx_word' id='word_1_194' title='bbox 3240 1294 3430 1347; x_wconf 86' lang='lat' dir='ltr'><strong>volens</strong></span> <span class='ocrx_word' id='word_1_195' title='bbox 3461 1287 3714 1356; x_wconf 72' lang='lat' dir='ltr'><strong>intelligi,</strong></span> 
     </span>
    </p>
   </div>
   <div class='ocr_carea' id='block_1_28' title="bbox 2131 1381 3717 1470">
    <p class='ocr_par' dir='ltr' id='par_1_28' title="bbox 2131 1381 3717 1470">
     <span class='ocr_line' id='line_1_28' title="bbox 2131 1381 3717 1470; baseline -0.014 -16"><span class='ocrx_word' id='word_1_196' title='bbox 2131 1401 2221 1470; x_wconf 88' lang='lat' dir='ltr'><strong>qui</strong></span> <span class='ocrx_word' id='word_1_197' title='bbox 2255 1398 2466 1452; x_wconf 85' lang='lat' dir='ltr'><strong>Domini</strong></span> <span class='ocrx_word' id='word_1_198' title='bbox 2511 1397 2714 1450; x_wconf 76' lang='lat' dir='ltr'><strong>virtute</strong></span> <span class='ocrx_word' id='word_1_199' title='bbox 2757 1400 3056 1463; x_wconf 85' lang='lat' dir='ltr'><strong>superatus</strong></span> <span class='ocrx_word' id='word_1_200' title='bbox 3106 1398 3213 1443; x_wconf 87' lang='lat' dir='ltr'><strong>est.</strong></span> <span class='ocrx_word' id='word_1_201' title='bbox 3269 1387 3415 1454; x_wconf 78' lang='lat' dir='ltr'><strong>Ergo</strong></span> <span class='ocrx_word' id='word_1_202' title='bbox 3451 1381 3717 1438; x_wconf 74' lang='lat' dir='ltr'><strong>Dominus</strong></span> 
     </span>
    </p>
   </div>
   <div class='ocr_carea' id='block_1_29' title="bbox 2127 1473 3716 1560">
    <p class='ocr_par' dir='ltr' id='par_1_29' title="bbox 2127 1473 3716 1560">
     <span class='ocr_line' id='line_1_29' title="bbox 2127 1473 3716 1560; baseline -0.014 -15"><span class='ocrx_word' id='word_1_203' title='bbox 2127 1493 2385 1560; x_wconf 83' lang='lat' dir='ltr'><strong>judicans</strong></span> <span class='ocrx_word' id='word_1_204' title='bbox 2419 1503 2514 1543; x_wconf 88' lang='lat' dir='ltr'><strong>eos</strong></span> <span class='ocrx_word' id='word_1_205' title='bbox 2543 1488 2632 1556; x_wconf 89' lang='lat' dir='ltr'><strong>qui</strong></span> <span class='ocrx_word' id='word_1_206' title='bbox 2662 1493 3059 1556; x_wconf 80' lang='lat' dir='ltr'><strong>oppresserant</strong></span> <span class='ocrx_word' id='word_1_207' title='bbox 3117 1481 3274 1545; x_wconf 85' lang='lat' dir='ltr'><strong>Sion,</strong></span> <span class='ocrx_word' id='word_1_208' title='bbox 3310 1477 3424 1532; x_wconf 90' lang='lat' dir='ltr'><strong>sive</strong></span> <span class='ocrx_word' id='word_1_209' title='bbox 3458 1473 3716 1543; x_wconf 78' lang='lat' dir='ltr'><strong>judicans</strong></span> 
     </span>
    </p>
   </div>
   <div class='ocr_carea' id='block_1_30' title="bbox 2129 1565 3718 1650">
    <p class='ocr_par' dir='ltr' id='par_1_30' title="bbox 2129 1565 3718 1650">
     <span class='ocr_line' id='line_1_30' title="bbox 2129 1565 3718 1650; baseline -0.013 -15"><span class='ocrx_word' id='word_1_210' title='bbox 2129 1581 2390 1650; x_wconf 84' lang='lat' dir='ltr'><strong>judicium</strong></span> <span class='ocrx_word' id='word_1_211' title='bbox 2420 1579 2556 1649; x_wconf 85' lang='lat' dir='ltr'><strong>ejus,</strong></span> <span class='ocrx_word' id='word_1_212' title='bbox 2592 1577 2845 1632; x_wconf 70' lang='lat' dir='ltr'><strong>liberabit</strong></span> <span class='ocrx_word' id='word_1_213' title='bbox 2875 1576 3015 1629; x_wconf 77' lang='lat' dir='ltr'><strong>filios</strong></span> <span class='ocrx_word' id='word_1_214' title='bbox 3037 1574 3182 1628; x_wconf 86' lang='lat' dir='ltr'><strong>illius</strong></span> <span class='ocrx_word' id='word_1_215' title='bbox 3210 1585 3304 1641; x_wconf 87' lang='lat' dir='ltr'><strong>qut</strong></span> <span class='ocrx_word' id='word_1_216' title='bbox 3331 1569 3471 1636; x_wconf 74' lang='lat' dir='ltr'><strong>capti</strong></span> <span class='ocrx_word' id='word_1_217' title='bbox 3498 1565 3718 1618; x_wconf 74' lang='lat' dir='ltr'><strong>fuerant</strong></span> 
     </span>
    </p>
   </div>
   <div class='ocr_carea' id='block_1_31' title="bbox 2134 1662 3718 1743">
    <p class='ocr_par' dir='ltr' id='par_1_31' title="bbox 2134 1662 3718 1743">
     <span class='ocr_line' id='line_1_31' title="bbox 2134 1662 3718 1743; baseline -0.013 -13"><span class='ocrx_word' id='word_1_218' title='bbox 2134 1691 2162 1730; x_wconf 84' lang='lat' dir='ltr'><strong>a</strong></span> <span class='ocrx_word' id='word_1_219' title='bbox 2205 1676 2444 1743; x_wconf 76' lang='lat' dir='ltr'><strong>gigante,</strong></span> <span class='ocrx_word' id='word_1_220' title='bbox 2485 1683 2647 1740; x_wconf 84' lang='lat' dir='ltr'><strong>atque</strong></span> <span class='ocrx_word' id='word_1_221' title='bbox 2672 1669 2930 1732; x_wconf 79' lang='lat' dir='ltr'><strong>salvabit,</strong></span> <span class='ocrx_word' id='word_1_222' title='bbox 2955 1677 3009 1722; x_wconf 88' lang='lat' dir='ltr'><strong>et</strong></span> <span class='ocrx_word' id='word_1_223' title='bbox 3033 1662 3381 1720; x_wconf 81' lang='lat' dir='ltr'><strong>adversarias</strong></span> <span class='ocrx_word' id='word_1_224' title='bbox 3413 1663 3718 1728; x_wconf 80' lang='lat' dir='ltr'><strong>potestates</strong></span> 
     </span>
    </p>
   </div>
   <div class='ocr_carea' id='block_1_32' title="bbox 2137 1752 3720 1829">
    <p class='ocr_par' dir='ltr' id='par_1_32' title="bbox 2137 1752 3720 1829">
     <span class='ocr_line' id='line_1_32' title="bbox 2137 1752 3720 1829; baseline -0.014 -8"><span class='ocrx_word' id='word_1_225' title='bbox 2137 1767 2339 1822; x_wconf 86' lang='lat' dir='ltr'><strong>cibabit</strong></span> <span class='ocrx_word' id='word_1_226' title='bbox 2367 1766 2622 1820; x_wconf 81' lang='lat' dir='ltr'><strong>carnibus</strong></span> <span class='ocrx_word' id='word_1_227' title='bbox 2651 1763 2787 1829; x_wconf 90' lang='lat' dir='ltr'><strong>suis,</strong></span> <span class='ocrx_word' id='word_1_228' title='bbox 2823 1770 2878 1816; x_wconf 83' lang='lat' dir='ltr'><strong>et</strong></span> <span class='ocrx_word' id='word_1_229' title='bbox 2919 1757 3215 1813; x_wconf 81' lang='lat' dir='ltr'><strong>iuebriabit</strong></span> <span class='ocrx_word' id='word_1_230' title='bbox 3239 1752 3392 1823; x_wconf 79' lang='lat' dir='ltr'><strong>quasi</strong></span> <span class='ocrx_word' id='word_1_231' title='bbox 3435 1755 3720 1812; x_wconf 77' lang='lat' dir='ltr'><strong>musto,ut</strong></span> 
     </span>
    </p>
   </div>
   <div class='ocr_carea' id='block_1_33' title="bbox 451 1852 3720 1949">
    <p class='ocr_par' dir='ltr' id='par_1_33' title="bbox 451 1852 3720 1949">
     <span class='ocr_line' id='line_1_33' title="bbox 451 1852 3720 1949; baseline -0.012 -17"><span class='ocrx_word' id='word_1_232' title='bbox 451 1852 527 1949; x_wconf 64' lang='lat' dir='ltr'><strong>it).</strong></span> <span class='ocrx_word' id='word_1_233' title='bbox 557 1880 624 1933; x_wconf 73' lang='lat' dir='ltr'><strong>Et</strong></span> <span class='ocrx_word' id='word_1_234' title='bbox 679 1878 744 1931; x_wconf 89' lang='lat' dir='ltr'><strong>ad</strong></span> <span class='ocrx_word' id='word_1_235' title='bbox 800 1875 1019 1930; x_wconf 84' lang='lat' dir='ltr'><strong>Petrum</strong></span> <span class='ocrx_word' id='word_1_236' title='bbox 1079 1872 1276 1927; x_wconf 88' lang='lat' dir='ltr'><strong>dicitur</strong></span> <span class='ocrx_word' id='word_1_237' title='bbox 1302 1911 1317 1935; x_wconf 92' lang='lat'><strong>,</strong></span> <span class='ocrx_word' id='word_1_238' title='bbox 1354 1869 1496 1940; x_wconf 87' lang='lat' dir='ltr'><strong>quod</strong></span> <span class='ocrx_word' id='word_1_239' title='bbox 1541 1869 1630 1937; x_wconf 87' lang='lat' dir='ltr'><strong>qui</strong></span> <span class='ocrx_word' id='word_1_240' title='bbox 1671 1866 1838 1920; x_wconf 88' lang='lat' dir='ltr'><strong>semel</strong></span> <span class='ocrx_word' id='word_1_241' title='bbox 1901 1866 2040 1917; x_wconf 87' lang='lat' dir='ltr'><strong>lotus</strong></span> <span class='ocrx_word' id='word_1_242' title='bbox 2075 1867 2114 1918; x_wconf 82' lang='grc' dir='ltr'>Β</span> <span class='ocrx_word' id='word_1_243' title='bbox 2146 1873 2489 1928; x_wconf 76' lang='lat' dir='ltr'><strong>nequaquam</strong></span> <span class='ocrx_word' id='word_1_244' title='bbox 2521 1856 2750 1910; x_wconf 86' lang='lat' dir='ltr'><strong>aliorum</strong></span> <span class='ocrx_word' id='word_1_245' title='bbox 2791 1867 2945 1918; x_wconf 89' lang='lat' dir='ltr'><strong>nece,</strong></span> <span class='ocrx_word' id='word_1_246' title='bbox 2986 1852 3085 1906; x_wconf 83' lang='lat' dir='ltr'><strong>sed</strong></span> <span class='ocrx_word' id='word_1_247' title='bbox 3127 1864 3226 1903; x_wconf 79' lang='lat' dir='ltr'><strong>sua</strong></span> <span class='ocrx_word' id='word_1_248' title='bbox 3256 1854 3430 1900; x_wconf 85' lang='lat' dir='ltr'><strong>morte</strong></span> <span class='ocrx_word' id='word_1_249' title='bbox 3468 1853 3720 1897; x_wconf 80' lang='lat' dir='ltr'><strong>saturen-</strong></span> 
     </span>
    </p>
   </div>
   <div class='ocr_carea' id='block_1_34' title="bbox 452 1957 2030 2037">
    <p class='ocr_par' dir='ltr' id='par_1_34' title="bbox 452 1957 2030 2037">
     <span class='ocr_line' id='line_1_34' title="bbox 452 1957 2030 2037; baseline -0.013 -9"><span class='ocrx_word' id='word_1_250' title='bbox 452 1979 545 2037; x_wconf 73' lang='lat' dir='ltr'><strong>sit,</strong></span> <span class='ocrx_word' id='word_1_251' title='bbox 575 1987 682 2027; x_wconf 89' lang='lat' dir='ltr'><strong>non</strong></span> <span class='ocrx_word' id='word_1_252' title='bbox 728 1971 924 2024; x_wconf 66' lang='lat' dir='ltr'><strong>habent</strong></span> <span class='ocrx_word' id='word_1_253' title='bbox 966 1980 1191 2020; x_wconf 88' lang='lat' dir='ltr'><strong>necesse</strong></span> <span class='ocrx_word' id='word_1_254' title='bbox 1240 1964 1343 2018; x_wconf 86' lang='lat' dir='ltr'><strong>nisi</strong></span> <span class='ocrx_word' id='word_1_255' title='bbox 1392 1963 1556 2032; x_wconf 85' lang='lat' dir='ltr'><strong>pedes</strong></span> <span class='ocrx_word' id='word_1_256' title='bbox 1605 1961 1787 2014; x_wconf 82' lang='lat' dir='ltr'><strong>lavare</strong></span> <span class='ocrx_word' id='word_1_257' title='bbox 1841 1957 2030 2027; x_wconf 76' lang='lat' dir='ltr'><strong>(Joau.</strong></span> 
     </span>
    </p>
   </div>
   <div class='ocr_carea' id='block_1_35' title="bbox 452 2054 2036 2135">
    <p class='ocr_par' dir='ltr' id='par_1_35' title="bbox 452 2054 2036 2135">
     <span class='ocr_line' id='line_1_35' title="bbox 452 2054 2036 2135; baseline -0.011 -16"><span class='ocrx_word' id='word_1_258' title='bbox 452 2068 594 2135; x_wconf 78' lang='lat' dir='ltr'><strong>xm).</strong></span> <span class='ocrx_word' id='word_1_259' title='bbox 651 2063 754 2117; x_wconf 80' lang='lat' dir='ltr'><strong>Per</strong></span> <span class='ocrx_word' id='word_1_260' title='bbox 807 2075 925 2130; x_wconf 73' lang='lat' dir='ltr'><strong>qua:</strong></span> <span class='ocrx_word' id='word_1_261' title='bbox 977 2058 1160 2112; x_wconf 81' lang='lat' dir='ltr'><strong>ontnia</strong></span> <span class='ocrx_word' id='word_1_262' title='bbox 1217 2057 1377 2111; x_wconf 84' lang='lat' dir='ltr'><strong>discit</strong></span> <span class='ocrx_word' id='word_1_263' title='bbox 1426 2054 1704 2117; x_wconf 82' lang='lat' dir='ltr'><strong>Ecclesia,</strong></span> <span class='ocrx_word' id='word_1_264' title='bbox 1759 2067 1865 2104; x_wconf 87' lang='lat' dir='ltr'><strong>non</strong></span> <span class='ocrx_word' id='word_1_265' title='bbox 1917 2062 2036 2103; x_wconf 83' lang='lat' dir='ltr'><strong>esse</strong></span> 
     </span>
    </p>
   </div>
   <div class='ocr_carea' id='block_1_36' title="bbox 457 2142 2036 2219">
    <p class='ocr_par' dir='ltr' id='par_1_36' title="bbox 457 2142 2036 2219">
     <span class='ocr_line' id='line_1_36' title="bbox 457 2142 2036 2219; baseline -0.009 -13"><span class='ocrx_word' id='word_1_266' title='bbox 457 2157 619 2210; x_wconf 79' lang='lat' dir='ltr'><strong>alium</strong></span> <span class='ocrx_word' id='word_1_267' title='bbox 657 2153 941 2206; x_wconf 86' lang='lat' dir='ltr'><strong>Dominum</strong></span> <span class='ocrx_word' id='word_1_268' title='bbox 973 2159 1168 2219; x_wconf 67' lang='lat' dir='ltr'><strong>praeter</strong></span> <span class='ocrx_word' id='word_1_269' title='bbox 1201 2161 1345 2209; x_wconf 87' lang='lat' dir='ltr'><strong>eum,</strong></span> <span class='ocrx_word' id='word_1_270' title='bbox 1399 2158 1561 2215; x_wconf 87' lang='lat' dir='ltr'><strong>quem</strong></span> <span class='ocrx_word' id='word_1_271' title='bbox 1617 2142 1708 2212; x_wconf 91' lang='lat' dir='ltr'><strong>qui</strong></span> <span class='ocrx_word' id='word_1_272' title='bbox 1745 2148 2036 2210; x_wconf 80' lang='lat' dir='ltr'><strong>exspecta-</strong></span> 
     </span>
    </p>
   </div>
   <div class='ocr_carea' id='block_1_37' title="bbox 458 2237 1604 2313">
    <p class='ocr_par' dir='ltr' id='par_1_37' title="bbox 458 2237 1604 2313">
     <span class='ocr_line' id='line_1_37' title="bbox 458 2237 1604 2313; baseline -0.01 -10"><span class='ocrx_word' id='word_1_273' title='bbox 458 2251 653 2312; x_wconf 80' lang='lat' dir='ltr'><strong>vcrint,</strong></span> <span class='ocrx_word' id='word_1_274' title='bbox 685 2255 941 2300; x_wconf 61' lang='lat' dir='ltr'><strong>aeternam</strong></span> <span class='ocrx_word' id='word_1_275' title='bbox 970 2242 1194 2313; x_wconf 82' lang='lat' dir='ltr'><strong>gloriam</strong></span> <span class='ocrx_word' id='word_1_276' title='bbox 1229 2237 1604 2308; x_wconf 85' lang='lat' dir='ltr'><strong>possidebunt.</strong></span> 
     </span>
    </p>
   </div>
   <div class='ocr_carea' id='block_1_38' title="bbox 534 2322 2040 2411">
    <p class='ocr_par' dir='ltr' id='par_1_38' title="bbox 534 2322 2040 2411">
     <span class='ocr_line' id='line_1_38' title="bbox 534 2322 2040 2411; baseline -0.011 -19"><span class='ocrx_word' id='word_1_277' title='bbox 534 2339 716 2411; x_wconf 79' lang='lat' dir='ltr'><strong>(Vers.</strong></span> <span class='ocrx_word' id='word_1_278' title='bbox 740 2337 810 2391; x_wconf 69' lang='grc'><strong>24</strong></span> <span class='ocrx_word' id='word_1_279' title='bbox 830 2335 1009 2406; x_wconf 86' lang='lat' dir='ltr'><strong>seqq.)</strong></span> <span class='ocrx_word' id='word_1_280' title='bbox 1035 2353 1054 2385; x_wconf 71' lang='grc' dir='ltr'><strong>ι</strong></span> <span class='ocrx_word' id='word_1_281' title='bbox 1077 2331 1333 2402; x_wconf 86' lang='lat' dir='ltr'><strong>Nunquid</strong></span> <span class='ocrx_word' id='word_1_282' title='bbox 1377 2330 1594 2385; x_wconf 74' lang='lat' dir='ltr'><strong>toiletur</strong></span> <span class='ocrx_word' id='word_1_283' title='bbox 1616 2343 1646 2381; x_wconf 91' lang='lat' dir='ltr'><strong>a</strong></span> <span class='ocrx_word' id='word_1_284' title='bbox 1675 2324 1800 2381; x_wconf 83' lang='lat' dir='ltr'><strong>lorti</strong></span> <span class='ocrx_word' id='word_1_285' title='bbox 1819 2322 2040 2397; x_wconf 66' lang='lat' dir='ltr'><strong>praeda?</strong></span> 
     </span>
    </p>
   </div>
   <div class='ocr_carea' id='block_1_39' title="bbox 458 2421 2040 2501">
    <p class='ocr_par' dir='ltr' id='par_1_39' title="bbox 458 2421 2040 2501">
     <span class='ocr_line' id='line_1_39' title="bbox 458 2421 2040 2501; baseline -0.011 -15"><span class='ocrx_word' id='word_1_286' title='bbox 458 2443 550 2486; x_wconf 89' lang='lat' dir='ltr'><strong>aut</strong></span> <span class='ocrx_word' id='word_1_287' title='bbox 579 2432 722 2501; x_wconf 83' lang='lat' dir='ltr'><strong>quod</strong></span> <span class='ocrx_word' id='word_1_288' title='bbox 749 2440 966 2496; x_wconf 79' lang='lat' dir='ltr'><strong>captum</strong></span> <span class='ocrx_word' id='word_1_289' title='bbox 997 2425 1164 2480; x_wconf 77' lang='lat' dir='ltr'><strong>fuerit</strong></span> <span class='ocrx_word' id='word_1_290' title='bbox 1189 2440 1219 2478; x_wconf 88' lang='lat' dir='ltr'><strong>a</strong></span> <span class='ocrx_word' id='word_1_291' title='bbox 1245 2424 1489 2482; x_wconf 88' lang='lat' dir='ltr'><strong>robusto,</strong></span> <span class='ocrx_word' id='word_1_292' title='bbox 1521 2421 1733 2476; x_wconf 81' lang='lat' dir='ltr'><strong>salvum</strong></span> <span class='ocrx_word' id='word_1_293' title='bbox 1763 2432 1885 2472; x_wconf 82' lang='lat' dir='ltr'><strong>esse</strong></span> <span class='ocrx_word' id='word_1_294' title='bbox 1941 2430 2040 2483; x_wconf 81' lang='lat' dir='ltr'><strong>po-</strong></span> 
     </span>
    </p>
   </div>
   <div class='ocr_carea' id='block_1_40' title="bbox 460 2508 2041 2588">
    <p class='ocr_par' dir='ltr' id='par_1_40' title="bbox 460 2508 2041 2588">
     <span class='ocr_line' id='line_1_40' title="bbox 460 2508 2041 2588; baseline -0.013 -9"><span class='ocrx_word' id='word_1_295' title='bbox 460 2521 923 2588; x_wconf 69' lang='lat' dir='ltr'><strong>terittQuialtacc</strong></span> <span class='ocrx_word' id='word_1_296' title='bbox 947 2517 1083 2572; x_wconf 90' lang='lat' dir='ltr'><strong>dicit</strong></span> <span class='ocrx_word' id='word_1_297' title='bbox 1111 2515 1405 2570; x_wconf 87' lang='lat' dir='ltr'><strong>Dominus:</strong></span> <span class='ocrx_word' id='word_1_298' title='bbox 1443 2511 1704 2581; x_wconf 85' lang='lat' dir='ltr'><strong>Equidem</strong></span> <span class='ocrx_word' id='word_1_299' title='bbox 1755 2518 1810 2564; x_wconf 89' lang='lat' dir='ltr'><strong>et</strong></span> <span class='ocrx_word' id='word_1_300' title='bbox 1863 2508 2041 2576; x_wconf 82' lang='lat' dir='ltr'><strong>capti-</strong></span> 
     </span>
    </p>
   </div>
   <div class='ocr_carea' id='block_1_41' title="bbox 462 2603 2043 2677">
    <p class='ocr_par' dir='ltr' id='par_1_41' title="bbox 462 2603 2043 2677">
     <span class='ocr_line' id='line_1_41' title="bbox 462 2603 2043 2677; baseline -0.009 -8"><span class='ocrx_word' id='word_1_301' title='bbox 462 2619 600 2671; x_wconf 80' lang='lat' dir='ltr'><strong>vitas</strong></span> <span class='ocrx_word' id='word_1_302' title='bbox 624 2631 654 2669; x_wconf 88' lang='lat' dir='ltr'><strong>a</strong></span> <span class='ocrx_word' id='word_1_303' title='bbox 682 2613 807 2668; x_wconf 81' lang='lat' dir='ltr'><strong>forti</strong></span> <span class='ocrx_word' id='word_1_304' title='bbox 840 2613 1090 2667; x_wconf 89' lang='lat' dir='ltr'><strong>tolletur:</strong></span> <span class='ocrx_word' id='word_1_305' title='bbox 1129 2617 1184 2663; x_wconf 86' lang='lat' dir='ltr'><strong>et</strong></span> <span class='ocrx_word' id='word_1_306' title='bbox 1209 2607 1350 2677; x_wconf 90' lang='lat' dir='ltr'><strong>quod</strong></span> <span class='ocrx_word' id='word_1_307' title='bbox 1380 2606 1618 2660; x_wconf 87' lang='lat' dir='ltr'><strong>ablatum</strong></span> <span class='ocrx_word' id='word_1_308' title='bbox 1671 2603 1836 2658; x_wconf 80' lang='lat' dir='ltr'><strong>fuerit</strong></span> <span class='ocrx_word' id='word_1_309' title='bbox 1887 2615 1916 2654; x_wconf 94' lang='lat' dir='ltr'><strong>a</strong></span> <span class='ocrx_word' id='word_1_310' title='bbox 1959 2615 2043 2654; x_wconf 87' lang='lat' dir='ltr'><strong>ro-</strong></span> 
     </span>
    </p>
   </div>
   <div class='ocr_carea' id='block_1_42' title="bbox 461 2697 2046 2771">
    <p class='ocr_par' dir='ltr' id='par_1_42' title="bbox 461 2697 2046 2771">
     <span class='ocr_line' id='line_1_42' title="bbox 461 2697 2046 2771; baseline -0.011 -10"><span class='ocrx_word' id='word_1_311' title='bbox 461 2710 642 2771; x_wconf 84' lang='lat' dir='ltr'><strong>busto,</strong></span> <span class='ocrx_word' id='word_1_312' title='bbox 665 2703 984 2760; x_wconf 67' lang='lat' dir='ltr'><strong>Saluabitur.</strong></span> <span class='ocrx_word' id='word_1_313' title='bbox 1015 2700 1122 2755; x_wconf 84' lang='lat' dir='ltr'><strong>Eos</strong></span> <span class='ocrx_word' id='word_1_314' title='bbox 1145 2714 1274 2754; x_wconf 89' lang='lat' dir='ltr'><strong>vero</strong></span> <span class='ocrx_word' id='word_1_315' title='bbox 1301 2697 1393 2766; x_wconf 88' lang='lat' dir='ltr'><strong>qui</strong></span> <span class='ocrx_word' id='word_1_316' title='bbox 1412 2697 1794 2767; x_wconf 83' lang='lat' dir='ltr'><strong>judicaverunt</strong></span> <span class='ocrx_word' id='word_1_317' title='bbox 1827 2702 1900 2757; x_wconf 90' lang='lat' dir='ltr'><strong>te,</strong></span> <span class='ocrx_word' id='word_1_318' title='bbox 1947 2704 2046 2760; x_wconf 85' lang='lat' dir='ltr'><strong>ego</strong></span> 
     </span>
    </p>
   </div>
   <div class='ocr_carea' id='block_1_43' title="bbox 461 2783 2046 2870">
    <p class='ocr_par' dir='ltr' id='par_1_43' title="bbox 461 2783 2046 2870">
     <span class='ocr_line' id='line_1_43' title="bbox 461 2783 2046 2870; baseline -0.012 -17"><span class='ocrx_word' id='word_1_319' title='bbox 461 2799 835 2870; x_wconf 56' lang='lat' dir='ltr'><strong>judicabomt</strong></span> <span class='ocrx_word' id='word_1_320' title='bbox 891 2793 1035 2848; x_wconf 83' lang='lat' dir='ltr'><strong>ﬁlios</strong></span> <span class='ocrx_word' id='word_1_321' title='bbox 1090 2800 1213 2846; x_wconf 90' lang='lat' dir='ltr'><strong>tuos</strong></span> <span class='ocrx_word' id='word_1_322' title='bbox 1271 2806 1372 2860; x_wconf 77' lang='lat' dir='ltr'><strong>ego</strong></span> <span class='ocrx_word' id='word_1_323' title='bbox 1425 2788 1670 2842; x_wconf 83' lang='lat' dir='ltr'><strong>salvabo.</strong></span> <span class='ocrx_word' id='word_1_324' title='bbox 1725 2786 1792 2840; x_wconf 89' lang='lat' dir='ltr'><strong>Et</strong></span> <span class='ocrx_word' id='word_1_325' title='bbox 1852 2783 2046 2838; x_wconf 84' lang='lat' dir='ltr'><strong>cibabo</strong></span> 
     </span>
    </p>
   </div>
   <div class='ocr_carea' id='block_1_44' title="bbox 465 2873 2048 2947">
    <p class='ocr_par' dir='ltr' id='par_1_44' title="bbox 465 2873 2048 2947">
     <span class='ocr_line' id='line_1_44' title="bbox 465 2873 2048 2947; baseline -0.01 -5"><span class='ocrx_word' id='word_1_326' title='bbox 465 2893 652 2942; x_wconf 73' lang='lat' dir='ltr'><strong>hostes</strong></span> <span class='ocrx_word' id='word_1_327' title='bbox 679 2896 803 2940; x_wconf 83' lang='lat' dir='ltr'><strong>tuos</strong></span> <span class='ocrx_word' id='word_1_328' title='bbox 830 2883 1090 2938; x_wconf 63' lang='lat' dir='ltr'><strong>carnibus</strong></span> <span class='ocrx_word' id='word_1_329' title='bbox 1115 2881 1248 2942; x_wconf 84' lang='lat' dir='ltr'><strong>suis,</strong></span> <span class='ocrx_word' id='word_1_330' title='bbox 1279 2891 1331 2934; x_wconf 91' lang='lat' dir='ltr'><strong>et</strong></span> <span class='ocrx_word' id='word_1_331' title='bbox 1357 2878 1517 2947; x_wconf 83' lang='lat' dir='ltr'><strong>quasi</strong></span> <span class='ocrx_word' id='word_1_332' title='bbox 1545 2885 1728 2930; x_wconf 88' lang='lat' dir='ltr'><strong>musto</strong></span> <span class='ocrx_word' id='word_1_333' title='bbox 1781 2873 2048 2941; x_wconf 79' lang='lat' dir='ltr'><strong>sanguine</strong></span> 
     </span>
    </p>
   </div>
   <div class='ocr_carea' id='block_1_45' title="bbox 466 2968 2050 3036">
    <p class='ocr_par' dir='ltr' id='par_1_45' title="bbox 466 2968 2050 3036">
     <span class='ocr_line' id='line_1_45' title="bbox 466 2968 2050 3036; baseline -0.009 -2"><span class='ocrx_word' id='word_1_334' title='bbox 466 2977 1036 3036; x_wconf 69' lang='lat' dir='ltr'><strong>suoincbriabuutur:</strong></span> <span class='ocrx_word' id='word_1_335' title='bbox 1064 2983 1120 3028; x_wconf 88' lang='lat' dir='ltr'><strong>et</strong></span> <span class='ocrx_word' id='word_1_336' title='bbox 1147 2974 1285 3027; x_wconf 80' lang='lat' dir='ltr'><strong>sciet</strong></span> <span class='ocrx_word' id='word_1_337' title='bbox 1343 2971 1524 3026; x_wconf 86' lang='lat' dir='ltr'><strong>omnis</strong></span> <span class='ocrx_word' id='word_1_338' title='bbox 1569 2984 1722 3032; x_wconf 79' lang='lat' dir='ltr'><strong>caro,</strong></span> <span class='ocrx_word' id='word_1_339' title='bbox 1767 2968 1894 3036; x_wconf 82' lang='lat' dir='ltr'><strong>quia</strong></span> <span class='ocrx_word' id='word_1_340' title='bbox 1947 2978 2050 3032; x_wconf 81' lang='lat' dir='ltr'><strong>ego</strong></span> 
     </span>
    </p>
   </div>
   <div class='ocr_carea' id='block_1_46' title="bbox 471 3060 2041 3136">
    <p class='ocr_par' dir='ltr' id='par_1_46' title="bbox 471 3060 2041 3136">
     <span class='ocr_line' id='line_1_46' title="bbox 471 3060 2041 3136; baseline -0.013 -6"><span class='ocrx_word' id='word_1_341' title='bbox 471 3075 732 3130; x_wconf 84' lang='lat' dir='ltr'><strong>Dominus</strong></span> <span class='ocrx_word' id='word_1_342' title='bbox 755 3074 970 3128; x_wconf 82' lang='lat' dir='ltr'><strong>salvaus</strong></span> <span class='ocrx_word' id='word_1_343' title='bbox 995 3077 1133 3134; x_wconf 83' lang='lat' dir='ltr'><strong>te,et</strong></span> <span class='ocrx_word' id='word_1_344' title='bbox 1153 3070 1460 3136; x_wconf 85' lang='lat' dir='ltr'><strong>redemptor</strong></span> <span class='ocrx_word' id='word_1_345' title='bbox 1483 3078 1606 3119; x_wconf 86' lang='lat' dir='ltr'><strong>tuus</strong></span> <span class='ocrx_word' id='word_1_346' title='bbox 1629 3063 1788 3117; x_wconf 79' lang='lat' dir='ltr'><strong>fortis</strong></span> <span class='ocrx_word' id='word_1_347' title='bbox 1808 3060 1996 3114; x_wconf 78' lang='lat' dir='ltr'><strong>Jacob.</strong></span> <span class='ocrx_word' id='word_1_348' title='bbox 2022 3077 2041 3110; x_wconf 73' lang='grc' dir='ltr'><strong>ι</strong></span> 
     </span>
    </p>
   </div>
   <div class='ocr_carea' id='block_1_47' title="bbox 472 3148 2051 3231">
    <p class='ocr_par' dir='ltr' id='par_1_47' title="bbox 472 3148 2051 3231">
     <span class='ocr_line' id='line_1_47' title="bbox 472 3148 2051 3231; baseline -0.013 -9"><span class='ocrx_word' id='word_1_349' title='bbox 472 3165 648 3222; x_wconf 73' lang='lat' dir='ltr'><strong>LXX:</strong></span> <span class='ocrx_word' id='word_1_350' title='bbox 683 3183 703 3216; x_wconf 73' lang='grc' dir='ltr'><strong>ι</strong></span> <span class='ocrx_word' id='word_1_351' title='bbox 737 3163 990 3231; x_wconf 83' lang='lat' dir='ltr'><strong>Nunquid</strong></span> <span class='ocrx_word' id='word_1_352' title='bbox 1041 3159 1275 3228; x_wconf 80' lang='lat' dir='ltr'><strong>accipiet</strong></span> <span class='ocrx_word' id='word_1_353' title='bbox 1317 3158 1439 3226; x_wconf 84' lang='lat' dir='ltr'><strong>quis</strong></span> <span class='ocrx_word' id='word_1_354' title='bbox 1483 3171 1511 3209; x_wconf 88' lang='lat' dir='ltr'><strong>a</strong></span> <span class='ocrx_word' id='word_1_355' title='bbox 1568 3156 1787 3224; x_wconf 77' lang='lat' dir='ltr'><strong>gigante</strong></span> <span class='ocrx_word' id='word_1_356' title='bbox 1841 3148 2051 3220; x_wconf 83' lang='lat' dir='ltr'><strong>spolia?</strong></span> 
     </span>
    </p>
   </div>
   <div class='ocr_carea' id='block_1_48' title="bbox 476 3241 2058 3326">
    <p class='ocr_par' dir='ltr' id='par_1_48' title="bbox 476 3241 2058 3326">
     <span class='ocr_line' id='line_1_48' title="bbox 476 3241 2058 3326; baseline -0.015 -10"><span class='ocrx_word' id='word_1_357' title='bbox 476 3259 604 3315; x_wconf 83' lang='lat' dir='ltr'><strong>Etsi</strong></span> <span class='ocrx_word' id='word_1_358' title='bbox 630 3257 900 3326; x_wconf 75' lang='lat' dir='ltr'><strong>captivum</strong></span> <span class='ocrx_word' id='word_1_359' title='bbox 925 3253 1142 3307; x_wconf 83' lang='lat' dir='ltr'><strong>duxerit</strong></span> <span class='ocrx_word' id='word_1_360' title='bbox 1173 3250 1296 3320; x_wconf 82' lang='lat' dir='ltr'><strong>quis</strong></span> <span class='ocrx_word' id='word_1_361' title='bbox 1326 3249 1538 3318; x_wconf 87' lang='lat' dir='ltr'><strong>inique,</strong></span> <span class='ocrx_word' id='word_1_362' title='bbox 1584 3245 1905 3300; x_wconf 81' lang='lat' dir='ltr'><strong>salvabitur.</strong></span> <span class='ocrx_word' id='word_1_363' title='bbox 1966 3241 2058 3294; x_wconf 86' lang='lat' dir='ltr'><strong>Sic</strong></span> 
     </span>
    </p>
   </div>
   <div class='ocr_carea' id='block_1_49' title="bbox 477 3334 2060 3411">
    <p class='ocr_par' dir='ltr' id='par_1_49' title="bbox 477 3334 2060 3411">
     <span class='ocr_line' id='line_1_49' title="bbox 477 3334 2060 3411; baseline -0.01 -9"><span class='ocrx_word' id='word_1_364' title='bbox 477 3343 1013 3404; x_wconf 80' lang='lat' dir='ltr'><strong>tlicitDontiuus:Si</strong></span> <span class='ocrx_word' id='word_1_365' title='bbox 1044 3342 1166 3411; x_wconf 86' lang='lat' dir='ltr'><strong>quis</strong></span> <span class='ocrx_word' id='word_1_366' title='bbox 1220 3341 1426 3410; x_wconf 83' lang='lat' dir='ltr'><strong>ceperit</strong></span> <span class='ocrx_word' id='word_1_367' title='bbox 1479 3339 1773 3409; x_wconf 78' lang='lat' dir='ltr'><strong>gigantem,</strong></span> <span class='ocrx_word' id='word_1_368' title='bbox 1828 3334 2060 3402; x_wconf 81' lang='lat' dir='ltr'><strong>accipiet</strong></span> 
     </span>
    </p>
   </div>
   <div class='ocr_carea' id='block_1_50' title="bbox 476 3429 2058 3514">
    <p class='ocr_par' dir='ltr' id='par_1_50' title="bbox 476 3429 2058 3514">
     <span class='ocr_line' id='line_1_50' title="bbox 476 3429 2058 3514; baseline -0.011 -17"><span class='ocrx_word' id='word_1_369' title='bbox 476 3443 673 3514; x_wconf 59' lang='lat' dir='ltr'><strong>spolia,</strong></span> <span class='ocrx_word' id='word_1_370' title='bbox 711 3447 766 3492; x_wconf 90' lang='lat' dir='ltr'><strong>ct</strong></span> <span class='ocrx_word' id='word_1_371' title='bbox 798 3438 1074 3507; x_wconf 84' lang='lat' dir='ltr'><strong>accipiens</strong></span> <span class='ocrx_word' id='word_1_372' title='bbox 1102 3451 1137 3488; x_wconf 80' lang='lat' dir='ltr'><strong>a</strong></span> <span class='ocrx_word' id='word_1_373' title='bbox 1161 3435 1283 3488; x_wconf 81' lang='lat' dir='ltr'><strong>forti</strong></span> <span class='ocrx_word' id='word_1_374' title='bbox 1324 3432 1644 3488; x_wconf 76' lang='lat' dir='ltr'><strong>salvabitur.</strong></span> <span class='ocrx_word' id='word_1_375' title='bbox 1703 3429 1814 3498; x_wconf 81' lang='lat' dir='ltr'><strong>Ego</strong></span> <span class='ocrx_word' id='word_1_376' title='bbox 1876 3437 2058 3481; x_wconf 86' lang='lat' dir='ltr'><strong>autem</strong></span> 
     </span>
    </p>
   </div>
   <div class='ocr_carea' id='block_1_51' title="bbox 476 3520 2060 3604">
    <p class='ocr_par' dir='ltr' id='par_1_51' title="bbox 476 3520 2060 3604">
     <span class='ocr_line' id='line_1_51' title="bbox 476 3520 2060 3604; baseline -0.011 -16"><span class='ocrx_word' id='word_1_377' title='bbox 476 3534 736 3604; x_wconf 68' lang='lat' dir='ltr'><strong>iudicium</strong></span> <span class='ocrx_word' id='word_1_378' title='bbox 803 3546 979 3584; x_wconf 81' lang='lat' dir='ltr'><strong>meum</strong></span> <span class='ocrx_word' id='word_1_379' title='bbox 1060 3525 1339 3597; x_wconf 81' lang='lat' dir='ltr'><strong>judicabo.</strong></span> <span class='ocrx_word' id='word_1_380' title='bbox 1394 3524 1458 3577; x_wconf 85' lang='lat' dir='ltr'><strong>Et</strong></span> <span class='ocrx_word' id='word_1_381' title='bbox 1532 3536 1634 3592; x_wconf 82' lang='lat' dir='ltr'><strong>ego</strong></span> <span class='ocrx_word' id='word_1_382' title='bbox 1708 3520 1847 3574; x_wconf 83' lang='lat' dir='ltr'><strong>illius</strong></span> <span class='ocrx_word' id='word_1_383' title='bbox 1913 3533 2060 3572; x_wconf 75' lang='lat' dir='ltr'><strong>meos</strong></span> 
     </span>
    </p>
   </div>
   <div class='ocr_carea' id='block_1_52' title="bbox 476 3615 2062 3689">
    <p class='ocr_par' dir='ltr' id='par_1_52' title="bbox 476 3615 2062 3689">
     <span class='ocr_line' id='line_1_52' title="bbox 476 3615 2062 3689; baseline -0.012 -8"><span class='ocrx_word' id='word_1_384' title='bbox 476 3641 681 3689; x_wconf 80' lang='lat' dir='ltr'><strong>eruunt,</strong></span> <span class='ocrx_word' id='word_1_385' title='bbox 712 3631 767 3678; x_wconf 89' lang='lat' dir='ltr'><strong>et</strong></span> <span class='ocrx_word' id='word_1_386' title='bbox 819 3622 1104 3675; x_wconf 86' lang='lat' dir='ltr'><strong>comedent</strong></span> <span class='ocrx_word' id='word_1_387' title='bbox 1153 3618 1245 3687; x_wconf 86' lang='lat' dir='ltr'><strong>qui</strong></span> <span class='ocrx_word' id='word_1_388' title='bbox 1295 3615 1695 3669; x_wconf 80' lang='lat' dir='ltr'><strong>tribulaveruut</strong></span> <span class='ocrx_word' id='word_1_389' title='bbox 1747 3621 1818 3675; x_wconf 85' lang='lat' dir='ltr'><strong>te,</strong></span> <span class='ocrx_word' id='word_1_390' title='bbox 1868 3626 2062 3664; x_wconf 86' lang='lat' dir='ltr'><strong>carnes</strong></span> 
     </span>
    </p>
   </div>
   <div class='ocr_carea' id='block_1_53' title="bbox 476 3705 2060 3784">
    <p class='ocr_par' dir='ltr' id='par_1_53' title="bbox 476 3705 2060 3784">
     <span class='ocr_line' id='line_1_53' title="bbox 476 3705 2060 3784; baseline -0.013 -10"><span class='ocrx_word' id='word_1_391' title='bbox 476 3735 624 3784; x_wconf 86' lang='lat' dir='ltr'><strong>suas,</strong></span> <span class='ocrx_word' id='word_1_392' title='bbox 674 3727 728 3772; x_wconf 87' lang='lat' dir='ltr'><strong>et</strong></span> <span class='ocrx_word' id='word_1_393' title='bbox 781 3717 970 3771; x_wconf 83' lang='lat' dir='ltr'><strong>bibent</strong></span> <span class='ocrx_word' id='word_1_394' title='bbox 1025 3712 1180 3782; x_wconf 83' lang='lat' dir='ltr'><strong>quasi</strong></span> <span class='ocrx_word' id='word_1_395' title='bbox 1240 3711 1424 3762; x_wconf 74' lang='lat' dir='ltr'><strong>vitium</strong></span> <span class='ocrx_word' id='word_1_396' title='bbox 1478 3721 1680 3762; x_wconf 86' lang='lat' dir='ltr'><strong>novum</strong></span> <span class='ocrx_word' id='word_1_397' title='bbox 1737 3705 2060 3774; x_wconf 78' lang='lat' dir='ltr'><strong>sanguinem</strong></span> 
     </span>
    </p>
   </div>
   <div class='ocr_carea' id='block_1_54' title="bbox 478 3797 2061 3874">
    <p class='ocr_par' dir='ltr' id='par_1_54' title="bbox 478 3797 2061 3874">
     <span class='ocr_line' id='line_1_54' title="bbox 478 3797 2061 3874; baseline -0.011 -7"><span class='ocrx_word' id='word_1_398' title='bbox 478 3827 658 3874; x_wconf 79' lang='lat' dir='ltr'><strong>suum,</strong></span> <span class='ocrx_word' id='word_1_399' title='bbox 682 3818 736 3863; x_wconf 92' lang='lat' dir='ltr'><strong>ct</strong></span> <span class='ocrx_word' id='word_1_400' title='bbox 769 3805 1223 3862; x_wconf 76' lang='lat' dir='ltr'><strong>inebriabuntur:</strong></span> <span class='ocrx_word' id='word_1_401' title='bbox 1253 3811 1305 3856; x_wconf 87' lang='lat' dir='ltr'><strong>ct</strong></span> <span class='ocrx_word' id='word_1_402' title='bbox 1337 3801 1468 3855; x_wconf 84' lang='lat' dir='ltr'><strong>sciet</strong></span> <span class='ocrx_word' id='word_1_403' title='bbox 1501 3800 1681 3853; x_wconf 82' lang='lat' dir='ltr'><strong>omnis</strong></span> <span class='ocrx_word' id='word_1_404' title='bbox 1739 3812 1868 3852; x_wconf 85' lang='lat' dir='ltr'><strong>caro</strong></span> <span class='ocrx_word' id='word_1_405' title='bbox 1931 3797 2061 3866; x_wconf 81' lang='lat' dir='ltr'><strong>quia</strong></span> 
     </span>
    </p>
   </div>
   <div class='ocr_carea' id='block_1_55' title="bbox 479 3887 2065 3974">
    <p class='ocr_par' dir='ltr' id='par_1_55' title="bbox 479 3887 2065 3974">
     <span class='ocr_line' id='line_1_55' title="bbox 479 3887 2065 3974; baseline -0.012 -16"><span class='ocrx_word' id='word_1_406' title='bbox 479 3920 578 3974; x_wconf 67' lang='lat' dir='ltr'><strong>ego</strong></span> <span class='ocrx_word' id='word_1_407' title='bbox 606 3901 867 3956; x_wconf 79' lang='lat' dir='ltr'><strong>Dominus</strong></span> <span class='ocrx_word' id='word_1_408' title='bbox 896 3899 995 3968; x_wconf 84' lang='lat' dir='ltr'><strong>qui</strong></span> <span class='ocrx_word' id='word_1_409' title='bbox 1018 3895 1134 3950; x_wconf 84' lang='lat' dir='ltr'><strong>erui</strong></span> <span class='ocrx_word' id='word_1_410' title='bbox 1201 3905 1275 3958; x_wconf 87' lang='lat' dir='ltr'><strong>te,</strong></span> <span class='ocrx_word' id='word_1_411' title='bbox 1307 3894 1327 3924; x_wconf 80' lang='lat'><strong>’</strong></span> <span class='ocrx_word' id='word_1_412' title='bbox 1358 3902 1414 3944; x_wconf 91' lang='lat' dir='ltr'><strong>ct</strong></span> <span class='ocrx_word' id='word_1_413' title='bbox 1471 3889 1796 3958; x_wconf 81' lang='lat' dir='ltr'><strong>adjutorium</strong></span> <span class='ocrx_word' id='word_1_414' title='bbox 1847 3887 2065 3941; x_wconf 76' lang='lat' dir='ltr'><strong>fortitu-</strong></span> 
     </span>
    </p>
   </div>
   <div class='ocr_carea' id='block_1_56' title="bbox 481 3979 2063 4058">
    <p class='ocr_par' dir='ltr' id='par_1_56' title="bbox 481 3979 2063 4058">
     <span class='ocr_line' id='line_1_56' title="bbox 481 3979 2063 4058; baseline -0.012 -7"><span class='ocrx_word' id='word_1_415' title='bbox 481 3998 626 4052; x_wconf 88' lang='lat' dir='ltr'><strong>dinis</strong></span> <span class='ocrx_word' id='word_1_416' title='bbox 644 3991 814 4049; x_wconf 82' lang='lat' dir='ltr'><strong>Jacob</strong></span> <span class='ocrx_word' id='word_1_417' title='bbox 839 3993 881 4046; x_wconf 87' lang='grc'><strong>³.</strong></span> <span class='ocrx_word' id='word_1_418' title='bbox 922 4008 941 4041; x_wconf 75' lang='grc' dir='ltr'><strong>ι</strong></span> <span class='ocrx_word' id='word_1_419' title='bbox 977 3986 1139 4058; x_wconf 64' lang='grc'><strong>5⁸14</strong></span> <span class='ocrx_word' id='word_1_420' title='bbox 1188 3984 1447 4039; x_wconf 81' lang='lat' dir='ltr'><strong>Dominus</strong></span> <span class='ocrx_word' id='word_1_421' title='bbox 1505 3992 1690 4037; x_wconf 85' lang='lat' dir='ltr'><strong>noster</strong></span> <span class='ocrx_word' id='word_1_422' title='bbox 1736 3992 1898 4049; x_wconf 84' lang='lat' dir='ltr'><strong>atque</strong></span> <span class='ocrx_word' id='word_1_423' title='bbox 1947 3979 2063 4033; x_wconf 77' lang='lat' dir='ltr'><strong>Sal-</strong></span> 
     </span>
    </p>
   </div>
   <div class='ocr_carea' id='block_1_57' title="bbox 484 4073 2063 4156">
    <p class='ocr_par' dir='ltr' id='par_1_57' title="bbox 484 4073 2063 4156">
     <span class='ocr_line' id='line_1_57' title="bbox 484 4073 2063 4156; baseline -0.011 -16"><span class='ocrx_word' id='word_1_424' title='bbox 484 4097 660 4152; x_wconf 78' lang='lat' dir='ltr'><strong>vator,</strong></span> <span class='ocrx_word' id='word_1_425' title='bbox 692 4087 784 4156; x_wconf 87' lang='lat' dir='ltr'><strong>qtti</strong></span> <span class='ocrx_word' id='word_1_426' title='bbox 814 4083 968 4153; x_wconf 85' lang='lat' dir='ltr'><strong>prius</strong></span> <span class='ocrx_word' id='word_1_427' title='bbox 997 4082 1210 4135; x_wconf 87' lang='lat' dir='ltr'><strong>locutus</strong></span> <span class='ocrx_word' id='word_1_428' title='bbox 1245 4078 1419 4132; x_wconf 80' lang='lat' dir='ltr'><strong>fuerat</strong></span> <span class='ocrx_word' id='word_1_429' title='bbox 1444 4091 1538 4146; x_wconf 78' lang='lat' dir='ltr'><strong>per</strong></span> <span class='ocrx_word' id='word_1_430' title='bbox 1569 4075 1789 4140; x_wconf 84' lang='lat' dir='ltr'><strong>Isaiam,</strong></span> <span class='ocrx_word' id='word_1_431' title='bbox 1842 4075 1957 4142; x_wconf 87' lang='lat' dir='ltr'><strong>ipse</strong></span> <span class='ocrx_word' id='word_1_432' title='bbox 2011 4073 2063 4125; x_wconf 90' lang='lat' dir='ltr'><strong>in</strong></span> 
     </span>
    </p>
   </div>
   <div class='ocr_carea' id='block_1_58' title="bbox 486 4168 2064 4248">
    <p class='ocr_par' dir='ltr' id='par_1_58' title="bbox 486 4168 2064 4248">
     <span class='ocr_line' id='line_1_58' title="bbox 486 4168 2064 4248; baseline -0.011 -13"><span class='ocrx_word' id='word_1_433' title='bbox 486 4179 773 4248; x_wconf 74' lang='lat' dir='ltr'><strong>Evangelia</strong></span> <span class='ocrx_word' id='word_1_434' title='bbox 799 4176 1052 4231; x_wconf 83' lang='lat' dir='ltr'><strong>eumdem</strong></span> <span class='ocrx_word' id='word_1_435' title='bbox 1088 4186 1313 4227; x_wconf 76' lang='lat' dir='ltr'><strong>sensum</strong></span> <span class='ocrx_word' id='word_1_436' title='bbox 1364 4169 1597 4237; x_wconf 81' lang='lat' dir='ltr'><strong>repetit:</strong></span> <span class='ocrx_word' id='word_1_437' title='bbox 1633 4168 1906 4236; x_wconf 86' lang='lat' dir='ltr'><strong>quomodo</strong></span> <span class='ocrx_word' id='word_1_438' title='bbox 1965 4181 2064 4233; x_wconf 83' lang='lat' dir='ltr'><strong>po-</strong></span> 
     </span>
    </p>
   </div>
   <div class='ocr_carea' id='block_1_59' title="bbox 487 4258 2068 4339">
    <p class='ocr_par' dir='ltr' id='par_1_59' title="bbox 487 4258 2068 4339">
     <span class='ocr_line' id='line_1_59' title="bbox 487 4258 2068 4339; baseline -0.009 -14"><span class='ocrx_word' id='word_1_439' title='bbox 487 4271 806 4339; x_wconf 76' lang='lat' dir='ltr'><strong>testaiiquis</strong></span> <span class='ocrx_word' id='word_1_440' title='bbox 836 4271 1044 4322; x_wconf 80' lang='lat' dir='ltr'><strong>intrare</strong></span> <span class='ocrx_word' id='word_1_441' title='bbox 1075 4267 1130 4319; x_wconf 89' lang='lat' dir='ltr'><strong>in</strong></span> <span class='ocrx_word' id='word_1_442' title='bbox 1159 4265 1380 4317; x_wconf 86' lang='lat' dir='ltr'><strong>domum</strong></span> <span class='ocrx_word' id='word_1_443' title='bbox 1431 4261 1608 4327; x_wconf 82' lang='lat' dir='ltr'><strong>fortis,</strong></span> <span class='ocrx_word' id='word_1_444' title='bbox 1660 4272 1714 4313; x_wconf 88' lang='lat' dir='ltr'><strong>et</strong></span> <span class='ocrx_word' id='word_1_445' title='bbox 1762 4274 1892 4313; x_wconf 83' lang='lat' dir='ltr'><strong>vasa</strong></span> <span class='ocrx_word' id='word_1_446' title='bbox 1949 4258 2068 4325; x_wconf 86' lang='lat' dir='ltr'><strong>ejus</strong></span> 
     </span>
    </p>
   </div>
   <div class='ocr_carea' id='block_1_60' title="bbox 490 4351 2069 4433">
    <p class='ocr_par' dir='ltr' id='par_1_60' title="bbox 490 4351 2069 4433">
     <span class='ocr_line' id='line_1_60' title="bbox 490 4351 2069 4433; baseline -0.01 -14"><span class='ocrx_word' id='word_1_447' title='bbox 490 4367 744 4433; x_wconf 81' lang='lat' dir='ltr'><strong>diripere,</strong></span> <span class='ocrx_word' id='word_1_448' title='bbox 780 4363 889 4415; x_wconf 43' lang='lat' dir='ltr'><strong>nisi.</strong></span> <span class='ocrx_word' id='word_1_449' title='bbox 914 4361 1143 4430; x_wconf 83' lang='lat' dir='ltr'><strong>primum</strong></span> <span class='ocrx_word' id='word_1_450' title='bbox 1180 4357 1428 4424; x_wconf 79' lang='lat' dir='ltr'><strong>ligaverit</strong></span> <span class='ocrx_word' id='word_1_451' title='bbox 1457 4354 1678 4418; x_wconf 79' lang='lat' dir='ltr'><strong>fortem,</strong></span> <span class='ocrx_word' id='word_1_452' title='bbox 1711 4364 1762 4408; x_wconf 83' lang='lat' dir='ltr'><strong>et</strong></span> <span class='ocrx_word' id='word_1_453' title='bbox 1788 4364 1918 4404; x_wconf 88' lang='lat' dir='ltr'><strong>tunc</strong></span> <span class='ocrx_word' id='word_1_454' title='bbox 1974 4351 2069 4404; x_wconf 81' lang='lat' dir='ltr'><strong>d0-</strong></span> 
     </span>
    </p>
   </div>
   <div class='ocr_carea' id='block_1_61' title="bbox 491 4444 2070 4522">
    <p class='ocr_par' dir='ltr' id='par_1_61' title="bbox 491 4444 2070 4522">
     <span class='ocr_line' id='line_1_61' title="bbox 491 4444 2070 4522; baseline -0.01 -12"><span class='ocrx_word' id='word_1_455' title='bbox 491 4473 634 4511; x_wconf 89' lang='lat' dir='ltr'><strong>mutu</strong></span> <span class='ocrx_word' id='word_1_456' title='bbox 670 4456 790 4522; x_wconf 87' lang='lat' dir='ltr'><strong>ejus</strong></span> <span class='ocrx_word' id='word_1_457' title='bbox 820 4453 1039 4520; x_wconf 82' lang='lat' dir='ltr'><strong>diripiet</strong></span> <span class='ocrx_word' id='word_1_458' title='bbox 1069 4449 1265 4519; x_wconf 73' lang='lat' dir='ltr'><strong>(Mare.</strong></span> <span class='ocrx_word' id='word_1_459' title='bbox 1299 4455 1383 4517; x_wconf 84' lang='lat' dir='ltr'><strong>In)</strong></span> <span class='ocrx_word' id='word_1_460' title='bbox 1427 4447 1450 4500; x_wconf 78' lang='lat' dir='ltr'><strong>‘i</strong></span> <span class='ocrx_word' id='word_1_461' title='bbox 1477 4446 1656 4501; x_wconf 87' lang='lat' dir='ltr'><strong>Fortis</strong></span> <span class='ocrx_word' id='word_1_462' title='bbox 1686 4454 1739 4500; x_wconf 86' lang='lat' dir='ltr'><strong>et</strong></span> <span class='ocrx_word' id='word_1_463' title='bbox 1756 4446 1928 4515; x_wconf 78' lang='lat' dir='ltr'><strong>gigas,</strong></span> <span class='ocrx_word' id='word_1_464' title='bbox 1953 4444 2070 4498; x_wconf 85' lang='lat' dir='ltr'><strong>dia-</strong></span> 
     </span>
    </p>
   </div>
   <div class='ocr_carea' id='block_1_62' title="bbox 2141 1933 3721 2020">
    <p class='ocr_par' dir='ltr' id='par_1_62' title="bbox 2141 1933 3721 2020">
     <span class='ocr_line' id='line_1_62' title="bbox 2141 1933 3721 2020; baseline -0.015 -15"><span class='ocrx_word' id='word_1_465' title='bbox 2141 1965 2246 2006; x_wconf 90' lang='lat' dir='ltr'><strong>tur.</strong></span> <span class='ocrx_word' id='word_1_466' title='bbox 2272 1952 2335 2004; x_wconf 82' lang='lat' dir='ltr'><strong>Et</strong></span> <span class='ocrx_word' id='word_1_467' title='bbox 2363 1950 2455 2020; x_wconf 89' lang='lat' dir='ltr'><strong>qui</strong></span> <span class='ocrx_word' id='word_1_468' title='bbox 2481 1963 2676 2004; x_wconf 83' lang='lat' dir='ltr'><strong>carnes</strong></span> <span class='ocrx_word' id='word_1_469' title='bbox 2709 1957 2858 2009; x_wconf 84' lang='lat' dir='ltr'><strong>sunt,</strong></span> <span class='ocrx_word' id='word_1_470' title='bbox 2887 1947 3014 2014; x_wconf 87' lang='lat' dir='ltr'><strong>quia</strong></span> <span class='ocrx_word' id='word_1_471' title='bbox 3059 1942 3154 1998; x_wconf 83' lang='lat' dir='ltr'><strong>Dei</strong></span> <span class='ocrx_word' id='word_1_472' title='bbox 3198 1940 3444 2011; x_wconf 76' lang='lat' dir='ltr'><strong>spiritum</strong></span> <span class='ocrx_word' id='word_1_473' title='bbox 3473 1933 3721 2004; x_wconf 64' lang='lat' dir='ltr'><strong>pertude-</strong></span> 
     </span>
    </p>
   </div>
   <div class='ocr_carea' id='block_1_63' title="bbox 2141 2029 3720 2112">
    <p class='ocr_par' dir='ltr' id='par_1_63' title="bbox 2141 2029 3720 2112">
     <span class='ocr_line' id='line_1_63' title="bbox 2141 2029 3720 2112; baseline -0.011 -13"><span class='ocrx_word' id='word_1_474' title='bbox 2141 2054 2286 2112; x_wconf 89' lang='lat' dir='ltr'><strong>runt,</strong></span> <span class='ocrx_word' id='word_1_475' title='bbox 2349 2046 2463 2098; x_wconf 90' lang='lat' dir='ltr'><strong>suis</strong></span> <span class='ocrx_word' id='word_1_476' title='bbox 2514 2052 2803 2097; x_wconf 81' lang='lat' dir='ltr'><strong>vescantur</strong></span> <span class='ocrx_word' id='word_1_477' title='bbox 2851 2038 3131 2094; x_wconf 84' lang='lat' dir='ltr'><strong>carnibus.</strong></span> <span class='ocrx_word' id='word_1_478' title='bbox 3187 2032 3345 2101; x_wconf 76' lang='lat' dir='ltr'><strong>Quod</strong></span> <span class='ocrx_word' id='word_1_479' title='bbox 3394 2029 3624 2099; x_wconf 77' lang='lat' dir='ltr'><strong>quidem</strong></span> <span class='ocrx_word' id='word_1_480' title='bbox 3671 2037 3720 2081; x_wconf 85' lang='lat' dir='ltr'><strong>et</strong></span> 
     </span>
    </p>
   </div>
   <div class='ocr_carea' id='block_1_64' title="bbox 2142 2125 3720 2205">
    <p class='ocr_par' dir='ltr' id='par_1_64' title="bbox 2142 2125 3720 2205">
     <span class='ocr_line' id='line_1_64' title="bbox 2142 2125 3720 2205; baseline -0.011 -15"><span class='ocrx_word' id='word_1_481' title='bbox 2142 2137 2376 2192; x_wconf 81' lang='lat' dir='ltr'><strong>Sanetus</strong></span> <span class='ocrx_word' id='word_1_482' title='bbox 2398 2137 2636 2205; x_wconf 83' lang='lat' dir='ltr'><strong>loquitur</strong></span> <span class='ocrx_word' id='word_1_483' title='bbox 2660 2133 2714 2188; x_wconf 89' lang='lat' dir='ltr'><strong>in</strong></span> <span class='ocrx_word' id='word_1_484' title='bbox 2748 2132 2983 2186; x_wconf 81' lang='lat' dir='ltr'><strong>Psalmis</strong></span> <span class='ocrx_word' id='word_1_485' title='bbox 3012 2148 3029 2184; x_wconf 92' lang='lat'><strong>:</strong></span> <span class='ocrx_word' id='word_1_486' title='bbox 3069 2127 3202 2183; x_wconf 70' lang='lat' dir='ltr'><strong>Cum</strong></span> <span class='ocrx_word' id='word_1_487' title='bbox 3229 2125 3720 2195; x_wconf 70' lang='lat' dir='ltr'><strong>appmpinquarert</strong></span> 
     </span>
    </p>
   </div>
   <div class='ocr_carea' id='block_1_65' title="bbox 2139 2213 3721 2298">
    <p class='ocr_par' dir='ltr' id='par_1_65' title="bbox 2139 2213 3721 2298">
     <span class='ocr_line' id='line_1_65' title="bbox 2139 2213 3721 2298; baseline -0.011 -15"><span class='ocrx_word' id='word_1_488' title='bbox 2139 2230 2270 2283; x_wconf 83' lang='lat' dir='ltr'><strong>mihi</strong></span> <span class='ocrx_word' id='word_1_489' title='bbox 2291 2230 2381 2298; x_wconf 87' lang='lat' dir='ltr'><strong>qui</strong></span> <span class='ocrx_word' id='word_1_490' title='bbox 2405 2226 2722 2298; x_wconf 78' lang='lat' dir='ltr'><strong>aﬂligebant,</strong></span> <span class='ocrx_word' id='word_1_491' title='bbox 2757 2234 2810 2279; x_wconf 88' lang='lat' dir='ltr'><strong>ut</strong></span> <span class='ocrx_word' id='word_1_492' title='bbox 2835 2223 3164 2277; x_wconf 66' lang='lat' dir='ltr'><strong>comedet-cut</strong></span> <span class='ocrx_word' id='word_1_493' title='bbox 3185 2233 3370 2274; x_wconf 71' lang='lat' dir='ltr'><strong>carnes</strong></span> <span class='ocrx_word' id='word_1_494' title='bbox 3385 2231 3534 2271; x_wconf 66' lang='lat' dir='ltr'><strong>me</strong></span> <span class='ocrx_word' id='word_1_495' title='bbox 3553 2213 3721 2282; x_wconf 78' lang='lat' dir='ltr'><strong>(Psal.</strong></span> 
     </span>
    </p>
   </div>
   <div class='ocr_carea' id='block_1_66' title="bbox 2142 2309 3724 2392">
    <p class='ocr_par' dir='ltr' id='par_1_66' title="bbox 2142 2309 3724 2392">
     <span class='ocr_line' id='line_1_66' title="bbox 2142 2309 3724 2392; baseline -0.011 -15"><span class='ocrx_word' id='word_1_496' title='bbox 2142 2322 2395 2392; x_wconf 52' lang='lat' dir='ltr'><strong>urna).</strong></span> <span class='ocrx_word' id='word_1_497' title='bbox 2433 2319 2554 2374; x_wconf 78' lang='lat' dir='ltr'><strong>Non</strong></span> <span class='ocrx_word' id='word_1_498' title='bbox 2611 2319 2758 2374; x_wconf 86' lang='lat' dir='ltr'><strong>enim</strong></span> <span class='ocrx_word' id='word_1_499' title='bbox 2793 2317 3018 2387; x_wconf 78' lang='lat' dir='ltr'><strong>spiritus</strong></span> <span class='ocrx_word' id='word_1_500' title='bbox 3073 2315 3172 2384; x_wconf 87' lang='lat' dir='ltr'><strong>qui</strong></span> <span class='ocrx_word' id='word_1_501' title='bbox 3209 2309 3580 2382; x_wconf 81' lang='lat' dir='ltr'><strong>incorporalis</strong></span> <span class='ocrx_word' id='word_1_502' title='bbox 3626 2314 3724 2370; x_wconf 73' lang='lat' dir='ltr'><strong>est,</strong></span> 
     </span>
    </p>
   </div>
   <div class='ocr_carea' id='block_1_67' title="bbox 2142 2399 3724 2477">
    <p class='ocr_par' dir='ltr' id='par_1_67' title="bbox 2142 2399 3724 2477">
     <span class='ocr_line' id='line_1_67' title="bbox 2142 2399 3724 2477; baseline -0.013 -5"><span class='ocrx_word' id='word_1_503' title='bbox 2142 2418 2238 2472; x_wconf 87' lang='lat' dir='ltr'><strong>sed</strong></span> <span class='ocrx_word' id='word_1_504' title='bbox 2273 2428 2403 2470; x_wconf 88' lang='lat' dir='ltr'><strong>caro</strong></span> <span class='ocrx_word' id='word_1_505' title='bbox 2439 2413 2763 2477; x_wconf 89' lang='lat' dir='ltr'><strong>eomeditur,</strong></span> <span class='ocrx_word' id='word_1_506' title='bbox 2799 2409 3073 2466; x_wconf 10' lang='lat' dir='ltr'><strong>ferociente</strong></span> <span class='ocrx_word' id='word_1_507' title='bbox 3101 2408 3402 2463; x_wconf 80' lang='lat' dir='ltr'><strong>bestiarum</strong></span> <span class='ocrx_word' id='word_1_508' title='bbox 3442 2399 3724 2458; x_wconf 75' lang='lat' dir='ltr'><strong>morsibus</strong></span> 
     </span>
    </p>
   </div>
   <div class='ocr_carea' id='block_1_68' title="bbox 2146 2497 3726 2580">
    <p class='ocr_par' dir='ltr' id='par_1_68' title="bbox 2146 2497 3726 2580">
     <span class='ocr_line' id='line_1_68' title="bbox 2146 2497 3726 2580; baseline -0.011 -17"><span class='ocrx_word' id='word_1_509' title='bbox 2146 2519 2359 2580; x_wconf 86' lang='lat' dir='ltr'><strong>patens.</strong></span> <span class='ocrx_word' id='word_1_510' title='bbox 2383 2507 2450 2560; x_wconf 84' lang='lat' dir='ltr'><strong>Et</strong></span> <span class='ocrx_word' id='word_1_511' title='bbox 2485 2517 2615 2560; x_wconf 88' lang='lat' dir='ltr'><strong>tunc</strong></span> <span class='ocrx_word' id='word_1_512' title='bbox 2659 2502 2802 2559; x_wconf 80' lang='lat' dir='ltr'><strong>dicet</strong></span> <span class='ocrx_word' id='word_1_513' title='bbox 2850 2501 2982 2557; x_wconf 85' lang='lat' dir='ltr'><strong>Sion</strong></span> <span class='ocrx_word' id='word_1_514' title='bbox 3028 2518 3043 2556; x_wconf 88' lang='lat'><strong>:</strong></span> <span class='ocrx_word' id='word_1_515' title='bbox 3100 2501 3210 2555; x_wconf 89' lang='lat' dir='ltr'><strong>imo</strong></span> <span class='ocrx_word' id='word_1_516' title='bbox 3237 2497 3418 2553; x_wconf 78' lang='lat' dir='ltr'><strong>omnis</strong></span> <span class='ocrx_word' id='word_1_517' title='bbox 3450 2509 3590 2548; x_wconf 78' lang='lat' dir='ltr'><strong>caro</strong></span> <span class='ocrx_word' id='word_1_518' title='bbox 3616 2506 3726 2560; x_wconf 74' lang='lat' dir='ltr'><strong>qua:</strong></span> 
     </span>
    </p>
   </div>
   <div class='ocr_carea' id='block_1_69' title="bbox 2147 2585 3727 2666">
    <p class='ocr_par' dir='ltr' id='par_1_69' title="bbox 2147 2585 3727 2666">
     <span class='ocr_line' id='line_1_69' title="bbox 2147 2585 3727 2666; baseline -0.009 -13"><span class='ocrx_word' id='word_1_519' title='bbox 2147 2599 2348 2654; x_wconf 84' lang='lat' dir='ltr'><strong>videbit</strong></span> <span class='ocrx_word' id='word_1_520' title='bbox 2375 2598 2612 2654; x_wconf 86' lang='lat' dir='ltr'><strong>salutare</strong></span> <span class='ocrx_word' id='word_1_521' title='bbox 2663 2596 2783 2661; x_wconf 90' lang='lat' dir='ltr'><strong>Dei,</strong></span> <span class='ocrx_word' id='word_1_522' title='bbox 2817 2595 2962 2666; x_wconf 89' lang='lat' dir='ltr'><strong>quod</strong></span> <span class='ocrx_word' id='word_1_523' title='bbox 3021 2593 3357 2661; x_wconf 75' lang='lat' dir='ltr'><strong>Redemptor</strong></span> <span class='ocrx_word' id='word_1_524' title='bbox 3410 2598 3588 2657; x_wconf 78' lang='lat' dir='ltr'><strong>atque</strong></span> <span class='ocrx_word' id='word_1_525' title='bbox 3619 2585 3727 2642; x_wconf 60' lang='lat' dir='ltr'><strong>Salo</strong></span> 
     </span>
    </p>
   </div>
   <div class='ocr_carea' id='block_1_70' title="bbox 2147 2676 3727 2761">
    <p class='ocr_par' dir='ltr' id='par_1_70' title="bbox 2147 2676 3727 2761">
     <span class='ocr_line' id='line_1_70' title="bbox 2147 2676 3727 2761; baseline -0.011 -14"><span class='ocrx_word' id='word_1_526' title='bbox 2147 2703 2308 2747; x_wconf 84' lang='lat' dir='ltr'><strong>valor</strong></span> <span class='ocrx_word' id='word_1_527' title='bbox 2334 2693 2454 2761; x_wconf 86' lang='lat' dir='ltr'><strong>ejus</strong></span> <span class='ocrx_word' id='word_1_528' title='bbox 2486 2691 2576 2746; x_wconf 85' lang='lat' dir='ltr'><strong>ille</strong></span> <span class='ocrx_word' id='word_1_529' title='bbox 2605 2691 2677 2743; x_wconf 81' lang='lat' dir='ltr'><strong>sit</strong></span> <span class='ocrx_word' id='word_1_530' title='bbox 2707 2688 2798 2758; x_wconf 89' lang='lat' dir='ltr'><strong>qui</strong></span> <span class='ocrx_word' id='word_1_531' title='bbox 2861 2688 3097 2742; x_wconf 84' lang='lat' dir='ltr'><strong>luctatus</strong></span> <span class='ocrx_word' id='word_1_532' title='bbox 3136 2694 3222 2740; x_wconf 87' lang='lat' dir='ltr'><strong>est</strong></span> <span class='ocrx_word' id='word_1_533' title='bbox 3252 2698 3375 2737; x_wconf 84' lang='lat' dir='ltr'><strong>cum</strong></span> <span class='ocrx_word' id='word_1_534' title='bbox 3425 2679 3624 2744; x_wconf 84' lang='lat' dir='ltr'><strong>Jacob,</strong></span> <span class='ocrx_word' id='word_1_535' title='bbox 3650 2676 3727 2731; x_wconf 83' lang='lat' dir='ltr'><strong>vel</strong></span> 
     </span>
    </p>
   </div>
   <div class='ocr_carea' id='block_1_71' title="bbox 2151 2776 3730 2847">
    <p class='ocr_par' dir='ltr' id='par_1_71' title="bbox 2151 2776 3730 2847">
     <span class='ocr_line' id='line_1_71' title="bbox 2151 2776 3730 2847; baseline -0.011 -7"><span class='ocrx_word' id='word_1_536' title='bbox 2151 2787 2445 2840; x_wconf 78' lang='lat' dir='ltr'><strong>auxiliator</strong></span> <span class='ocrx_word' id='word_1_537' title='bbox 2473 2783 2573 2837; x_wconf 83' lang='lat' dir='ltr'><strong>fuit</strong></span> <span class='ocrx_word' id='word_1_538' title='bbox 2594 2783 2815 2838; x_wconf 83' lang='lat' dir='ltr'><strong>virtutis</strong></span> <span class='ocrx_word' id='word_1_539' title='bbox 2843 2781 3018 2836; x_wconf 81' lang='lat' dir='ltr'><strong>Jacob</strong></span> <span class='ocrx_word' id='word_1_540' title='bbox 3047 2795 3063 2837; x_wconf 90' lang='lat'>:</span> <span class='ocrx_word' id='word_1_541' title='bbox 3095 2789 3155 2833; x_wconf 87' lang='lat' dir='ltr'><strong>ut</strong></span> <span class='ocrx_word' id='word_1_542' title='bbox 3180 2780 3232 2832; x_wconf 92' lang='lat' dir='ltr'><strong>in</strong></span> <span class='ocrx_word' id='word_1_543' title='bbox 3265 2776 3527 2847; x_wconf 80' lang='lat' dir='ltr'><strong>passione</strong></span> <span class='ocrx_word' id='word_1_544' title='bbox 3550 2785 3730 2841; x_wconf 76' lang='lat' dir='ltr'><strong>super-</strong></span> 
     </span>
    </p>
   </div>
   <div class='ocr_carea' id='block_1_72' title="bbox 2151 2863 3727 2941">
    <p class='ocr_par' dir='ltr' id='par_1_72' title="bbox 2151 2863 3727 2941">
     <span class='ocr_line' id='line_1_72' title="bbox 2151 2863 3727 2941; baseline -0.008 -11"><span class='ocrx_word' id='word_1_545' title='bbox 2151 2876 2400 2930; x_wconf 84' lang='lat' dir='ltr'><strong>clevatus</strong></span> <span class='ocrx_word' id='word_1_546' title='bbox 2451 2872 2504 2941; x_wconf 69' lang='lat'><strong>‘,</strong></span> <span class='ocrx_word' id='word_1_547' title='bbox 2585 2871 3031 2941; x_wconf 76' lang='lat' dir='ltr'><strong>cruciﬁgentibus</strong></span> <span class='ocrx_word' id='word_1_548' title='bbox 3091 2868 3441 2923; x_wconf 85' lang='lat' dir='ltr'><strong>benediceret</strong></span> <span class='ocrx_word' id='word_1_549' title='bbox 3491 2881 3508 2918; x_wconf 85' lang='lat'>:</span> <span class='ocrx_word' id='word_1_550' title='bbox 3553 2863 3727 2918; x_wconf 71' lang='lat' dir='ltr'><strong>Pater.</strong></span> 
     </span>
    </p>
   </div>
   <div class='ocr_carea' id='block_1_73' title="bbox 2151 2957 3729 3036">
    <p class='ocr_par' dir='ltr' id='par_1_73' title="bbox 2151 2957 3729 3036">
     <span class='ocr_line' id='line_1_73' title="bbox 2151 2957 3729 3036; baseline -0.006 -19"><span class='ocrx_word' id='word_1_551' title='bbox 2151 2967 2355 3036; x_wconf 77' lang='lat' dir='ltr'><strong>ignosce</strong></span> <span class='ocrx_word' id='word_1_552' title='bbox 2389 2965 2464 3020; x_wconf 73' lang='lat' dir='ltr'><strong>eis</strong></span> <span class='ocrx_word' id='word_1_553' title='bbox 2499 2981 2517 3019; x_wconf 90' lang='lat'><strong><em>:</em></strong></span> <span class='ocrx_word' id='word_1_554' title='bbox 2545 2964 2683 3034; x_wconf 79' lang='lat' dir='ltr'><strong>quod</strong></span> <span class='ocrx_word' id='word_1_555' title='bbox 2710 2965 2851 3017; x_wconf 81' lang='lat' dir='ltr'><strong>enim</strong></span> <span class='ocrx_word' id='word_1_556' title='bbox 2886 2964 3092 3032; x_wconf 76' lang='lat' dir='ltr'><strong>faciunt</strong></span> <span class='ocrx_word' id='word_1_557' title='bbox 3114 2960 3357 3015; x_wconf 73' lang='lat' dir='ltr'><strong>nesciunt</strong></span> <span class='ocrx_word' id='word_1_558' title='bbox 3396 2957 3553 3030; x_wconf 75' lang='lat' dir='ltr'><strong>(Luc.</strong></span> <span class='ocrx_word' id='word_1_559' title='bbox 3581 2970 3729 3018; x_wconf 75' lang='lat' dir='ltr'><strong>mu,</strong></span> 
     </span>
    </p>
   </div>
   <div class='ocr_carea' id='block_1_74' title="bbox 2153 3064 2265 3133">
    <p class='ocr_par' dir='ltr' id='par_1_74' title="bbox 2153 3064 2265 3133">
     <span class='ocr_line' id='line_1_74' title="bbox 2153 3064 2265 3133; baseline 0.018 -17"><span class='ocrx_word' id='word_1_560' title='bbox 2153 3064 2265 3133; x_wconf 71' lang='lat' dir='ltr'><strong>at).</strong></span> 
     </span>
    </p>
   </div>
   <div class='ocr_carea' id='block_1_75' title="bbox 2227 3141 3735 3226">
    <p class='ocr_par' dir='ltr' id='par_1_75' title="bbox 2227 3141 3735 3226">
     <span class='ocr_line' id='line_1_75' title="bbox 2227 3141 3735 3226; baseline -0.011 -14"><span class='ocrx_word' id='word_1_561' title='bbox 2227 3154 2387 3226; x_wconf 79' lang='lat'><strong>5&#39;75</strong></span> <span class='ocrx_word' id='word_1_562' title='bbox 2415 3153 2568 3224; x_wconf 86' lang='lat' dir='ltr'><strong>(Cap.</strong></span> <span class='ocrx_word' id='word_1_563' title='bbox 2618 3150 2680 3205; x_wconf 83' lang='lat' dir='ltr'><strong>L.</strong></span> <span class='ocrx_word' id='word_1_564' title='bbox 2716 3179 2780 3192; x_wconf 89' lang='lat'><strong>-—</strong></span> <span class='ocrx_word' id='word_1_565' title='bbox 2812 3151 2968 3205; x_wconf 59' lang='grc' dir='ltr'>ιω.</span> <span class='ocrx_word' id='word_1_566' title='bbox 3015 3149 3097 3219; x_wconf 75' lang='grc' dir='ltr'><strong>Ι.)</strong></span> <span class='ocrx_word' id='word_1_567' title='bbox 3143 3167 3162 3200; x_wconf 73' lang='lat' dir='ltr'><strong>c</strong></span> <span class='ocrx_word' id='word_1_568' title='bbox 3199 3147 3326 3202; x_wconf 62' lang='lat' dir='ltr'><strong>Haec</strong></span> <span class='ocrx_word' id='word_1_569' title='bbox 3378 3144 3513 3200; x_wconf 83' lang='lat' dir='ltr'><strong>dicit</strong></span> <span class='ocrx_word' id='word_1_570' title='bbox 3553 3141 3735 3198; x_wconf 77' lang='lat' dir='ltr'><strong>Domi—</strong></span> 
     </span>
    </p>
   </div>
   <div class='ocr_carea' id='block_1_76' title="bbox 2163 3241 3734 3312">
    <p class='ocr_par' dir='ltr' id='par_1_76' title="bbox 2163 3241 3734 3312">
     <span class='ocr_line' id='line_1_76' title="bbox 2163 3241 3734 3312; baseline -0.007 -10"><span class='ocrx_word' id='word_1_571' title='bbox 2163 3263 2262 3302; x_wconf 88' lang='lat' dir='ltr'><strong>nus</strong></span> <span class='ocrx_word' id='word_1_572' title='bbox 2298 3264 2312 3304; x_wconf 78' lang='lat' dir='ltr'><strong>z</strong></span> <span class='ocrx_word' id='word_1_573' title='bbox 2349 3247 2481 3312; x_wconf 81' lang='lat' dir='ltr'><strong>Quis</strong></span> <span class='ocrx_word' id='word_1_574' title='bbox 2513 3258 2596 3298; x_wconf 89' lang='lat' dir='ltr'><strong>est</strong></span> <span class='ocrx_word' id='word_1_575' title='bbox 2631 3243 2719 3298; x_wconf 86' lang='lat' dir='ltr'><strong>hic</strong></span> <span class='ocrx_word' id='word_1_576' title='bbox 2762 3244 2900 3299; x_wconf 87' lang='lat' dir='ltr'><strong>liber</strong></span> <span class='ocrx_word' id='word_1_577' title='bbox 2927 3242 3136 3311; x_wconf 82' lang='lat' dir='ltr'><strong>repudii</strong></span> <span class='ocrx_word' id='word_1_578' title='bbox 3171 3241 3366 3294; x_wconf 83' lang='lat' dir='ltr'><strong>matris</strong></span> <span class='ocrx_word' id='word_1_579' title='bbox 3390 3249 3607 3304; x_wconf 59' lang='lat' dir='ltr'><strong>vestrae,</strong></span> <span class='ocrx_word' id='word_1_580' title='bbox 3633 3253 3734 3306; x_wconf 85' lang='lat' dir='ltr'><strong>quo</strong></span> 
     </span>
    </p>
   </div>
   <div class='ocr_carea' id='block_1_77' title="bbox 2163 3331 3734 3405">
    <p class='ocr_par' dir='ltr' id='par_1_77' title="bbox 2163 3331 3734 3405">
     <span class='ocr_line' id='line_1_77' title="bbox 2163 3331 3734 3405; baseline -0.009 -11"><span class='ocrx_word' id='word_1_581' title='bbox 2163 3341 2343 3394; x_wconf 83' lang='lat' dir='ltr'><strong>dimisi</strong></span> <span class='ocrx_word' id='word_1_582' title='bbox 2379 3340 2541 3393; x_wconf 82' lang='lat' dir='ltr'><strong>eam?</strong></span> <span class='ocrx_word' id='word_1_583' title='bbox 2583 3337 2692 3391; x_wconf 85' lang='lat' dir='ltr'><strong>Aut</strong></span> <span class='ocrx_word' id='word_1_584' title='bbox 2724 3336 2844 3405; x_wconf 85' lang='lat' dir='ltr'><strong>quis</strong></span> <span class='ocrx_word' id='word_1_585' title='bbox 2893 3344 2978 3389; x_wconf 88' lang='lat' dir='ltr'><strong>est</strong></span> <span class='ocrx_word' id='word_1_586' title='bbox 3002 3333 3244 3388; x_wconf 83' lang='lat' dir='ltr'><strong>creditor</strong></span> <span class='ocrx_word' id='word_1_587' title='bbox 3286 3347 3461 3396; x_wconf 88' lang='lat' dir='ltr'><strong>meus,</strong></span> <span class='ocrx_word' id='word_1_588' title='bbox 3488 3331 3573 3385; x_wconf 78' lang='lat' dir='ltr'><strong>cui</strong></span> <span class='ocrx_word' id='word_1_589' title='bbox 3609 3345 3734 3382; x_wconf 82' lang='lat' dir='ltr'><strong>vcn-</strong></span> 
     </span>
    </p>
   </div>
   <div class='ocr_carea' id='block_1_78' title="bbox 2162 3420 3732 3496">
    <p class='ocr_par' dir='ltr' id='par_1_78' title="bbox 2162 3420 3732 3496">
     <span class='ocr_line' id='line_1_78' title="bbox 2162 3420 3732 3496; baseline -0.01 -11"><span class='ocrx_word' id='word_1_590' title='bbox 2162 3433 2275 3486; x_wconf 88' lang='lat' dir='ltr'><strong>didi</strong></span> <span class='ocrx_word' id='word_1_591' title='bbox 2331 3431 2469 3485; x_wconf 83' lang='lat' dir='ltr'><strong>vos?</strong></span> <span class='ocrx_word' id='word_1_592' title='bbox 2521 3429 2661 3483; x_wconf 81' lang='lat' dir='ltr'><strong>Ecce</strong></span> <span class='ocrx_word' id='word_1_593' title='bbox 2720 3429 2773 3481; x_wconf 92' lang='lat' dir='ltr'><strong>in</strong></span> <span class='ocrx_word' id='word_1_594' title='bbox 2837 3426 3216 3496; x_wconf 83' lang='lat' dir='ltr'><strong>iniquitatibus</strong></span> <span class='ocrx_word' id='word_1_595' title='bbox 3276 3423 3477 3477; x_wconf 84' lang='lat' dir='ltr'><strong>vestris</strong></span> <span class='ocrx_word' id='word_1_596' title='bbox 3527 3420 3732 3476; x_wconf 84' lang='lat' dir='ltr'><strong>venditi</strong></span> 
     </span>
    </p>
   </div>
   <div class='ocr_carea' id='block_1_79' title="bbox 2164 3517 3736 3588">
    <p class='ocr_par' dir='ltr' id='par_1_79' title="bbox 2164 3517 3736 3588">
     <span class='ocr_line' id='line_1_79' title="bbox 2164 3517 3736 3588; baseline -0.008 -10"><span class='ocrx_word' id='word_1_597' title='bbox 2164 3525 2317 3588; x_wconf 88' lang='lat' dir='ltr'><strong>estis,</strong></span> <span class='ocrx_word' id='word_1_598' title='bbox 2368 3526 2502 3577; x_wconf 89' lang='lat' dir='ltr'><strong>etin</strong></span> <span class='ocrx_word' id='word_1_599' title='bbox 2537 3522 2834 3576; x_wconf 75' lang='lat' dir='ltr'><strong>sceleribus</strong></span> <span class='ocrx_word' id='word_1_600' title='bbox 2880 3520 3080 3574; x_wconf 80' lang='lat' dir='ltr'><strong>vestris</strong></span> <span class='ocrx_word' id='word_1_601' title='bbox 3128 3517 3313 3572; x_wconf 83' lang='lat' dir='ltr'><strong>dimisi</strong></span> <span class='ocrx_word' id='word_1_602' title='bbox 3376 3526 3600 3569; x_wconf 84' lang='lat' dir='ltr'><strong>matrem</strong></span> <span class='ocrx_word' id='word_1_603' title='bbox 3645 3529 3736 3566; x_wconf 80' lang='lat' dir='ltr'><strong>ve-</strong></span> 
     </span>
    </p>
   </div>
   <div class='ocr_carea' id='block_1_80' title="bbox 2165 3610 3733 3682">
    <p class='ocr_par' dir='ltr' id='par_1_80' title="bbox 2165 3610 3733 3682">
     <span class='ocr_line' id='line_1_80' title="bbox 2165 3610 3733 3682; baseline -0.008 -10"><span class='ocrx_word' id='word_1_604' title='bbox 2165 3629 2356 3674; x_wconf 83' lang='lat' dir='ltr'><strong>stram.</strong></span> <span class='ocrx_word' id='word_1_605' title='bbox 2390 3618 2526 3682; x_wconf 84' lang='lat' dir='ltr'><strong>Quia</strong></span> <span class='ocrx_word' id='word_1_606' title='bbox 2566 3615 2711 3677; x_wconf 86' lang='lat' dir='ltr'><strong>veni,</strong></span> <span class='ocrx_word' id='word_1_607' title='bbox 2745 3621 2799 3666; x_wconf 90' lang='lat' dir='ltr'><strong>ct</strong></span> <span class='ocrx_word' id='word_1_608' title='bbox 2828 3631 2930 3666; x_wconf 88' lang='lat' dir='ltr'><strong>non</strong></span> <span class='ocrx_word' id='word_1_609' title='bbox 2965 3620 3087 3668; x_wconf 83' lang='lat' dir='ltr'><strong>erat</strong></span> <span class='ocrx_word' id='word_1_610' title='bbox 3144 3611 3271 3666; x_wconf 87' lang='lat' dir='ltr'><strong>vir:</strong></span> <span class='ocrx_word' id='word_1_611' title='bbox 3306 3610 3518 3672; x_wconf 82' lang='lat' dir='ltr'><strong>vocavi,</strong></span> <span class='ocrx_word' id='word_1_612' title='bbox 3543 3618 3602 3662; x_wconf 79' lang='lat' dir='ltr'><strong>et</strong></span> <span class='ocrx_word' id='word_1_613' title='bbox 3632 3623 3733 3660; x_wconf 82' lang='lat' dir='ltr'><strong>non</strong></span> 
     </span>
    </p>
   </div>
   <div class='ocr_carea' id='block_1_81' title="bbox 2164 3701 3736 3776">
    <p class='ocr_par' dir='ltr' id='par_1_81' title="bbox 2164 3701 3736 3776">
     <span class='ocr_line' id='line_1_81' title="bbox 2164 3701 3736 3776; baseline -0.008 -10"><span class='ocrx_word' id='word_1_614' title='bbox 2164 3723 2286 3766; x_wconf 83' lang='lat' dir='ltr'><strong>crat</strong></span> <span class='ocrx_word' id='word_1_615' title='bbox 2325 3711 2414 3776; x_wconf 77' lang='lat' dir='ltr'><strong>qui</strong></span> <span class='ocrx_word' id='word_1_616' title='bbox 2464 3708 2702 3761; x_wconf 82' lang='lat' dir='ltr'><strong>audiret.</strong></span> <span class='ocrx_word' id='word_1_617' title='bbox 2751 3725 2769 3757; x_wconf 72' lang='grc' dir='ltr'><strong>ι</strong></span> <span class='ocrx_word' id='word_1_618' title='bbox 2799 3703 2943 3759; x_wconf 71' lang='lat' dir='ltr'><strong>LXX</strong></span> <span class='ocrx_word' id='word_1_619' title='bbox 2988 3721 3002 3760; x_wconf 90' lang='lat'><strong>:</strong></span> <span class='ocrx_word' id='word_1_620' title='bbox 3060 3719 3078 3756; x_wconf 85' lang='lat' dir='ltr'><strong>t</strong></span> <span class='ocrx_word' id='word_1_621' title='bbox 3118 3701 3210 3757; x_wconf 85' lang='lat' dir='ltr'><strong>Sic</strong></span> <span class='ocrx_word' id='word_1_622' title='bbox 3255 3702 3389 3756; x_wconf 85' lang='lat' dir='ltr'><strong>dicit</strong></span> <span class='ocrx_word' id='word_1_623' title='bbox 3434 3702 3736 3768; x_wconf 68' lang='lat' dir='ltr'><strong>Dominus;</strong></span> 
     </span>
    </p>
   </div>
   <div class='ocr_carea' id='block_1_82' title="bbox 2166 3792 3736 3869">
    <p class='ocr_par' dir='ltr' id='par_1_82' title="bbox 2166 3792 3736 3869">
     <span class='ocr_line' id='line_1_82' title="bbox 2166 3792 3736 3869; baseline -0.006 -15"><span class='ocrx_word' id='word_1_624' title='bbox 2166 3797 2354 3869; x_wconf 83' lang='lat' dir='ltr'><strong>Qualis</strong></span> <span class='ocrx_word' id='word_1_625' title='bbox 2381 3811 2466 3855; x_wconf 80' lang='lat' dir='ltr'><strong>est</strong></span> <span class='ocrx_word' id='word_1_626' title='bbox 2500 3801 2637 3854; x_wconf 89' lang='lat' dir='ltr'><strong>liber</strong></span> <span class='ocrx_word' id='word_1_627' title='bbox 2669 3797 2879 3865; x_wconf 82' lang='lat' dir='ltr'><strong>repudii</strong></span> <span class='ocrx_word' id='word_1_628' title='bbox 2942 3795 3136 3849; x_wconf 87' lang='lat' dir='ltr'><strong>matris</strong></span> <span class='ocrx_word' id='word_1_629' title='bbox 3179 3803 3394 3858; x_wconf 54' lang='lat' dir='ltr'><strong>vestras,</strong></span> <span class='ocrx_word' id='word_1_630' title='bbox 3427 3809 3531 3863; x_wconf 82' lang='lat' dir='ltr'><strong>quo</strong></span> <span class='ocrx_word' id='word_1_631' title='bbox 3558 3792 3736 3846; x_wconf 72' lang='lat' dir='ltr'><strong>dimisi</strong></span> 
     </span>
    </p>
   </div>
   <div class='ocr_carea' id='block_1_83' title="bbox 2168 3882 3740 3949">
    <p class='ocr_par' dir='ltr' id='par_1_83' title="bbox 2168 3882 3740 3949">
     <span class='ocr_line' id='line_1_83' title="bbox 2168 3882 3740 3949; baseline -0.009 0"><span class='ocrx_word' id='word_1_632' title='bbox 2168 3895 2457 3949; x_wconf 78' lang='lat' dir='ltr'><strong>eam?Aut</strong></span> <span class='ocrx_word' id='word_1_633' title='bbox 2504 3893 2594 3946; x_wconf 88' lang='lat' dir='ltr'><strong>cui</strong></span> <span class='ocrx_word' id='word_1_634' title='bbox 2653 3888 2912 3945; x_wconf 85' lang='lat' dir='ltr'><strong>creditori</strong></span> <span class='ocrx_word' id='word_1_635' title='bbox 2965 3896 3021 3942; x_wconf 86' lang='lat' dir='ltr'><strong>et</strong></span> <span class='ocrx_word' id='word_1_636' title='bbox 3072 3888 3316 3942; x_wconf 77' lang='lat' dir='ltr'><strong>exactori</strong></span> <span class='ocrx_word' id='word_1_637' title='bbox 3350 3900 3476 3939; x_wconf 86' lang='lat' dir='ltr'><strong>meo</strong></span> <span class='ocrx_word' id='word_1_638' title='bbox 3520 3882 3740 3937; x_wconf 79' lang='lat' dir='ltr'><strong>vendidi</strong></span> 
     </span>
    </p>
   </div>
   <div class='ocr_carea' id='block_1_84' title="bbox 2167 3977 3739 4054">
    <p class='ocr_par' dir='ltr' id='par_1_84' title="bbox 2167 3977 3739 4054">
     <span class='ocr_line' id='line_1_84' title="bbox 2167 3977 3739 4054; baseline -0.011 -11"><span class='ocrx_word' id='word_1_639' title='bbox 2167 3991 2303 4043; x_wconf 86' lang='lat' dir='ltr'><strong>vos?</strong></span> <span class='ocrx_word' id='word_1_640' title='bbox 2323 3988 2460 4042; x_wconf 87' lang='lat' dir='ltr'><strong>Ecce</strong></span> <span class='ocrx_word' id='word_1_641' title='bbox 2515 3983 2757 4054; x_wconf 81' lang='lat' dir='ltr'><strong>peccatis</strong></span> <span class='ocrx_word' id='word_1_642' title='bbox 2808 3981 3006 4036; x_wconf 82' lang='lat' dir='ltr'><strong>vestris</strong></span> <span class='ocrx_word' id='word_1_643' title='bbox 3062 3978 3364 4033; x_wconf 75' lang='lat' dir='ltr'><strong>venundati</strong></span> <span class='ocrx_word' id='word_1_644' title='bbox 3397 3977 3544 4039; x_wconf 87' lang='lat' dir='ltr'><strong>estis,</strong></span> <span class='ocrx_word' id='word_1_645' title='bbox 3587 3985 3644 4029; x_wconf 81' lang='lat' dir='ltr'><strong>et</strong></span> <span class='ocrx_word' id='word_1_646' title='bbox 3690 3978 3739 4028; x_wconf 73' lang='lat' dir='ltr'><strong>ia</strong></span> 
     </span>
    </p>
   </div>
   <div class='ocr_carea' id='block_1_85' title="bbox 2170 4069 3743 4151">
    <p class='ocr_par' dir='ltr' id='par_1_85' title="bbox 2170 4069 3743 4151">
     <span class='ocr_line' id='line_1_85' title="bbox 2170 4069 3743 4151; baseline -0.011 -14"><span class='ocrx_word' id='word_1_647' title='bbox 2170 4080 2547 4151; x_wconf 85' lang='lat' dir='ltr'><strong>iniquitatibus</strong></span> <span class='ocrx_word' id='word_1_648' title='bbox 2584 4076 2780 4131; x_wconf 78' lang='lat' dir='ltr'><strong>vestris</strong></span> <span class='ocrx_word' id='word_1_649' title='bbox 2809 4073 2991 4129; x_wconf 83' lang='lat' dir='ltr'><strong>dimisi</strong></span> <span class='ocrx_word' id='word_1_650' title='bbox 3052 4082 3281 4126; x_wconf 83' lang='lat' dir='ltr'><strong>matrem</strong></span> <span class='ocrx_word' id='word_1_651' title='bbox 3333 4079 3588 4132; x_wconf 71' lang='lat' dir='ltr'><strong>vestram,</strong></span> <span class='ocrx_word' id='word_1_652' title='bbox 3617 4069 3743 4137; x_wconf 82' lang='lat' dir='ltr'><strong>quia</strong></span> 
     </span>
    </p>
   </div>
   <div class='ocr_carea' id='block_1_86' title="bbox 2171 4161 3744 4239">
    <p class='ocr_par' dir='ltr' id='par_1_86' title="bbox 2171 4161 3744 4239">
     <span class='ocr_line' id='line_1_86' title="bbox 2171 4161 3744 4239; baseline -0.013 -10"><span class='ocrx_word' id='word_1_653' title='bbox 2171 4175 2311 4239; x_wconf 78' lang='lat' dir='ltr'><strong>veni,</strong></span> <span class='ocrx_word' id='word_1_654' title='bbox 2350 4184 2405 4227; x_wconf 91' lang='lat' dir='ltr'><strong>et</strong></span> <span class='ocrx_word' id='word_1_655' title='bbox 2441 4187 2550 4225; x_wconf 91' lang='lat' dir='ltr'><strong>non</strong></span> <span class='ocrx_word' id='word_1_656' title='bbox 2591 4178 2710 4223; x_wconf 86' lang='lat' dir='ltr'><strong>erat</strong></span> <span class='ocrx_word' id='word_1_657' title='bbox 2764 4168 2929 4220; x_wconf 81' lang='lat' dir='ltr'><strong>homo</strong></span> <span class='ocrx_word' id='word_1_658' title='bbox 2961 4180 2975 4219; x_wconf 90' lang='lat'><strong>:</strong></span> <span class='ocrx_word' id='word_1_659' title='bbox 3009 4165 3217 4227; x_wconf 84' lang='lat' dir='ltr'><strong>vocavi,</strong></span> <span class='ocrx_word' id='word_1_660' title='bbox 3277 4174 3333 4217; x_wconf 82' lang='lat' dir='ltr'><strong>et</strong></span> <span class='ocrx_word' id='word_1_661' title='bbox 3365 4179 3470 4218; x_wconf 87' lang='lat' dir='ltr'><strong>non</strong></span> <span class='ocrx_word' id='word_1_662' title='bbox 3499 4172 3616 4215; x_wconf 76' lang='lat' dir='ltr'><strong>erat</strong></span> <span class='ocrx_word' id='word_1_663' title='bbox 3650 4161 3744 4228; x_wconf 86' lang='lat' dir='ltr'><strong>qui</strong></span> 
     </span>
    </p>
   </div>
   <div class='ocr_carea' id='block_1_87' title="bbox 2169 4259 3744 4325">
    <p class='ocr_par' dir='ltr' id='par_1_87' title="bbox 2169 4259 3744 4325">
     <span class='ocr_line' id='line_1_87' title="bbox 2169 4259 3744 4325; baseline -0.012 -3"><span class='ocrx_word' id='word_1_664' title='bbox 2169 4266 2439 4322; x_wconf 74' lang='lat' dir='ltr'><strong>obediret.</strong></span> <span class='ocrx_word' id='word_1_665' title='bbox 2476 4282 2496 4315; x_wconf 69' lang='grc' dir='ltr'><strong>ι</strong></span> <span class='ocrx_word' id='word_1_666' title='bbox 2528 4260 2661 4316; x_wconf 73' lang='lat' dir='ltr'><strong>Post</strong></span> <span class='ocrx_word' id='word_1_667' title='bbox 2701 4261 3048 4314; x_wconf 81' lang='lat' dir='ltr'><strong>vocationem</strong></span> <span class='ocrx_word' id='word_1_668' title='bbox 3093 4259 3358 4325; x_wconf 68' lang='lat' dir='ltr'><strong>gentium,</strong></span> <span class='ocrx_word' id='word_1_669' title='bbox 3407 4266 3466 4309; x_wconf 84' lang='lat' dir='ltr'><strong>et</strong></span> <span class='ocrx_word' id='word_1_670' title='bbox 3493 4268 3650 4323; x_wconf 76' lang='lat' dir='ltr'><strong>reges</strong></span> <span class='ocrx_word' id='word_1_671' title='bbox 3679 4268 3744 4304; x_wconf 76' lang='lat' dir='ltr'><strong>ac</strong></span> 
     </span>
    </p>
   </div>
   <div class='ocr_carea' id='block_1_88' title="bbox 2171 4346 3746 4429">
    <p class='ocr_par' dir='ltr' id='par_1_88' title="bbox 2171 4346 3746 4429">
     <span class='ocr_line' id='line_1_88' title="bbox 2171 4346 3746 4429; baseline -0.011 -16"><span class='ocrx_word' id='word_1_672' title='bbox 2171 4358 2479 4429; x_wconf 80' lang='lat' dir='ltr'><strong>principes,</strong></span> <span class='ocrx_word' id='word_1_673' title='bbox 2534 4353 2800 4407; x_wconf 84' lang='lat' dir='ltr'><strong>nutricius</strong></span> <span class='ocrx_word' id='word_1_674' title='bbox 2845 4361 2902 4404; x_wconf 84' lang='lat' dir='ltr'><strong>et</strong></span> <span class='ocrx_word' id='word_1_675' title='bbox 2939 4351 3217 4408; x_wconf 76' lang='lat' dir='ltr'><strong>nutrices.</strong></span> <span class='ocrx_word' id='word_1_676' title='bbox 3273 4359 3324 4402; x_wconf 86' lang='lat' dir='ltr'><strong>et</strong></span> <span class='ocrx_word' id='word_1_677' title='bbox 3374 4346 3746 4416; x_wconf 72' lang='lat' dir='ltr'><strong>captivitatem</strong></span> 
     </span>
    </p>
   </div>
   <div class='ocr_carea' id='block_1_89' title="bbox 2172 4439 3750 4517">
    <p class='ocr_par' dir='ltr' id='par_1_89' title="bbox 2172 4439 3750 4517">
     <span class='ocr_line' id='line_1_89' title="bbox 2172 4439 3750 4517; baseline -0.008 -12"><span class='ocrx_word' id='word_1_678' title='bbox 2172 4449 2329 4505; x_wconf 77' lang='lat' dir='ltr'><strong>fortis</strong></span> <span class='ocrx_word' id='word_1_679' title='bbox 2379 4448 2531 4517; x_wconf 84' lang='lat' dir='ltr'><strong>prius</strong></span> <span class='ocrx_word' id='word_1_680' title='bbox 2575 4455 2736 4514; x_wconf 83' lang='lat' dir='ltr'><strong>atque</strong></span> <span class='ocrx_word' id='word_1_681' title='bbox 2779 4442 3013 4504; x_wconf 76' lang='lat' dir='ltr'><strong>robusti,</strong></span> <span class='ocrx_word' id='word_1_682' title='bbox 3052 4440 3212 4509; x_wconf 78' lang='lat' dir='ltr'><strong>cujus</strong></span> <span class='ocrx_word' id='word_1_683' title='bbox 3253 4441 3431 4508; x_wconf 79' lang='lat' dir='ltr'><strong>pneda</strong></span> <span class='ocrx_word' id='word_1_684' title='bbox 3475 4439 3750 4507; x_wconf 75' lang='lat' dir='ltr'><strong>Apostolis</strong></span> 
     </span>
    </p>
   </div>
   <div class='ocr_carea' id='block_1_90' title="bbox 492 4533 3753 4616">
    <p class='ocr_par' dir='ltr' id='par_1_90' title="bbox 492 4533 3753 4616">
     <span class='ocr_line' id='line_1_90' title="bbox 492 4533 3753 4616; baseline -0.009 -14"><span class='ocrx_word' id='word_1_685' title='bbox 492 4548 644 4604; x_wconf 76' lang='lat' dir='ltr'><strong>Dolus</strong></span> <span class='ocrx_word' id='word_1_686' title='bbox 666 4557 771 4607; x_wconf 64' lang='grc' dir='ltr'><strong>εει,</strong></span> <span class='ocrx_word' id='word_1_687' title='bbox 801 4546 891 4613; x_wconf 85' lang='lat' dir='ltr'><strong>qui</strong></span> <span class='ocrx_word' id='word_1_688' title='bbox 923 4558 1116 4596; x_wconf 85' lang='lat' dir='ltr'><strong>omnes</strong></span> <span class='ocrx_word' id='word_1_689' title='bbox 1148 4552 1338 4609; x_wconf 77' lang='lat' dir='ltr'><strong>gentes</strong></span> <span class='ocrx_word' id='word_1_690' title='bbox 1360 4556 1459 4594; x_wconf 81' lang='lat' dir='ltr'><strong>SUO</strong></span> <span class='ocrx_word' id='word_1_691' title='bbox 1481 4537 2067 4608; x_wconf 78' lang='lat' dir='ltr'><strong>subjugaratimperio,</strong></span> <span class='ocrx_word' id='word_1_692' title='bbox 2102 4559 2148 4616; x_wconf 78' lang='grc' dir='ltr'>ο</span> <span class='ocrx_word' id='word_1_693' title='bbox 2179 4543 2466 4598; x_wconf 64' lang='grc' dir='ltr'>ιιὶειτὶιῃιιθ</span> <span class='ocrx_word' id='word_1_694' title='bbox 2521 4549 2627 4604; x_wconf 67' lang='lat' dir='ltr'><strong>est,</strong></span> <span class='ocrx_word' id='word_1_695' title='bbox 2672 4549 2724 4592; x_wconf 78' lang='lat' dir='ltr'><strong>cl</strong></span> <span class='ocrx_word' id='word_1_696' title='bbox 2775 4547 2894 4605; x_wconf 65' lang='lat' dir='ltr'><strong>post</strong></span> <span class='ocrx_word' id='word_1_697' title='bbox 2930 4535 3238 4590; x_wconf 59' lang='lat' dir='ltr'><strong>dmmoumn</strong></span> <span class='ocrx_word' id='word_1_698' title='bbox 3304 4535 3594 4596; x_wconf 58' lang='lat' dir='ltr'><strong>vesaniam,</strong></span> <span class='ocrx_word' id='word_1_699' title='bbox 3658 4533 3753 4602; x_wconf 59' lang='lat' dir='ltr'><strong>qui</strong></span> 
     </span>
    </p>
   </div>
   <div class='ocr_carea' id='block_1_91' title="bbox 493 4631 2072 4694">
    <p class='ocr_par' dir='ltr' id='par_1_91' title="bbox 493 4631 2072 4694">
     <span class='ocr_line' id='line_1_91' title="bbox 493 4631 2072 4694; baseline -0.009 0"><span class='ocrx_word' id='word_1_700' title='bbox 493 4641 696 4694; x_wconf 75' lang='lat' dir='ltr'><strong>audens</strong></span> <span class='ocrx_word' id='word_1_701' title='bbox 725 4638 903 4691; x_wconf 82' lang='lat' dir='ltr'><strong>dicere</strong></span> <span class='ocrx_word' id='word_1_702' title='bbox 957 4634 1259 4688; x_wconf 72' lang='lat' dir='ltr'><strong>Salvatori:</strong></span> <span class='ocrx_word' id='word_1_703' title='bbox 1294 4631 1424 4686; x_wconf 67' lang='lat' dir='ltr'><strong>[late</strong></span> <span class='ocrx_word' id='word_1_704' title='bbox 1459 4632 1639 4684; x_wconf 79' lang='lat' dir='ltr'><strong>omnia</strong></span> <span class='ocrx_word' id='word_1_705' title='bbox 1689 4631 1816 4682; x_wconf 79' lang='lat' dir='ltr'><strong>nti/ti</strong></span> <span class='ocrx_word' id='word_1_706' title='bbox 1867 4632 2072 4681; x_wconf 81' lang='lat' dir='ltr'><strong>tradita</strong></span> 
     </span>
    </p>
   </div>
   <div class='ocr_carea' id='block_1_92' title="bbox 494 4720 2078 4797">
    <p class='ocr_par' dir='ltr' id='par_1_92' title="bbox 494 4720 2078 4797">
     <span class='ocr_line' id='line_1_92' title="bbox 494 4720 2078 4797; baseline -0.01 -9"><span class='ocrx_word' id='word_1_707' title='bbox 494 4743 637 4797; x_wconf 83' lang='lat' dir='ltr'><strong>sunt,</strong></span> <span class='ocrx_word' id='word_1_708' title='bbox 663 4743 712 4785; x_wconf 83' lang='lat' dir='ltr'><strong>et</strong></span> <span class='ocrx_word' id='word_1_709' title='bbox 758 4729 894 4782; x_wconf 82' lang='lat' dir='ltr'><strong>dabo</strong></span> <span class='ocrx_word' id='word_1_710' title='bbox 942 4728 1034 4781; x_wconf 77' lang='lat' dir='ltr'><strong>tibi</strong></span> <span class='ocrx_word' id='word_1_711' title='bbox 1084 4743 1171 4790; x_wconf 79' lang='lat' dir='ltr'><strong>ea,</strong></span> <span class='ocrx_word' id='word_1_712' title='bbox 1229 4726 1280 4778; x_wconf 71' lang='lat' dir='ltr'><strong>si</strong></span> <span class='ocrx_word' id='word_1_713' title='bbox 1320 4725 1592 4792; x_wconf 75' lang='lat' dir='ltr'><strong>precidem</strong></span> <span class='ocrx_word' id='word_1_714' title='bbox 1648 4720 1954 4775; x_wconf 51' lang='lat' dir='ltr'><strong>adoraturi:</strong></span> <span class='ocrx_word' id='word_1_715' title='bbox 1996 4735 2078 4773; x_wconf 71' lang='lat' dir='ltr'><strong>me</strong></span> 
     </span>
    </p>
   </div>
   <div class='ocr_carea' id='block_1_93' title="bbox 494 4817 2081 4900">
    <p class='ocr_par' dir='ltr' id='par_1_93' title="bbox 494 4817 2081 4900">
     <span class='ocr_line' id='line_1_93' title="bbox 494 4817 2081 4900; baseline -0.008 -20"><span class='ocrx_word' id='word_1_716' title='bbox 494 4827 713 4900; x_wconf 67' lang='lat' dir='ltr'><strong>(Matth.</strong></span> <span class='ocrx_word' id='word_1_717' title='bbox 751 4839 828 4888; x_wconf 83' lang='lat' dir='ltr'><strong>tv,</strong></span> <span class='ocrx_word' id='word_1_718' title='bbox 863 4823 942 4891; x_wconf 89' lang='lat'><strong>9).</strong></span> <span class='ocrx_word' id='word_1_719' title='bbox 973 4819 1210 4874; x_wconf 81' lang='lat' dir='ltr'><strong>Mundus</strong></span> <span class='ocrx_word' id='word_1_720' title='bbox 1241 4820 1386 4872; x_wconf 84' lang='lat' dir='ltr'><strong>enim</strong></span> <span class='ocrx_word' id='word_1_721' title='bbox 1421 4820 1472 4871; x_wconf 89' lang='lat' dir='ltr'><strong>in</strong></span> <span class='ocrx_word' id='word_1_722' title='bbox 1499 4817 1732 4885; x_wconf 80' lang='lat' dir='ltr'><strong>maligno</strong></span> <span class='ocrx_word' id='word_1_723' title='bbox 1765 4819 1973 4883; x_wconf 84' lang='lat' dir='ltr'><strong>positus</strong></span> <span class='ocrx_word' id='word_1_724' title='bbox 1995 4825 2081 4868; x_wconf 84' lang='lat' dir='ltr'><strong>est</strong></span> 
     </span>
    </p>
   </div>
   <div class='ocr_carea' id='block_1_94' title="bbox 495 4908 2080 4990">
    <p class='ocr_par' dir='ltr' id='par_1_94' title="bbox 495 4908 2080 4990">
     <span class='ocr_line' id='line_1_94' title="bbox 495 4908 2080 4990; baseline -0.009 -17"><span class='ocrx_word' id='word_1_725' title='bbox 495 4920 540 4990; x_wconf 87' lang='lat' dir='ltr'><strong>(l</strong></span> <span class='ocrx_word' id='word_1_726' title='bbox 570 4918 734 4973; x_wconf 85' lang='lat' dir='ltr'><strong>Joan.</strong></span> <span class='ocrx_word' id='word_1_727' title='bbox 788 4915 863 4984; x_wconf 75' lang='grc' dir='ltr'><strong>ν),</strong></span> <span class='ocrx_word' id='word_1_728' title='bbox 936 4929 1096 4984; x_wconf 85' lang='lat' dir='ltr'><strong>quem</strong></span> <span class='ocrx_word' id='word_1_729' title='bbox 1163 4911 1342 4964; x_wconf 85' lang='lat' dir='ltr'><strong>nullus</strong></span> <span class='ocrx_word' id='word_1_730' title='bbox 1387 4909 1656 4977; x_wconf 73' lang='lat' dir='ltr'><strong>iustorum</strong></span> <span class='ocrx_word' id='word_1_731' title='bbox 1715 4908 1931 4961; x_wconf 79' lang='lat' dir='ltr'><strong>vincere</strong></span> <span class='ocrx_word' id='word_1_732' title='bbox 1983 4921 2080 4975; x_wconf 82' lang='lat' dir='ltr'><strong>po-</strong></span> 
     </span>
    </p>
   </div>
   <div class='ocr_carea' id='block_1_95' title="bbox 496 4999 2082 5078">
    <p class='ocr_par' dir='ltr' id='par_1_95' title="bbox 496 4999 2082 5078">
     <span class='ocr_line' id='line_1_95' title="bbox 496 4999 2082 5078; baseline -0.008 -14"><span class='ocrx_word' id='word_1_733' title='bbox 496 5013 631 5066; x_wconf 87' lang='lat' dir='ltr'><strong>tuit:</strong></span> <span class='ocrx_word' id='word_1_734' title='bbox 692 5026 791 5064; x_wconf 88' lang='lat' dir='ltr'><strong>uec</strong></span> <span class='ocrx_word' id='word_1_735' title='bbox 850 5008 1006 5078; x_wconf 76' lang='lat' dir='ltr'><strong>juxta</strong></span> <span class='ocrx_word' id='word_1_736' title='bbox 1070 5007 1258 5067; x_wconf 82' lang='lat' dir='ltr'><strong>Amos,</strong></span> <span class='ocrx_word' id='word_1_737' title='bbox 1329 5004 1567 5072; x_wconf 59' lang='lat' dir='ltr'><strong>praedam</strong></span> <span class='ocrx_word' id='word_1_738' title='bbox 1638 5002 1706 5054; x_wconf 89' lang='lat' dir='ltr'><strong>de</strong></span> <span class='ocrx_word' id='word_1_739' title='bbox 1753 5015 1850 5053; x_wconf 86' lang='lat' dir='ltr'><strong>ore</strong></span> <span class='ocrx_word' id='word_1_740' title='bbox 1909 4999 2082 5052; x_wconf 84' lang='lat' dir='ltr'><strong>leonis</strong></span> 
     </span>
    </p>
   </div>
   <div class='ocr_carea' id='block_1_96' title="bbox 499 5092 2080 5170">
    <p class='ocr_par' dir='ltr' id='par_1_96' title="bbox 499 5092 2080 5170">
     <span class='ocr_line' id='line_1_96' title="bbox 499 5092 2080 5170; baseline -0.007 -16"><span class='ocrx_word' id='word_1_741' title='bbox 499 5101 711 5156; x_wconf 72' lang='lat' dir='ltr'><strong>auferre</strong></span> <span class='ocrx_word' id='word_1_742' title='bbox 772 5101 976 5170; x_wconf 77' lang='lat' dir='ltr'><strong>(Amos.</strong></span> <span class='ocrx_word' id='word_1_743' title='bbox 1035 5099 1144 5167; x_wconf 75' lang='lat' dir='ltr'><strong>tu).</strong></span> <span class='ocrx_word' id='word_1_744' title='bbox 1206 5096 1485 5163; x_wconf 75' lang='lat' dir='ltr'><strong>Proposita</strong></span> <span class='ocrx_word' id='word_1_745' title='bbox 1539 5093 1708 5163; x_wconf 71' lang='lat' dir='ltr'><strong>igitur</strong></span> <span class='ocrx_word' id='word_1_746' title='bbox 1758 5092 2080 5159; x_wconf 63' lang='lat' dir='ltr'><strong>quaestione,</strong></span> 
     </span>
    </p>
   </div>
   <div class='ocr_carea' id='block_1_97' title="bbox 500 5185 2085 5262">
    <p class='ocr_par' dir='ltr' id='par_1_97' title="bbox 500 5185 2085 5262">
     <span class='ocr_line' id='line_1_97' title="bbox 500 5185 2085 5262; baseline -0.008 -15"><span class='ocrx_word' id='word_1_747' title='bbox 500 5193 648 5262; x_wconf 81' lang='lat' dir='ltr'><strong>quod</strong></span> <span class='ocrx_word' id='word_1_748' title='bbox 678 5193 858 5246; x_wconf 85' lang='lat' dir='ltr'><strong>nullus</strong></span> <span class='ocrx_word' id='word_1_749' title='bbox 883 5193 1058 5260; x_wconf 77' lang='lat' dir='ltr'><strong>possit</strong></span> <span class='ocrx_word' id='word_1_750' title='bbox 1086 5191 1281 5244; x_wconf 75' lang='lat' dir='ltr'><strong>fortem</strong></span> <span class='ocrx_word' id='word_1_751' title='bbox 1314 5200 1361 5240; x_wconf 85' lang='lat' dir='ltr'><strong>et</strong></span> <span class='ocrx_word' id='word_1_752' title='bbox 1394 5187 1671 5256; x_wconf 76' lang='lat' dir='ltr'><strong>gigantem</strong></span> <span class='ocrx_word' id='word_1_753' title='bbox 1708 5185 1951 5248; x_wconf 74' lang='lat' dir='ltr'><strong>vin—cere,</strong></span> <span class='ocrx_word' id='word_1_754' title='bbox 1984 5197 2085 5236; x_wconf 78' lang='lat' dir='ltr'><strong>nec</strong></span> 
     </span>
    </p>
   </div>
   <div class='ocr_carea' id='block_1_98' title="bbox 501 5272 2088 5351">
    <p class='ocr_par' dir='ltr' id='par_1_98' title="bbox 501 5272 2088 5351">
     <span class='ocr_line' id='line_1_98' title="bbox 501 5272 2088 5351; baseline -0.009 -12"><span class='ocrx_word' id='word_1_755' title='bbox 501 5287 714 5339; x_wconf 67' lang='lat' dir='ltr'><strong>salvare</strong></span> <span class='ocrx_word' id='word_1_756' title='bbox 744 5285 886 5351; x_wconf 78' lang='lat' dir='ltr'><strong>quod</strong></span> <span class='ocrx_word' id='word_1_757' title='bbox 939 5283 1007 5336; x_wconf 86' lang='lat' dir='ltr'><strong>ab</strong></span> <span class='ocrx_word' id='word_1_758' title='bbox 1029 5297 1095 5337; x_wconf 89' lang='lat' dir='ltr'><strong>eo</strong></span> <span class='ocrx_word' id='word_1_759' title='bbox 1128 5288 1340 5350; x_wconf 81' lang='lat' dir='ltr'><strong>raptum</strong></span> <span class='ocrx_word' id='word_1_760' title='bbox 1389 5286 1530 5338; x_wconf 83' lang='lat' dir='ltr'><strong>erat,</strong></span> <span class='ocrx_word' id='word_1_761' title='bbox 1595 5274 1875 5344; x_wconf 82' lang='lat' dir='ltr'><strong>respondit</strong></span> <span class='ocrx_word' id='word_1_762' title='bbox 1905 5272 2088 5325; x_wconf 84' lang='lat' dir='ltr'><strong>Domi-</strong></span> 
     </span>
    </p>
   </div>
   <div class='ocr_carea' id='block_1_99' title="bbox 503 5363 2082 5442">
    <p class='ocr_par' dir='ltr' id='par_1_99' title="bbox 503 5363 2082 5442">
     <span class='ocr_line' id='line_1_99' title="bbox 503 5363 2082 5442; baseline -0.01 -11"><span class='ocrx_word' id='word_1_763' title='bbox 503 5391 628 5442; x_wconf 89' lang='lat' dir='ltr'><strong>nus,</strong></span> <span class='ocrx_word' id='word_1_764' title='bbox 662 5390 762 5429; x_wconf 78' lang='lat' dir='ltr'><strong>suo</strong></span> <span class='ocrx_word' id='word_1_765' title='bbox 801 5377 1039 5428; x_wconf 82' lang='lat' dir='ltr'><strong>adventu</strong></span> <span class='ocrx_word' id='word_1_766' title='bbox 1075 5374 1258 5429; x_wconf 86' lang='lat' dir='ltr'><strong>omnia</strong></span> <span class='ocrx_word' id='word_1_767' title='bbox 1307 5370 1670 5440; x_wconf 82' lang='lat' dir='ltr'><strong>perpetranda</strong></span> <span class='ocrx_word' id='word_1_768' title='bbox 1700 5383 1716 5421; x_wconf 85' lang='lat'><strong>;</strong></span> <span class='ocrx_word' id='word_1_769' title='bbox 1749 5365 1893 5434; x_wconf 84' lang='lat' dir='ltr'><strong>quod</strong></span> <span class='ocrx_word' id='word_1_770' title='bbox 1933 5363 2082 5418; x_wconf 84' lang='lat' dir='ltr'><strong>scili-</strong></span> 
     </span>
    </p>
   </div>
   <div class='ocr_carea' id='block_1_100' title="bbox 504 5456 2088 5537">
    <p class='ocr_par' dir='ltr' id='par_1_100' title="bbox 504 5456 2088 5537">
     <span class='ocr_line' id='line_1_100' title="bbox 504 5456 2088 5537; baseline -0.011 -12"><span class='ocrx_word' id='word_1_771' title='bbox 504 5479 597 5525; x_wconf 77' lang='lat' dir='ltr'><strong>cet</strong></span> <span class='ocrx_word' id='word_1_772' title='bbox 621 5479 796 5537; x_wconf 70' lang='lat' dir='ltr'><strong>captae</strong></span> <span class='ocrx_word' id='word_1_773' title='bbox 822 5467 970 5534; x_wconf 86' lang='lat' dir='ltr'><strong>prius</strong></span> <span class='ocrx_word' id='word_1_774' title='bbox 999 5475 1186 5536; x_wconf 75' lang='lat' dir='ltr'><strong>gentes</strong></span> <span class='ocrx_word' id='word_1_775' title='bbox 1213 5480 1240 5517; x_wconf 89' lang='lat' dir='ltr'><strong>a</strong></span> <span class='ocrx_word' id='word_1_776' title='bbox 1269 5464 1484 5535; x_wconf 78' lang='lat' dir='ltr'><strong>gigante</strong></span> <span class='ocrx_word' id='word_1_777' title='bbox 1507 5460 1785 5524; x_wconf 80' lang='lat' dir='ltr'><strong>tollantur,</strong></span> <span class='ocrx_word' id='word_1_778' title='bbox 1825 5469 1878 5511; x_wconf 85' lang='lat' dir='ltr'><strong>et</strong></span> <span class='ocrx_word' id='word_1_779' title='bbox 1909 5456 2088 5511; x_wconf 84' lang='lat' dir='ltr'><strong>omnis</strong></span> 
     </span>
    </p>
   </div>
   <div class='ocr_carea' id='block_1_101' title="bbox 580 5616 2088 5692">
    <p class='ocr_par' dir='ltr' id='par_1_101' title="bbox 580 5616 2088 5692">
     <span class='ocr_line' id='line_1_101' title="bbox 580 5616 2088 5692; baseline -0.009 -11"><span class='ocrx_word' id='word_1_780' title='bbox 580 5626 596 5656; x_wconf 84' lang='grc'>¹</span> <span class='ocrx_word' id='word_1_781' title='bbox 628 5627 772 5681; x_wconf 87' lang='lat' dir='ltr'><strong>ldem</strong></span> <span class='ocrx_word' id='word_1_782' title='bbox 799 5623 1036 5692; x_wconf 76' lang='lat' dir='ltr'><strong>pressius</strong></span> <span class='ocrx_word' id='word_1_783' title='bbox 1060 5622 1267 5688; x_wconf 69' lang='lat' dir='ltr'><strong>Grteco,</strong></span> <span class='ocrx_word' id='word_1_784' title='bbox 1299 5622 1595 5675; x_wconf 78' lang='lat' dir='ltr'><strong>adorabunt</strong></span> <span class='ocrx_word' id='word_1_785' title='bbox 1623 5635 1742 5673; x_wconf 82' lang='lat' dir='ltr'><strong>eum</strong></span> <span class='ocrx_word' id='word_1_786' title='bbox 1777 5619 1850 5670; x_wconf 78' lang='lat' dir='ltr'><strong>vir</strong></span> <span class='ocrx_word' id='word_1_787' title='bbox 1880 5619 1942 5669; x_wconf 85' lang='lat' dir='ltr'><strong>de</strong></span> <span class='ocrx_word' id='word_1_788' title='bbox 1973 5616 2088 5669; x_wconf 86' lang='lat' dir='ltr'><strong>loco</strong></span> 
     </span>
    </p>
   </div>
   <div class='ocr_carea' id='block_1_102' title="bbox 508 5704 994 5760">
    <p class='ocr_par' dir='ltr' id='par_1_102' title="bbox 508 5704 994 5760">
     <span class='ocr_line' id='line_1_102' title="bbox 508 5704 994 5760; baseline 0 -11"><span class='ocrx_word' id='word_1_789' title='bbox 508 5712 625 5760; x_wconf 77' lang='lat' dir='ltr'><strong>suo,</strong></span> <span class='ocrx_word' id='word_1_790' title='bbox 661 5712 860 5759; x_wconf 81' lang='lat' dir='ltr'><strong>omnes,</strong></span> <span class='ocrx_word' id='word_1_791' title='bbox 888 5704 994 5749; x_wconf 80' lang='lat' dir='ltr'><strong>etc.</strong></span> 
     </span>
    </p>
   </div>
   <div class='ocr_carea' id='block_1_103' title="bbox 513 5758 2090 5888">
    <p class='ocr_par' dir='ltr' id='par_1_103' title="bbox 513 5758 2090 5888">
     <span class='ocr_line' id='line_1_103' title="bbox 513 5758 2090 5888; baseline -0.004 -70"><span class='ocrx_word' id='word_1_792' title='bbox 513 5758 1006 5888; x_wconf 50' lang='grc' dir='ltr'><strong>ιιἐιιὲιιτιςιιιιιιιεειιι</strong></span> <span class='ocrx_word' id='word_1_793' title='bbox 1038 5779 1161 5822; x_wconf 85' lang='lat' dir='ltr'><strong>cum</strong></span> <span class='ocrx_word' id='word_1_794' title='bbox 1190 5765 1401 5831; x_wconf 75' lang='lat' dir='ltr'><strong>Graeco,</strong></span> <span class='ocrx_word' id='word_1_795' title='bbox 1443 5772 1492 5816; x_wconf 81' lang='lat' dir='ltr'><strong>et</strong></span> <span class='ocrx_word' id='word_1_796' title='bbox 1525 5761 1742 5831; x_wconf 84' lang='lat' dir='ltr'><strong>adjutor</strong></span> <span class='ocrx_word' id='word_1_797' title='bbox 1769 5775 1884 5815; x_wconf 84' lang='lat' dir='ltr'><strong>sum</strong></span> <span class='ocrx_word' id='word_1_798' title='bbox 1934 5758 2090 5826; x_wconf 80' lang='lat' dir='ltr'><strong>forti-</strong></span> 
     </span>
     <span class='ocr_line' id='line_1_104' title="bbox 611 5850 736 5888; baseline -0.008 0"><span class='ocrx_word' id='word_1_799' title='bbox 611 5851 626 5888; x_wconf 86' lang='lat' dir='ltr'><strong>t</strong></span> <span class='ocrx_word' id='word_1_800' title='bbox 669 5850 736 5888; x_wconf 75' lang='lat' dir='ltr'><strong>ts.</strong></span> 
     </span>
    </p>
   </div>
   <div class='ocr_carea' id='block_1_104' title="bbox 611 5850 736 5890">
    <p class='ocr_par' dir='ltr' id='par_1_104' title="bbox 611 5850 736 5890">
     <span class='ocr_line' id='line_1_105' title="bbox 611 5850 736 5890; baseline 0.016 -2"><span class='ocrx_word' id='word_1_801' title='bbox 611 5850 736 5890; x_wconf 69' lang='lat' dir='ltr'><strong>in&quot;.</strong></span> 
     </span>
    </p>
   </div>
   <div class='ocr_carea' id='block_1_105' title="bbox 2179 4628 3760 4697">
    <p class='ocr_par' dir='ltr' id='par_1_105' title="bbox 2179 4628 3760 4697">
     <span class='ocr_line' id='line_1_106' title="bbox 2179 4628 3760 4697; baseline -0.008 -7"><span class='ocrx_word' id='word_1_802' title='bbox 2179 4637 2294 4690; x_wconf 77' lang='lat' dir='ltr'><strong>suis</strong></span> <span class='ocrx_word' id='word_1_803' title='bbox 2328 4632 2558 4688; x_wconf 82' lang='lat' dir='ltr'><strong>saturati</strong></span> <span class='ocrx_word' id='word_1_804' title='bbox 2597 4632 2874 4693; x_wconf 84' lang='lat' dir='ltr'><strong>carnibus,</strong></span> <span class='ocrx_word' id='word_1_805' title='bbox 2921 4642 3129 4697; x_wconf 78' lang='lat' dir='ltr'><strong>suoque</strong></span> <span class='ocrx_word' id='word_1_806' title='bbox 3160 4628 3413 4682; x_wconf 79' lang='lat' dir='ltr'><strong>inebriati</strong></span> <span class='ocrx_word' id='word_1_807' title='bbox 3461 4637 3578 4680; x_wconf 82' lang='lat' dir='ltr'><strong>sunt</strong></span> <span class='ocrx_word' id='word_1_808' title='bbox 3629 4640 3760 4678; x_wconf 76' lang='lat' dir='ltr'><strong>san—</strong></span> 
     </span>
    </p>
   </div>
   <div class='ocr_carea' id='block_1_106' title="bbox 2180 4719 3761 4797">
    <p class='ocr_par' dir='ltr' id='par_1_106' title="bbox 2180 4719 3761 4797">
     <span class='ocr_line' id='line_1_107' title="bbox 2180 4719 3761 4797; baseline -0.008 -18"><span class='ocrx_word' id='word_1_809' title='bbox 2180 4727 2339 4797; x_wconf 85' lang='lat' dir='ltr'><strong>guine</strong></span> <span class='ocrx_word' id='word_1_810' title='bbox 2372 4741 2391 4780; x_wconf 89' lang='grc'><strong>;-</strong></span> <span class='ocrx_word' id='word_1_811' title='bbox 2411 4725 2630 4794; x_wconf 83' lang='lat' dir='ltr'><strong>quando</strong></span> <span class='ocrx_word' id='word_1_812' title='bbox 2661 4722 2841 4777; x_wconf 79' lang='lat' dir='ltr'><strong>omnis</strong></span> <span class='ocrx_word' id='word_1_813' title='bbox 2872 4723 3294 4790; x_wconf 77' lang='lat' dir='ltr'><strong>cognovitcaro,</strong></span> <span class='ocrx_word' id='word_1_814' title='bbox 3319 4721 3460 4788; x_wconf 88' lang='lat' dir='ltr'><strong>quod</strong></span> <span class='ocrx_word' id='word_1_815' title='bbox 3486 4719 3761 4784; x_wconf 68' lang='grc' dir='ltr'>Ιιειιεηψο</span> 
     </span>
    </p>
   </div>
   <div class='ocr_carea' id='block_1_107' title="bbox 2185 4811 3761 4883">
    <p class='ocr_par' dir='ltr' id='par_1_107' title="bbox 2185 4811 3761 4883">
     <span class='ocr_line' id='line_1_108' title="bbox 2185 4811 3761 4883; baseline -0.006 -10"><span class='ocrx_word' id='word_1_816' title='bbox 2185 4829 2270 4874; x_wconf 88' lang='lat' dir='ltr'><strong>tor</strong></span> <span class='ocrx_word' id='word_1_817' title='bbox 2301 4828 2356 4871; x_wconf 90' lang='lat' dir='ltr'><strong>et</strong></span> <span class='ocrx_word' id='word_1_818' title='bbox 2414 4815 2573 4870; x_wconf 78' lang='lat' dir='ltr'><strong>fortis</strong></span> <span class='ocrx_word' id='word_1_819' title='bbox 2605 4817 2720 4883; x_wconf 86' lang='lat' dir='ltr'><strong>ipse</strong></span> <span class='ocrx_word' id='word_1_820' title='bbox 2759 4825 2908 4869; x_wconf 86' lang='lat' dir='ltr'><strong>esset</strong></span> <span class='ocrx_word' id='word_1_821' title='bbox 2958 4814 3102 4869; x_wconf 85' lang='lat' dir='ltr'><strong>Deus</strong></span> <span class='ocrx_word' id='word_1_822' title='bbox 3165 4813 3355 4875; x_wconf 72' lang='lat' dir='ltr'><strong>Jacob.</strong></span> <span class='ocrx_word' id='word_1_823' title='bbox 3417 4813 3660 4881; x_wconf 85' lang='lat' dir='ltr'><strong>loquitur</strong></span> <span class='ocrx_word' id='word_1_824' title='bbox 3691 4811 3761 4863; x_wconf 74' lang='lat' dir='ltr'><strong>ad</strong></span> 
     </span>
    </p>
   </div>
   <div class='ocr_carea' id='block_1_108' title="bbox 2184 4899 3768 4979">
    <p class='ocr_par' dir='ltr' id='par_1_108' title="bbox 2184 4899 3768 4979">
     <span class='ocr_line' id='line_1_109' title="bbox 2184 4899 3768 4979; baseline -0.006 -17"><span class='ocrx_word' id='word_1_825' title='bbox 2184 4909 2438 4979; x_wconf 87' lang='lat' dir='ltr'><strong>p0pu|um</strong></span> <span class='ocrx_word' id='word_1_826' title='bbox 2479 4904 2791 4959; x_wconf 61' lang='lat' dir='ltr'><strong>inda-orum</strong></span> <span class='ocrx_word' id='word_1_827' title='bbox 2829 4919 2996 4972; x_wconf 83' lang='lat' dir='ltr'><strong>super</strong></span> <span class='ocrx_word' id='word_1_828' title='bbox 3052 4902 3207 4964; x_wconf 83' lang='lat' dir='ltr'><strong>Sion,</strong></span> <span class='ocrx_word' id='word_1_829' title='bbox 3258 4918 3382 4972; x_wconf 82' lang='lat' dir='ltr'><strong>quae</strong></span> <span class='ocrx_word' id='word_1_830' title='bbox 3431 4902 3569 4970; x_wconf 77' lang='lat' dir='ltr'><strong>prius</strong></span> <span class='ocrx_word' id='word_1_831' title='bbox 3603 4899 3768 4954; x_wconf 64' lang='lat' dir='ltr'><strong>dixe-</strong></span> 
     </span>
    </p>
   </div>
   <div class='ocr_carea' id='block_1_109' title="bbox 2185 4991 3768 5068">
    <p class='ocr_par' dir='ltr' id='par_1_109' title="bbox 2185 4991 3768 5068">
     <span class='ocr_line' id='line_1_110' title="bbox 2185 4991 3768 5068; baseline -0.009 -12"><span class='ocrx_word' id='word_1_832' title='bbox 2185 5013 2269 5056; x_wconf 83' lang='lat' dir='ltr'><strong>rat</strong></span> <span class='ocrx_word' id='word_1_833' title='bbox 2309 5017 2323 5053; x_wconf 84' lang='lat'><strong>:</strong></span> <span class='ocrx_word' id='word_1_834' title='bbox 2365 4998 2650 5068; x_wconf 79' lang='lat' dir='ltr'><strong>Bereliquit</strong></span> <span class='ocrx_word' id='word_1_835' title='bbox 2685 5015 2764 5050; x_wconf 82' lang='lat' dir='ltr'><strong>me</strong></span> <span class='ocrx_word' id='word_1_836' title='bbox 2790 4997 3064 5056; x_wconf 80' lang='lat' dir='ltr'><strong>Domi-nus,</strong></span> <span class='ocrx_word' id='word_1_837' title='bbox 3099 5005 3146 5048; x_wconf 81' lang='lat' dir='ltr'><strong>et</strong></span> <span class='ocrx_word' id='word_1_838' title='bbox 3184 4994 3440 5047; x_wconf 68' lang='lat' dir='ltr'><strong>Dominus</strong></span> <span class='ocrx_word' id='word_1_839' title='bbox 3470 4991 3674 5044; x_wconf 65' lang='lat' dir='ltr'><strong>oblitus</strong></span> <span class='ocrx_word' id='word_1_840' title='bbox 3693 5005 3768 5043; x_wconf 73' lang='lat' dir='ltr'><strong>es:</strong></span> 
     </span>
    </p>
   </div>
   <div class='ocr_carea' id='block_1_110' title="bbox 2186 5089 3772 5149">
    <p class='ocr_par' dir='ltr' id='par_1_110' title="bbox 2186 5089 3772 5149">
     <span class='ocr_line' id='line_1_111' title="bbox 2186 5089 3772 5149; baseline -0.006 -3"><span class='ocrx_word' id='word_1_841' title='bbox 2186 5096 2313 5149; x_wconf 84' lang='lat' dir='ltr'><strong>mei.</strong></span> <span class='ocrx_word' id='word_1_842' title='bbox 2348 5091 2558 5146; x_wconf 77' lang='lat' dir='ltr'><strong>Putatis</strong></span> <span class='ocrx_word' id='word_1_843' title='bbox 2613 5106 2737 5143; x_wconf 82' lang='lat' dir='ltr'><strong>mea</strong></span> <span class='ocrx_word' id='word_1_844' title='bbox 2781 5089 2983 5144; x_wconf 80' lang='lat' dir='ltr'><strong>duritia</strong></span> <span class='ocrx_word' id='word_1_845' title='bbox 3031 5100 3259 5142; x_wconf 88' lang='lat' dir='ltr'><strong>matrem</strong></span> <span class='ocrx_word' id='word_1_846' title='bbox 3319 5098 3544 5140; x_wconf 83' lang='lat' dir='ltr'><strong>vestram</strong></span> <span class='ocrx_word' id='word_1_847' title='bbox 3582 5093 3772 5137; x_wconf 80' lang='lat' dir='ltr'><strong>terre—</strong></span> 
     </span>
    </p>
   </div>
   <div class='ocr_carea' id='block_1_111' title="bbox 2189 5180 3775 5250">
    <p class='ocr_par' dir='ltr' id='par_1_111' title="bbox 2189 5180 3775 5250">
     <span class='ocr_line' id='line_1_112' title="bbox 2189 5180 3775 5250; baseline -0.008 -10"><span class='ocrx_word' id='word_1_848' title='bbox 2189 5184 2640 5240; x_wconf 72' lang='lat' dir='ltr'><strong>nam&#39;Jerusalem</strong></span> <span class='ocrx_word' id='word_1_849' title='bbox 2675 5197 2799 5237; x_wconf 79' lang='lat' dir='ltr'><strong>esse</strong></span> <span class='ocrx_word' id='word_1_850' title='bbox 2840 5182 3160 5250; x_wconf 71' lang='lat' dir='ltr'><strong>proiectam,</strong></span> <span class='ocrx_word' id='word_1_851' title='bbox 3196 5190 3251 5233; x_wconf 83' lang='lat' dir='ltr'><strong>et</strong></span> <span class='ocrx_word' id='word_1_852' title='bbox 3291 5180 3436 5247; x_wconf 85' lang='lat' dir='ltr'><strong>quod</strong></span> <span class='ocrx_word' id='word_1_853' title='bbox 3470 5191 3562 5246; x_wconf 75' lang='lat' dir='ltr'><strong>ego</strong></span> <span class='ocrx_word' id='word_1_854' title='bbox 3605 5190 3775 5228; x_wconf 70' lang='lat' dir='ltr'><strong>Ilien-</strong></span> 
     </span>
    </p>
   </div>
   <div class='ocr_carea' id='block_1_112' title="bbox 2188 5271 3776 5345">
    <p class='ocr_par' dir='ltr' id='par_1_112' title="bbox 2188 5271 3776 5345">
     <span class='ocr_line' id='line_1_113' title="bbox 2188 5271 3776 5345; baseline -0.01 -13"><span class='ocrx_word' id='word_1_855' title='bbox 2188 5278 2256 5332; x_wconf 89' lang='lat' dir='ltr'><strong>tis</strong></span> <span class='ocrx_word' id='word_1_856' title='bbox 2291 5275 2476 5345; x_wconf 68' lang='lat' dir='ltr'><strong>rigida:</strong></span> <span class='ocrx_word' id='word_1_857' title='bbox 2525 5273 2770 5328; x_wconf 83' lang='lat' dir='ltr'><strong>dederim</strong></span> <span class='ocrx_word' id='word_1_858' title='bbox 2799 5273 2850 5326; x_wconf 87' lang='lat' dir='ltr'><strong>ei</strong></span> <span class='ocrx_word' id='word_1_859' title='bbox 2895 5271 3132 5324; x_wconf 77' lang='lat' dir='ltr'><strong>libellum</strong></span> <span class='ocrx_word' id='word_1_860' title='bbox 3179 5271 3414 5340; x_wconf 80' lang='lat' dir='ltr'><strong>repudii,</strong></span> <span class='ocrx_word' id='word_1_861' title='bbox 3439 5278 3487 5322; x_wconf 86' lang='lat' dir='ltr'><strong>et</strong></span> <span class='ocrx_word' id='word_1_862' title='bbox 3521 5280 3643 5319; x_wconf 77' lang='lat' dir='ltr'><strong>non</strong></span> <span class='ocrx_word' id='word_1_863' title='bbox 3675 5282 3776 5334; x_wconf 62' lang='grc' dir='ltr'><strong>ρδ-</strong></span> 
     </span>
    </p>
   </div>
   <div class='ocr_carea' id='block_1_113' title="bbox 2193 5362 3778 5434">
    <p class='ocr_par' dir='ltr' id='par_1_113' title="bbox 2193 5362 3778 5434">
     <span class='ocr_line' id='line_1_114' title="bbox 2193 5362 3778 5434; baseline -0.008 -15"><span class='ocrx_word' id='word_1_864' title='bbox 2193 5370 2326 5432; x_wconf 86' lang='lat' dir='ltr'><strong>tius,</strong></span> <span class='ocrx_word' id='word_1_865' title='bbox 2363 5366 2504 5434; x_wconf 81' lang='lat' dir='ltr'><strong>quod</strong></span> <span class='ocrx_word' id='word_1_866' title='bbox 2539 5379 2725 5418; x_wconf 74' lang='lat' dir='ltr'><strong>verum</strong></span> <span class='ocrx_word' id='word_1_867' title='bbox 2761 5372 2866 5425; x_wconf 84' lang='lat' dir='ltr'><strong>est,</strong></span> <span class='ocrx_word' id='word_1_868' title='bbox 2920 5363 3250 5432; x_wconf 81' lang='lat' dir='ltr'><strong>intelligitis,</strong></span> <span class='ocrx_word' id='word_1_869' title='bbox 3307 5362 3450 5415; x_wconf 76' lang='lat' dir='ltr'><strong>illam</strong></span> <span class='ocrx_word' id='word_1_870' title='bbox 3481 5371 3578 5412; x_wconf 83' lang='lat' dir='ltr'><strong>suo</strong></span> <span class='ocrx_word' id='word_1_871' title='bbox 3602 5372 3637 5409; x_wconf 73' lang='grc' dir='ltr'><strong>ι</strong></span> <span class='ocrx_word' id='word_1_872' title='bbox 3686 5373 3778 5409; x_wconf 78' lang='lat' dir='ltr'><strong>me</strong></span> 
     </span>
    </p>
   </div>
   <div class='ocr_carea' id='block_1_114' title="bbox 2194 5449 3778 5514">
    <p class='ocr_par' dir='ltr' id='par_1_114' title="bbox 2194 5449 3778 5514">
     <span class='ocr_line' id='line_1_115' title="bbox 2194 5449 3778 5514; baseline -0.007 0"><span class='ocrx_word' id='word_1_873' title='bbox 2194 5461 2324 5514; x_wconf 86' lang='lat' dir='ltr'><strong>vitio</strong></span> <span class='ocrx_word' id='word_1_874' title='bbox 2350 5457 2932 5514; x_wconf 65' lang='lat' dir='ltr'><strong>recessisseYDiccntc</strong></span> <span class='ocrx_word' id='word_1_875' title='bbox 2991 5459 3136 5510; x_wconf 89' lang='lat' dir='ltr'><strong>enim</strong></span> <span class='ocrx_word' id='word_1_876' title='bbox 3189 5473 3274 5510; x_wconf 90' lang='lat' dir='ltr'><strong>me</strong></span> <span class='ocrx_word' id='word_1_877' title='bbox 3315 5457 3381 5510; x_wconf 86' lang='lat' dir='ltr'><strong>ad</strong></span> <span class='ocrx_word' id='word_1_878' title='bbox 3409 5465 3558 5507; x_wconf 79' lang='lat' dir='ltr'><strong>eant:</strong></span> <span class='ocrx_word' id='word_1_879' title='bbox 3600 5449 3778 5514; x_wconf 71' lang='lat' dir='ltr'><strong>Quie-</strong></span> 
     </span>
    </p>
   </div>
   <div class='ocr_carea' id='block_1_115' title="bbox 2267 5609 3777 5682">
    <p class='ocr_par' dir='ltr' id='par_1_115' title="bbox 2267 5609 3777 5682">
     <span class='ocr_line' id='line_1_116' title="bbox 2267 5609 3777 5682; baseline -0.005 -16"><span class='ocrx_word' id='word_1_880' title='bbox 2267 5614 2286 5645; x_wconf 86' lang='grc'><em>³</em></span> <span class='ocrx_word' id='word_1_881' title='bbox 2313 5614 2544 5682; x_wconf 78' lang='lat' dir='ltr'><strong>Reputtil</strong></span> <span class='ocrx_word' id='word_1_882' title='bbox 2587 5612 2861 5667; x_wconf 80' lang='lat' dir='ltr'><strong>Victorius</strong></span> <span class='ocrx_word' id='word_1_883' title='bbox 2925 5612 3097 5680; x_wconf 84' lang='lat' dir='ltr'><strong>spolia</strong></span> <span class='ocrx_word' id='word_1_884' title='bbox 3135 5628 3234 5682; x_wconf 80' lang='lat' dir='ltr'><strong>pro</strong></span> <span class='ocrx_word' id='word_1_885' title='bbox 3289 5609 3488 5681; x_wconf 73' lang='lat' dir='ltr'><strong>familia</strong></span> <span class='ocrx_word' id='word_1_886' title='bbox 3516 5618 3589 5659; x_wconf 76' lang='lat' dir='ltr'><strong>ex</strong></span> <span class='ocrx_word' id='word_1_887' title='bbox 3631 5620 3777 5660; x_wconf 85' lang='lat' dir='ltr'><strong>mss.</strong></span> 
     </span>
    </p>
   </div>
   <div class='ocr_carea' id='block_1_116' title="bbox 2196 5685 2764 5752">
    <p class='ocr_par' dir='ltr' id='par_1_116' title="bbox 2196 5685 2764 5752">
     <span class='ocr_line' id='line_1_117' title="bbox 2196 5685 2764 5752; baseline -0.011 -12"><span class='ocrx_word' id='word_1_888' title='bbox 2196 5688 2308 5740; x_wconf 78' lang='lat' dir='ltr'><strong>suis</strong></span> <span class='ocrx_word' id='word_1_889' title='bbox 2343 5685 2764 5752; x_wconf 69' lang='lat' dir='ltr'><strong>exemplartbus.</strong></span> 
     </span>
    </p>
   </div>
   <div class='ocr_carea' id='block_1_117' title="bbox 2271 5746 3781 5816">
    <p class='ocr_par' dir='ltr' id='par_1_117' title="bbox 2271 5746 3781 5816">
     <span class='ocr_line' id='line_1_118' title="bbox 2271 5746 3781 5816; baseline 0.005 -10"><span class='ocrx_word' id='word_1_890' title='bbox 2271 5756 2291 5786; x_wconf 70' lang='grc'><strong>⁸</strong></span> <span class='ocrx_word' id='word_1_891' title='bbox 2320 5746 2547 5816; x_wconf 69' lang='lat' dir='ltr'><strong>Meller},</strong></span> <span class='ocrx_word' id='word_1_892' title='bbox 2585 5765 2642 5806; x_wconf 86' lang='lat' dir='ltr'><strong>ut</strong></span> <span class='ocrx_word' id='word_1_893' title='bbox 2674 5753 2912 5816; x_wconf 80' lang='lat' dir='ltr'><strong>videtur.</strong></span> <span class='ocrx_word' id='word_1_894' title='bbox 2956 5768 3122 5812; x_wconf 87' lang='lat' dir='ltr'><strong>sensu</strong></span> <span class='ocrx_word' id='word_1_895' title='bbox 3171 5754 3225 5811; x_wconf 91' lang='lat' dir='ltr'><strong>in</strong></span> <span class='ocrx_word' id='word_1_896' title='bbox 3261 5746 3642 5813; x_wconf 56' lang='lat' dir='ltr'><strong>Ambrosiam:</strong></span> <span class='ocrx_word' id='word_1_897' title='bbox 3679 5761 3781 5802; x_wconf 68' lang='grc'><strong>³³-</strong></span> 
     </span>
    </p>
   </div>
   <div class='ocr_carea' id='block_1_118' title="bbox 2198 5824 2989 5897">
    <p class='ocr_par' dir='ltr' id='par_1_118' title="bbox 2198 5824 2989 5897">
     <span class='ocr_line' id='line_1_119' title="bbox 2198 5824 2989 5897; baseline -0.003 -16"><span class='ocrx_word' id='word_1_898' title='bbox 2198 5836 2412 5897; x_wconf 71' lang='lat' dir='ltr'><strong>peratus</strong></span> <span class='ocrx_word' id='word_1_899' title='bbox 2437 5841 2534 5892; x_wconf 74' lang='lat' dir='ltr'><strong>pro</strong></span> <span class='ocrx_word' id='word_1_900' title='bbox 2574 5824 2989 5892; x_wconf 54' lang='lat' dir='ltr'><strong>sttj&#39;crclevtttm.</strong></span> 
     </span>
    </p>
   </div>
  </div>
