3902 6182
284 357 385 424 493

814 358 1317 428 COMMENTAB.
1359 361 1441 422 IN
1489 358 1755 423 iSAlAM
1798 352 2285 447 PROPHETAM.
2312 354 2457 424 LIB.
2495 354 2671 433 XIII,
2704 361 2863 422 CAP.
2906 358 2967 421 L.

3433 344 3544 419 ibi

275 474 400 528 scite
429 475 608 545 inique
641 488 823 546 agere,
856 473 1048 529 discite
1083 473 1276 529 bonum
1308 473 1506 544 facere,
1539 474 1731 530 audire
1773 488 1861 528 me
1889 476 1938 535 Α
1967 470 2108 528 Ecce
2141 474 2195 526 in
2232 473 2611 542 increpatione
2662 485 2781 526 mea
2812 470 3089 526 desertum
3146 466 3341 524 iaciant
3370 484 3541 533 mare,

276 566 446 620 noluit
464 582 487 632 ;
503 567 597 621 sed
623 566 790 622 vertit
810 573 1006 623 contra
1031 582 1121 622 me
1144 567 1421 635 scapulam
1464 566 1807 622 recedentem
1843 585 1857 622 :

275 656 428 713 Unde
464 659 679 714 locutus
716 674 840 714 sum
883 660 1010 714 liliis
1063 660 1184 729 ejus
1218 675 1234 717 :
1266 657 1359 716 Va
1417 660 1548 726 illis,
1599 661 1859 729 quoniam

281 763 620 807 recesserunt
648 768 678 805 a
707 767 816 807 me.
849 751 1118 807 Manifesti
1153 759 1281 808 sunt
1314 755 1406 823 qui
1437 753 1601 823 impie
1634 762 1864 823 egerunt

278 844 333 898 in
382 857 488 898 me.
522 843 587 898 Et
611 844 677 898 ad
722 845 898 915 ipsam
936 844 1203 900 :Erudiet
1239 855 1292 899 te
1336 844 1614 901 abscessio
1663 853 1778 911 tua,
1809 856 1864 900 et

279 935 483 991 malitia
529 946 619 992 tua
648 938 911 1007 corripiet
953 948 1043 1006 te;
1107 949 1161 993 et
1187 940 1330 995 scies
1366 939 1625 1009 quoniam
1659 938 1860 992 malum

278 1032 375 1085 tibi
412 1031 485 1086 sit
514 1031 663 1103 quod
718 1032 1012 1103 reliqueris
1046 1048 1153 1089 me.
1188 1033 1294 1088 Sed
1348 1032 1581 1088 forsitan
1615 1030 1859 1087 libellum

281 1124 492 1193 repudii
523 1129 815 1182 ostendere
848 1142 958 1182 non
1004 1127 1256 1197 potestis,
1308 1135 1364 1182 et
1399 1127 1595 1196 aliquis
1626 1126 1865 1183 creditor

283 1232 437 1272 meus
461 1219 689 1288 exigens
710 1219 1027 1290 pecuniam,
1055 1235 1141 1275 me
1171 1235 1277 1274 non
1310 1219 1544 1275 habente
1566 1219 1708 1288 quod
1743 1222 1865 1276 red-

280 1310 490 1374 derem,
543 1327 643 1367 vos
709 1312 762 1366 in
818 1306 986 1367 debiti
1032 1313 1539 1383 compensationem
1597 1311 1865 1383 suscipit!

279 1396 396 1458 Non
416 1413 502 1460 est
532 1403 603 1460 ita
649 1423 665 1461 :
695 1400 793 1461 sed
821 1421 922 1476 ego
962 1405 1252 1461 ostendam
1281 1405 1458 1472 vobis,
1500 1406 1859 1476 quamobrem

282 1504 513 1550 matrem
530 1512 655 1550 cum
684 1490 808 1551 filiis
838 1494 1249 1567 dereliquerim.
1299 1496 1524 1552 Scelera
1568 1505 1746 1552 vestra
1776 1507 1864 1551 at-

278 1590 388 1649 que
434 1594 659 1656 peccata
689 1601 786 1641 vos
811 1582 1152 1643 daemonibus
1215 1578 1600 1649 vendiderunt,
1634 1595 1693 1640 ut
1726 1602 1865 1656 prm-

275 1677 451 1731 sentis
479 1676 663 1732 δεσυῐὶ
692 1677 1063 1746 voluptatibus
1086 1677 1306 1744 irretiti,
1338 1687 1395 1732 et
1427 1692 1522 1733 vos
1555 1687 1863 1748 parentem,

273 1778 327 1824 et
378 1769 472 1825 illa
518 1770 805 1840 coniugem
865 1770 1289 1842 derelinqueret.
1341 1767 1496 1827 Unde
1554 1770 1860 1827 adulteram

276 1872 511 1917 matrem
536 1872 777 1919 vestram
811 1862 950 1916 ultra
999 1872 1187 1917 tenere
1215 1877 1324 1917 non
1360 1864 1534 1932 potui,
1562 1862 1657 1919 sed
1680 1862 1867 1919 volen-

276 1963 385 2010 tem
426 1955 581 2011 abire
605 1954 847 2026 permisi.
883 1954 1039 2022 Quod
1068 1965 1251 2011 autem
1285 1956 1523 2025 peccatis
1555 1957 1673 2012 suis
1697 1973 1865 2014 unus-

276 2047 516 2117 quisque
555 2048 921 2114 venundatur,
960 2048 1091 2104 dum
1152 2050 1376 2120 proprio
1433 2050 1663 2106 arbitrio
1703 2049 1861 2107 dere-

276 2142 413 2204 licti.
445 2148 636 2198 nostra
674 2140 975 2206 voluntate,
1026 2140 1114 2196 vel
1143 2145 1210 2196 ad
1267 2142 1499 2210 bonum,
1536 2143 1624 2199 vel
1653 2136 1725 2199 ad
1748 2159 1865 2198 ma-

274 2232 388 2289 lum
418 2232 691 2301 ducimur,
719 2238 774 2288 et
802 2232 1007 2290 Paulus
1045 2234 1325 2305 apostolus
1371 2235 1536 2293 docet
1574 2252 1591 2293 :
1622 2234 1736 2307 Ego
1767 2254 1865 2291 au-

276 2339 381 2384 tem
435 2324 602 2401 5'76
653 2328 886 2384 carnalis
947 2346 1087 2395 sum,
1120 2331 1446 2385 venundatus
1497 2332 1593 2386 sub
1646 2342 1862 2404 peccato

276 2421 461 2490 (Rom.
498 2421 723 2501 νιιιη).
769 2419 873 2489 Qui
896 2422 1039 2478 enim
1073 2424 1202 2493 facit
1256 2435 1550 2491 peccatum,
1579 2441 1759 2480 servus
1778 2434 1854 2481 est

275 2514 482 2582 peccati
514 2513 694 2585 (Joan.
727 2515 868 2586 vm).
904 2511 970 2571 Et
989 2517 1263 2586 quomodo
1295 2517 1445 2571 avari
1489 2528 1651 2587 atque
1674 2524 1862 2590 rapto-

279 2623 366 2662 res
397 2607 544 2663 servi
567 2618 697 2663 sunt
730 2623 1085 2675 mammona;
1123 2608 1202 2663 sic
1239 2618 1404 2664 omne
1453 2621 1737 2681 peccatum
1763 2615 1866 2667 do-

280 2699 525 2754 minatur
551 2700 952 2769 pectatoribus.
1003 2700 1215 2767 Quibus
1249 2700 1451 2756 dicitur
1485 2720 1499 2755 :
1538 2699 1661 2757 Non
1688 2713 1863 2774 regnet

281 2802 557 2859 peccatum
605 2791 906 2847 inmortali
958 2802 1127 2847 vestro
1158 2809 1375 2864 corpore
1420 2792 1593 2866 (Rom.
1644 2811 1716 2862 vt,
1751 2796 1861 2866 η).

279 2880 351 2938 Ut
382 2889 566 2939 autem
624 2885 834 2950 sciatis,
868 2894 1034 2940 nona
1095 2899 1180 2939 me
1232 2888 1577 2957 repudiatam
1633 2897 1862 2943 matrem

282 2985 565 3045 vestram;
630 2979 726 3032 sed
778 2977 1057 3033 voluntate
1100 2979 1318 3050 propria
1370 2981 1688 3048 recessisse,
1744 2990 1863 3051 post

280 3070 451 3126 multa
476 3070 740 3127 beneﬁcia
774 3070 1074 3127 humanum
1110 3082 1311 3142 corpus
1358 3074 1653 3144 assumpsi,
1684 3085 1739 3130 et
1761 3091 1863 3133 ne-

1965 580 2164 635 ponam
2197 564 2418 620 ﬂumina
2478 565 2532 617 in
2571 563 2779 619 siccum
2818 579 2835 623 :
2874 571 3319 632 computrescent
3369 564 3545 633 pisces

1963 660 2086 714 sine
2116 674 2280 723 aqua,
2318 657 2623 713 morientur
2653 656 2707 712 in
2762 656 2880 711 siti.
2932 649 3155 711 lndtiam
3196 655 3365 712 caelos
3397 666 3547 710 tone-

1965 750 2098 814 bris,
2126 760 2180 806 et
2203 765 2420 807 saccum
2439 766 2635 819 ponam
2655 751 3056 820 operimentum
3081 764 3295 804 eorum.
3322 765 3340 799 ι
3363 746 3542 801 LXX:

1972 863 1992 896 ι
2022 843 2292 914 Numquid
2320 860 2427 900 non
2449 853 2627 915 potest
2650 858 2842 900 manus
2878 854 2996 899 mea
3039 843 3292 906 liberare,
3321 851 3414 896 aut
3437 857 3545 896 non

1966 918 2221 1006 praevalet
2238 947 2296 993 ut
2314 938 2513 994 eruat?
2531 936 2673 994 Ecce
2688 937 3113 994 comminatione
3133 951 3250 991 mea
3270 936 3545 992 desertum

1966 1030 2159 1086 faciam
2196 1045 2365 1100 mare,
2398 1039 2451 1088 et
2481 1046 2676 1102 ponam
2700 1029 2924 1085 ﬂumina
2947 1029 3185 1095 deserta,
3209 1039 3264 1083 et
3293 1040 3548 1084 arescent

1966 1124 2146 1193 pisc’es
2176 1139 2364 1179 eorum
2398 1142 2414 1181 :
2449 1138 2515 1182 eo
2542 1125 2688 1194 quod
2721 1139 2828 1179 non
2854 1122 3111 1193 sitaqua,
3146 1131 3201 1178 et
3235 1120 3547 1179 morientur

1967 1216 2020 1271 in
2053 1217 2168 1273 siti.
2198 1206 2266 1271 Et
2289 1217 2512 1273 induam
2538 1217 2734 1286 emittm
2755 1216 3025 1284 tenebris,l
3042 1224 3100 1271 et
3121 1215 3277 1286 quasi
3306 1214 3543 1268 cilicium

1966 1312 2162 1381 ponam
2186 1311 2590 1380 operimentum
2619 1309 2759 1380 ejus.
2800 1327 2819 1361 ι
2850 1308 3151 1364 Adversum
3181 1320 3282 1361 eos
3312 1302 3407 1377 qui
3442 1320 3542 1368 pu-

1968 1408 2160 1463 tabant
2208 1392 2497 1462 Dominum
2552 1422 2659 1461 non
2704 1400 2946 1477 potuisse
3002 1403 3236 1456 liberare
3288 1401 3546 1472 populutn

1965 1515 2124 1555 suum
2158 1498 2224 1555 de
2274 1498 2615 1569 captivitate,
2670 1496 2825 1567 ponit
2889 1495 3158 1551 rationem
3217 1504 3272 1549 et
3301 1493 3549 1562 exempla

1966 1591 2305 1665 plenissima.
2331 1588 2621 1661 Quod‘qui
2655 1602 2805 1643 mare
2852 1578 3094 1642 Rubrum
3122 1585 3258 1665 iecit
3302 1584 3549 1656 pervium

1968 1661 2290 1755 populosuo
2325 1681 2521 1752 (Exod.
2555 1683 2690 1752 stv),
2733 1676 2992 1736 Iordanis
3220 1678 3420 1732 ﬂuenta
3446 1674 3552 1732 sic-

1968 1775 2134 1841 cavit,
2169 1784 2224 1830 et
2250 1773 2627 1829 arescentibus
2664 1774 2716 1824 in
2742 1764 2976 1843 Egyptn
3006 1764 3206 1834 ﬂuviis,
3232 1767 3408 1837 pisces
3434 1782 3553 1820 vet-

1970 1869 2034 1922 tit
2080 1868 2132 1921 in
2165 1865 2508 1936 putrediuetn
2542 1858 2741 1935 (Exod.
2791 1862 2913 1933 vn),
2947 1871 3001 1918 et
3031 1862 3121 1932 qui
3151 1854 3327 1916 tribus
3360 1858 3549 1916 diebus

1966 1959 2020 2013 in
2048 1955 2281 2031 IEgypto
2308 1960 2563 2013 tenebras
2595 1957 2725 2012 fecit
2757 1970 2882 2013 esse
2905 1948 3223 2026 palpabiles.
3251 1955 3323 2009 ita
3351 1964 3407 2007 nt
3439 1969 3552 2009 ((B-

1964 2048 2077 2105 ium
2106 2048 2263 2120 quasi
2320 2064 2486 2105 sacco
2534 2042 2780 2119 opertum
2826 2042 3104 2104 videretur
3157 2056 3212 2103 et
3260 2045 3548 2101 tenebris:

1969 2142 2158 2211 utique
2187 2141 2433 2212 potuerit
2470 2148 2524 2196 et
2552 2140 2807 2211 pupulum
2838 2154 2996 2195 suum
3037 2138 3107 2194 de
3143 2132 3385 2208 periculo
3416 2138 3549 2192 libe-

1968 2248 2110 2289 rare.
2140 2232 2267 2289 Sive
2323 2234 2448 2304 quia
2481 2249 2647 2303 supra
2704 2231 2915 2287 diXernt
2947 2247 2961 2283 :
2998 2220 3144 2298 Veni,
3196 2234 3249 2284 et
3278 2247 3382 2285 non
3433 2217 3555 2285 erat.

1966 2326 2121 2381 homo
2150 2344 2168 2381 :
2199 2325 2401 2391 vorari,
2425 2336 2474 2380 et
2509 2341 2611 2378 non
2640 2322 2766 2387 ﬁerat
2805 2325 2898 2395 qui
2932 2322 3162 2390 audiret,
3192 2314 3319 2378 illud
3350 2320 3553 2392 passu:

1970 2434 2090 2475 ntus
2117 2419 2322 2484 dicere,
2362 2420 2505 2489 quod
2538 2416 2630 2488 qui
2678 2428 2955 2475 tantorum
2989 2421 3271 2489 signorum
3306 2429 3551 2490 patrator

1966 2522 2072 2577 est,
2100 2520 2156 2568 et
2184 2512 2382 2567 cmlum
2421 2522 2725 2582 terrasque,
2757 2519 2814 2568 et
2846 2511 3017 2567 maria
3052 2527 3153 2568 suo
3185 2506 3318 2567 facit
3344 2511 3552 2568 servire

1968 2605 2146 2672 nntui,
2181 2607 2346 2661 etiam
2380 2606 2495 2677 ipse
2524 2620 2745 2661 crucem
2799 2607 3033 2662 evadere
3073 2604 3329 2674 potuerit,
3362 2606 3553 2662 dicens

1968 2700 2022 2754 in
2055 2698 2348 2770 Evangelia
2384 2714 2400 2753 :
2431 2702 2510 2753 An
2533 2699 2733 2767 putatis
2764 2688 2781 2729 ί
2812 2700 2937 2768 quia
2976 2715 3081 2753 non
3118 2715 3334 2768 possunt
3357 2717 3550 2772 rogare

1967 2789 2186 2847 Patrem
2238 2807 2432 2855 meum,
2470 2796 2525 2845 ut
2571 2782 2833 2846 exhiberet
2890 2792 3017 2845 milti
3073 2792 3224 2849 modo
3267 2784 3548 2865 plusquam

1966 2884 2244 2940 duodecim
2308 2884 2535 2955 legiones
2585 2883 2896 2955 angelorum
2947 2873 3161 2955 (Matth.
3219 2899 3371 2951 xxvr,
3420 2883 3552 2955 55)?

1967 2976 2129 3032 Juxta
2162 2992 2465 3049 anagogen,
2500 2977 2569 3031 ad
2615 2970 3049 3047 increpationem
3098 2975 3314 3030 Domini
3366 2976 3555 3032 deser-

1972 3081 2084 3125 tum
2126 3070 2187 3125 lit
2218 3086 2392 3136 mare,
2429 3068 2649 3139 quando
2707 3068 2888 3125 omnis
2942 3068 3108 3139 hujus
3136 3056 3323 3125 smcuii
3352 3070 3552 3125 amari—

278 3178 550 3234 quaquam
583 3180 680 3235 per
707 3165 1025 3237 prophetas,
1063 3168 1158 3222 sed
1193 3181 1430 3236 praesens
1479 3167 1690 3226 locutus
1720 3184 1864 3224 sum.
1896 3173 1941 3235 ο
1973 3164 2104 3219 tudo
2122 3163 2383 3229 siccatur,
2420 3172 2473 3217 et
2494 3158 2716 3217 ﬂutiiina
2762 3160 3101 3228 desolautur,
3133 3162 3198 3217 de
3228 3161 3425 3230 quibus
3447 3162 3556 3233 splo

282 3255 435 3324 Veni,
460 3266 510 3312 et
536 3272 640 3312 non
664 3267 781 3314 erat
814 3259 913 3324 vir,
945 3260 1061 3316 sive
1102 3259 1277 3314 homo.
1309 3260 1513 3317 Omnes
1567 3262 1714 3316 enim
1757 3263 1864 3319 viri

277 3360 330 3406 et
360 3351 603 3406 hominis
654 3350 949 3423 imaginem
1006 3350 1409 3424 relinquentes,
1478 3353 1775 3410 bestiarunt
1810 3365 1865 3412 et

277 3441 616 3513 serpentium
641 3459 923 3513 sumpsere
978 3443 1262 3515 imagines.
1315 3444 1472 3503 Unde
1505 3457 1559 3502 et
1592 3448 1658 3503 ad
1690 3444 1864 3506 Hero-

264 3522 406 3591 ‘dem
437 3546 663 3605 propter
702 3536 969 3591 malitiam
1014 3536 1227 3591 dicitur
1260 3553 1273 3594 :
1303 3535 1385 3592 Ite
1435 3550 1483 3593 et
1540 3539 1698 3595 dicite
1721 3541 1866 3610 vulpi

280 3627 409 3682 huic
441 3627 593 3684 (Luc.
627 3643 741 3696 xm,
796 3622 909 3697 δὲ).
949 3624 1015 3683 F3
1073 3631 1138 3684 ad
1193 3625 1546 3688 Pbarisros:
1581 3631 1865 3689 Genimina

284 3722 595 3790 viperarum
653 3718 865 3784 (Matth.
902 3737 1059 3788 xxnt,
1115 3712 1321 3791 35).Et
1372 3723 1440 3778 ad
1500 3724 1863 3789 libidinosas:

290 3810 781 3883 Equi‘insanieutes
821 3811 876 3865 in
923 3804 1149 3881 feminas
1184 3811 1318 3883 facti
1370 3822 1494 3866 sunt
1547 3802 1769 3883 (Jerem.
1809 3828 1861 3880 v,

288 3901 372 3973 8).
401 3900 470 3958 Et
511 3903 579 3958 de
622 3903 965 3974 voluptuosis
996 3920 1011 3958 z
1040 3896 1220 3958 Nolite
1278 3905 1487 3958 mittere
1541 3906 1866 3975 margaritas

280 4003 479 4050 vestras
511 4004 635 4050 ante
696 4011 903 4065 porcos.
942 3994 1007 4051 Et
1064 3992 1470 4067 impudentibus
1501 3999 1717 4066 :Neque
1736 4015 1865 4052 san-

283 4094 427 4142 ctum
445 4090 579 4142 detis
609 4091 829 4142 canibus
856 4084 1070 4159 (Matth.
1099 4106 1194 4156 vtt,
1226 4089 1304 4160 6).
1331 4085 1395 4142 Et
1414 4090 1467 4143 in
1493 4091 1773 4144 communi
1802 4091 1868 4145 de

279 4181 539 4235 omnibus
573 4196 590 4234 :
633 4178 775 4233 Visio
805 4180 1202 4250 quadrupedum
1249 4195 1367 4250 quas
1399 4178 1634 4234 erantin
1660 4181 1867 4234 deserto

282 4271 416 4344 (lsa.
450 4274 582 4340 xxx)
629 4268 787 4326 Venit
842 4273 1028 4342 itaque
1075 4271 1358 4336 Dominus,
1413 4282 1471 4328 et
1506 4288 1612 4327 non
1658 4272 1868 4328 invenit

283 4365 584 4419 botuinem.
623 4360 796 4419 Homo
827 4365 970 4419 enim
1000 4378 1118 4418 cum
1149 4364 1205 4417 in
1247 4365 1445 4419 honore
1472 4374 1631 4433 esset,
1655 4382 1761 4421 non
1783 4367 1867 4419 in-

280 4459 480 4512 tellexit
505 4464 894 4527 :‘eomparatus
931 4467 1010 4512 est
1060 4456 1318 4528 juntentis
1373 4459 1760 4528 insipientibus,
1815 4471 1866 4514 et

279 4550 469 4603 similis
516 4524 687 4619 factus
726 4558 804 4602 est
860 4550 934 4601 eis
989 4524 1164 4619 (Psal.
1202 4563 1392 4616 vatn,
1458 4524 1603 4618 i3).
1637 4524 1861 4615 Voc'avi,
1900 4524 1945 4578 Β

281 4643 481 4712 inquit,
509 4656 611 4696 eos
635 4640 794 4710 quasi
812 4640 1073 4696 rationale
1105 4640 1329 4705 animal,
1349 4652 1405 4696 et
1426 4642 1534 4698 dixi
1558 4659 1574 4696 ε
1597 4637 1865 4696 Inclinate

260 4749 463 4797 ,aurem
494 4743 723 4788 vestram
755 4734 813 4787 in
843 4733 999 4788 verba
1030 4734 1138 4787 oris
1186 4734 1288 4787 mei
1336 4730 1513 4805 (P'sal.
1546 4749 1748 4801 Lxxvn,
1787 4733 1867 4805 l),

280 4833 335 4880 et
364 4841 475 4880 non
504 4826 714 4881 audivit
751 4826 982 4896 populus
1009 4841 1165 4880 meus
1191 4840 1378 4880 vocem
1417 4840 1613 4881 meam.
1649 4825 1865 4881 Clama-

283 4922 358 4988 vi,
402 4933 457 4977 et
492 4923 601 4976 dixi
637 4939 659 4981 :
691 4921 792 4989 Qui
819 4922 952 4988 sitit,
983 4922 1152 4977 veniat
1184 4923 1254 4975 ad
1289 4937 1391 4988 me,
1418 4932 1466 4976 et
1498 4924 1639 4976 bibat
1677 4922 1865 4993 (loun.

280 5032 378 5084 vn,
403 5016 518 5088 37).
556 5014 625 5069 Et
653 5015 759 5071 allo
782 5015 904 5071 loco
939 5032 953 5071 :
986 5014 1171 5070 Venite
1224 5020 1293 5069 ad
1328 5031 1428 5081 me,
1461 5028 1637 5071 omnes
1667 5020 1755 5088 qui
1780 5019 1865 5071 la-

283 5105 485 5160 boratis
517 5116 565 5159 et
589 5108 799 5160 onerati
831 5105 957 5161 estis
990 5106 1205 5177 (Matth.
1266 5122 1342 5173 ιι,
1377 5106 1492 5177 ‘28).
1523 5100 1587 5160 Et
1615 5123 1721 5162 non
1749 5121 1864 5163 erat

281 5200 372 5267 qui
402 5199 654 5265 audiret;
699 5202 840 5254 unde
874 5200 954 5254 eis
995 5201 1048 5252 in
1097 5200 1391 5270 Evangelia
1444 5215 1563 5254 sum
1599 5201 1811 5257 loeutus
1847 5218 1864 5259 ε

286 5288 469 5361 Neque
496 5294 720 5363 speciem
751 5292 845 5349 Dei
868 5293 1095 5359 vidistis,
1143 5309 1306 5363 neque
1336 5309 1513 5349 vocem
1538 5295 1679 5349 illius
1714 5298 1868 5349 audi-

284 5386 401 5451 stis,
434 5386 562 5456 quia
587 5403 692 5441 non
730 5387 937 5442 habetis
981 5401 1272 5442 sermonem
1323 5387 1439 5455 ejus
1473 5399 1771 5443 manentem
1809 5388 1866 5441 in

285 5479 429 5535 vobis
452 5480 633 5544 (Joan.
661 5497 719 5548 v,
748 5480 838 5544 37,
868 5480 983 5554 38).

360 5569 539 5643 (Vers.
570 5573 650 5647 ἓ.)
688 5593 707 5627 t
737 5574 1011 5645 Numquid
1047 5577 1364 5632 abbtewata
1416 5586 1521 5643 est,
1556 5584 1611 5632 et
1639 5580 1867 5648 parvula

288 5664 429 5722 facta
458 5678 547 5723 est
582 5684 776 5725 manus
810 5684 950 5737 mea,
991 5682 1049 5725 ut
1077 5686 1181 5726 non
1216 5672 1387 5741 possit
1421 5671 1603 5740 (Vulg.
1638 5672 1864 5743 possim]

291 5759 558 5816 redimere
572 5758 853 5819 i'Atthon
883 5774 969 5819 est
999 5764 1161 5820 inme
1184 5767 1358 5822 virtus
1388 5767 1455 5820 ad
1482 5767 1868 5824 liberandum?

1969 3254 2185 3311 ritualis
2217 3254 2383 3310 draco
2434 3254 2649 3309 dicebat
2702 3254 2758 3308 in
2800 3252 3035 3335 Egypto
3067 3271 3081 3309 :
3116 3240 3236 3308 ubi.
3292 3264 3416 3309 sunt
3447 3255 3553 3322 nu-

1968 3351 2132 3416 mina,
2154 3359 2204 3406 et
2232 3366 2327 3421 ego
2360 3348 2462 3418 feci
2512 3365 2576 3403 ea
2605 3347 2827 3420 (Elter-It.
2860 3364 3005 3414 xxix,
3037 3349 3117 3418 9).
3158 3344 3222 3409 Et
3262 3351 3327 3404 de
3354 3350 3554 3419 quibus

1968 3436 2022 3498 in
2047 3442 2154 3498 alio
2172 3442 2296 3498 loco
2327 3441 2558 3514 legimus
2586 3456 2601 3496 :
2628 3437 2769 3505 Quid
2793 3441 2888 3493 tibi
2906 3450 2980 3494 est
3003 3450 3053 3495 et
3072 3444 3167 3496 viw
3186 3443 3552 3512 Assyriorum,

1967 3546 2023 3591 ut
2049 3537 2198 3592 bibas
2246 3553 2416 3607 aquas
2467 3536 2748 3607 ﬂuminum
2802 3526 3021 3603 (Jerem.
3084 3551 3146 3602 lt,
3192 3536 3314 3604 l8)?
3370 3535 3553 3594 Pisces

1968 3644 2203 3700 quoque,
2243 3644 2444 3700 sagena
2475 3628 2641 3683 missa
2671 3628 2726 3683 itt
2774 3629 2937 3692 mari,
2964 3618 3431 3697 “computrescent,
3457 3632 3549 3699 qui

1970 3738 1997 3776 a
2037 3722 2192 3778 bonis
2227 3722 2471 3792 piscibus
2514 3719 2723 3778 fuerint
2765 3706 3028 3795 separati.
3286 3721 3551 3790 Quodque

1969 3815 2218 3886 sequitur
2252 3834 2267 3871 :
2297 3812 2527 3869 lnduam
2554 3817 2741 3870 caelum
2774 3814 3021 3882 tenebris,
3050 3824 3098 3868 et
3132 3817 3286 3884 quasi
3317 3815 3550 3870 cilicium

1968 3912 2068 3964 erit
2097 3908 2475 3977 operimentum
2524 3906 2666 3976 ejus,
2702 3905 2786 3961 vel
2823 3920 2988 3960 omne
3040 3908 3185 3975 quod
3243 3922 3413 3977 supra
3451 3922 3550 3961 003i

1968 4010 2073 4069 est,
2117 3999 2484 4068 intelligamus
2517 3986 2741 4065 caelum,
2765 3998 2903 4053 sicut
2932 3999 3171 4052 volatilia
3202 4014 3321 4068 quae
3342 3999 3392 4052 in
3425 4014 3552 4055 acre

1968 4104 2117 4161 sunt,
2159 4094 2500 4165 appellantur
2526 4079 2804 4157 cmlestia;
2833 4101 2890 4149 et
2928 4090 3259 4148 adversariae
3311 4102 3552 4162 potesta~

1972 4198 2053 4242 tes
2081 4188 2341 4241 dicuntur
2389 4200 2513 4242 esse
2561 4186 2836 4250 ctelestes,
2874 4199 2995 4253 qua:
3033 4185 3178 4240 inter
3211 4184 3410 4239 caelum
3444 4196 3552 4238 ter-

1972 4295 2197 4351 ramque
2235 4279 2571 4335 discurrunt.
2607 4274 2703 4334 Vel
2732 4288 2881 4334 certe
2910 4278 3158 4332 induitur
3175 4277 3374 4332 omium
3405 4286 3553 4333 tene-

1969 4373 2103 4438 bris,
2164 4373 2386 4444 quando
2420 4372 2701 4428 obtexitur
2747 4371 3006 4432 nubibns.
3060 4356 3222 4426 quta
3254 4371 3383 4426 illud
3412 4375 3554 4442 quod

1971 4465 2234 4535 scriptum
2289 4474 2375 4520 est
2405 4481 2421 4520 :
2455 4461 2558 4530 Qui
2617 4452 2785 4531 operit
2847 4463 3036 4517 cwlum
3088 4463 3334 4529 nubibus,
3376 4472 3426 4517 et
3459 4466 3551 4516 dat

1971 4573 2127 4614 tet-rw
2165 4540 2399 4627 pluviam
2426 4556 2600 4628 (Psul.
2632 4571 2813 4623 CXLVI,
2842 4557 2920 4626 8).
2952 4550 3019 4610 Et
3050 4559 3101 4610 in
3125 4554 3552 4611 comminatione

1969 4653 2238 4708 siccitatis
2276 4651 2513 4721 loquitur
2546 4651 2685 4705 Deus
2710 4666 2724 4704 :
2747 4649 2954 4703 Ponant
3004 4647 3191 4702 caelum
3241 4663 3468 4713 a’neum,
3501 4659 3551 4700 et

1973 4760 2169 4804 terram
2205 4746 2437 4817 ferream
2494 4742 2674 4817 (Deut.
2734 4757 2925 4807 xxvm,
2982 4741 3099 4810 25).
3137 4739 3253 4795 Non
3277 4738 3421 4809 quod
3447 4738 3554 4793 elce

1975 4849 2282 4897 mentorum
2314 4849 2507 4894 natura
2534 4846 2821 4911 mutetur,
2849 4835 2942 4889 sed
2969 4833 3113 4905 quod
3135 4847 3229 4901 per
3257 4846 3330 4886 ass
3356 4839 3413 4886 et
3440 4829 3553 4886 ier-

1973 4948 2092 4988 rum
2126 4932 2411 5005 pmnarum
2448 4928 2766 5000 magnitudo
2804 4935 3104 4983 monstrata
3125 4925 3220 4978 sit.
3249 4923 3555 4994 Aiuntplti-

1970 5026 2205 5097 losoplti,
2232 5039 2339 5080 non
2373 5022 2605 5093 amplius
2637 5023 2823 5076 decem
2846 5017 3038 5073 stadiis
3068 5031 3097 5070 a
3137 5025 3282 5071 terra
3304 5016 3476 5097 nubes
3499 5018 3551 5070 in

1972 5120 2207 5176 sublime
2264 5116 2506 5182 sustolli,
2531 5125 2584 5170 et
2642 5109 3153 5187 solis‘splendorem
3187 5107 3549 5165 abscondere.

1971 5214 2113 5283 Ergo
2136 5227 2241 5267 non
2283 5210 2479 5267 coelum
2543 5222 2704 5263 sacco
2742 5203 3073 5268 obvolvitur,
3131 5204 3227 5257 sed
3252 5202 3552 5259 intercluso

1969 5308 2092 5362 caeli
2126 5306 2327 5359 lumine
2361 5316 2457 5358 aer
2479 5302 2574 5372 qui
2603 5300 2791 5355 subter
2822 5307 2930 5360 est,
2964 5296 3125 5352 nubis
3162 5298 3403 5354 tenebris
3427 5299 3552 5373 obs:

1969 5408 2215 5453 curatur.
2270 5395 2567 5450 Possumus
2619 5389 2788 5445 cmlos
2844 5389 3133 5445 obvolutos
3182 5389 3436 5452 tenebris,
3495 5400 3551 5440 et

1972 5506 2133 5547 sacco
2173 5498 2416 5559 opertos,
2446 5487 2528 5541 sic
2578 5485 2951 5554 interpretari,
2995 5482 3321 5538 ntdicames
3359 5490 3553 5536 omnes

1971 5598 2090 5640 csse
2119 5584 2219 5637 sub
2252 5589 2498 5651 peccato,
2529 5587 2583 5632 et
2613 5584 2835 5633 sanctos
2871 5588 3088 5648 quoque
3117 5573 3359 5643 indigere
3381 5572 3549 5629 misce

1972 5674 2206 5729 rivordia
2240 5672 2354 5727 Dei.

3028 5808 3105 5828 ..ι-

367 5882 380 5910 ¹
409 5881 489 5936 Ex
521 5894 839 5939 sacrotcxtu
862 5882 1373 5961 Victorrrescribit,
1404 5903 1473 5942 an
1512 5897 1668 5958 putas
1701 5904 1720 5944 :
1750 5901 1860 5946 tutn
1900 5902 1952 5950 et
1977 5892 2241 5950 extuberet
2267 5903 2364 5959 pro
2404 5901 2459 5944 ut
2480 5890 2764 5946 exhiberet.
