3902 6182
382 309 494 376 £95

1547 306 1609 366 S.
1669 305 1992 367 EUSEBII
2049 302 2488 366 lllERONYMl

3515 307 3604 374 ωδ

1341 450 3585 478 mm

1192 626 1550 718 LIBER
1633 622 2161 718 DECIMUS
2235 624 2835 732 QUARTUS.

454 957 714 1019 Dominbs
755 961 848 1032 qui
895 961 1115 1033 respicit
1167 972 1394 1028 terram,
1415 969 1469 1014 et
1521 958 1649 1017 l'acit
1680 975 1796 1015 eam
1864 971 1969 1017 tre-
1997 969 2048 1025 Α
2076 960 2195 1016 dedi
2224 961 2289 1015 ad
2317 957 2546 1032 ﬂagella,
2577 969 2630 1014 et
2651 975 2818 1030 genas
2872 975 3020 1018 meas
3051 962 3118 1017 ad
3170 957 3366 1035 alapas.
3423 958 3613 1024 Faciem

385 1072 580 1123 mere;
631 1055 720 1126 qui
800 1057 970 1126 tangit
1041 1067 1295 1122 montes,
1341 1065 1398 1109 et
1449 1053 1789 1125 fumigabunt
1835 1053 1968 1127 [ΑΙ.

383 1150 666 1204 fumabunt
700 1148 719 1221 j
751 1148 927 1219 (Psal.
979 1154 1127 1220 cm),
1161 1148 1252 1218 qui
1314 1147 1556 1218 loquitur
1614 1148 1666 1201 in
1712 1147 1971 1203 lieutero-

385 1245 550 1300 nomii
600 1245 860 1299 cantico:
900 1243 1012 1314 Ego
1075 1245 1355 1309 occidam,
1389 1254 1438 1298 et
1491 1259 1584 1314 ego
1651 1243 1969 1312 viviﬁcabo;

381 1338 764 1406 percutiam,et
786 1353 879 1407 ego
907 1319 1107 1390 sanabo
1139 1335 1340 1408 (Deut.
1365 1351 1542 1403 xxx",
1567 1334 1689 1403 '59),
1717 1336 1974 1405 frequen-

387 1432 532 1486 tibus
567 1430 772 1485 morbis
797 1445 973 1484 meam
1015 1427 1032 1462 ¹
1065 1444 1284 1500 quoque
1317 1438 1518 1484 terram
1572 1428 1700 1484 fecit
1753 1436 1971 1482 contre-

386 1524 640 1586 miscere,
669 1523 756 1579 cui
779 1521 980 1578 dictum
1012 1534 1094 1578 est
1131 1541 1145 1576 :
1187 1512 1352 1576 Terra
1378 1539 1453 1585 es,
1479 1531 1528 1576 et
1553 1523 1610 1575 in‘
1633 1532 1834 1576 terram
1865 1520 1969 1575 ibis

386 1612 672 1687 (ceam,
710 1597 843 1686 19’).
903 1615 969 1670 Et
1017 1613 1243 1670 oblitum
1311 1615 1641 1670 conditionis
1695 1614 1968 1681 humanae,

384 1710 582 1766 crebro
601 1710 873 1773 admonet,
891 1717 952 1764 ut
971 1709 1244 1764 hominem
1267 1713 1320 1763 et
1339 1723 1546 1773 senem,
1572 1707 1973 1777 etjamjamque

385 1805 708 1858 moriturum
736 1817 858 1856 osse
883 1816 969 1857 me
998 1801 1240 1855 noverim
1254 1843 1267 1856 .
1292 1799 1366 1855 De
1385 1817 1491 1870 quo
1511 1801 1771 1855 scribitur
1793 1819 1805 1854 :
1831 1799 1971 1866 Quid

385 1892 648 1966 gloriatur
677 1905 818 1950 terra
852 1899 901 1949 et
941 1896 1074 1948 cinis
1111 1893 1304 1965 (Eccli.
1339 1910 1391 1958 ι,
1423 1896 1478 1964 9)
1509 1896 1533 1947 ?
1587 1893 1740 1948 Unde
1766 1895 1858 1964 qui
1889 1911 1974 1950 me

390 1989 572 2044 subito
619 1989 882 2056 languore
925 1998 1291 2055 percusserat,
1332 1986 1637 2042 incredibili
1681 1987 1972 2042 velocitate

389 2082 719 2140 sanavitzut
747 2090 978 2137 terreret
1011 2080 1209 2150 potius,
1241 2096 1402 2150 quam
1420 2078 1974 2151 aﬂligerct,etcmcn-

388 2173 562 2241 daret,
597 2171 772 2244 magis
801 2187 966 2242 quam
986 2171 1534 2240 verberaret.ltaque
1585 2173 1766 2228 sciens
1814 2174 1972 2242 cujus

387 2267 462 2322 sit
499 2281 664 2322 omne
699 2264 842 2334 quod
865 2264 1008 2331 vivo,
1037 2274 1090 2319 et
1117 2264 1259 2334 quod
1317 2264 1523 2320 idcirco
1573 2265 1801 2320 forsitan
1853 2281 1972 2320 mea
2006 2304 2047 2360 Β

387 2357 645 2412 donuitio
676 2355 986 2421 dilleratur,
1018 2357 1077 2410 ut
1109 2364 1348 2425 coeptum
1375 2356 1427 2410 in
1481 2355 1774 2426 prOphetas
1833 2370 1971 2424 opus

387 2449 658 2520 expleam,
693 2458 861 2502 totum
897 2461 985 2504 me
1022 2445 1148 2502 huic
1185 2448 1348 2503 trado
1392 2449 1597 2512 studio,
1640 2459 1695 2503 et
1741 2449 1895 2518 quasi
1917 2449 1970 2503 in

386 2540 619 2608 quadam
653 2538 871 2608 specula
893 2537 1247 2604 constitutus,
1293 2539 1482 2593 mundi
1519 2537 1682 2608 hujus
1734 2539 1975 2592 turbines

387 2638 554 2704 atque
587 2631 900 2700 naufragia,
936 2645 1043 2686 non
1072 2630 1279 2702 absque
1299 2632 1501 2704 gemitu
1538 2641 1591 2686 et
1622 2632 1809 2686 dolore
1843 2646 1972 2685 eon-

391 2726 662 2794 templor;
679 2741 1022 2795 nequaquam
1043 2727 1330 2796 praesentia
1350 2724 1618 2796 cogitans,
1651 2725 1745 2780 sed
1765 2723 1970 2792 futura,

391 2832 492 2875 nec
524 2817 806 2871 hominum
842 2806 1042 2872 famam
1076 2826 1238 2888 atque
1296 2818 1664 2886 rumusculos,
1720 2820 1812 2873 sed
1883 2817 1972 2872 Dei

384 2908 648 2980 judicium
678 2910 1127 2979 pertretniscens.
1148 2908 1364 2978 Tuque,
1394 2909 1562 2982 Virgo
1586 2912 1791 2965 Christi
1826 2905 2010 2966 Eus-'

391 3003 656 3067 toebiutn,
693 3017 811 3071 qua:
847 3010 1204 3072 regrOtantem
1234 3005 1255 3036 ³
1291 3003 1398 3059 tuis
1432 3005 1771 3058 orationibus
1817 3004 1973 3074 adju-

391 3094 541 3162 visti,
574 3105 766 3151 sanato
805 3092 934 3166 [ΑΙ.
971 3095 1260 3168 sanctam]
1290 3099 1832 3167 quoqucimpreeare
1855 3114 1977 3168 gra-

393 3189 525 3244 tiam
553 3187 779 3252 Christi,
803 3195 860 3239 ut
888 3187 1077 3242 eodem
1117 3185 1335 3257 spiritu,
1364 3205 1474 3259 quo
1493 3191 1770 3263 propheta:
1792 3191 1974 3248 futura

391 3280 732 3346 cecinerunt,
762 3279 964 3349 possim
999 3279 1052 3334 in
1085 3284 1283 3337 nubem
1317 3297 1511 3338 eorum
1542 3285 1748 3353 ingredi
1801 3297 1852 3340 et
1883 3301 1975 3341 ca-

391 3375 639 3444 liginem,
669 3385 722 3428 et
747 3371 842 3427 Dei
897 3388 1058 3429 nosse
1125 3388 1454 3445 sermonem,
1481 3379 1571 3446 qui
1632 3393 1972 3448 nequaquam

391 3469 576 3524 carnis
603 3468 850 3533 auribus,
876 3469 970 3524 sed
1011 3469 1192 3524 cordis
1216 3469 1437 3524 auditur
1465 3487 1479 3537 ;
1514 3481 1562 3525 et
1615 3472 1798 3527 dicere
1848 3489 1973 3528 cum

392 3561 660 3630 l’ropltcta
710 3558 1022 3616 :Dominus
1053 3563 1145 3613 dat
1194 3561 1324 3613 milii
1379 3561 1611 3631 linguam
1651 3563 1971 3634 disciplila’,

2026 1097 2029 1101 ι
2072 1068 2250 1111 autem
2302 1071 2478 1110 meam
2511 1071 2617 1111 non
2669 1058 2841 1112 averti
2899 1072 2928 1110 a
2982 1056 3301 1115 confusione
3342 1071 3616 1130 sputomm.

2075 1147 2137 1201 Et
2167 1146 2430 1202 Dominus
2473 1148 2777 1203 auxiliator
2843 1163 3000 1204 meus
3054 1160 3159 1217 est,
3215 1161 3485 1224 propterea
3525 1170 3615 1208 non

2073 1255 2190 1294 sum
2225 1239 2529 1305 confusus;
2594 1241 2691 1294 sed
2715 1240 2873 1311 posui
2903 1240 3098 1296 faciem
3159 1259 3330 1298 meam
3361 1245 3490 1300 sicut
3524 1244 3619 1300 lor-

2075 1333 2342 1388 tissimam
2377 1343 2684 1404 pctram,et
2731 1337 2901 1391 sciam
2967 1338 3226 1407 quoniam
3284 1353 3387 1392 non
3411 1339 3609 1394 coniun-

2073 1424 2192 1481 dar.
2245 1443 2264 1476 ι
2299 1423 2472 1481 Judaei
2505 1427 2610 1482 hoc
2667 1428 2971 1498 capitulum
3026 1444 3054 1482 a
3087 1430 3454 1499 superioribus
3485 1445 3617 1501 sepa-

2077 1529 2280 1584 rautes,
2308 1519 2498 1573 volunt
2526 1519 2592 1574 ad
2621 1517 2777 1575 lsaize
2808 1519 3019 1578 referre
3073 1537 3384 1592 personam,
3415 1523 3543 1592 quod
3569 1537 3618 1578 se

2073 1612 2219 1666 dicat
2250 1627 2277 1665 a
2307 1612 2539 1668 Domino
2561 1614 2842 1681 accepisse
2870 1629 3204 1683 sermonem,
3233 1617 3493 1685 quomodo
3521 1615 3616 1670 las-

2073 1715 2191 1756 Sum
2227 1713 2611 1773 errantemque
2639 1703 2894 1774 populum
2917 1716 3212 1772 sustentet,
3248 1715 3303 1761 et
3334 1717 3536 1762 revocet
3561 1702 3618 1762 ad

2077 1794 2308 1849 salutem
2339 1812 2353 1860 ;
2382 1806 2436 1849 et
2461 1794 2512 1848 in
2536 1810 2739 1850 morem
2776 1795 3161 1864 parvulorum,
3219 1797 3308 1868 qui
3373 1798 3620 1852 matutinis

2076 1888 2228 1944 horis
2288 1889 2641 1952 erudiuntur,
2695 1905 2723 1942 a
2777 1889 2982 1959 Spiritu
3043 1903 3240 1946 Sancto
3290 1891 3466 1944 audiat
3512 1892 3618 1959 quid

2073 1984 2326 2053 loquatur
2355 2001 2370 2037 :
2398 1998 2566 2052 seque
2613 2000 2719 2038 non
2756 1986 3158 2039 eontradixisse
3223 1985 3341 2053 ejus
3401 1985 3620 2054 imperio,

2077 2082 2171 2132 sed
2210 2075 2443 2129 Domino
2470 2076 2793 2132 sciscitante
2824 2099 2840 2133 :
2868 2078 3038 2144 Quem
3086 2079 3318 2144 mittant,
3347 2079 3515 2147 etquis
3543 2079 3620 2129 ibit

2076 2167 2146 2219 ad
2165 2171 2415 2237 populum
2442 2147 2635 2222 istum?
2666 2170 3011 2239 respondisse
3063 2171 3112 2224 ei
3146 2186 3160 2224 :
3194 2169 3324 2223 Ecce
3349 2188 3458 2240 ego,
3502 2169 3624 2222 mitte

2079 2275 2161 2312 me
2206 2257 2444 2328 (Isa.vt,
2475 2258 2573 2328 8).
2635 2258 2702 2314 Et
2756 2261 2883 2330 quia
2919 2261 3120 2316 dixerit
3155 2279 3170 2318 :
3206 2264 3392 2316 Audite
3446 2263 3625 2316 verbum

2077 2351 2316 2416 Domini,
2383 2355 2647 2422 principes
2697 2351 3048 2409 Sodomorum
3094 2373 3114 2412 :
3149 2358 3390 2428 percipite
3441 2356 3623 2410 auribus

2078 2443 2264 2515 Legem
2297 2443 2395 2499 Dei
2416 2447 2602 2510 nostri,
2635 2446 2863 2516 papulas
2911 2447 3227 2504 Comorrltce
3279 2449 3416 2520 (lsa.
3452 2465 3486 2512 ι,
3524 2449 3606 2512 l0)

2078 2538 2348 2593 intantum
2383 2539 2516 2592 dura
2535 2555 2884 2610 perpessum,
2923 2550 3108 2595 utnon
3145 2542 3321 2598 solum
3372 2542 3622 2594 verborqu

2077 2631 2442 2697 cantumeliis,
2473 2634 2567 2688 sed
2603 2643 2656 2688 et
2687 2634 2967 2706 plagarum
3011 2635 3295 2691 doloribus
3315 2636 3470 2690 fuerit
3493 2649 3629 2703 expo-

2077 2725 2237 2780 situs.
2278 2725 2531 2779 Attamen
2569 2740 2632 2781 se
2660 2729 3004 2782 conscientia
3049 2727 3298 2797 jubentis
3339 2729 3427 2782 Dei
3455 2742 3628 2797 nequa-

2077 2829 2238 2886 quam
2265 2832 2388 2872 esse
2426 2818 2782 2888 perterritum
2807 2839 2823 2888 ε
2857 2823 2951 2876 sed
2972 2821 3126 2891 juxta
3153 2823 3204 2875 id
3225 2825 3360 2890 quod
3392 2819 3624 2876 Ezechieli

2078 2912 2279 2965 dicitur
2306 2929 2320 2943 ·
2352 2910 2487 2965 Ecce.
2512 2912 2634 2965 dedi
2658 2912 2847 2982 facient
2906 2924 3050 2967 tuam
3097 2914 3263 2986 580
3315 2914 3622 2969 valentiorem

2077 3001 2311 3072 [aciebus
2347 3020 2552 3071 eorum,
2590 3016 2639 3058 et
2675 3005 3066 3074 frontemtuam
3091 3009 3362 3062 duriorem
3399 3006 3626 3074 [roniibtu

2076 3111 2282 3163 eorum,
2313 3099 2812 3154 utadamantemet
2864 3100 3062 3154 silicem
3113 3099 3236 3156 dedi
3282 3102 3464 3172 [aciem
3503 3112 3625 3152 tuam

2079 3186 2312 3256 (Ezech.
2372 3190 2635 3262 nt,7-9),
2673 3192 2956 3247 universos
3001 3208 3195 3248 eorum
3254 3196 3475 3264 impetus
3515 3205 3625 3244 eon-

2081 3283 2305 3338 tudisse.
2342 3280 2456 3337 lloc
2488 3284 2562 3337 illi
2593 3283 2852 3351 dixerint,
2883 3286 2974 3355 qui
3015 3291 3166 3343 omni
3193 3289 3401 3343 ratione
3451 3299 3622 3340 conan-

2081 3384 2168 3428 tur
2195 3376 2260 3431 de
2295 3375 2519 3431 Christo
2546 3387 2794 3432 evertere
2815 3379 3153 3448 prophetias,
3178 3393 3231 3436 et
3260 3381 3326 3436 ad
3354 3391 3624 3450 perversam

2079 3466 2491 3535 intelligentiam
2514 3484 2679 3536 prava
2703 3469 3160 3540 interpretatione
3187 3484 3429 3542 torquere
3455 3466 3634 3540 :quasi-

2080 3559 2127 3614 si
2151 3568 2206 3613 et
2245 3559 2362 3614 haec
2397 3560 2464 3614 de
2488 3559 2624 3614 Isaia
2671 3562 2876 3631 scripta
2935 3563 3066 3642 sint,
3121 3565 3329 3635 possint
3353 3564 3448 3618 alia
3489 3574 3625 3629 super

393 3665 448 3706 ut
471 3654 634 3707 sciam
659 3653 874 3722 quando
937 3662 1180 3723 oporteat
1214 3664 1295 3706 me
1324 3654 1486 3724 loqui.
1535 3655 1687 3722 Quod
1735 3658 1979 3711 testimo.
2004 3651 2051 3714 ο
2083 3649 2301 3704 Christo
2331 3649 2551 3705 aulerre
2582 3651 2914 3717 testimonia,
2949 3669 3070 3723 qua:
3095 3654 3170 3709 ita
3201 3656 3472 3726 perspicua
3497 3657 3622 3715 sunt,

395 3747 542 3802 nium
576 3749 754 3817 quarti
783 3756 836 3801 et
861 3745 1057 3800 decimi
1093 3745 1145 3800 itt
1187 3745 1384 3801 Isaiam
1433 3747 1582 3812 libri,
1615 3764 1778 3819 quem
1828 3764 1978 3804 nunc

392 3843 661 3897 disserere
686 3842 868 3910 cupio,
908 3840 1372 3910 principitun'est.

463 3931 824 4003 579(Cap.
885 3930 951 3985 L.
985 3931 1232 3985 —Vers.
1306 3933 1340 3984 4
1395 3948 1544 4004 seqq.
1583 3935 1600 4002 )
1635 3952 1654 3985 ι
1710 3934 1974 3992 Dominus

393 4027 692 4081 deditutihi
728 4025 968 4095 linguam
1001 4025 1300 4089 eruditam,
1364 4028 1613 4082 utsciatn
1665 4037 1974 4082 sustentare

393 4119 640 4188 eum-qui
677 4120 850 4173 lassus
880 4127 964 4173 est
987 4119 1168 4172 verbo.
1208 4116 1380 4188 Erigit
1415 4135 1596 4184 mane,
1665 4137 1824 4174 mane
1870 4122 1982 4174 eri~

393 4217 472 4283 git
493 4213 623 4268 mihi
647 4222 933 4277 aurem,ut
965 4211 1184 4265 audiam
1212 4213 1365 4280 quasi
1397 4215 1739 4282 magistrum.
1796 4214 1978 4270 Domi-

397 4323 500 4360 nus
528 4305 670 4360 Deus
705 4305 920 4374 aperuit
960 4305 1093 4358 mihi
1116 4318 1303 4358 aurem
1331 4322 1344 4358 z
1368 4318 1466 4372 ego
1497 4315 1676 4360 autem
1713 4319 1818 4359 non
1842 4321 1974 4360 cou-

399 4399 609 4452 tradico
637 4435 653 4461 ,
691 4405 991 4452 retrorsum
1024 4411 1130 4450 non
1165 4395 1297 4449 abii.
1349 4394 1557 4465 Corpus
1611 4411 1792 4451 meum
1851 4396 1973 4450 dedi

403 4487 860 4559 percutientibus,
898 4495 950 4539 et
979 4497 1147 4555 genas
1175 4498 1322 4538 meas
1353 4483 1701 4540 vellentibus.
1754 4481 1973 4538 Faciem

399 4595 576 4636 meam
603 4593 710 4632 non
747 4577 919 4631 averti
957 4577 1025 4630 ab
1084 4575 1497 4644 increpantibus
1539 4585 1593 4629 et
1621 4575 1976 4645 conspuenti-

399 4678 522 4729 bus.
554 4670 814 4726 Dominus
842 4668 984 4724 Deus
1012 4665 1203 4739 [ναις.
1226 4668 1378 4720 addit
1441 4666 1636 4738 meus]
1682 4667 1976 4721 auxiliator

400 4781 574 4832 meus,
610 4764 732 4818 ideo
757 4776 863 4818 non
896 4775 1016 4816 sunt
1054 4760 1315 4816 confusus
1350 4801 1366 4826 ,
1396 4761 1520 4816 ideo
1571 4761 1726 4831 posui
1780 4759 1974 4814 faciem

399 4873 573 4913 meam
605 4865 663 4911 ut
698 4863 910 4926 petram
933 4852 1310 4917 durissimatn,
1334 4863 1390 4907 et
1419 4853 1532 4907 scio
1555 4855 1678 4922 quia
1707 4868 1812 4906 non
1849 4868 1981 4906 eou-

404 4952 621 5006 iundar.
655 4965 675 5002 ι
713 4947 853 5004 LXX
896 4963 911 5004 :
945 4965 964 4999 ο
1006 4948 1267 5003 Dominus
1297 4947 1386 5000 dat
1427 4947 1558 5000 tuihi
1590 4947 1823 5015 linguam
1868 4947 1981 5000 dis-

404 5045 644 5116 ciplinae,
678 5053 739 5098 ut
757 5043 922 5098 sciam
944 5041 1162 5112 quando
1189 5049 1437 5111 oporteat
1456 5056 1540 5093 me
1559 5039 1706 5108 loqui
1729 5040 1980 5094 verbum.

403 5137 596 5190 Posuit
629 5147 715 5190 me
757 5150 934 5199 mane,
962 5133 1171 5188 addidit
1197 5132 1328 5186 mihi
1390 5146 1576 5185 aurem
1637 5132 1704 5182 ad
1757 5131 1986 5184 audien-

403 5228 532 5281 dum
563 5235 655 5294 ;et
685 5223 966 5293 disciplina
1005 5223 1218 5278 Domini
1243 5223 1598 5290 aperitaures
1626 5237 1799 5275 meas.
1868 5221 1983 5291 Ego

404 5331 585 5376 autem
613 5333 718 5373 non
743 5332 933 5378 renuo.
965 5332 1138 5387 neque
1167 5316 1504 5372 contradico.
1539 5315 1768 5370 Dorsunt
1801 5331 1980 5369 meum

476 5483 492 5514 ⁸
513 5480 899 5550 Frequentibus
922 5481 1118 5550 morbis
1147 5496 1340 5545 meam,
1376 5489 1482 5533 etc.
1513 5477 1770 5543 Quotidie
1797 5487 1852 5531 et
1876 5492 1978 5544 ego
2019 5504 2023 5507 -

403 5554 591 5606 eadem
620 5549 934 5620 patiorcuut
971 5549 1296 5620 Hieronymo
1325 5567 1341 5616 ;
1372 5567 1471 5604 nec
1500 5552 1686 5603 dubtto
1707 5565 1833 5616 quin
1861 5565 1975 5600 mea

403 5626 665 5678 dormitm
695 5623 978 5675 dill'eratut'
1017 5630 1072 5673 ut
1104 5632 1338 5686 emptam
1380 5636 1604 5688 operum
1633 5622 1810 5672 sancti
1839 5623 1974 5671 doc-

408 5694 544 5747 toris
568 5693 863 5746 editionem
889 5691 1137 5760 expleam
1167 5707 1182 5756 ;
1210 5693 1438 5758 ideoque
1469 5701 1638 5743 totum
1700 5706 1788 5742 nte
1850 5690 1976 5744 huic

406 5766 562 5819 trado
596 5764 796 5828 SlUtllO,
835 5776 1176 5831 neqttajuam
1207 5763 1525 5816 criticorum
1576 5769 1630 5814 et
1682 5761 1974 5815 haeretico-

2085 3751 2144 3797 ut
2179 3743 2388 3797 clarum
2421 3745 2506 3798 sui
2541 3755 2864 3799 cunctorum
2890 3747 3066 3802 oculis
3118 3748 3302 3805 lumen
3355 3748 3624 3804 infundant.

2091 3835 2170 3889 Ad
2203 3849 2490 3903 personam
2533 3835 2702 3904 igitur
2752 3837 2987 3901 Domini,
3054 3837 3111 3892 in
3180 3855 3283 3910 qua
3313 3850 3365 3895 et
3413 3837 3626 3908 superior

2086 3929 2274 3979 tinitus
2303 3936 2384 3980 est
2415 3928 2574 3992 liber,
2608 3929 2772 3982 etiam
2811 3928 2912 3983 ista
2949 3931 3237 3987 referenda
3295 3947 3416 3988 sunt
3459 3973 3474 4000 ,
3503 3929 3623 4001 quod

2076 4019 2227 4088 juata
2253 4019 2718 4089 diSpensationem
2732 4024 3014 4088 .assumpti
3034 4025 3281 4094 corporis
3297 4025 3526 4080 eruditus
3545 4025 3626 4084 sit,

2081 4125 2136 4167 et
2165 4113 2402 4182 linguam
2424 4114 2700 4181 acceperit
2717 4116 3037 4185 disciplinae,
3071 4128 3128 4172 ut
3150 4120 3313 4174 sciret
3332 4117 3530 4188 quando
3545 4114 3625 4168 de-

2081 4202 2232 4257 beret
2256 4205 2420 4272 loqui,
2447 4207 2665 4272 quando
2682 4207 2931 4261 reticere.
2959 4207 3205 4278 Denique
3228 4214 3316 4280 qui
3339 4211 3387 4263 in
3404 4206 3621 4278 passione

2084 4297 2273 4360 tacuit,
2296 4312 2392 4364 per
2408 4297 2715 4365 Apostolos,
2738 4308 2793 4353 et
2815 4301 3162 4370 Apostolicos
3192 4304 3353 4366 viros,
3384 4302 3432 4354 in
3457 4305 3625 4354 cuncto

2081 4399 2215 4444 orbe
2240 4405 2380 4443 nunc
2405 4388 2668 4460 loquitur.
2696 4389 3010 4462 Magnaeque
3046 4395 3294 4449 scientia:
3318 4403 3418 4458 est,
3447 4393 3558 4446 dare
3581 4390 3624 4442 in

2084 4490 2327 4551 tempore
2341 4483 2620 4537 conservis
2637 4485 2866 4549 cibaria,
2886 4495 2938 4538 et
2957 4485 3293 4540 audientium
3309 4487 3625 4540 considerare

2086 4589 2367 4644 personas.
2396 4573 2549 4631 Unde
2578 4577 2942 4645 etApostolus
2963 4577 3188 4644 Paulus,
3212 4580 3293 4646 his
3315 4579 3399 4648 qui
3421 4573 3628 4647 prophe-

2087 4678 2266 4721 taruut
2309 4668 2468 4722 tidem
2534 4682 2642 4722 non
2697 4669 3057 4738 recipiebant,
3116 4683 3392 4727 auctorum
3439 4678 3626 4722 suotttltl

2086 4762 2326 4830 loquitur
2351 4761 2678 4816 testimoniis
2714 4779 2728 4814 :
2766 4762 2914 4816 Sicut
2944 4766 3160 4833 quidam
3188 4767 3251 4818 de
3287 4764 3458 4817 vestris
3483 4757 3625 4828 poetic

2086 4852 2331 4904 dixerunt
2368 4891 2384 4917 ,
2417 4850 2591 4917 liuius
2625 4864 2672 4906 et
2704 4871 2866 4924 genus
2915 4874 3097 4911 sumus
3160 4862 3312 4928 (Act.
3337 4871 3458 4917 xm,
3491 4855 3581 4911 281
3615 4864 3626 4902 ἱ

2089 4948 2315 4998 Aratum
2358 4944 2702 5015 signiﬁcans.
2739 4950 3090 5019 [sursumque
3126 4953 3190 5006 de
3223 4951 3436 5006 Cumlco
3470 4962 3483 4999 ;
3519 4941 3629 4996 (ἑοῖο

2016 5017 2062 5074 θ
2093 5047 2340 5104 rumpunt
2377 5054 2548 5092 mores
2583 5039 2740 5092 bonos
2773 5017 3236 5110 confabulationes
3277 5039 3423 5095 mulir
3451 5035 3496 5108 (l
3523 5032 3626 5088 Cor.

2087 5148 2176 5196 xv,
2212 5133 2321 5201 55)
2355 5150 2369 5198 ;
2402 5144 2453 5186 et
2481 5131 2816 5201 Epitueuidis
2847 5149 3066 5186 versum
3098 5136 3458 5188 Itcxatnetruut
3486 5165 3500 5180 .
3527 5124 3628 5178 Cre-

2086 5235 2252 5281 tenses
2277 5243 2478 5294 semper
2512 5229 2808 5292 mendaces,
2845 5229 3000 5282 ntalw
3025 5230 3223 5293 bestico,
3278 5236 3464 5282 ventres
3511 5215 3626 5288 φωτί

2088 5319 2238 5391 (Tit.
2269 5337 2309 5386 ι,
2371 5320 2476 5390 12)
2508 5318 2550 5372 ³.
2614 5320 2783 5385 Quisi
2833 5332 3136 5376 metrorum
3197 5322 3434 5374 ordinem
3489 5319 3627 5376 aut"c

2089 5493 2208 5531 rum
2246 5479 2612 5544 rumusculos,
2644 5480 2737 5534 sed
2775 5480 2865 5535 Dei
2910 5481 3174 5550 judicium
3206 5475 3615 5550 pertremisccns.

2087 5550 2362 5602 Maurum.
3115 5591 3119 5595 .

2161 5623 2179 5692 ξ
2208 5621 2458 5692 Martiau.
2492 5659 2506 5681 ,
2539 5621 2627 5684 qui
2655 5623 2891 5676 mascul.
2929 5638 3152 5692 genere.

2159 5689 2392 5744 ’L'oul'er
2423 5679 2596 5758 Epist.
2627 5695 2677 5742 in
2709 5705 2894 5754 nostra
2930 5679 3258 5752 recensione
3300 5692 3365 5747 70
3411 5688 3473 5741 ad
3519 5679 3624 5758 Μετ’

2086 5776 2267 5830 gnum,
2305 5755 2545 5828 numf‘l,
2588 5762 2739 5816 Arati
2771 5765 2931 5820 verba
2967 5776 3094 5822 sunt
3126 5767 3217 5821 τοῦ
3245 5767 3349 5836 γὰρ
3371 5763 3458 5816 καὶ
3490 5755 3624 5826 γένος
