3902 6182
302 351 402 416 ιιι

836 354 1378 420 ΟΟΜΜΕΝΤΑΗ.
1418 357 1500 419 1N
1550 358 1815 422 ΙΒΑῙΛΜ
1862 358 1896 420 l‘

2001 359 2332 421 ΠἮΕΤΑΜ
2374 360 2521 423 LIB.
2563 362 2720 431 ΙΝ,
2764 360 2925 423 CAP.
2963 362 3027 425 L.

3460 361 3572 425 493

304 481 614 522 mensuram
641 467 699 523 in
733 468 1094 527 translatione
1159 486 1269 528 non
1292 484 1537 540 servent,
1592 473 1876 531 sciendum
1906 474 1954 534 Α
1982 474 2050 529 Et
2074 474 2129 529 in
2152 473 2462 531 Proverbiis
2492 494 2508 531 :
2534 458 2711 530 'Tinea
2741 475 2941 530 ossium
2969 487 3059 529 cor
3084 472 3247 555 582
3277 471 3572 541 intelligens

304 560 459 616 estin
488 559 684 616 Graeco
710 576 804 618 eos
829 561 1062 632 pedibus
1098 579 1345 623 currere.
1398 565 1510 623 Hoc
1561 577 1746 625 autem
1800 565 1887 621 fa-

305 651 503 716 ciebat,
532 654 659 723 quia
693 663 978 724 acceperat
999 655 1241 727 linguam
1274 658 1600 729 disciplinae,
1630 669 1688 714 ut
1718 660 1885 715 sciret

303 746 517 812 quando
540 758 821 816 oporteret
849 747 998 818 loqui
1022 750 1272 806 verbum.
1298 751 1396 808 Cui
1420 752 1606 808 addita
1627 762 1711 808 est
1732 752 1887 807 auris

300 854 397 908 per
414 839 669 908 gratiam,
691 855 857 910 tinam
882 856 979 910 per
1003 854 1257 898 naturam
1287 859 1395 899 non
1422 844 1661 899 habebat
1687 860 1705 898 :
1732 855 1789 899 ut
1812 846 1887 900 in-

303 931 608 999 telligamus
637 945 978 1001 nequaquam
1005 949 1167 990 aures
1192 935 1439 1004 corporis
1469 936 1644 1005 accipi
1663 937 1884 1001 debere,
1908 985 1915 993 .

286 1024 397 1076 .scd
434 1022 636 1077 metttis
667 1036 683 1097 ;
710 1024 778 1077 de
843 1026 1045 1095 quibus
1064 1037 1120 1082 et
1166 1029 1219 1082 in
1277 1028 1576 1101 Evangelia
1625 1030 1888 1087 Dominus

304 1115 658 1183 loquebatur:
687 1115 792 1181 Qui
807 1117 961 1176 habet
986 1136 1143 1175 eum
1165 1122 1438 1189 audiendi,
1463 1124 1646 1178 audiat
1666 1123 1885 1196 (Matth.

304 1225 381 1273 ιι,
410 1208 479 1265 ts
508 1210 551 1278 ).
579 1208 711 1276 Quae
769 1210 1060 1281 disciplina
1092 1212 1253 1285 εει
1287 1224 1344 1271 et
1367 1217 1606 1273 eruditio
1676 1201 1891 1287 aperuit

301 1317 467 1357 aures
498 1302 638 1371 ejus,
670 1313 729 1358 ut
752 1303 1040 1361 scientiam
1066 1303 1248 1362 Patris
1281 1308 1348 1362 ad
1381 1324 1479 1364 nos
1502 1325 1675 1378 usque
1707 1322 1887 1365 trans-

303 1394 593 1460 mitteret;
626 1395 721 1465 qui
755 1412 861 1450 non
913 1398 1252 1453 contradixit
1280 1400 1354 1464 ei,
1412 1402 1507 1455 sed
1565 1400 1752 1457 factus
1804 1413 1893 1458 est

298 1486 561 1542 obedieus
603 1504 773 1559 usque
789 1490 854 1542 ad
875 1498 1125 1556 mortem,
1145 1502 1200 1547 et
1228 1503 1456 1548 mortem
1470 1494 1650 1550 crucis
1667 1494 1890 1565 (Philip.

300 1576 407 1646 ιι).
441 1578 518 1633 Ita
555 1592 615 1633 ut
657 1591 881 1649 poneret
915 1597 1118 1653 corpus
1151 1584 1267 1638 sive
1314 1586 1539 1642 dorsum
1601 1603 1763 1642 suum
1822 1589 1890 1642 ad

302 1669 530 1738 plagas;
565 1679 621 1724 et
654 1680 839 1734 pectus
904 1671 1001 1728 Dei
1029 1690 1202 1743 capax
1261 1675 1471 1746 ﬂagella
1527 1679 1892 1735 conciderent

300 1778 579 1832 gettasque
608 1778 735 1820 suas
762 1780 870 1820 non
912 1778 1188 1824 averteret
1222 1774 1290 1825 ab
1319 1771 1515 1841 alapis.
1550 1771 1708 1838 Quod
1740 1772 1891 1828 illuni

300 1868 327 1904 a
363 1853 617 1907 ministro
645 1853 912 1925 principis
979 1860 1333 1914 sacerdotum
1395 1861 1727 1918 sustinuisse
1787 1879 1894 1918 non

299 1944 529 2003 dubium
557 1954 640 2002 est
656 1963 678 2005 ι
711 1947 863 2003 itaut
880 1952 1131 2006 certatim
1151 1961 1207 2008 et
1224 1953 1541 2010 Iudaeorum
1568 1955 1755 2026 pepuli
1779 1949 1903 2010 illul-

301 2040 517 2093 dercnt.
535 2038 637 2106 Qui
664 2056 961 2111 percussus
986 2054 1149 2113 atque
1169 2055 1495 2115 eonsputus,
1525 2062 1635 2103 non
1655 2048 1898 2104 erubuit.

294 2129 397 2186 sed
440 2132 596 2200 quasi
630 2148 806 2199 agnus
826 2136 1022 2192 ductus
1054 2137 1124 2192 ad
1166 2137 1445 2194 victimam
1470 2149 1601 2207 est;
1638 2150 1698 2195 et
1740 2140 1898 2207 quasi

300 2222 425 2277 ovis
486 2237 669 2280 coram
716 2227 976 2284 tondente
1031 2242 1142 2286 non
1162 2231 1379 2298 aperuit
1408 2246 1472 2288 os
1508 2248 1693 2289 suurn.
1740 2234 1900 2302 Quod

300 2322 490 2367 autem
515 2311 851 2383 Filiusjuxts
892 2320 1132 2389 suscepti
1154 2321 1405 2390 corporis
1434 2333 1842 2378 sacramentum
1860 2338 1900 2380 ι

299 2401 470 2459 Patre
501 2405 737 2461 audierit
779 2407 909 2478 quid
939 2409 1224 2480 loquatur,
1247 2412 1301 2467 in
1345 2414 1646 2485 Evangelio
1671 2416 1899 2485 ’plenius

299 2495 593 2564 discimus,
611 2497 665 2552 in
684 2514 791 2568 quo
811 2501 924 2570 ipse
941 2506 1019 2557 ait
1040 2503 1141 2572 ζει
1161 2507 1252 2573 qui
1270 2507 1414 2562 misit
1439 2523 1520 2563 me
1539 2508 1725 2573 Pater,
1750 2527 1901 2565 man-

300 2588 486 2641 datum
515 2589 643 2644 mihi
662 2590 824 2645 dedit.
858 2594 986 2662 quid
1012 2595 1185 2649 dicam
1228 2606 1278 2650 et
1305 2597 1432 2667 quid
1455 2598 1663 2669 loquar.
1699 2600 1768 2656 Et
1797 2603 1901 2658 ite-

301 2690 425 2728 rum
450 2692 470 2731 :
495 2675 643 2731 Sicut
675 2682 858 2747 audio,
891 2684 965 2737 sic
984 2685 1168 2758 judico
1210 2684 1394 2758 (latin.
1427 2704 1523 2753 stt,
1551 2690 1658 2757 49;
1694 2707 1745 2758 v,
1778 2693 1894 2767 50).

381 2768 578 2839 (Vers.
610 2770 669 2832 8,
708 2773 788 2840 9)
827 2792 845 2826 ι
885 2772 1049 2830 Juxta
1080 2788 1166 2833 est
1196 2779 1576 2848 qnijustilieat
1599 2797 1687 2838 tne
1724 2798 1738 2836 :
1773 2787 1897 2854 quis

305 2862 634 2917 contradicit
660 2863 846 2937 (Vulg.
874 2868 1241 2942 contradicat]
1274 2872 1404 2925 mihi
1432 2873 1457 2925 ἲ
1481 2882 1690 2930 stemus
1709 2876 1897 2936 simul.

305 2953 447 3021 Quis
476 2967 561 3011 est
584 2958 932 3019 adversarius
954 2962 1143 3018 meus?
1164 2965 1387 3023 accedat
1409 2965 1476 3021 ad
1499 2982 1604 3023 me.
1628 2968 1768 3039 Ecce
1788 2969 1893 3026 Do-

306 3049 495 3106 minus
524 3049 664 3105 Deus
695 3053 986 3111 auxiliator
1014 3071 1169 3110 meus
1206 3072 1223 3110 :
1250 3058 1374 3128 quis
1402 3069 1487 3115 est
1519 3061 1898 3129 quicondetn-

1987 567 2006 631 (
2029 564 2190 620 Prov.
2224 580 2337 630 xw,
2378 564 2470 631 30,
2520 580 2625 619 sec.
2656 563 2842 635 LXX).
2877 566 2981 620 Pro
3022 565 3186 627 tinea,
3213 565 3269 617 in
3319 561 3573 633 praesenti

1988 657 2110 711 loco
2140 655 2522 728 Symmachus,
2554 654 2852 726 rubiginem
2881 656 3113 730 :Aquila
3130 669 3381 721 vernum,
3401 652 3576 715 inter-

1988 748 2185 818 pretati
2219 759 2366 804 sunt.
2730 742 2734 747 ’

2062 842 2080 911 (
2106 832 2273 897 νει-εξ
2292 842 2377 902 t0.
2406 842 2518 912 ll.)
2548 860 2566 895 ι
2599 832 2735 910 Quis
2760 857 2826 897 ex
2860 842 3018 897 vobis
3043 842 3245 897 timens
3260 839 3576 905 Dominum,

1989 936 2221 990 aiuliens
2247 949 2436 991 vocem
2466 935 2611 992 servi
2648 935 2766 1003 eius
2792 935 2820 990 ι
2847 934 2950 1005 Qui
2978 933 3302 1000 ambulavit,
3336 934 3393 989 in
3425 944 3578 989 tene-

1988 1029 2127 1095 bris,
2155 1039 2332 1084 etnon
2352 1037 2439 1086 est
2463 1028 2642 1083 lumen
2669 1027 2718 1083 ei
2747 1035 2971 1098 :speret
2998 1027 3054 1083 lu
3084 1027 3305 1091 nomine
3335 1021 3578 1089 Doni‘iui,

1988 1131 2045 1176 et
2080 1122 2347 1177 innitatur
2371 1137 2539 1191 super
2570 1120 2741 1176 Deum
2772 1136 2950 1175 suum.
2992 1139 3011 1172 ι
3050 1119 3193 1178 LXX
3224 1135 3239 1173 :
3272 1138 3292 1174 ι
3327 1118 3462 1188 Quis
3493 1129 3577 1173 est

1992 1216 2047 1270 in
2079 1215 2237 1272 vobis
2261 1214 2351 1283 qui
2379 1214 2568 1269 timeat
2594 1212 2903 1275 Dominum,
2924 1213 3183 1268 exaudiat
3207 1226 3397 1269 vocem
3420 1211 3576 1282 pueri

1990 1308 2276 1381 eius:qui
2311 1304 2677 1361 ambulentin
2726 1305 2971 1361 tenebris
3005 1321 3110 1360 non
3172 1312 3255 1360 est
3312 1303 3394 1360 eis
3459 1302 3576 1358 lux.

1990 1401 2283 1458 Conliditis
2316 1401 2368 1454 ln
2402 1398 2625 1453 nomine
2649 1396 2891 1460 Domini,
2943 1403 3003 1452 et
3051 1394 3352 1450 innitimlni
3417 1409 3579 1461 super

1994 1494 2129 1550 Deo.
2174 1512 2195 1547 ι
2223 1489 2337 1549 Vos
2360 1506 2446 1549 me
2471 1488 2826 1562 ﬂagellatis,
2853 1503 2954 1545 vos
2976 1503 3153 1543 meam
3187 1487 3386 1544 faciem
3446 1501 3583 1541 con-

1992 1592 2220 1665 spuistis
2245 1607 2268 1647 τ
2294 1605 2394 1662 ego
2426 1597 2610 1647 tamen
2645 1588 2715 1643 ad
2768 1585 3145 1658 paenitentiam
3172 1598 3411 1653 provoco
3460 1596 3582 1654 per-

1993 1697 2274 1743 secutores
2293 1698 2463 1740 meos.
2489 1680 2625 1736 Nolo
2644 1678 2788 1735 enim
2811 1689 3039 1735 mortem
3055 1677 3236 1748 populi
3251 1674 3579 1746 peccatoris,

1997 1782 2091 1836 sed
2121 1788 2336 1833 tantum
2379 1785 2437 1829 ut
2470 1780 2777 1830 revertatur
2804 1780 2859 1828 et
2886 1771 3033 1825 vivat
3065 1768 3301 1841 (Ezech.
3335 1782 3510 1825 xxxiii
3534 1766 3577 1834 ).

2004 1871 2070 1926 Et
2103 1871 2223 1925 dico
2257 1885 2273 1924 ε
2305 1867 2439 1936 Quis
2461 1875 2547 1921 est
2572 1868 2722 1920 inter
2762 1877 2861 1920 vos
2909 1862 3004 1932 qul
3041 1862 3224 1916 timeat
3263 1860 3576 1923 Dominum.

2001 1975 2055 2019 et
2079 1963 2265 2018 audiat
2292 1976 2479 2017 vocem
2510 1958 2654 2015 servi
2677 1958 2762 2013 vel
2819 1957 2995 2027 pueri,
3030 1957 3082 2010 id
3122 1964 3233 2018 est,
3266 1953 3385 2009 Filii
3411 1953 3533 2023 ejus
3556 1952 3582 2002 ’ἒ

2000 2070 2235 2127 quorum
2276 2054 2424 2110 aliud
2458 2060 2751 2119 assumptio
2790 2050 2976 2106 carnis
3029 2058 3135 2114 est,
3168 2047 3315 2101 aliud
3346 2056 3577 2106 natum,

1999 2148 2110 2205 Nec
2135 2162 2267 2204 vero
2294 2161 2486 2218 parum
2532 2157 2792 2214 putemus
2843 2154 2965 2198 esse
3022 2143 3214 2195 timere
3270 2139 3585 2201 Dominum,

1993 2241 2152 2310 iusta
2177 2240 2309 2294 illud
2338 2237 2483 2308 quod
2518 2237 2572 2291 in
2610 2233 2926 2291 Proverbiis
2955 2233 3196 2288 dicitur:
3252 2229 3584 2298 Principium

1998 2334 2276 2402 sapientia!
2299 2334 2460 2385 timor
2493 2326 2929 2396 Domini(Prov.
2986 2340 3064 2393 ιι,
3120 2325 3188 2379 10
3235 2323 3279 2395 ).
3339 2321 3581 2378 Perfecta

1999 2426 2200 2497 quippe
2229 2423 2449 2481 dilectio
2507 2421 2658 2477 foras
2692 2420 2862 2479 mittit
2909 2419 3159 2474 timorem
3200 2433 3214 2473 :
3247 2415 3373 2486 quia
3420 2414 3585 2473 timor

2001 2534 2218 2590 poenam
2250 2517 2433 2571 habet.
2465 2514 2568 2581 Qui
2602 2525 2785 2569 autem
2818 2512 3001 2578 timet,
3029 2526 3135 2564 non
3174 2517 3260 2564 est
3302 2507 3583 2579 perfectus

2000 2613 2053 2667 lu
2084 2611 2371 2666 cbaritate.
2405 2608 2514 2663 Sed
2551 2607 2643 2664 ltic
2676 2607 2841 2661 timor
2863 2620 2968 2677 pro
2999 2601 3307 2667 timiditate,
3341 2611 3390 2655 et
3425 2598 3583 2653 εὐλαο

1996 2702 2126 2774 ὗεῐᾳ
2151 2704 2374 2772 ponitur
2410 2717 2429 2767 ς
2460 2701 2528 2755 de
2555 2715 2666 2769 quo
2696 2707 2751 2753 ct
2785 2697 2916 2752 alibi
2942 2695 3175 2765 legimus
3212 2710 3226 2747 :
3255 2691 3454 2747 Beatus
3490 2691 3582 2764 qui

1998 2795 2178 2850 omnia
2220 2793 2406 2848 metuit
2440 2790 2661 2865 ((Eccli.
2691 2805 2847 2855 xvm,
2881 2787 3001 2857 27),
3023 2794 3245 2857 prOpter
3272 2782 3581 2849 εὐλάϐειαν,

1997 2888 2104 2943 hoc
2130 2896 2245 2949 est,
2277 2893 2500 2956 propter
2526 2883 2864 2939 timiditatem
2891 2897 2911 2936 :
2940 2894 3079 2949 quos
3114 2878 3273 2946 vulgo
3308 2875 3585 2947 appellant

2001 2981 2284 3034 timoratos
2318 2980 2372 3033 in
2411 2977 2679 3046 religione
2730 2974 2849 3029 Dei.
2885 2972 3125 3043 Protegit
3148 2972 3292 3027 enim
3326 2969 3585 3024 Dominus

1998 3072 2104 3133 iter
2132 3085 2345 3137 eorum,
2405 3078 2461 3125 et
2494 3069 2636 3122 viam
2675 3068 3060 3122 tiinoratorum
3090 3062 3347 3118 custodit.
3380 3060 3455 3114 De
3479 3059 3583 3114 lioc

305 3150 407 3194 net
434 3142 566 3196 me?
592 3143 730 3198 Ecce
749 3161 944 3201 omnes
984 3148 1144 3219 quasi
1178 3152 1564 3209 vestimentum
1603 3163 1895 3210 conteren-

2001 3162 2482 3232 timorescriptum
2514 3168 2599 3217 est
2620 3177 2634 3215 :
2659 3159 2841 3214 Timor
2870 3157 3083 3212 Domini
3133 3154 3317 3235 omnia
3347 3164 3582 3222 superat.

309 3244 421 3295 tur,
464 3232 610 3288 tinea
645 3236 891 3292 comedet
921 3253 1038 3294 eos.
1070 3259 1090 3293 ι
1143 3239 1286 3296 LXX
1318 3259 1332 3297 :
1375 3259 1395 3294 t
1433 3242 1569 3311 Quia
1593 3243 1750 3315 juxta
1785 3256 1897 3313 est,

303 3325 686 3398 jnstilicatme
719 3330 778 3385 ':
810 3329 900 3398 qui
941 3340 1023 3385 est
1055 3332 1147 3400 qui
1206 3333 1484 3402 iudicetur
1525 3351 1762 3404 mecum,
1812 3353 1901 3398 te-

308 3418 473 3476 sistat
501 3419 633 3474 inibi
665 3421 827 3476 simul
858 3422 880 3477 ?
915 3422 982 3478 Et
1013 3425 1137 3493 quis
1166 3435 1251 3481 est
1276 3428 1370 3497 qui
1428 3427 1694 3496 judicium
1753 3431 1899 3487 ineat

310 3512 602 3567 adversum
636 3528 722 3567 nte
750 3515 773 3568 ?
808 3517 1207 3587 apprOpinquet
1236 3521 1391 3574 mibi.
1427 3520 1570 3576 Ecce
1635 3522 1899 3581 Dominus

306 3605 609 3661 auxiliator
645 3623 816 3675 incus,
843 3611 965 3678 quis
995 3611 1197 3682 amigct
1229 3629 1316 3668 me
1347 3615 1369 3668 ?
1397 3614 1534 3670 Ecce
1562 3630 1752 3670 omnes
1801 3633 1898 3672 vos

310 3700 471 3770 quasi
493 3702 871 3758 vestimentum
894 3708 1269 3773 veterascetis,
1286 3718 1345 3763 et
1375 3709 1527 3779 quasi
1550 3711 1697 3766 tinea
1720 3726 1902 3767 come-

312 3796 407 3849 det
438 3809 554 3848 vos.
587 3814 606 3848 ι
643 3795 698 3849 Si
726 3798 873 3863 quis,
900 3797 1095 3867 inquit,
1134 3815 1220 3857 me
1244 3801 1565 3870 putatjiiSte
1618 3804 1896 3859 addictum

312 3889 794 3962 crucietaliquod
829 3890 1027 3948 iecisse
1086 3905 1396 3962 peceatum,
1460 3898 1683 3952 resistat
1742 3897 1896 3954 inibi.

312 3983 446 4048 Quis
477 3993 553 4037 est
588 3985 677 4054 qui
703 3985 981 4055 judicetur
1006 4004 1230 4050 mecum,
1262 3996 1452 4044 utnon
1488 3990 1728 4058 potentia
1779 4006 1898 4046 nia-

308 4074 531 4141 jestatis
562 4092 717 4144 metu,
740 4079 834 4132 sed
863 4078 1075 4134 ratione
1113 4070 1400 4149 superetur
1429 4081 1452 4135 ?
1484 4079 1772 4138 Iudicatur
1800 4098 1902 4138 au-

317 4179 425 4223 tem
467 4168 589 4237 quis
615 4184 737 4224 cum
770 4170 1023 4236 Domino,
1060 4188 1167 4229 non
1201 4176 1534 4229 auctoritate
1595 4177 1896 4246 regnantis,

314 4260 411 4313 sed
436 4262 845 4330 comparatione
870 4262 1129 4321 virtutum
1167 4281 1181 4318 :
1216 4264 1491 4333 quomodo
1544 4274 1600 4321 et
1666 4264 1900 4336 apostoli

312 4351 566 4421 iudicant
597 4354 889 4411 duodecim
941 4355 1118 4413 tribus
1158 4355 1347 4422 lsracl,
1404 4366 1460 4413 et
1512 4357 1786 4427 Ninivitae,
1835 4374 1901 4413 ac

314 4446 503 4515 regina
536 4443 680 4507 Saba
712 4447 969 4518 populum
1004 4448 1340 4506 Judaaorum.
1374 4447 1538 4505 Juxta
1580 4466 1739 4520 quem
1772 4466 1899 4507 sen-

2002 3254 2192 3328 (Eccli.
2222 3270 2355 3316 xxv,
2385 3255 2493 3322 14).
2520 3253 2588 3308 Et
2617 3251 2743 3307 alibi
2777 3267 2794 3305 :
2823 3250 2940 3305 Non
3001 3257 3078 3304 est
3139 3247 3587 3318 inopia‘tintenli-

2001 3346 2098 3401 bus
2127 3362 2247 3400 eum
2287 3344 2455 3416 (Psal.
2487 3360 2684 3407 xxxiii,
2716 3342 2848 3411 10).
2901 3341 3150 3411 Denique
3208 3346 3333 3409 post
3386 3336 3586 3402 inultos

2001 3443 2262 3493 virtutum
2305 3436 2505 3506 gradus
2556 3435 2623 3488 ad
2654 3434 3037 3503 hujuscemodi
3096 3435 3348 3490 timorem
3409 3432 3587 3488 Domi-

2002 3529 2057 3584 ni
2088 3527 2423 3598 pervenitur.
2467 3526 2733 3596 Loquitur
2780 3525 2926 3581 enim
2991 3539 3171 3579 sermo
3202 3527 3418 3579 divinus
3481 3522 3586 3578 sub

2003 3634 2235 3689 persona
2266 3618 2511 3679 magistri
2563 3626 2616 3669 et
2671 3615 2864 3685 patris,
2916 3615 3244 3684 discipulum
3281 3612 3585 3670 erudientis

2001 3718 2058 3765 et
2080 3710 2248 3764 lilium
2277 3725 2292 3763 :
2324 3709 2382 3764 Si
2404 3710 2722 3763 invocaveris
2760 3709 3099 3777 sapientiam,
3125 3718 3172 3761 et
3225 3707 3585 3776 intelligentia:

2002 3801 2217 3856 dederis
2259 3817 2429 3856 vocem
2490 3812 2660 3865 tuam,
2714 3809 2763 3854 et
2828 3799 2876 3853 si
2933 3800 3205 3868 quwsieris
3262 3815 3382 3856 eam
3430 3800 3584 3872 quasi

2001 3895 2310 3963 pecuniam,
2354 3904 2403 3945 et
2451 3893 2604 3961 quasi
2655 3894 2933 3947 thesauros
2992 3891 3383 3961 iiwestigaveris
3418 3907 3575 3954 eam;

2002 3995 2127 4039 tunc
2145 3984 2403 4054 intelliges
2420 3986 2660 4038 timorem
2686 3984 2919 4051 Domini,
2941 3993 2989 4040 et
3039 3984 3317 4038 scientiam
3380 3982 3476 4040 Dei
3499 3998 3583 4036 reo

2000 4080 2172 4148 paries
2205 4078 2389 4147 (Prov.
2424 4093 2485 4143 ιι,
2507 4077 2646 4143 5-5).
2678 4076 2785 4134 iste
2805 4088 2885 4132 est
2917 4079 3076 4133 timor
3090 4079 3181 4149 qui
3200 4077 3407 4133 animas
3421 4092 3581 4133 sanc-

2007 4179 2183 4226 torum
2222 4171 2464 4239 integras
2497 4186 2562 4224 ac
2593 4170 2817 4242 pudicas
2847 4186 3120 4241 purasque
3149 4179 3461 4237 conservat,
3515 4170 3582 4224 de

2003 4280 2112 4335 quo
2129 4264 2331 4319 dicitur
2347 4279 2365 4318 ι
2382 4262 2558 4318 Timor
2579 4262 2788 4316 Domini
2814 4275 3030 4317 sanctus
3051 4271 3319 4332 permanet
3341 4263 3395 4318 in
3416 4278 3583 4317 sa'cu—

2004 4353 2114 4409 lum
2140 4354 2337 4409 sa'culi.
2372 4354 2452 4408 Ad
2486 4367 2650 4423 quem
2679 4369 2778 4409 nos
2825 4353 3009 4409 divina
3042 4353 3258 4424 eloquia
3284 4353 3582 4408 cobortam

2003 4455 2091 4502 tur
2118 4462 2134 4502 :
2170 4445 2370 4500 Timete
2392 4444 2696 4511 Dominum,
2717 4456 2765 4500 et
2784 4445 2906 4499 date
2932 4447 2980 4500 ei
2996 4444 3220 4516 gloriam
3238 4444 3257 4514 (
3274 4445 3437 4512 Apoc.
3469 4459 3579 4508 ιιν,

315 4553 439 4591 sum
477 4540 542 4590 ad
572 4536 871 4597 Jerusalem
897 4540 1133 4597 dicitur:
1161 4539 1472 4607 Iusti/Scuta
1493 4551 1567 4598 est
1586 4540 1817 4600 Sodoma
1832 4558 1899 4598 ea;
1929 4529 1977 4588 D
2003 4540 2034 4593 7
2071 4540 2112 4609 ).
2154 4539 2255 4607 Qui
2298 4540 2466 4609 igitur
2491 4539 2570 4594 sic
2604 4540 2760 4593 timet
2785 4538 3106 4604 Dominum.
3141 4538 3331 4592 θυάίθι
3394 4552 3578 4593 νοσοίη

315 4638 366 4680 te
398 4628 635 4700 (ls‘seclt.
665 4646 777 4694 xw,
813 4630 940 4699 52).
973 4630 1108 4697 Quia
1137 4632 1302 4702 igitur
1335 4633 1517 4689 nullus
1556 4642 1733 4702 potest
1772 4634 1900 4703 jus-

319 4723 513 4776 titicari
552 4735 815 4792 praesente
850 4724 1100 4787 Domino,
1138 4740 1329 4778 omnes
1389 4728 1544 4794 quasi
1599 4727 1900 4783 vestimen-

320 4823 435 4865 tum
466 4823 808 4869 veterasceut
844 4814 1031 4885 (Psal.
1066 4831 1116 4869 et
1140 4815 1181 4884 ).
1222 4814 1374 4886 Quod
1438 4828 1619 4871 autent
1690 4819 1899 4873 invete-

318 4906 513 4971 rascit,
561 4906 854 4976 perditioni
909 4909 1219 4977 proximum
1254 4917 1359 4962 est.
1397 4908 1462 4968 Et
1515 4909 1673 4979 quasi
1730 4910 1898 4977 tinea,

318 4997 420 5064 ait,
449 4999 677 5051 comedet
702 5015 809 5058 eos.
841 4999 1187 5053 Conscientia
1220 5000 1469 5055 videlicet
1498 5011 1844 5069 peccatorum
1879 5018 1895 5060 :

316 5103 375 5142 et
405 5090 556 5143 zelus
588 5090 837 5165 gentium
865 5094 1219 5149 salvatarnm.
1251 5094 1322 5147 De
1351 5108 1456 5161 quo
1500 5093 1552 5149 in
1587 5094 1695 5148 line
1728 5095 1896 5164 hujus

319 5180 615 5235 voluminis
665 5181 866 5237 dicitur
898 5201 914 5241 :
949 5183 1144 5239 Vermis
1182 5201 1363 5238 eorum
1391 5201 1494 5245 non
1525 5186 1797 5243 morietur.
1840 5185 1904 5240 Et

320 5270 375 5324 iu
396 5271 618 5326 Micha'a
643 5283 831 5329 contra
858 5289 1145 5344 perversos
1163 5277 1434 5347 principes
1456 5294 1471 5334 :
1490 5277 1741 5347 Auferam
1762 5277 1900 5331 bona

318 5381 500 5419 eorum
525 5368 678 5434 quasi
697 5367 836 5423 tinea
860 5370 1223 5430 excornedens,
1252 5380 1297 5424 et
1331 5369 1609 5427 auobulans
1631 5386 1790 5439 super
1816 5386 1901 5424 re‘

320 5457 502 5525 gulam
538 5456 598 5517 in
626 5457 708 5512 die
734 5459 1107 5527 speculationis
1138 5459 1325 5532 (JIiclt.
1356 5477 1448 5529 vn,
1468 5461 1523 5524 4,
1555 5479 1662 5515 sec.
1699 5460 1899 5529 LXX).

323 5619 516 5686 ἐσμέν.
548 5620 750 5674 Comici
792 5630 972 5675 autem
1007 5620 1283 5675 Menandri
1307 5621 1606 5683 senarium,
1640 5618 1902 5688 Φοεὶρου-

327 5705 419 5760 etv
446 5690 552 5759 ἧοη
622 5690 820 5758 χρησο“
849 5691 1059 5760 ὁμιλίαι
1093 5692 1284 5754 κακαί,
1321 5692 1560 5757 Denique
1611 5690 1889 5756 Epimeni-

325 5758 414 5817 dis
447 5762 841 5833 ltt‘xmtetruni,
872 5758 1090 5831 Κρῆτες
1114 5765 1202 5814 ἀεὶ
1245 5758 1502 5830 denatat,
1532 5762 1677 5816 κακὰ
1709 5760 1900 5833 θηρία,

330 5829 598 5905 γαστέρες
623 5830 809 5899 itm-ti.

2003 4633 2146 4688 servi
2179 4635 2264 4687 vel
2292 4632 2453 4702 pueri
2485 4630 2626 4701 ejus.
2660 4630 2756 4701 (lui
2798 4630 3102 4685 ambulavit
3133 4630 3186 4685 in
3213 4629 3477 4696 tenebris,
3527 4638 3581 4682 et

2003 4741 2110 4781 non
2141 4734 2260 4780 erat
2308 4725 2360 4783 ei
2416 4723 2600 4781 lumen
2638 4741 2653 4789 ;
2687 4722 2782 4787 qui
2816 4737 2923 4777 non
2965 4721 3156 4777 babuit
3200 4721 3435 4789 speciem
3480 4732 3582 4773 nec

2005 4815 2256 4897 gloriam,
2290 4813 2386 4870 sed
2418 4814 2471 4872 in
2494 4812 2864 4870 similitudine
2891 4814 3078 4868 carnis
3106 4810 3430 4881 peccatricis
3454 4824 3576 4865 sus.

2003 4906 2149 4977 cepit
2183 4905 2418 4960 fortnam
2440 4906 2608 4974 servi,
2642 4916 2703 4960 ut
2730 4915 3009 4975 peceatum
3045 4904 3101 4957 in
3132 4917 3300 4956 carne
3348 4915 3578 4969 snpera-

2007 5009 2110 5055 ret.
2142 5000 2214 5055 De
2235 5000 2341 5058 hoc
2369 5000 2594 5064 dicitur,
2624 5001 2754 5069 quia
2786 4995 2949 5067 583
2998 5003 3182 5064 speret
3242 4993 3295 5048 in
3356 4995 3582 5054 minutae

2006 5091 2243 5160 Domini,
2274 5103 2330 5151 et
2362 5093 2633 5148 innitatur
2657 5106 2820 5161 super
2847 5090 3012 5142 Deum
3067 5100 3223 5141 suum
3267 5099 3283 5140 :
3320 5095 3379 5140 ut
3411 5087 3584 5156 quid,

2005 5186 2135 5258 quid
2169 5187 2421 5246 humana:
2445 5182 2758 5253 fragilitatis
2792 5189 2896 5246 est,
2940 5181 3130 5234 divina
3151 5177 3439 5248 majestate
3461 5195 3586 5234 cor.
3623 5222 3633 5259 ,

2006 5281 2227 5335 roboret
2257 5289 2422 5350 atque
2445 5285 2739 5333 sustentet.
2760 5273 2878 5333 iloc
2901 5274 3057 5344 juxta
3082 5270 3431 5328 llebraicum.
3461 5270 3585 5327 Ca:-

2009 5382 2187 5427 terum
2224 5370 2529 5428 secundum
2558 5366 2911 5437 Septuaginta
2943 5364 3013 5419 de
3063 5363 3437 5434 peccatoribus
3491 5361 3582 5417 dio

2006 5465 2166 5527 citur,
2206 5459 2300 5530 qui
2337 5459 2628 5512 noluerunt
2656 5456 2878 5511 obedire
2903 5456 3019 5510 voci
3047 5453 3167 5521 Filii
3232 5453 3373 5524 ejus,
3434 5461 3493 5508 et
3524 5453 3577 5506 in

2080 5616 2203 5675 ‘Ad
2251 5614 2504 5670 Caecum
2560 5613 2645 5666 ὅτι
2682 5610 2895 5681 ἐγγίζει
2934 5612 3236 5678 ornatiora;
3284 5626 3410 5680 μου,
3455 5609 3579 5681 quia

1998 5688 2158 5756 juxta
2181 5684 2651 5755 estquijnstiﬁcm
2690 5699 2790 5748 me,
2854 5685 3246 5737 restituendqu
3303 5680 3577 5741 contendit

2015 5761 2046 5812 Υ
2061 5762 2213 5815 itttttt‘,
