3902 6182
1423 203 1567 223 ”“ι”⁴”.

325 321 431 386 499

326 533 522 588 lucem.
567 533 756 607 Neque
785 542 928 598 enim
990 541 1108 602 ﬁeri
1140 555 1373 616 poterat,
1403 560 1461 607 ut
1500 552 1554 608 in
1589 569 1899 623 perversam

324 625 562 688 animam
593 629 845 688 introiret
874 636 1163 704 sapientia.
1201 639 1303 706 Qui
1337 644 1650 700 nescierunt
1687 663 1789 703 nec
1818 650 1905 702 in-

324 718 774 789 tellexerunt;et
828 726 952 782 ideo
997 729 1053 783 in
1113 734 1352 788 tenebris
1417 736 1720 795 ambulant.
1786 739 1901 795 Non

321 811 466 864 enim
506 811 749 869 iecerunt
782 832 946 888 opera
979 820 1196 878 Domini
1249 835 1414 894 atque
1473 830 1754 898 mandata,
1807 849 1905 888 nec

323 902 734 962 seminaverunt
757 908 859 964 sibi
883 911 1177 982 justitiam,
1214 932 1390 986 neque
1426 918 1904 978 rindemiavcrunt

325 992 508 1058 vitem,
544 998 980 1058 utaecenderent
1003 1004 1104 1060 sibi
1137 1005 1317 1062 lumen
1345 1010 1612 1068 scientiae.
1637 1012 1736 1079 Qui
1758 1016 1904 1072 enim

321 1083 599 1144 desiderat
631 1091 981 1170 sapientiam,
1015 1109 1195 1154 servet
1228 1102 1509 1167 mandata,
1552 1113 1607 1160 et
1645 1104 1905 1160 Dominus

321 1175 521 1232 tribuet
547 1195 664 1236 eam
686 1183 783 1242 illi.
807 1185 964 1244 Unde
983 1199 1033 1242 et
1057 1189 1122 1243 ad
1153 1189 1321 1246 Deum
1357 1194 1590 1252 dicitur:
1621 1195 1738 1252 Lux
1763 1215 1903 1266 prm-

319 1277 465 1335 cepta
493 1279 584 1325 tua
603 1274 788 1342 (Prov.
817 1294 890 1343 γι,
915 1279 1028 1350 25).
1052 1283 1117 1336 Ει
1148 1284 1270 1336 alibi
1303 1302 1317 1338 :
1349 1287 1666 1341 Mandatum
1691 1289 1904 1344 Domini

319 1358 548 1418 lucidum
578 1367 888 1428 illuminant
937 1373 1112 1427 oculos
1151 1374 1336 1444 (Psal.
1384 1393 1539 1445 xvut,
1572 1380 1666 1450 9).
1708 1381 1906 1438 Praeci-

319 1455 576 1527 piturque
610 1459 789 1529 impiis
824 1472 880 1522 ut
909 1467 1255 1526 conﬁdantin
1294 1470 1543 1538 Domino,
1574 1483 1629 1531 et
1663 1475 1904 1541 peccatis

322 1560 560 1617 ruentes,
589 1552 733 1606 illius
795 1554 1098 1616 inuitantur
1149 1569 1203 1614 et
1254 1571 1628 1622 sustentantur
1682 1565 1902 1620 auxilio.

391 1638 568 1705 (Vere.
600 1642 710 1712 ll.)
746 1664 762 1696 ι
798 1646 936 1712 Ecce
961 1664 1151 1704 omnes
1180 1666 1274 1710 vos
1301 1653 1671 1710 accendentcs
1697 1655 1902 1722 ignem,

317 1730 547 1785 accincti
595 1733 847 1804 flammis,
883 1743 1158 1802 ambulate
1192 1745 1247 1803 in
1283 1745 1488 1802 lumine
1522 1747 1664 1818 ignis
1706 1752 1895 1817 vestri,

1478 344 1536 407 S.
1572 347 1887 409 EUSEBII
1927 351 2007 411 Hi
2026 353 2376 419 EiiONYMI

326 441 566 499 tenebris
595 446 916 518 gradiuntur
951 453 1178 524 erroris,
1210 464 1268 512 et
1298 442 1506 514 idcirco
1532 476 1640 518 non
1700 465 1906 521 habent
1939 473 1981 528 Α

3481 364 3583 428 500

2084 474 2240 546 (Cap.
2274 477 2360 533 Li.
2394 509 2461 520 -—-
2483 477 2642 536 Vers.
2676 481 2698 536 l
2729 481 2912 554 seqq.)
2951 500 2970 536 ι
2997 481 3198 538 Audite
3229 498 3314 538 me
3342 484 3433 556 ιιιιί
3465 500 3585 554 per-

2009 568 2304 636 scquimini
2330 570 2472 640 quod
2498 571 2705 642 justum
2736 582 2841 638 est,
2888 583 2942 629 et
2975 565 3218 644 quairitis
3260 574 3575 631 Dominmn.

2011 659 2294 717 Attendite
2326 664 2392 717 ad
2424 672 2658 733 petram,
2694 668 2839 721 unde
2892 668 3062 724 excisi
3100 669 3256 733 estis,
3292 677 3347 722 et
3389 670 3457 724 ad
3493 687 3586 726 ca-

2006 766 2229 806 vernam
2265 753 2364 809 laci
2424 756 2491 810 de
2523 772 2627 826 qua
2677 759 2888 827 prtecisi
2945 759 3104 813 estis.
3170 759 3456 815 Attendite
3515 763 3578 814 ad

2008 841 2284 897 Abraham
2339 854 2544 915 patrem
2604 857 2848 903 vestrum
2886 859 2961 910 ,et
2990 849 3056 904 ad
3109 849 3298 904 Saram
3340 866 3462 920 qua:
3491 866 3582 919 pe-

1942 972 1951 982 .
2009 934 2147 1003 perit
2175 951 2270 991 vos
2297 953 2312 990 :
2337 938 2462 1007 quia
2497 953 2665 996 unttm
2700 941 2888 996 vocavi
2913 957 3059 1005 eum,
3113 953 3166 996 et
3207 942 3459 997 benedixi
3512 943 3582 1002 ei.

2004 1035 2063 1080 'et
2109 1027 2467 1099 multiplivavi
2503 1046 2652 1088 eum.
2701 1032 3087 1088 Consolabitur
3138 1049 3268 1110 ergo
3303 1033 3585 1090 Dominus

2012 1117 2166 1185 Sion,
2199 1131 2252 1174 ct
2288 1122 2662 1179 consolabitur
2703 1139 2900 1181 omnes
2951 1127 3136 1182 ruinas
3165 1126 3305 1194 eius.
3338 1136 3392 1182 et
3423 1139 3587 1196 ponet

2007 1207 2281 1265 descrtmn
2314 1210 2433 1280 ejus
2476 1213 2632 1280 quasi
2675 1213 2924 1279 delicias,
2959 1225 3010 1270 et
3061 1216 3411 1272 solitudinem
3467 1218 3586 1286 ejus

2009 1303 2162 1370 quasi
2200 1303 2419 1358 hortum
2455 1304 2694 1362 Domini.
2727 1306 2996 1362 Gaudium
3031 1318 3084 1362 et
3113 1308 3302 1363 laetitia
3335 1309 3586 1364 invenic.

2009 1406 2096 1448 tur
2125 1395 2178 1450 in
2211 1413 2295 1461 ea,
2330 1400 2627 1467 gratiarum
2679 1404 2819 1455 actio
2849 1411 2904 1456 et
2941 1415 3047 1455 vox
3083 1401 3282 1457 laudis.
3324 1421 3342 1454 ι
3391 1399 3533 1455 LXX
3566 1418 3585 1457 :

2013 1506 2032 1539 ι
2067 1488 2262 1544 Audite
2295 1491 2384 1559 qui
2440 1492 2832 1562 persequimini
2893 1495 3036 1561 quod
3070 1495 3302 1560 justum,
3354 1503 3409 1549 et
3438 1510 3587 1563 quae-

2009 1581 2130 1634 ritis
2167 1581 2476 1638 Dominum.
2498 1584 2774 1640 Attendite
2799 1585 2852 1638 in
2882 1587 3165 1642 robustam
3192 1597 3400 1654 petram
3421 1602 3586 1653 quam

2006 1671 2311 1738 excidistis,
2345 1685 2398 1728 et
2435 1675 2486 1728 in
2514 1673 2723 1730 foveam
2765 1675 2871 1731 laci
2908 1692 3070 1744 quam
3122 1678 3359 1733 fudistis.
3395 1676 3589 1744 Respi-

2007 1761 2112 1816 cite
2140 1763 2192 1817 in
2223 1763 2497 1819 Abraham
2525 1776 2732 1836 patrem
2771 1775 3034 1832 vestrum,
3059 1777 3112 1822 et
3137 1768 3190 1823 in
3227 1769 3418 1824 Saram
3459 1783 3584 1838 qua:

317 1831 370 1873 ct
407 1823 459 1876 in
486 1823 716 1884 ilatnt’nis
751 1847 886 1895 quas
918 1837 1324 1895 succendistis:
1355 1840 1420 1894 de
1449 1857 1611 1896 manu
1651 1858 1772 1898 mea
1811 1844 1893 1899 l'a—
1931 1827 1972 1883 Β
2005 1857 2216 1923 peperit
2237 1871 2358 1920 vos.
2398 1823 2538 1927 quia-
2565 1874 2706 1914 unus
2745 1869 2863 1914 erat
2893 1871 2947 1915 ει
2982 1861 3169 1915 vocavi
3200 1875 3347 1927 eum,
3379 1872 3435 1916 ει
3477 1823 3580 1918 ἱνα.

315 1923 460 1968 ctum
490 1929 574 1972 est
610 1920 712 1975 hoc
736 1924 914 1990 vobis,
950 1926 1002 1982 in
1025 1929 1304 1986 doloribus
1329 1933 1631 1989 dortnictis.
1665 1954 1683 1986 ι
1714 1935 1890 1992 LXX:

322 2025 339 2057 ι
384 2007 520 2065 Ecce
555 2027 743 2069 omnes
775 2031 871 2073 vos
893 2020 1066 2088 ignem
1101 2025 1423 2088 accenditis,
1476 2036 1530 2081 et
1565 2028 1894 2087 coniortatis

316 2098 587 2160 ﬂammam
621 2122 637 2172 ;
668 2109 942 2170 ambulate
980 2113 1030 2168 in
1066 2113 1271 2171 lumine
1323 2117 1463 2184 ignis
1500 2121 1686 2182 vestri,
1737 2130 1792 2176 et
1840 2123 1893 2176 in

316 2192 532 2250 llaiuma
561 2215 724 2268 quant
779 2206 1140 2262 succendistis
1174 2221 1437 2281 ;propter
1471 2227 1554 2268 me
1591 2216 1734 2270 laeta
1767 2227 1897 2270 sunt

303 2281 434 2344 iure
487 2292 662 2349 vobis.
700 2294 759 2349 In
794 2313 1028 2355 maerore
1091 2302 1392 2364 dormietis.
1430 2325 1450 2362 ›
1485 2305 1631 2364 Nihil
1672 2310 1895 2378 prodest

316 2381 620 2440 exhortatio
647 2403 664 2454 ;
701 2405 799 2446 nec
823 2402 946 2462 post
965 2394 1174 2450 scelera
1194 2411 1318 2465 spes
1346 2399 1540 2458 salutis
1560 2412 1669 2456 est.
1693 2401 1896 2458 Omnes

316 2475 744 2546 declinaverunt,
779 2484 942 2539 simul
966 2486 1185 2543 inutiles
1203 2489 1329 2544 facti
1359 2501 1486 2546 sunt
1518 2492 1694 2563 (Psal.
1734 2495 1850 2566 χιιι)
1877 2512 1894 2563 ;

315 2583 501 2625 omnes
536 2573 636 2628 sibi
676 2575 852 2644 ignem
899 2579 1260 2647 succendunt,
1294 2582 1682 2656 ﬂammamque
1709 2603 1895 2642 corro-

316 2662 531 2727 borant.
569 2664 777 2724 [labent
810 2670 955 2724 etaim
1000 2673 1054 2728 in
1091 2689 1149 2728 se
1177 2674 1384 2744 fenum,
1416 2676 1584 2750 ligna,
1611 2678 1890 2748 stipulam,

316 2753 524 2822 spinas,
557 2772 620 2816 ac
649 2759 906 2828 tribulos,
931 2777 995 2821 ac
1028 2764 1239 2830 lolium,
1269 2782 1389 2836 qua:
1416 2780 1620 2824 aeterno
1669 2771 1893 2828 tradan-

317 2857 404 2901 tur
447 2849 721 2909 incendio.
757 2853 911 2911 Unde
945 2867 998 2911 et
1051 2857 1102 2911 in
1129 2857 1441 2915 Proverbiis
1475 2861 1739 2931 scriptum
1775 2870 1893 2920 est:

317 2939 381 2992 In
407 2943 592 2998 multis
622 2943 778 3013 lignis
810 2947 940 3016 viget
966 2950 1102 3024 ignis
1135 2950 1316 3023 (Prov.
1343 2969 1488 3020 χχιι,
1520 2955 1637 3023 ΞΟ).
1674 2953 1769 3009 Sin
1799 2970 1896 3009 au-

315 3043 422 3088 tem
457 3038 714 3103 parvulus
747 3038 887 3108 ignis
923 3042 1183 3112 grandem
1219 3045 1503 3100 materiam
1532 3050 1894 3116 comprehen-

1997 1948 2180 2002 nedixi
2213 1935 2286 2012 ei.
2312 1958 2366 2004 et
2396 1950 2558 2005 dilexi
2594 1952 2769 2016 illum,
2824 1963 2878 2008 et
2910 1953 3263 2022 multiplicavi
3324 1969 3449 2008 eum
3483 1971 3499 2008 :
3532 1965 3585 2009 ct

2001 2046 2053 2092 te
2089 2054 2238 2095 nunc
2261 2041 2610 2107 consolabor,
2643 2042 2794 2099 Sion.
2821 2045 2885 2100 Et
2919 2045 3230 2100 consolatus
3247 2061 3366 2100 sum
3391 2048 3579 2100 omnia

1998 2130 2216 2186 deserta
2247 2133 2364 2200 ejus
2396 2134 2556 2202 quasi
2603 2136 2942 2204 paradisum,
2974 2148 3028 2190 et
3056 2151 3118 2190 ea
3171 2152 3291 2207 quae
3340 2137 3408 2191 ad
3442 2137 3589 2191 occi-

2001 2221 2217 2277 dentem
2251 2232 2398 2290 sunt,
2436 2228 2590 2295 quasi
2625 2229 2938 2291 paradisum
2963 2228 3173 2283 Domini
3211 2245 3223 2281 :
3260 2229 3575 2293 exsultatio-

2008 2333 2133 2372 nem
2168 2329 2226 2375 et
2255 2321 2496 2376 laetitiam
2536 2321 2820 2378 invenient
2859 2323 2914 2377 in
2945 2337 3033 2386 ea,
3094 2323 3499 2378 confessionem
3533 2335 3584 2377 et

2001 2424 2190 2466 vocem
2218 2412 2414 2467 laudis.
2460 2432 2480 2467 ι
2518 2413 2930 2470 Dormientibus
2959 2415 3012 2469 in
3044 2431 3282 2474 maerore
3303 2431 3366 2470 ac
3396 2416 3586 2472 dolore

2001 2512 2290 2574 perpetuo,
2317 2506 2408 2575 qui
2442 2507 2848 2563 succenderunt
2879 2507 2984 2562 sibi
3011 2508 3212 2577 ignem,
3243 2518 3299 2563 et
3331 2507 3588 2563 ﬂammas

2002 2597 2418 2654 robustissimus
2461 2613 2587 2654 esse
2646 2598 2920 2666 fecerunt,
2961 2614 3059 2655 vos
3099 2599 3190 2670 qni
3223 2601 3586 2670 persequimi-

1999 2691 2051 2744 ni
2086 2690 2384 2761 justitiam,
2429 2698 2483 2746 et
2517 2691 2764 2760 quaeritis
2801 2691 3088 2747 Dominum
3137 2691 3450 2764 (signiﬁcat
3479 2708 3584 2747 au-

2001 2792 2107 2837 tem
2150 2783 2523 2853 apostolorum
2558 2793 2614 2838 et
2635 2799 2732 2853 per
2765 2783 3047 2853 apostolos
3077 2785 3418 2839 credentium
3449 2784 3584 2840 cho-

1999 2876 2169 2946 rum),
2219 2877 2477 2945 respicite
2523 2885 2762 2948 petram,
2803 2878 2853 2932 id
2888 2886 2972 2933 est
3033 2878 3310 2933 Abraham
3367 2888 3581 2948 patrem

1998 2979 2261 3037 vestrum,
2293 2970 2362 3025 de
2409 2987 2518 3041 quo
2549 2971 2718 3026 excisi
2752 2970 2909 3036 estis,
2940 2977 2994 3025 et
3022 2969 3089 3025 ad
3121 2985 3410 3026 cavernam
3452 2971 3580 3037 laci,

1996 3063 2065 3116 de
2088 3078 2193 3131 qua
2227 3065 2438 3131 praecisi
2459 3064 2615 3129 estis,
2646 3064 2698 3119 id
2725 3072 2828 3129 est,
2861 3060 3053 3117 Saram
3078 3078 3200 3133 qute
3227 3065 3439 3133 peperit
3459 3078 3580 3120 vos.

315 3126 395 3180 dit
423 3144 440 3195 ;
473 3133 696 3197 grandis
748 3131 963 3188 liaunna
1005 3146 1202 3200 quanta
1265 3139 1611 3208 populabitur
1637 3143 1659 3198 ?
1684 3140 1894 3196 Dicitur

2003 3159 2067 3212 Et
2094 3159 2199 3215 hoc
2235 3160 2602 3225 considerate,
2658 3161 2786 3230 quia
2846 3175 2970 3214 cum
3034 3162 3194 3214 unius
3233 3160 3326 3215 ‘et
3357 3170 3581 3214 centum

316 3227 370 3274 ct
423 3221 477 3275 in
515 3220 758 3290 Epistula
793 3241 911 3296 quae
958 3227 1130 3282 l'ertur
1173 3229 1243 3284 ad
1290 3229 1572 3299 Hebraeos,
1625 3234 1693 3288 de
1720 3243 1889 3303 terra,

316 3327 437 3382 qua
469 3314 754 3384 proferens
809 3317 1000 3388 spinas
1030 3330 1083 3373 et
1125 3322 1379 3387 tribulos,
1411 3325 1641 3394 reprobo
1693 3326 1788 3390 sit,
1841 3321 1924 3385 et.

319 3407 690 3464 maledictioni
726 3412 997 3481 proxima,
1025 3413 1258 3488 ﬁnisque
1283 3419 1430 3476 illius
1464 3421 1519 3473 in
1560 3421 1897 3476 combustio-

317 3515 438 3553 nem
480 3501 662 3570 (Hebr.
701 3519 774 3569 vt,
805 3505 881 3573 8).
924 3505 1065 3574 Ergo
1097 3509 1188 3578 qui
1221 3511 1455 3566 accincti
1501 3521 1628 3567 sunt
1657 3511 1894 3569 ﬂammis

315 3603 478 3664 atque
501 3595 850 3660 circunidati.
884 3610 936 3655 ct
965 3601 1066 3656 sibi
1107 3602 1422 3658 incendium
1472 3605 1890 3673 robor‘averuut,

316 3700 682 3754 provocamur
720 3691 786 3750 ad
817 3693 1071 3757 salutem,
1103 3704 1157 3750 et
1184 3695 1383 3750 dicitur
1414 3700 1480 3752 ad
1511 3713 1606 3754 eos
1645 3715 1658 3752 :
1693 3700 1895 3753 Ambu-

315 3783 419 3836 late
447 3787 500 3838 in
539 3783 740 3840 latnine
766 3786 906 3855 ignis
935 3788 1090 3840 vestri
1121 3805 1140 3842 :
1170 3796 1220 3842 et
1242 3790 1293 3843 in
1319 3791 1552 3858 ﬂammis
1609 3809 1741 3862 quas
1767 3811 1891 3848 suc-

313 3876 584 3954 cendistis,
623 3888 682 3936 ut
717 3879 770 3934 in
807 3879 987 3946 pinnis
1020 3889 1184 3949 atque
1215 3881 1497 3951 suppliciis
1530 3882 1744 3938 discant
1794 3885 1889 3940 Dei

313 3969 638 4037 potentiam,
664 3980 719 4034 et
754 3971 976 4028 redeant
1003 3973 1067 4038 ad
1102 3974 1358 4032 Salutem.
1390 3975 1676 4044 Signiﬁcat
1710 3991 1891 4032 autem

310 4061 522 4118 Judaici
577 4065 758 4137 populi
821 4068 1160 4133 vastitatem,
1218 4085 1326 4138 qua
1390 4069 1654 4125 Romanis
1709 4073 1892 4129 traditi

313 4168 461 4221 sunt,
497 4170 551 4212 et
613 4160 947 4228 captivitatis
998 4161 1184 4231 jugum
1219 4164 1537 4242 .hucusque
1593 4169 1889 4225 sustinent.

314 4249 478 4324 584
514 4252 588 4305 De
619 4269 781 4308 mauu
802 4255 946 4310 enim
973 4255 1176 4316 Christi
1211 4257 1322 4312 huic
1361 4257 1506 4314 facta
1540 4263 1890 4328 suntomnia,

311 4356 366 4400 et
417 4346 471 4399 in
515 4360 754 4406 mcerora
809 4362 874 4407 ac
927 4348 1210 4407 doloribus
1250 4350 1563 4414 dormient;
1629 4353 1753 4421 quia
1794 4369 1894 4410 nec

314 4439 614 4504 beneficiis,
640 4455 739 4498 nec
758 4443 1067 4506 tormentis,
1095 4442 1187 4497 Dri
1209 4443 1402 4502 Filium
1436 4447 1678 4515 recipere
1706 4447 1894 4502 thitle-

2000 3251 2165 3324 585
2206 3262 2350 3308 esset
2377 3268 2663 3317 annorum,
2702 3264 2755 3308 ct
2787 3253 3027 3309 sterilem
3072 3255 3299 3308 haberet
3330 3265 3580 3318 uxorem,

2000 3345 2486 3416 multiplicavcritn
2529 3344 2673 3401 ﬁlios
2722 3345 2841 3416 ejus
2896 3345 3055 3414 quasi
3103 3343 3289 3398 stellas
3321 3341 3471 3405 cmli,
3509 3340 3582 3394 ita

2002 3449 2062 3494 ut
2115 3455 2402 3494 numerum
2435 3439 2679 3494 vinceret
2735 3438 3054 3492 multitudo.
3106 3436 3164 3492 Si
3191 3452 3322 3506 ergo
3372 3435 3440 3490 de
3472 3451 3583 3489 uno

2000 3534 2227 3588 homine
2285 3542 2435 3587 tanta
2473 3532 2797 3602 populorum
2841 3542 2964 3586 nata
3022 3541 3149 3585 sunt
3196 3529 3364 3584 millia
3395 3547 3410 3596 ;
3441 3528 3571 3600 quid

2001 3626 2133 3680 mihi
2168 3625 2374 3694 grande
2403 3633 2508 3687 est,
2543 3635 2599 3678 ut
2631 3624 2933 3678 instauretn
2971 3625 3161 3677 ruinas
3197 3621 3352 3687 Sion,
3391 3632 3446 3677 et
3479 3622 3577 3674 de-

2000 3729 2144 3772 serta
2178 3718 2296 3788 ejus
2331 3727 2532 3771 tnutem
2584 3718 2636 3770 in
2677 3715 2992 3784 paradisum
3035 3714 3350 3782 voluptatis,
3417 3718 3473 3767 et
3527 3712 3582 3767 in

2003 3812 2221 3865 hortum
2258 3811 2471 3864 Domini
2503 3823 2662 3880 quem
2714 3808 2979 3878 plantavit
3015 3806 3157 3861 Deus
3187 3808 3238 3859 in
3272 3805 3422 3860 Edcn
3451 3820 3582 3859 cou-

1998 3910 2081 3959 tra
2116 3898 2396 3953 Orientem
2427 3917 2440 3954 :
2475 3912 2529 3954 ct
2556 3900 2866 3954 inveniatur
2894 3899 2946 3951 in
2976 3912 3038 3952 ea
3089 3912 3191 3968 pro
3221 3896 3454 3950 diversis
3491 3911 3582 3948 ar-

2000 3996 2226 4049 boribus
2287 3993 2545 4060 gaudium
2608 4001 2770 4059 atque
2805 3990 3016 4053 ltetitia,
3054 3988 3330 4045 confessio
3377 3997 3433 4043 et
3467 4004 3576 4043 vos

1996 4089 2176 4144 laudis
2209 4086 2366 4142 ?Iloc
2384 4083 2554 4140 Judaei
2585 4084 2650 4138 ad
2683 4082 2985 4137 Zorobabel
3019 4091 3264 4152 tempora
3302 4079 3574 4144 referunt,

1998 4182 2125 4252 quia
2198 4189 2324 4251 post
2375 4178 2683 4250 Babylonia).
2757 4177 3068 4239 vastitatem
3146 4176 3456 4228 instaurata
3510 4176 3581 4228 sit

1997 4278 2148 4342 Sion,
2188 4274 2630 4340 azdilicatumqne
2696 4271 2977 4340 templum,
3015 4279 3070 4324 et
3107 4270 3332 4339 antiqua
3387 4270 3583 4338 religio

1997 4368 2228 4422 reddita.
2268 4364 2374 4419 Sed
2434 4363 2712 4434 quomodo
2743 4376 2906 4432 supra
2963 4361 3110 4430 (cap.
3154 4375 3305 4425 xm,
3338 4357 3429 4425 εἰ,
3485 4359 3582 4424 25)

1999 4461 2200 4514 dicitur
2241 4459 2308 4514 ad
2350 4456 2481 4512 Sion
2516 4473 2531 4511 :
2570 4454 2800 4524 Aﬂ‘erent
2844 4454 2984 4522 ﬁlios
3031 4464 3149 4508 tuos
3208 4453 3264 4504 in
3309 4451 3475 4514 ulnis,
3530 4460 3584 4506 et

313 4541 460 4588 runt.
494 4533 648 4592 Unde
673 4535 919 4600 loquitur
945 4536 1015 4590 ad
1048 4552 1142 4591 eos
1175 4553 1187 4589 :
1225 4537 1307 4590 Ite
1338 4539 1393 4592 in
1419 4540 1582 4608 ignem
1611 4551 1887 4608 (cternum,

2003 4555 2144 4624 ﬁlias
2179 4563 2300 4606 tuas
2334 4567 2491 4618 super
2517 4549 2763 4603 humeros
2813 4543 3122 4617 portabunt.
3177 4543 3247 4598 Et
3284 4554 3438 4598 erunt
3494 4561 3582 4599 re-

312 4643 463 4696 qucm
493 4629 806 4695 prcepta-urit
839 4627 975 4684 Deus
1005 4629 1218 4683 diabolo
1238 4644 1283 4684 et
1311 4634 1512 4702 angelis
1539 4634 1654 4704 ejus
1673 4636 1888 4705 (Matth.

315 4737 438 4787 xxv,
466 4721 577 4790 4|).
617 4718 731 4776 Hoc
761 4732 844 4777 est
877 4723 1024 4790 quod
1059 4731 1114 4780 et
1145 4726 1442 4794 Apostolus
1471 4729 1551 4782 ait
1590 4748 1604 4784 :
1640 4728 1892 4786 Peruenit

311 4814 449 4868 (nim
479 4831 637 4885 super
671 4831 758 4870 vos
785 4814 870 4869 ira
917 4815 977 4870 in
1001 4817 1158 4886 ﬁnem
1185 4817 1234 4888 (I
1276 4817 1458 4874 Thess.
1491 4836 1551 4890 tt,
1603 4821 1715 4894 16).
1779 4823 1900 4888 Hoc

315 4907 553 4976 capitulo
576 4908 860 4977 discimus,
891 4924 988 4978 pro
1017 4911 1278 4980 qualitate
1310 4914 1539 4982 peccati,
1572 4915 1750 4983 ignem
1788 4916 1892 4970 sibi

315 5016 756 5072 unmuquemque
795 5007 1152 5063 succendere.
1195 5004 1261 5059 Et
1288 5009 1564 5074 quomodo
1615 5009 1668 5063 in
1701 5010 1889 5066 eodem

315 5105 594 5150 manentes
619 5098 758 5162 loco,
791 5106 846 5153 et
881 5098 926 5152 si
963 5098 1070 5154 dici
1139 5109 1320 5168 potest
1355 5101 1577 5168 lectulo,
1613 5103 1705 5157 alii
1771 5105 1890 5159 sani

315 5198 461 5251 sunt,
484 5188 578 5242 alii
611 5191 846 5245 febrium
882 5194 1294 5249 sucoenduntur
1343 5194 1656 5263 ardoribus,
1693 5211 1757 5251 ex
1810 5197 1896 5252 di-

315 5280 578 5336 versitate
615 5285 907 5338 ltutnorum
933 5297 1098 5354 atque
1139 5287 1347 5355 pituitae
1378 5287 1599 5344 diversa
1627 5290 1895 5359 supplicia

315 5374 616 5428 sentientes
641 5390 658 5428 :
687 5375 768 5429 sic
801 5374 942 5444 ignis
967 5378 1057 5445 qui
1095 5393 1123 5430 a
1159 5381 1549 5447 peccatoribus
1607 5383 1898 5437 suerendi-

319 5475 425 5531 tur,
467 5466 752 5520 materiam
783 5467 837 5520 in
875 5471 1115 5536 peccatis
1179 5470 1368 5536 habet,
1401 5483 1454 5525 et
1485 5473 1537 5527 in
1586 5473 1897 5544 iniquitate,

315 5558 380 5610 de
403 5574 510 5628 qua
567 5561 827 5628 scriptum
853 5571 936 5613 est
974 5579 986 5615 :
1014 5561 1232 5615 Artlcbit
1265 5564 1402 5616 sicut
1438 5566 1576 5634 ignis
1603 5568 1893 5637 'iniquitus.

313 5657 360 5700 et
413 5651 552 5702 sicut
608 5667 826 5718 gramen
891 5654 1081 5705 siccum
1117 5655 1391 5708 uorabitnr
1466 5658 1704 5713 incendio
1756 5661 1893 5731 (Ita.

319 5743 396 5803 is,
436 5740 544 5804 l8).

391 5857 406 5888 ³
441 5855 714 5915 licacribit
769 5860 1056 5928 νιυιοιὶτιδ,
1125 5879 1241 5915 cum
1299 5880 1430 5916 unus
1487 5874 1694 5919 centum
1752 5879 1883 5922 esset
1927 5885 2212 5930 attactum,
2255 5869 2462 5924 scilicet
2485 5865 2758 5924 Abraham

1997 4665 2082 4718 ges
2114 4645 2336 4700 nutricii
2373 4645 2474 4708 tui,
2501 4653 2548 4696 et
2583 4645 2776 4713 regina:
2825 4643 3052 4695 nutrices
3110 4651 3238 4694 ture.
3295 4636 3404 4694 Et:
3444 4635 3584 4693 Ecce

1993 4741 2091 4793 isti
2117 4742 2180 4794 de
2219 4739 2372 4809 longe
2406 4739 2633 4800 uenient,
2688 4747 2737 4789 et
2771 4735 2850 4788 illi
2902 4735 2966 4788 ab
3015 4735 3274 4803 Aquilone
3304 4741 3353 4787 et
3415 4733 3580 4797 mari,

1998 4844 2047 4886 et
2074 4834 2162 4886 isti
2190 4835 2252 4886 de
2285 4840 2427 4885 terra
2451 4829 2680 4883 austri-ili
2716 4828 2976 4899 ;quando
3009 4827 3156 4883 dicet
3188 4827 3318 4881 Sion
3357 4842 3371 4879 :
3400 4827 3584 4895 Angu-

1999 4930 2113 4980 stus
2145 4926 2274 4979 mihi
2301 4936 2378 4978 est
2422 4924 2568 4978 locus
2607 4939 2626 4991 ;
2655 4924 2740 4995 {ac
2794 4922 2923 4976 mihi
2977 4922 3206 4991 spatium
3232 4928 3288 4973 ut
3324 4918 3580 4982 habitem,

1999 5034 2118 5088 quat
2148 5016 2586 5072 mediocritatem
2645 5015 2944 5070 excludunt
2986 5013 3202 5066 illorum
3251 5022 3582 5081 temporum,

2005 5124 2103 5164 nec
2133 5123 2299 5177 super
2337 5119 2552 5163 terrena
2605 5105 2910 5162 Jerusalem
2953 5105 3174 5172 impleta
3238 5110 3582 5158 noscuntur:

1999 5199 2079 5254 sic
2112 5208 2164 5254 ct
2190 5198 2279 5254 hic
2315 5199 2563 5270 loquitur
2588 5198 2849 5253 Dominus
2871 5198 2936 5253 ad
2969 5212 3088 5263 eos,
3115 5196 3206 5267 qui
3241 5209 3582 5264 pcrsequnn~

2003 5304 2091 5347 tur
2129 5290 2498 5363 quodjustum
2533 5290 2816 5361 est,juxta
2838 5289 2966 5344 illud
3005 5289 3148 5358 quod
3173 5287 3301 5342 alibi
3337 5285 3533 5340 dicitur
3563 5302 3579 5340 :

2004 5386 2197 5450 Quwre
2221 5401 2426 5455 pacem,
2457 5392 2505 5437 et
2539 5398 2843 5453 persequere
2894 5398 3008 5435 eam
3029 5379 3197 5451 (Psal.
3225 5394 3417 5442 χχχιιι,
3442 5376 3532 5448 15)
3565 5394 3580 5442 ;

2004 5489 2060 5535 et
2116 5480 2312 5533 iterum
2359 5494 2374 5530 :
2420 5477 2852 5545 Hospitalitatem
2909 5481 3271 5543 persequentes
3315 5471 3446 5544 [AL
3497 5487 3584 5524 se-

2003 5568 2248 5641 quentes]
2286 5567 2461 5638 (Rom.
2492 5583 2591 5632 xu,
2621 5567 2730 5622 l5).
2757 5567 2823 5621 Et
2862 5574 3116 5635 qmeruut
3153 5564 3467 5626 Dominum,
3529 5571 3583 5615 nt

2002 5679 2066 5716 ex
2102 5661 2376 5730 prioribus
2423 5661 2677 5728 conjiciat
2709 5659 2994 5729 pra'scutia
3023 5675 3039 5712 :
3070 5673 3191 5711 cum
3235 5656 3405 5709 tnnlto
3449 5653 3589 5708 dim.

2006 5753 2195 5807 ciliora
2228 5755 2340 5823 jam
2384 5751 2527 5806 facta
2560 5754 2694 5818 sint,
2731 5752 2845 5806 haec
2877 5767 2998 5820 quae
3053 5748 3468 5820 promittuntur,
3505 5744 3589 5798 iu-

2805 5884 2818 5925 :
2859 5884 2965 5923 non
3003 5867 3155 5921 unius
3190 5875 3238 5922 et
3277 5872 3511 5923 tantum.
