3902 6182
258 261 360 323 50!

811 263 1309 325 COMMENTAR.
1351 264 1433 325 lN
1480 262 1749 325 ISAIAM
1788 263 2257 327 PROPHETAM
2304 264 2449 325 LIB.
2492 264 2649 334 XIV,
2680 265 2838 326 CAP.
2880 264 2983 325 Ll.

3429 266 3534 329 502
3608 233 3615 239 ’

264 389 393 428 tura
419 391 527 428 non
558 374 835 430 dubitent.
868 375 1208 445 Porrojuxta
1233 374 1374 430 LXX
1401 374 1856 445 persecutoribus
1883 379 1932 438 Α
1960 378 2311 432 crediderunt
2344 395 2407 432 ex
2441 377 2793 432 multitudine
2822 378 3129 442 sationum,
3169 379 3387 434 dicente
3434 394 3532 434 ητις-

258 467 491 539 iustitiae
522 466 745 528 dicitur,
780 472 839 520 ut
883 466 1159 536 aspiciant
1189 467 1243 520 in
1276 465 1717 521 r‘obustissintam
1749 482 1846 535 pc-

264 574 433 623 tram,
464 575 628 628 quam
662 560 1011 622 exciderunt,
1042 570 1098 614 et
1130 556 1342 613 foveam
1373 559 1477 614 laci
1507 570 1669 628 quam
1704 557 1853 611 fode-

265 660 423 711 runt.
451 650 505 705 id
540 657 646 715 est,
678 650 966 704 Ιὶοςκίιοηιπι
1006 650 1371 713 Salvatorem,
1423 648 1492 703 de
1544 662 1652 717 quo
1704 649 1849 715 Apo-

266 746 445 801 stolus
478 743 718 812 loquitur
752 760 765 795 :
795 741 954 797 Petra
983 750 1159 796 autem
1204 750 1320 797 erat
1350 738 1595 795 Christus
1631 734 1697 807 (Ι
1722 739 1846 794 Cor.

270 854 331 899 κ,
365 837 445 902 6).
480 835 543 888 Et
572 828 706 888 alibi
757 834 1023 904 scriptum
1053 844 1177 889 est:
1211 830 1416 888 Statuit
1455 846 1621 902 supra
1646 840 1850 898 petram

270 930 430 997 pedes
478 942 620 981 meo:
654 927 832 996 (Psal.
864 937 1056 986 sunt,
1092 926 1172 994 ὅ).
1208 924 1272 979 Et
1304 926 1501 979 iterum
1534 943 1551 979 :
1599 922 1663 977 In
1701 933 1851 991 petra

272 1021 524 1075 exultavit
554 1032 656 1074 me.
685 1019 863 1088 Hujus
897 1019 1045 1074 enim
1081 1018 1227 1072 latus
1251 1016 1440 1071 lancea
1464 1014 1850 1087 perfoderunt,

274 1114 345 1168 de
386 1126 499 1181 quo
526 1112 696 1165 exiVlt
744 1110 971 1177 sanguis
1011 1114 1066 1162 cl
1110 1122 1278 1177 aqua,
1315 1118 1369 1163 ct
1407 1108 1568 1178 hujus
1598 1104 1853 1161 foderunt

278 1216 476 1255 manus
499 1209 554 1255 et
581 1200 765 1270 pedes,
819 1198 1037 1253 dicente
1084 1198 1207 1266 ipso
1255 1198 1484 1252 Domino
1514 1196 1801 1252 Salvatore
1834 1213 1849 1249 :

282 1290 557 1345 Fuderunt
587 1306 773 1346 manus
798 1302 942 1344 meas
957 1299 1007 1344 et
1022 1290 1177 1359 pedes
1203 1302 1366 1350 meos.
1386 1289 1852 1341 (irrumet-atterunt

276 1378 460 1432 omnia
517 1394 636 1432 ossa
665 1390 782 1435 mea
811 1378 986 1451 (Paul.
1019 1391 1134 1439 ut.
1170 1379 1258 1445 l'l,
1293 1378 1406 1449 i8).
1437 1377 1729 1433 Possumus
1756 1392 1853 1432 ex-

275 1470 451 1526 cisam
482 1476 717 1539 petram,
741 1471 1046 1541 sepulcrum
1076 1470 1264 1525 dicere
1295 1465 1621 1530 Solvatoris.
1657 1471 1709 1524 in
1736 1484 1846 1538 quo

277 1564 533 1618 conditus
562 1569 671 1624 est,
694 1572 751 1617 et
774 1577 1073 1632 resurgens
1099 1576 1129 1615 a
1160 1562 1415 1621 mortuis.
1473 1560 1855 1616 innumerabi-

278 1654 358 1707 les
384 1654 528 1708 alios
561 1653 778 1721 genuit.
797 1653 865 1708 Et
896 1652 1204 1724 appellatus
1225 1663 1309 1707 est
1340 1652 1629 1717 Abraham,
1667 1652 1720 1705 id
1747 1660 1854 1718 est,

1958 471 2200 525 tionibus
2242 470 2503 544 Moysciu
2537 471 2940 525 Deutcronomii
2986 472 3245 526 cantico:
3286 471 3534 549 Letum}-

1959 564 2012 616 ni
2042 572 2224 631 gentes
2279 562 2612 632 eumpopnlo
2674 563 2995 632 ejus(Deut.
3024 571 3201 628 unt,
3248 564 3365 632 b3).
3430 562 3533 616 Pro

1960 650 2122 720 tribu,
2156 670 2318 723 quam
2376 670 2476 709 nos
2538 657 2883 725 interpretati
2945 672 3159 720 sumus,
3201 655 3530 711 Tlteodotio.

1958 765 2120 819 genus
2151 765 2169 802 :
2199 749 2578 819 Symmachus,
2624 757 2823 817 gentem
2857 765 2872 802 :
2905 746 3071 810 LXX,
3096 762 3262 816 reges,
3291 754 3533 799 transtu-

1959 837 2159 894 lerunt.
2184 835 2291 893 Nos
2318 837 2460 891 enim
2486 854 2695 903 sumus,
2712 848 2764 893 et
2795 840 2985 900 tribus.
3012 848 3064 892 ct
3097 853 3254 907 gens,
3283 847 3339 893 et
3362 852 3531 907 genus

1961 930 2171 985 Domini
2196 930 2374 1002 regale
2392 941 2444 984 et
2464 931 2821 998 sacerdomlc,
2838 930 3021 999 qualis
3040 930 3141 985 fuit
3161 940 3214 984 et
3233 929 3530 992 Abraham,

1958 1022 2051 1092 qui
2089 1038 2178 1076 rex
2209 1021 2513 1092 appellatus
2540 1031 2645 1090 est.
2695 1033 2748 1076 et
2804 1022 2988 1077 cat-teri
3043 1022 3245 1083 sancti,
3281 1021 3347 1075 de
3406 1019 3532 1083 qui-

1957 1115 2062 1171 bus
2126 1108 2389 1185 sdriptum
2439 1127 2522 1173 est
2570 1117 2801 1171 :Nolite
2854 1127 3064 1183 tangere
3107 1115 3333 1170 christos
3392 1128 3533 1167 meo:

1962 1203 2139 1276 (Psal.
2190 1221 2301 1271 CIV,
2340 1204 2409 1259 15
2441 1200 2481 1267 ).
2520 1205 2659 1273 Quid
2727 1217 2812 1261 est
2845 1207 2986 1276 quod
3041 1205 3263 1272 iubetur
3296 1206 3485 1261 audire
3511 1205 3536 1256 ’ἔ

1962 1295 2100 1362 Quia
2175 1294 2281 1362 lex,
2334 1295 2531 1368 inquit,
2568 1316 2600 1350 α
2660 1314 2740 1352 me
2814 1299 3134 1368 egredietur,
3178 1308 3224 1353 et
3278 1297 3532 1366 judicium

1960 1402 2133 1442 meum
2182 1389 2235 1442 in
2268 1390 2437 1444 lucem
2465 1389 2802 1461 populorum,
2842 1391 2955 1446 sive
3008 1389 3262 1459 geminus.
3300 1389 3395 1443 llic
3449 1388 3531 1441 Iov

1961 1479 2238 1550 Evangelii
2282 1480 2443 1553 587
2476 1483 2779 1538 ostenditur
2827 1482 3153 1549 spiritualis,
3207 1496 3329 1550 quas
3388 1480 3535 1534 exiet

1961 1572 2030 1628 de
2061 1572 2192 1627 Sion
2233 1591 2251 1642 ;
2286 1590 2392 1627 non
2425 1572 2617 1645 Moysi,
2647 1588 2767 1645 qure
2791 1574 2921 1627 olim
2961 1575 3013 1627 in
3047 1572 3177 1627 Sina
3227 1573 3351 1628 data
3402 1580 3486 1626 est
3516 1590 3531 1635 ;

1959 1663 2335 1734 iudiciumque
2372 1680 2549 1718 meum
2589 1665 2639 1717 in
2700 1666 2874 1718 lucem
2904 1666 2923 1695 ⁸
2959 1666 3202 1735 gentium
3258 1663 3534 1730 procedet,
3628 1649 3634 1654 ’

276 1753 432 1812 pater
456 1744 749 1798 multarunt
776 1745 1037 1812 gentium.
1074 1742 1233 1799 Sicut
1274 1742 1412 1797 Sara
1447 1746 1600 1811 prius
1630 1742 1858 1806 sterilis,

1970 1764 2059 1824 per
2084 1758 2229 1827 quod
2262 1757 2454 1811 statuit
2483 1767 2647 1826 atque
2684 1757 2935 1813 decrevit
2965 1773 3157 1813 omnes
3183 1766 3373 1825 gentes
3418 1769 3540 1810 esse

277 1836 670 1904 interpretatur
710 1834 981 1897 Ecclesia.
1021 1851 1147 1906 qua:
1183 1837 1293 1890 alio
1354 1838 1581 1891 nomine
1612 1836 1854 1907 appella-

278 1937 369 1984 tur
400 1929 737 2000 Siomquam
782 1929 1048 1985 Dominus
1084 1931 1400 1984 consolatus
1449 1939 1555 1993 est,
1586 1940 1641 1983 et
1672 1930 1858 2001 posuit

276 2023 496 2077 deserta
524 2021 646 2091 ejus
670 2023 828 2092 quasi
880 2021 1221 2093 paradisum.
1272 2019 1460 2077 Plures
1516 2023 1662 2077 enim
1695 2020 1861 2093 586

274 2113 381 2181 ﬁlii
423 2113 669 2178 desertae,
718 2115 889 2185 magis
930 2126 1093 2182 quant
1146 2115 1261 2184 eius
1294 2127 1411 2188 qua:
1456 2116 1610 2170 habet
1665 2117 1857 2168 virum.

279 2202 548 2273 Quodque
583 2205 785 2260 dicitur
817 2222 832 2259 :
874 2205 943 2259 Et
971 2223 1033 2261 ea
1064 2222 1186 2277 qua:
1211 2209 1283 2262 ad
1343 2206 1682 2262 Occidentem
1713 2218 1858 2271 sunt,

275 2314 471 2365 possunt
503 2297 557 2352 in
596 2300 907 2367 paradisum
951 2298 1192 2365 Domini,
1221 2303 1340 2356 sive
1372 2303 1429 2355 in
1470 2303 1685 2353 bonum
1739 2298 1858 2360 Dei.

284 2389 563 2459 signiﬁcat
603 2389 756 2454 illud,
810 2389 958 2461 quod
1022 2392 1343 2447 sedentibus
1400 2392 1454 2444 in
1513 2389 1754 2443 tenebris
1807 2398 1864 2443 et

281 2479 480 2534 umbra
515 2481 711 2535 mortis
735 2481 824 2535 lux
850 2483 1136 2550 repentina
1165 2481 1420 2536 surrexit.
1442 2478 1549 2534 Pro
1581 2478 1860 2547 paradiso,

280 2574 337 2630 in
359 2573 517 2644 cujus
545 2574 664 2630 loco
693 2590 790 2630 nos
818 2574 1038 2629 delicias
1070 2576 1355 2640 vertimus,
1387 2574 1440 2628 in
1462 2571 1736 2629 Hebraico
1766 2589 1863 2643 po-

281 2665 430 2720 nitur
462 2677 601 2720 sostv
629 2666 788 2753 (τιν),
818 2667 886 2721 de
907 2679 1017 2734 quo
1045 2666 1103 2719 in
1128 2665 1394 2734 principio
1420 2663 1699 2720 Genescos
1726 2664 1863 2720 seri-

284 2768 434 2827 ptutu
466 2768 571 2816 est.
609 2760 678 2814 Et
716 2762 821 2814 hoc
860 2759 1182 2819 notandum,
1213 2761 1356 2827 quod
1419 2760 1472 2811 in
1523 2756 1679 2823 Sion,
1742 2772 1864 2828 qua:

284 2861 638 2919 comparatur
671 2852 926 2922 paradiso
967 2850 1090 2919 Dei,
1125 2850 1274 2904 aliud
1320 2864 1442 2904 esse
1483 2864 1589 2903 non
1648 2847 1860 2912 debeat,

287 2944 391 3000 nisi
428 2944 690 3015 gaudium
730 2954 783 2997 et
825 2944 1035 3008 laetitia,
1096 2941 1379 2997 confessio
1432 2951 1486 2997 et
1519 2957 1624 2997 vox
1662 2941 1861 3005 laudis,

288 3046 348 3092 ut
400 3038 543 3107 quod
576 3037 630 3092 in
665 3035 822 3091 cmlis
876 3037 1073 3090 facturi
1104 3044 1233 3090 sunt
1262 3034 1442 3090 sancti
1496 3050 1620 3089 cum
1655 3035 1863 3106 angelis

291 3129 409 3195 Dei,
440 3130 541 3184 hoc
568 3127 734 3183 etiam
768 3127 822 3183 in
856 3136 998 3183 terra
1038 3126 1153 3199 iugi
1181 3128 1236 3182 in
1273 3126 1489 3182 Domini
1544 3126 1703 3182 laude
1747 3141 1863 3182 me-

287 3220 551 3275 ditentur.

360 3311 547 3384 (Vcrs.
575 3312 634 3378 4,
660 3311 715 3367 li.
746 3312 775 3383 ),
803 3331 822 3365 ι
869 3312 1149 3367 Attendite
1181 3310 1249 3367 ad
1277 3326 1387 3376 me,
1426 3310 1661 3382 populus
1706 3323 1859 3365 meus

287 3413 345 3460 et
367 3405 543 3460 tribus
575 3414 719 3470 mea,
751 3418 838 3460 me
868 3404 1057 3459 audite
1099 3420 1114 3458 :
1141 3404 1268 3473 quia
1302 3404 1384 3457 lex
1409 3416 1439 3457 tt
1489 3417 1577 3457 me
1612 3401 1779 3464 exiet,
1812 3410 1869 3453 et

289 3499 554 3565 iudicium
608 3511 791 3553 meum
831 3499 884 3553 in
943 3498 1119 3554 lucem
1164 3496 1493 3568 populorum
1528 3494 1864 3565 requiescet.

291 3589 469 3659 Prope
495 3598 579 3644 est
599 3588 779 3659 justus
804 3603 980 3652 meus,
1008 3598 1262 3659 egressus
1293 3596 1379 3643 est
1406 3587 1649 3643 salvator
1675 3598 1827 3639 meus
1851 3600 1865 3637 :

293 3694 350 3741 ct
374 3683 593 3740 brachia
628 3699 745 3737 utea
775 3682 1000 3753 populos
1040 3682 1389 3752 iudicabunt.
1431 3681 1515 3736 Me
1543 3680 1738 3735 insulae
1769 3694 1864 3733 ex-

272 3775 638 3847 ,spcctahunt,
662 3784 719 3831 et
736 3776 1021 3831 brachium
1041 3790 1219 3831 meum
1244 3776 1613 3831 sustinebunt.
1643 3792 1662 3827 ο
1683 3769 1823 3826 LXX
1852 3789 1865 3824 :

303 3890 323 3924 ι
362 3870 560 3925 Audite
588 3883 695 3933 me,
742 3870 927 3924 audite
964 3883 1073 3935 me,
1114 3869 1349 3939 populus
1381 3881 1555 3932 meus,
1590 3875 1644 3922 et
1692 3877 1870 3935 reges,

298 3964 364 4018 ad
395 3978 482 4018 me
509 3962 774 4017 attendite
812 3979 827 4016 :
858 3963 983 4031 quia
1019 3961 1107 4014 lex
1132 3976 1162 4013 a
1185 3975 1271 4015 me
1296 3959 1627 4029 egredietur,
1651 3966 1704 4012 et
1726 3956 1873 4025 judi-

300 4057 443 4113 cium
472 4071 653 4116 meum
678 4056 734 4109 in
760 4055 935 4110 lucem
962 4054 1210 4125 gentium
1240 4055 1277 4109 ι.
1320 4051 1736 4122 Appropinquat
1762 4049 1874 4104 cito

296 4152 506 4221 iustitia
534 4166 676 4216 mea,
707 4160 762 4205 et
785 4151 1097 4220 egredietur
1119 4148 1265 4203 sicut
1283 4148 1371 4202 lux
1395 4147 1636 4201 salutare
1658 4158 1869 4199 meum:

296 4257 351 4303 et
385 4245 443 4299 in
471 4245 707 4300 brachio
727 4259 852 4298 meo
877 4253 1069 4311 gentes
1093 4243 1411 4314 sperabunt.
1447 4241 1530 4296 Me
1556 4239 1753 4294 insulae
1780 4254 1875 4294 ex-

299 4341 646 4407 spectabunt,
691 4347 750 4392 et
786 4339 841 4393 in
875 4338 1104 4393 brachio
1161 4350 1285 4392 meo
1330 4332 1655 4404 sperabunt.
1709 4351 1727 4384 ι
1778 4331 1877 4387 Se-

1960 1847 2275 1901 salvandas.
2336 1849 2413 1900 Ac
2450 1862 2517 1900 ne
2551 1847 2786 1900 forsitan
2838 1857 3152 1918 putaremus
3216 1848 3379 1917 longo
3414 1856 3537 1914 post

1961 1948 2206 2008 tempore
2237 1940 2377 2008 quod
2411 1938 2659 2007 promisit
2679 1954 2806 1993 esse
2829 1950 3140 2002 venturum,
3168 1938 3352 1999 infert.
3380 1952 3540 2005 prope

1961 2039 2041 2082 est
2096 2030 2279 2098 justus
2313 2044 2479 2096 meus,
2537 2030 2655 2085 sive
2704 2029 2947 2099 justitia.
3002 2029 3253 2084 Christus
3310 2028 3453 2081 cnim
3508 2042 3539 2081 a

1960 2118 2120 2173 Patre
2152 2118 2327 2173 factus
2356 2127 2442 2173 est
2473 2119 2630 2174 nobis
2658 2120 2921 2188 sapientia
2951 2118 3318 2186 etredemptio
3342 2108 3392 2189 (I
3413 2116 3539 2172 Cor.

1962 2210 2042 2276 I),
2074 2210 2339 2265 sanctitas
2396 2225 2461 2264 ac
2490 2209 2724 2280 juStitia,
2757 2219 2812 2264 et
2877 2209 3062 2264 omnia
3119 2210 3317 2277 quibus
3365 2210 3542 2265 virtus

1963 2302 2183 2356 nomina
2235 2300 2566 2371 appellatur.
2625 2299 2973 2371 Pulchraque
3044 2302 3265 2365 dicitur,
3325 2301 3539 2371 iustitia

1963 2406 2311 2460 processura,
2351 2403 2409 2448 ut
2468 2408 2818 2462 nequaquam
2873 2409 2978 2446 una
3013 2409 3170 2464 gens,
3233 2392 3330 2446 sed
3364 2393 3542 2446 omnis

1961 2485 2203 2540 salvetur
2247 2486 2417 2540 orbis.
2459 2486 2611 2552 Quod
2651 2495 2832 2540 autem
2877 2485 3152 2549 Salvator,
3189 2484 3307 2539 sive
3370 2483 3540 2548 salus,

1962 2574 2110 2641 quod
2178 2571 2447 2628 llebraice
2499 2575 2701 2629 dicitur
2740 2574 2902 2631 Jesus
2930 2575 2972 2640 ³,
3008 2574 3309 2644 appelletur
3361 2571 3536 2627 Filius

1972 2666 2093 2731 Dei,
2142 2668 2235 2737 qui
2272 2668 2471 2723 missus
2496 2685 2523 2719 a
2554 2668 2716 2723 Patre
2749 2678 2850 2732 est,
2891 2666 3114 2721 Simeon
3167 2676 3357 2720 tenens
3412 2679 3544 2735 pue-

1966 2775 2086 2815 rum
2118 2760 2172 2815 in
2202 2760 2344 2817 ulnis
2373 2763 2505 2828 suis,
2538 2762 2779 2833 loquitur
2815 2780 2831 2818 :
2878 2759 3036 2815 Nunc
3071 2760 3298 2814 dimittis
3337 2775 3544 2813 servum

1965 2861 2139 2918 tuum,
2178 2853 2421 2917 Domine,
2446 2858 2696 2925 quoniam
2722 2854 2962 2908 uiderunt
2993 2854 3137 2908 oculi
3169 2855 3269 2907 mei
3310 2852 3545 2907 salutare

1968 2953 2139 3007 tuum,
2175 2948 2313 3013 quod
2348 2946 2662 3012 pra’parasti
2688 2947 2741 2999 in
2766 2955 3046 3014 conspectu
3098 2944 3334 2998 omnium
3381 2956 3547 3012 popu-

1966 3038 2181 3101 lorum,
2238 3037 2410 3091 lumen
2468 3038 2522 3091 in
2577 3038 2944 3092 reuelationem
3004 3036 3435 3109 gemium(Luc.
3485 3052 3546 3098 ιι,

1966 3131 2037 3185 ες)
2080 3142 2131 3185 et
2163 3131 2329 3201 seqq.)
2387 3130 2649 3201 Quodque
2717 3132 2967 3201 sequitur
2998 3148 3013 3185 :
3050 3131 3116 3185 Et
3173 3131 3387 3185 brachia
3432 3148 3549 3184 mea

1965 3224 2185 3293 populos
2209 3222 2562 3292 judicabant.
2591 3221 2720 3279 Sive
2755 3223 2911 3294 juxta
2947 3222 3114 3289 LXX,
3156 3234 3205 3277 et
3241 3226 3295 3279 in
3332 3224 3548 3277 brachio

1968 3334 2083 3373 meo
2134 3328 2313 3387 gentes
2369 3315 2681 3386 sperabunt,
2740 3315 2824 3370 vel
2884 3315 2987 3371 hoc
3056 3315 3349 3387 signiﬁcat,
3404 3316 3547 3384 quod

1969 3423 2160 3464 omnes
2189 3407 2388 3463 virtute
2419 3406 2567 3461 illius
2595 3405 2933 3475 judicentur,
2965 3407 3048 3460 vel
3082 3407 3226 3476 quod
3288 3406 3339 3459 in
3384 3406 3548 3459 Chri-

1970 3510 2137 3567 stum,
2175 3500 2388 3572 quiest
2442 3499 2727 3554 brachium
2783 3508 2838 3554 et
2892 3498 3157 3554 fortitudo
3185 3499 3306 3564 Dei,
3358 3511 3551 3553 omnes

1971 3597 2260 3651 creditura:
2291 3595 2403 3651 sint
2454 3595 2729 3649 nationes.
2783 3589 2991 3647 Dicitur
3038 3602 3093 3647 et
3125 3593 3176 3646 iu
3209 3588 3317 3645 alio
3378 3591 3499 3645 loco
3532 3606 3551 3650 ;

1976 3686 2146 3743 Tuum
2187 3686 2461 3741 brachium
2492 3680 2495 3683 ’
2523 3703 2639 3739 eum
2696 3685 2952 3755 potentia.
2985 3682 3331 3755 Confortetur
3362 3700 3552 3737 atauus

1973 3793 2086 3846 tua,
2109 3792 2158 3837 et
2222 3781 2490 3838 exaltetur
2519 3781 2737 3836 dextera
2795 3791 2887 3836 tua
2921 3775 3098 3850 (Psal.
3130 3795 3394 3842 Lxuvttt,
3436 3778 3548 3847 14).

1974 3874 2041 3929 Et
2075 3876 2270 3930 iterum
2305 3889 2320 3931 :
2352 3874 2578 3930 Cantate
2612 3872 2837 3928 Domino
2886 3875 3152 3953 canticum
3176 3889 3362 3928 novum
3389 3887 3409 3926 :
3437 3864 3550 3926 sar-

1976 3966 2118 4021 vabit
2151 3964 2253 4019 sibi
2290 3965 2505 4019 dextera
2568 3963 2711 4035 ejus,
2737 3974 2785 4019 et
2816 3965 3087 4019 brachium
3121 3976 3363 4019 sanctum
3405 3963 3554 4017 illius

1980 4057 2156 4130 (Psal.
2192 4072 2356 4123 xcvtt,
2384 4055 2461 4127 l).
2496 4055 2726 4111 Dextera
2783 4057 2931 4111 enim
2995 4066 3050 4112 et
3084 4050 3391 4111 brachium
3447 4054 3553 4109 Do.

1979 4150 2135 4216 mini,
2168 4151 2283 4221 ipse
2323 4157 2410 4217 est
2440 4149 2532 4220 qui
2565 4150 2716 4219 prius
2748 4151 2993 4220 perditos
3026 4150 3252 4204 salvavit
3308 4149 3434 4216 sibi,
3494 4158 3556 4205 ut

1977 4242 2162 4297 nullus
2191 4243 2398 4312 periret
2430 4243 2496 4296 de
2535 4242 2621 4298 bis
2646 4245 2780 4310 quos
2807 4244 2854 4295 ei
2890 4240 3053 4297 Pater
3115 4241 3342 4297 dederat
3374 4241 3553 4313 (Joan.

1980 4351 2091 4390 ξένιε
2122 4335 2164 4404 ).
2199 4334 2354 4403 Quod
2385 4345 2564 4389 autem
2597 4334 2815 4403 insulae,
2853 4335 2935 4389 vel
2966 4335 3162 4390 anima:
3214 4344 3554 4396 sanctorum,

299 4432 405 4487 mel
441 4432 497 4487 in
533 4431 805 4487 Hebraico
831 4430 1032 4484 dicitur
1056 4447 1075 4485 :
1106 4429 1392 4493 Attendite,
1432 4426 1672 4483 secundo
1720 4424 1871 4497 juxta
1909 4448 1950 4503 ο
1980 4442 2102 4496 qua:
2137 4428 2190 4481 in
2217 4428 2686 4496 persecutionihus
2710 4426 2894 4483 mundi
2932 4428 3092 4483 istius
3129 4427 3283 4482 ﬁrma
3310 4429 3359 4481 iu
3388 4426 3557 4481 Deum

300 4526 680 4596 Septuaginta,
719 4522 904 4579 audite
933 4536 1036 4587 me,
1067 4523 1248 4574 audite
1286 4535 1405 4586 me;
1442 4530 1498 4571 ut
1535 4519 1728 4572 doceat
1776 4530 1875 4570 nos

295 4632 352 4677 et
369 4614 595 4675 auribus
629 4617 900 4686 corporis,
927 4624 984 4671 et
1017 4630 1186 4671 sensu
1213 4613 1411 4667 animus
1434 4612 1627 4666 audire
1650 4610 1871 4663 debere.

298 4715 745 4780 Provocaturquc
775 4708 1016 4779 gentium
1043 4706 1356 4772 multitudo,
1384 4718 1507 4774 qu:.c
1535 4710 1620 4757 est
1645 4699 1876 4775 populus

301 4806 416 4875 Dei,
462 4815 525 4861 ut
570 4806 861 4875 diligenter
894 4800 1079 4857 audiat
1098 4814 1221 4870 quae
1247 4799 1530 4877 dicuntur.
1551 4795 1620 4850 de
1637 4808 1752 4864 quo
1777 4792 1879 4847 Za-

299 4901 517 4957 charias
549 4919 564 4955 :
596 4896 934 4967 Confugient,
968 4893 1167 4964 inquit,
1192 4900 1370 4962 gentes
1396 4888 1580 4942 multa:
1603 4891 1671 4941 ad
1698 4884 1881 4939 Domi.

303 5012 450 5062 natm,
478 5002 526 5050 et
556 5001 710 5048 erunt
737 4993 785 5045 ei
821 4993 874 5045 in
905 4988 1155 5058 populum
1181 4983 1370 5057 (Zaclt.
1400 4997 1461 5040 tt.
1498 4981 1607 5049 Η).
1642 4978 1793 5045 Sive,
1821 4986 1880 5031 ut

304 5090 524 5159 quidam
558 5085 774 5150 volunt,
810 5082 1043 5155 populus
1065 5079 1371 5151 appellatur
1404 5073 1649 5144 reliquiae
1702 5086 1769 5127 ex
1803 5069 1882 5125 ls-

299 5184 419 5289 ἔδει
449 5179 792 5236 credentium
832 5185 938 5246 set
986 5176 1182 5237 tribus,
1240 5172 1358 5227 sive
1414 5177 1626 5238 gentes,
1675 5164 1731 5222 hi
1783 5160 1879 5234 qui

372 5391 391 5423 ⁸
422 5388 622 5443 Deerat
654 5400 758 5440 vox
819 5383 1098 5456 gentium,_
1136 5392 1297 5456 quam
1348 5389 1417 5429 es
1475 5368 1875 5456 Ambrosianus

309 5474 437 5545 mss:
462 5444 1430 5527 supplemus,cogente‘ipsooGrteco
1470 5451 1626 5497 textu
1649 5444 1730 5503 et;
1759 5444 1879 5507 φῶς

307 5531 827 5661 ιθῗῖέιὺωθὶιηιη,
847 5593 1225 5662 Judicinmque
1255 5587 1368 5662 eius
1396 5585 1453 5639 in
1477 5585 1666 5662 lucem,
1693 5594 1804 5662 etc.

378 5669 400 5702 ³
427 5669 611 5733 Jews,
629 5654 737 5723 rte.
767 5654 907 5722 Editi
962 5654 1289 5733 antea'libri
1319 5672 1421 5728 pro
1443 5657 1666 5733 nomine
1689 5654 1874 5719 Jesus,

313 5724 609 5817 posuerunl
668 5737 933 5795 lkbraiec
971 5740 1104 5800 νων
1134 5724 1379 5787 lesehua
1407 5744 1423 5799 ς
1451 5743 1575 5783 cum
1613 5724 1668 5782 in
1717 5733 1870 5785 textu

1981 4523 2225 4581 solidata:
2275 4533 2403 4578 sunt
2444 4524 2573 4590 lide,
2625 4523 2710 4578 vel
2767 4521 3133 4580 Ecclesiarum
3180 4539 3248 4579 ex
3301 4522 3559 4593 gentibus

1979 4617 2274 4672 multitudo
2331 4615 2564 4684 dicatur,
2629 4615 2828 4670 crebro
2882 4617 3259 4687 exposuimus.
3319 4613 3388 4668 Et
3419 4614 3559 4669 sicut

1980 4710 2264 4766 brachium
2318 4709 2558 4775 Domini,
2591 4708 2931 4764 Salvatorem
2970 4724 2986 4765 :
3032 4710 3113 4764 sic
3158 4707 3379 4764 brachia
3442 4707 3559 4775 ejus

1980 4820 2099 4875 qua:
2132 4803 2358 4873 pepulos
2398 4803 2670 4872 judicent,
2716 4818 2911 4858 omnes
2964 4812 3207 4866 sanctos,
3267 4815 3558 4870 possumus

1979 4898 2305 4969 intelligere,
2333 4896 2386 4950 in
2421 4896 2620 4965 quibus
2657 4893 2799 4952 Deus
2830 4895 3092 4950 mundum
3124 4892 3415 4964 iudicabit.

2056 4990 2238 5059 (Vera.
2281 4987 2362 5061 6.)
2396 5008 2414 5043 ι
2453 4989 2653 5047 Levan
2697 4989 2751 5044 in
2788 4989 2957 5045 ctelos
2994 4989 3186 5042 oculos
3215 4996 3448 5050 vestros,
3506 4994 3561 5041 ct

1979 5084 2160 5141 videte
2184 5085 2286 5141 sub
2314 5095 2515 5141 terram
2552 5086 2803 5144 deorsum
2833 5095 2849 5138 :
2890 5082 3018 5153 quia
3049 5080 3173 5137 cmli
3204 5081 3346 5137 sicut
3380 5082 3562 5136 furnus

1980 5174 2310 5247 liquesccut,
2334 5186 2387 5233 et
2413 5185 2560 5233 terra
2592 5173 3139 5235 sicutvestimentutu
3170 5180 3438 5228 atteretur
3469 5179 3564 5233 ;ct

1982 5374 2253 5446 llebraico
2314 5377 2468 5431 Isaite
2527 5375 2769 5446 legamus
2818 5374 2924 5446 hoc
2977 5374 3157 5446 capite
3208 5392 3283 5441 ιι,
3339 5375 3392 5434 5.
3426 5382 3563 5440 tum

1980 5445 2176 5509 Jischi,
2224 5447 2278 5502 id
2312 5458 2419 5511 est,
2479 5447 2625 5500 salus
2650 5463 2789 5511 mea,
2819 5445 2904 5499 vel
2958 5445 3196 5499 salvator
3230 5462 3375 5499 mem
3402 5446 3559 5514 juxta

1984 5514 2398 5587 llirmnymum,
2439 5517 2535 5585 qui
2577 5516 2740 5581 infra,
2771 5530 2915 5572 vers.
2948 5516 2981 5570 ϐ
3013 5527 3068 5567 et
3104 5514 3135 5569 8
3167 5524 3365 5580 marci
3411 5514 3569 5569 lese-

1981 5588 2171 5641 lmathi
2197 5588 2377 5650 vertit,
2397 5588 2545 5641 salus
2559 5602 2695 5639 mea.
2726 5587 3083 5656 Septuaginta
3111 5587 3311 5657 ubique
3330 5589 3560 5647 reddunt

1989 5658 2261 5729 σωτήριόν
2290 5673 2419 5729 μου,
2455 5659 2695 5714 salutare
2712 5674 2910 5713 uteutn.
2938 5657 3205 5717 Manna.
