3902 6182
334 4889 350 4944 ι

354 279 461 344 503
759 321 774 350 ,

1515 283 1574 345 S.
1616 282 1932 344 EUSEBH
2003 284 2447 345 IlIERONYMI

3501 277 3602 342 50’s

349 395 684 450 habitatores
721 392 840 464 ejus
872 393 1016 449 sicut
1037 393 1154 450 haec
1181 393 1502 450 interibunt.
1543 395 1702 450 Salus
1737 407 1916 450 autem
1954 405 1990 457 Α
2027 417 2128 453 non
2180 402 2442 456 videntur.
2469 399 2599 465 Qute
2629 399 2764 453 enim
2808 398 3075 460 videntur,
3105 397 3421 466 temporalia
3440 407 3560 449 sunt
3587 413 3607 452 :

349 503 470 542 mea
497 484 551 542 in
577 486 971 556 sempiternum
1007 488 1134 554 erit,
1169 497 1224 542 et
1247 488 1462 558 iustitia
1496 503 1614 542 mea
1654 505 1757 543 non
1791 490 1923 544 deli-

349 583 509 638 ciet.»
533 580 675 637 LXX
698 600 714 640 :
739 601 756 634 ι
782 585 980 639 Levate
1015 587 1066 637 in
1095 585 1290 638 ctutum
1308 584 1494 639 oculos
1512 594 1744 652 vestros,
1762 595 1815 640 et
1845 586 1926 638 in-

350 679 545 747 spicite
577 687 777 734 terram
809 679 1084 743 deersum,
1130 677 1386 748 quoniam
1439 678 1637 731 coelum
1668 679 1806 732 sicut
1839 676 1924 729 fn-

353 788 474 826 mus
502 776 774 827 firmatum
804 773 908 827 ést.
943 771 1111 826 Terra
1159 778 1338 826 autem
1372 770 1540 842 588
1578 772 1728 826 sicut
1755 772 1924 825 vesti-

353 875 593 921 mentum
630 876 952 932 veterascet,
990 874 1045 920 et
1073 865 1416 920 habitatores
1447 865 1567 935 ejus
1600 866 1744 920 sicut
1814 866 1929 920 haec

354 961 670 1013 morientur.
715 958 970 1014 Salutarc
1002 969 1188 1014 autem
1224 973 1404 1012 meum
1444 959 1496 1012 in
1535 957 1928 1027 sempiternum

351 1054 476 1116 erit,
499 1065 552 1107 et
587 1053 798 1124 iustitia
862 1069 980 1109 mea
1015 1069 1121 1108 non
1159 1053 1432 1108 deficiet.»
1471 1041 1588 1107 lloe
1643 1061 1729 1107 est
1785 1051 1931 1120 quod

356 1146 617 1201 Dominus
669 1147 908 1216 loquitur
965 1148 1018 1201 in
1063 1145 1354 1216 Evangelio
1385 1162 1399 1200 :
1431 1143 1632 1200 Caelum
1679 1151 1729 1197 et
1787 1154 1933 1198 terra

354 1238 654 1292 transibunt
680 1242 874 1293 :verba
897 1251 1075 1294 autem
1099 1256 1214 1293 mea
1240 1255 1342 1293 non
1360 1235 1706 1308 prteteribunt
1735 1234 1935 1308 (Matth

354 1346 500 1396 xxiv,
543 1331 612 1385 35
641 1336 684 1398 ').
722 1331 788 1386 Et
842 1331 1011 1386 David
1045 1333 1095 1385 in
1154 1330 1367 1386 Psalmo
1407 1331 1558 1386 canit
1589 1347 1604 1384 :
1638 1329 1681 1382 Α
1737 1329 1935 1397 princi-

355 1424 440 1489 pio
482 1431 557 1485 tu,
597 1422 840 1489 Domine,
875 1434 1076 1478 terram
1103 1425 1360 1493 fundasti,
1395 1436 1441 1478 et
1477 1439 1639 1494 opera
1681 1439 1934 1477 manuum

359 1525 573 1570 tuarum
599 1527 724 1571 sunt
760 1516 896 1572 caeli.
924 1515 1323 1586 Ipsiperibttnt,
1354 1527 1410 1571 tu
1435 1524 1611 1570 autent
1638 1531 1936 1584 permanes,

359 1618 408 1661 et
461 1626 642 1663 omnes
705 1609 841 1663 sicut
886 1612 1252 1663 vestimentum
1301 1620 1625 1664 veterascent
1668 1619 1763 1676 ;et
1804 1611 1940 1664 sicut

359 1702 583 1769 pallium
607 1701 830 1756 involves
856 1718 963 1768 eos,
987 1713 1032 1757 et
1054 1702 1404 1756 mutabuntur
1428 1699 1695 1766 (Psal.c1,
1712 1701 1803 1768 26,
1822 1701 1938 1766 27).

2028 514 2144 566 qua?
2165 508 2341 551 autem
2370 513 2472 552 non
2491 497 2756 560 videntur,
2777 492 3070 563 teterna(ll
3095 492 3222 548 Cor.
3249 509 3322 559 tv,
3347 492 3458 560 l8).
3482 490 3608 545 Tale

2027 589 2154 657 quid
2182 599 2236 643 et
2259 587 2495 643 Joannes
2519 588 2793 659 apostolus
2813 587 3003 642 scribit
3024 602 3040 642 :
3061 585 3288 640 Mundus
3312 584 3479 655 589
3497 600 3610 650 per-

2033 685 2308 747 transit,et
2347 681 2664 736 desiderium
2686 681 2799 750 ejus
2821 677 2874 750 (Ι
2897 679 3059 733 Joan.
3091 694 3151 742 tt,
3187 678 3294 746 l7).
3320 676 3388 730 Et
3429 677 3482 730 in
3512 675 3613 729 He-

2032 776 2220 831 braico
2248 773 2447 829 dicitur
2485 791 2499 830 :
2536 772 2668 828 Caeli
2718 773 2854 826 sicut
2895 772 3076 842 fumus
3123 771 3436 840 tiquescent.
3488 767 3612 824 Sive

2027 868 2182 938 juxta
2244 867 2488 938 Aquilam
2537 876 2588 922 et
2633 865 3043 938 Symmachum,
3085 864 3513 917 comminuentur
3558 863 3612 914 in

2034 961 2279 1025 nihili,et
2314 961 2367 1014 in
2392 960 2524 1014 satis
2554 959 2774 1014 modum
2794 966 3151 1013 conterentur
3179 963 3233 1011 et
3257 961 3611 1017 evanescent,

2034 1068 2266 1123 quorum
2298 1052 2448 1122 prior
2495 1051 2655 1116 dixit,
2681 1048 3058 1119 ἡλίσθησαν³;
3095 1047 3254 1113 alter,
3274 1046 3561 1099 ἁλίσουσιν
3597 1060 3610 1104 ;

2035 1148 2178 1216 quod
2215 1163 2243 1198 a
2270 1144 2699 1200 comminutione
2727 1151 2784 1198 et
2816 1139 3058 1211 deliquio
3085 1137 3219 1194 salis
3249 1135 3613 1206 ὲτυμολογίαν

2037 1241 2255 1295 trahere
2285 1238 2632 1294 manifestum
2659 1244 2766 1292 est.
2790 1233 2896 1290 Pro
2925 1248 3033 1303 quo
3061 1233 3232 1287 miror
3267 1229 3398 1301 quid
3431 1229 3617 1283 dicere

2038 1332 2310 1387 voluerint
2339 1331 2718 1402 Septuaginta,
2752 1327 3098 1382 eotlumsicut
3128 1326 3308 1394 fumus
3336 1323 3616 1392 ﬁrmatum

2038 1435 2115 1481 est
2168 1443 2187 1480 :
2221 1426 2267 1481 si
2301 1424 2448 1479 enim
2503 1422 2732 1478 [iriniuts
2760 1435 2860 1491 pro
2897 1421 3096 1476 robore
3129 1416 3426 1486 accipitur,
3482 1429 3620 1484 quo-

2047 1519 2208 1576 modo
2249 1519 2394 1574 futuo
2427 1511 2574 1589 quoi
2630 1517 2847 1571 firmum
2899 1524 2985 1569 est
3039 1509 3442 1580 comparatur?
3503 1507 3615 1562 Nisi

2048 1610 2276 1666 forsitan
2310 1623 2599 1679 possumus
2626 1610 2732 1662 hoc
2764 1606 2970 1669 dicere,
3021 1603 3166 1672 quod
3207 1601 3387 1656 omnis
3449 1598 3622 1652 emto-

2048 1719 2166 1758 rum
2197 1703 2432 1756 firmitas
2465 1709 2522 1756 et
2550 1700 2716 1754 rebus
2740 1709 2796 1754 et
2833 1697 3122 1762 fortitudo,
3149 1702 3315 1748 vento
3366 1691 3626 1746 inanissi-

360 1795 437 1846 Ex
467 1807 575 1861 quo
604 1794 933 1859 ostenditur,
966 1793 1328 1862 perditionem
1364 1792 1628 1850 etnlorum
1660 1809 1764 1846 non
1801 1792 1942 1847 inte-
1975 1767 2015 1822 Β
2047 1811 2134 1851 mo
2160 1805 2212 1850 et
2242 1793 2416 1860 fumo,
2445 1793 2536 1864 qui
2564 1792 2616 1847 in
2653 1805 2819 1845 auras
2847 1789 3100 1854 solvitur,
3154 1793 3473 1854 coazqttetur
3501 1782 3628 1850 jux-

365 1885 529 1938 ritum
577 1899 797 1945 sonare.
831 1887 925 1940 sed
958 1887 1318 1939 mutationem
1347 1885 1402 1940 iu
1438 1885 1654 1939 melius.
1711 1884 1783 1938 De
1814 1885 1938 1952 qui-

367 1978 468 2032 bus
499 1977 701 2034 dicitur
730 1995 746 2035 1
778 1975 892 2030 Erit
921 1977 1109 2032 etclam
1143 1993 1354 2042 norum,
1377 1985 1426 2029 et
1457 1985 1598 2028 terra
1623 1992 1755 2028 nova
1789 1991 1942 2044 :qua:

365 2085 461 2135 ego
491 2070 688 2138 faciam
719 2085 1024 2138 permanere
1061 2071 1113 2121 in
1143 2079 1424 2139 conspectu
1467 2085 1576 2121 meo
1609 2069 1794 2138 (Apoc.
1826 2083 1932 2127 XXI.

369 2160 445 2229 l).
475 2161 528 2216 Si
553 2164 696 2213 enim
730 2164 796 2215 de
824 2161 1030 2216 sanctis
1061 2163 1324 2230 scriptum
1347 2169 1430 2216 est
1462 2177 1475 2213 ε
1515 2159 1707 2214 Omnes
1731 2159 1942 2229 quidem

366 2254 712 2318 dormiemns,
746 2254 838 2308 sed
879 2270 981 2306 non
1043 2271 1219 2306 omnes
1272 2252 1672 2306 intmutabimur
1698 2253 1714 2282 ¹
1743 2251 1790 2321 (1
1817 2250 1941 2305 Cor.

369 2361 458 2411 XV,
488 2346 548 2400 5|
586 2346 724 2413 );ct
757 2347 808 2401 in
847 2356 1082 2414 quatuor
1117 2345 1455 2399 Psalmorum
1499 2344 1669 2399 titulis
1699 2344 1940 2414 legitur:

371 2438 476 2493 Pro
527 2439 612 2492 Itis
662 2441 754 2509 qui
802 2439 1501 2507 immutabuntur:quauto
1535 2437 1707 2508 magis
1741 2437 1842 2492 hoc
1881 2436 1945 2491 dc

369 2531 508 2586 caelo
543 2548 604 2586 ac
638 2534 754 2593 cole
779 2532 1060 2602 stellisque
1101 2533 1433 2589 credendum
1475 2545 1584 2596 est,
1614 2531 1833 2602 quando
1862 2533 1947 2585 lu~

372 2643 434 2677 nn
465 2625 595 2680 solis
636 2628 816 2680 lumen
847 2625 1078 2696 accipiet
1109 2636 1161 2680 et
1193 2626 1272 2680 sol
1323 2625 1580 2695 septuplo
1614 2623 1825 2692 fulgore
1857 2641 1948 2678 ru-

371 2718 548 2772 tilabit
577 2718 599 2771 ?
630 2717 780 2776 Unde
816 2728 872 2772 ct
919 2719 1098 2773 omnis
1163 2730 1418 2773 creatura
1482 2704 1844 2789 congeiuiscit
1893 2727 1948 2770 et

373 2812 624 2880 parturit,
658 2823 985 2880 exspectans
1019 2813 1412 2866 revelationem
1454 2812 1691 2865 ﬁliorum
1737 2809 1854 2874 Dei,
1892 2818 1950 2864 ut

373 2904 690 2959 muteturiu
730 2906 923 2958 melius
950 2905 1127 2975 (Rom.
1165 2905 1303 2960 vntl.
1351 2903 1415 2956 Et
1459 2919 1566 2958 non
1613 2906 1792 2956 solum
1833 2903 1948 2957 ani-

375 3010 477 3048 ma:
511 2995 818 3058 hominum,
853 3011 974 3072 qua:
1029 2993 1369 3056 immortales
1400 3003 1524 3047 sunt
1562 3009 1576 3046 :
1607 2993 1701 3047 sed
1733 3001 1786 3048 et
1826 3008 1951 3048 cor-

2045 1898 2096 1943 ta
2123 1886 2488 1944 Ecclesiasten
2520 1899 2533 1936 :
2573 1883 2792 1939 Vanitas
2819 1883 3118 1936 uanitatum
3141 1886 3194 1933 et
3244 1875 3426 1932 omnia
3482 1875 3628 1928 vani-

2044 1991 2126 2034 tas
2149 1977 2350 2050 (Eccle.
2381 1994 2418 2043 ι,
2450 1979 2532 2045 2).
2567 1975 2817 2044 illudque
2838 1971 3155 2034 dicendum,
3178 1969 3321 2040 quod
3349 1969 3394 2023 si
3429 1966 3628 2021 celum

2045 2081 2101 2128 et
2129 2080 2274 2126 terra
2309 2069 2566 2140 peribunt
2590 2077 2752 2134 atque
2771 2073 3136 2128 veterasceut,
3156 2078 3264 2133 qua
3283 2074 3634 2129 consequen-

2050 2167 2122 2220 tia
2148 2163 2487 2220 habitatores
2519 2163 2642 2232 cjus
2669 2161 2814 2216 sicut
2851 2159 2952 2213 ista
2982 2157 3288 2211 moriantur
3317 2163 3483 2222 atque
3506 2152 3633 2205 dis-

2045 2268 2313 2331 pereunt;
2343 2273 2467 2313 eum
2497 2256 2712 2309 animas
2761 2269 2884 2308 esse
2918 2261 3233 2323 perpetuas,
3271 2253 3327 2301 et
3382 2257 3637 2299 resurre-

2047 2366 2201 2408 ctura
2236 2366 2471 2420 corpora
2503 2347 2820 2403 novet-imus
2848 2345 2871 2398 ?
2900 2343 2976 2398 Es
3005 2357 3115 2412 quo
3145 2341 3491 2411 perspicuum
3517 2347 3625 2395 est.

2047 2445 2246 2502 coelum
2272 2453 2329 2499 et
2383 2452 2584 2496 terram
2625 2454 2729 2492 non
2770 2435 2972 2507 perire,
3021 2442 3077 2490 et
3133 2432 3186 2486 in
3219 2430 3371 2486 nihili
3423 2429 3640 2496 redigi;

2049 2538 2143 2594 sed
2169 2537 2222 2589 in
2261 2533 2455 2590 melius
2477 2529 2825 2587 commutari.

2125 2629 2308 2701 (Veis.
2343 2628 2396 2690 7,
2437 2624 2517 2695 8.)
2553 2642 2571 2674 ‹
2608 2621 2807 2676 Audite
2835 2632 2920 2673 me
2967 2619 3058 2688 qui
3101 2616 3256 2672 scitis
3279 2614 3512 2684 justum,
3537 2626 3640 2681 po-

2057 2725 2213 2794 pulus
2237 2718 2428 2793 [Vulg].
2457 2717 2608 2770 addit
2635 2711 2813 2784 meus]
2839 2731 2853 2766 :
2884 2711 2970 2764 lex
2995 2723 3114 2764 mea
3144 2709 3197 2762 in
3224 2706 3389 2762 corde
3416 2719 3638 2760 eorum.

2054 2819 2236 2873 Nolite
2284 2815 2477 2870 timere
2523 2808 2878 2880 opprobrium
2912 2801 3220 2862 hominum,
3263 2809 3320 2854 et
3372 2797 3643 2864 blasphe-

2065 2912 2201 2967 tnias
2231 2923 2420 2963 eorum
2445 2921 2515 2960 ne
2544 2900 2824 2958 metuatis.
2866 2897 3020 2953 Sicut
3052 2895 3199 2951 enim
3225 2893 3640 2950 vestimentum,

2063 3007 2140 3060 sic
2169 3003 2417 3058 comedet
2447 3013 2543 3053 eos
2571 2996 2774 3050 vermis
2805 3009 2822 3050 :
2861 3000 2918 3045 et
2953 2989 3094 3044 sicut
3126 2987 3330 3051 lanam,
3362 2983 3442 3039 sic
3473 2981 3647 3036 devo-

375 3103 506 3156 pora
566 3097 974 3152 committentur
1023 3089 1078 3142 itt
1159 3087 1516 3158 gloriﬁczttam
1562 3088 1950 3145 substantiam.
1983 3128 2028 3188 Ο
2064 3099 2207 3155 ηιωι
2237 3111 2332 3151 eos
2369 3094 2537 3148 tinea,
2578 3089 2742 3145 Salus
2775 3097 2954 3140 autem
2988 3096 3110 3136 mea
3149 3081 3213 3134 itt.
3242 3077 3646 3147 sempiternum

377 3180 595 3250 Oportet
625 3181 762 3234 enim
787 3183 1146 3250 corruptivum
1167 3180 1262 3234 Itoc
1279 3179 1495 3238 induere
1512 3178 1953 3244 incorruptionem

375 3280 425 3324 et
479 3271 707 3327 mortale
754 3271 851 3324 hoc
881 3272 1096 3325 induere
1131 3269 1589 3324 immortalitatem
1625 3267 1678 3338 (I
1706 3266 1832 3326 Cor.
1865 3283 1952 3329 xv,

379 3365 495 3435 53).
527 3367 662 3421 Cum
701 3381 884 3420 autem
916 3365 1111 3420 ctelnm
1147 3373 1456 3420 vetcrascat
1485 3371 1540 3418 ct
1570 3372 1735 3426 terra,
1762 3375 1958 3416 conse—

379 3470 610 3529 quenter
643 3467 696 3514 et
726 3475 788 3513 ea
822 3473 940 3527 quae
971 3457 1094 3513 coeli
1127 3459 1332 3513 circulo
1359 3455 1728 3520 continentur,
1766 3467 1817 3510 et
1854 3455 1955 3510 ho-

381 3554 584 3616 mines,
632 3552 722 3622 qui
753 3562 882 3606 sunt
913 3549 1254 3606 habitatores
1285 3561 1466 3617 terras,
1515 3549 1657 3604 sicut
1694 3549 1810 3602 lure
1843 3564 1956 3601 tuo-

380 3647 595 3700 rientur
627 3663 641 3700 :
675 3663 783 3700 non
821 3647 873 3700 in
908 3646 1191 3700 interitmu
1217 3646 1321 3709 sui,
1353 3647 1446 3699 sed
1479 3642 1536 3698 in
1563 3642 1958 3697 abolitionem’

384 3740 608 3796 vilitatis
641 3739 899 3815 antiquae,
944 3747 999 3794 et
1030 3737 1436 3792 innovationcm
1481 3736 1676 3790 futura:
1724 3734 1906 3804 gloria:
1941 3751 1957 3798 ;

384 3832 604 3899 quando
633 3831 904 3901 fulgebunt
928 3831 1071 3900 justi
1097 3831 1232 3884 sicut
1273 3831 1354 3890 sol
1384 3828 1608 3897 (Matth.
1653 3843 1770 3892 xm,
1814 3826 1908 3895 65)
1944 3841 1958 3888 ;

384 3922 784 3978 etabeuntibus
809 3921 1097 3990 prmteritis
1133 3932 1296 3989 atque
1336 3919 1600 3991 antiquis,
1661 3917 1800 3972 facta
1851 3916 1963 3970 lue-

386 4019 497 4070 rint
555 4017 740 4072 omnia
796 4030 954 4070 nova.
1008 4012 1240 4090 Quidam
1299 4015 1477 4080 perire
1502 4024 1557 4068 et
1597 4023 1961 4074 veterascere,

383 4125 484 4181 pro
516 4111 812 4165 abolitione
845 4119 900 4165 et
931 4119 1106 4163 morte
1142 4109 1438 4178 accipiunt.
1471 4103 1633 4160 Juxta
1659 4105 1788 4160 illud
1817 4104 1960 4172 quod

383 4206 437 4258 iit
467 4204 740 4259 catholica
780 4202 1021 4273 Epistola
1053 4201 1284 4272 legimus
1320 4220 1334 4256 :
1369 4199 1502 4255 ϐανιὶ
1531 4201 1621 4270 qui
1661 4215 1800 4254 nunc
1842 4207 1966 4252 sunt

387 4307 436 4352 et
461 4305 628 4362 terra,
661 4299 840 4352 eodem
862 4296 1016 4350 verba
1043 4307 1311 4352 reservata
1335 4305 1456 4348 sunt
1491 4295 1620 4365 igni.
1647 4295 1707 4347 Et
1730 4294 1924 4347 iterum
1947 4309 1962 4345 :

400 4391 672 4452 Elementa
693 4393 937 4445 ardentia
959 4391 1222 4445 solventur
1253 4389 1334 4459 (Il
1357 4389 1497 4444 Petr.
1531 4405 1612 4454 ut,
1633 4388 1687 4452 '7,
1719 4387 1814 4456 10).
1838 4389 1968 4454 Qua:

2063 3191 2186 3256 erit,
2217 3197 2272 3242 et
2293 3185 2496 3257 jnstitia
2518 3181 2710 3237 mcain
2731 3176 3112 3248 generationes
3135 3169 3576 3244 generationum.
3621 3186 3642 3217 ι

2065 3281 2208 3338 LXX
2261 3299 2273 3336 :
2332 3298 2349 3330 ι
2401 3278 2598 3331 Audite
2635 3288 2720 3327 nte
2779 3271 2874 3341 qui
2907 3268 3060 3324 scitis
3089 3265 3378 3334 judicium,
3413 3261 3650 3331 populus

2067 3391 2217 3432 mens
2251 3393 2266 3429 :
2291 3372 2453 3440 cujus
2479 3369 2565 3424 lex
2597 3382 2714 3421 inea
2743 3367 2796 3418 in
2817 3361 2985 3419 corde
3011 3374 3222 3416 eorum.
3247 3354 3427 3410 Nolite
3449 3353 3650 3407 timere

2065 3467 2420 3537 unprobrium
2487 3460 2792 3523 hominum,
2857 3463 2912 3510 et
2952 3461 3273 3521 contemptu
3332 3461 3527 3504 eorum
3577 3460 3652 3500 ne

2070 3559 2389 3616 vincamini.
2455 3557 2612 3612 Sicut
2651 3553 2797 3608 enim
2835 3551 3224 3605 vestimentum
3281 3547 3647 3599 consumetur

2071 3667 2334 3724 tempore,
2366 3661 2420 3707 et
2455 3653 2598 3705 sicut
2635 3649 2770 3702 lana:
2805 3642 3165 3699 comedentur
3197 3654 3227 3692 a
3263 3638 3430 3690 tinea.
3475 3633 3653 3688 Justi-

2072 3750 2142 3804 tin
2177 3760 2360 3801 autem
2410 3761 2528 3798 mea
2577 3744 2630 3795 in
2670 3752 2933 3795 aeternum
2984 3735 3112 3795 erit,
3145 3741 3200 3786 et
3253 3729 3402 3785 salus
3432 3742 3552 3783 mea
3595 3729 3652 3780 in

2069 3837 2453 3911 generationes
2490 3832 2924 3903 generationum.
2970 3844 2988 3878 ι
3038 3825 3141 3890 Qui
3173 3837 3338 3891 supra
3375 3821 3596 3874 dixerat
3635 3835 3652 3874 :

2075 3933 2181 3986 Lea:
2235 3949 2267 3984 tt
2303 3945 2382 3984 me
2431 3927 2753 3997 egredietur,
2789 3932 2836 3976 et
2867 3921 3132 3991 judicium
3187 3932 3358 3970 meum
3395 3915 3450 3967 in
3483 3914 3657 3966 lucem

2073 4024 2307 4096 gentium
2347 4032 2365 4071 :
2399 4033 2540 4072 nunc
2565 4021 2629 4068 ad
2672 4013 2896 4068 eosdem
2932 4011 3196 4080 loquitur,
3233 4007 3322 4076 qui
3358 4006 3543 4060 sciunt
3565 4003 3658 4071 ju-

2073 4119 2279 4173 dicium
2341 4112 2483 4178 ejus,
2521 4121 2577 4163 et
2636 4109 2811 4178 legem
2841 4107 2988 4160 illius
3026 4103 3228 4158 habent
3283 4102 3336 4154 in
3389 4097 3659 4152 cordibus

2077 4212 2214 4275 suis,
2251 4221 2308 4263 nt
2333 4207 2514 4262 omnia
2555 4219 2678 4260 cum
2729 4199 2935 4270 judicio
2963 4197 3188 4256 iaciant,
3219 4203 3274 4246 et
3302 4190 3540 4244 habeant
3577 4187 3661 4241 le-

2079 4323 2196 4375 gem
2223 4318 2383 4372 quam
2414 4316 2508 4370 per
2527 4296 2816 4352 .lcremiam
2845 4291 3104 4345 Dominus
3129 4284 3436 4356 pollicetur,
3458 4281 3661 4334 dicens

2079 4395 2298 4466 (Jerem.
2335 4408 2486 4455 xxxi,
2520 4389 2584 4443 51
2626 4399 2674 4442 et
2726 4383 2892 4454 seqq.)
2943 4399 2959 4436 :
2993 4379 3239 4434 Statuam
3284 4381 3658 4428 testamentum

396 4483 615 4550 quidem
649 4494 703 4537 et
740 4484 1186 4564 philosophorum
1217 4481 1404 4534 mundi
1437 4482 1622 4547 opinio
1650 4489 1754 4542 est,
1783 4481 1966 4534 omnia
1997 4493 2047 4552 ι)
2079 4463 2292 4550 novum,
2329 4500 2430 4536 non
2465 4481 2626 4550 juxta
2652 4483 3024 4531 testamentum
3046 4469 3196 4556 .quod
3225 4465 3462 4536 disposui
3484 4463 3661 4532 patri-

392 4593 514 4644 qme
541 4577 843 4640 cernimus
875 4577 984 4646 igni
1040 4576 1306 4646 peritura.
1363 4572 1514 4629 Unde
1538 4581 1592 4629 et
1627 4573 1918 4643 Apostolus
1953 4591 1968 4628 :

395 4672 714 4735 Pertransit,
743 4671 839 4734 ait,
863 4671 1038 4746 ﬁgura
1080 4669 1262 4727 mundi
1305 4667 1462 4735 hujus
1493 4665 1542 4736 (Ι
1581 4665 1706 4720 Cor.
1733 4681 1829 4727 vn,
1857 4666 1971 4731 52),

392 4763 870 4835 contemplantibus
899 4761 1065 4833 nobis,
1085 4777 1185 4815 non
1220 4776 1282 4822 ea
1303 4777 1419 4833 qute
1443 4761 1706 4825 uidentur,
1737 4759 1826 4814 sed
1859 4775 1974 4828 qua:

475 4999 758 5064 ‘Alteram,
792 5011 955 5064 quam
997 4994 1183 5048 itidem
1219 4991 1459 5064 Apostoli
1517 4991 1802 5064 lectionem
1855 5007 1975 5064 esse

405 5081 637 5123 testatur
666 5061 851 5124 noster
887 5066 1251 5136 llicronymus
1282 5063 1536 5136 ttt_Epis_t_._
1555 5064 1618 5114 ad
1655 5061 1973 5136 Minervium

404 5151 459 5192 et
494 5141 886 5205 Alexandrum,
931 5132 1149 5207 praefert
1203 5136 1307 5207 hic,
1335 5134 1434 5187 loci
1481 5132 1771 5207 Victorius,
1813 5133 1971 5207 vel-nti

405 5210 682 5264 contestui
709 5221 759 5261 et
785 5211 843 5261 ὃ.
873 5200 1116 5263 doctoris
1144 5205 1310 5260 menti
1347 5204 1772 5256 commodiorem
1803 5219 1815 5256 :
1853 5200 1974 5254 Non

407 5296 585 5334 omnes
619 5280 826 5347 quidem
857 5281 1199 5341 dormiemus,
1235 5278 1323 5329 sed
1350 5289 1533 5347 omnes
1554 5273 1972 5347 inmitttaltimur.

477 5351 498 5382 ³
532 5343 898 5404 Ιὶεέιὶιιιιιιιυε
949 5349 1290 5402 abolitionem
1351 5360 1446 5416 pro
1481 5343 1861 5398 absolutionem
1908 5359 1974 5398 ex

407 5421 704 5477 Victoriani
739 5419 943 5488 aliquot
970 5435 1098 5474 mss.

479 5493 501 5524 ⁸
537 5485 1155 5553 Ιιηειριιιιδ’‹›ῠιὶιιιιοωι
1189 5505 1294 5542 non
1331 5503 1398 5542 ex
1432 5503 1564 5541 mss.
1606 5485 1852 5551 lectione,
1881 5485 1974 5541 sed

406 5581 472 5620 ex
517 5564 748 5626 lirasmi,
783 5577 969 5632 quenr
997 5560 1176 5612 caeteri
1240 5561 1671 5625 deseripserunl,
1733 5557 1976 5626 ingenio,

412 5630 815 5704 psttoeﬁestat'
848 5630 1214 5704 dittbso'rtat;
1271 5645 1528 5704 clpa-sse
1587 5644 1758 5704 vero,
1812 5639 1979 5704 atque

414 5698 720 5758 nnciulibus
746 5704 943 5756 litteris
965 5701 1309 5754 Ambrositn.
1336 5698 1599 5758 vetustior
1627 5699 1795 5751 Codex
1831 5698 1974 5750 liAl-

411 5775 686 5849 φιιοιχκ
710 5769 1273 5834 ριΑΑᾹΛΗΕΟὶέιΝ
1308 5769 1469 5826 habet
1496 5822 1501 5828 ,
1529 5784 1762 5840 Quarum
1787 5784 1976 5829 vocum

2080 4581 2175 4632 bus
2222 4593 2403 4632 eorum
2436 4591 2454 4628 :
2493 4573 2583 4626 sed
2609 4579 2847 4625 statuam
2899 4573 3289 4621 testamentum,
3343 4557 3478 4610 dans
3517 4555 3659 4625 leges

2081 4689 2222 4727 meas
2261 4668 2424 4740 590
2453 4669 2508 4718 in
2539 4663 2796 4718 mentibus
2828 4675 3011 4715 eorum
3045 4672 3062 4711 :
3096 4665 3144 4710 et
3173 4669 3330 4722 super
3356 4667 3446 4705 cor
3468 4665 3658 4704 eorum

2078 4767 2309 4821 scribam
2357 4777 2478 4826 eas;
2508 4769 2556 4814 et
2588 4774 2677 4813 ero
2709 4771 2892 4819 eorum
2925 4753 3088 4818 Deus,
3123 4760 3170 4805 et
3215 4749 3318 4818 ipsi
3347 4754 3503 4802 erunt
3558 4759 3659 4814 po.

2080 4997 2304 5050 alteram
2336 4986 2712 5052 tantummodo
2737 4985 2789 5036 in
2819 4981 3099 5052 genuinae
3123 4989 3175 5032 et
3198 4979 3238 5032 A
3261 4976 3656 5052 immutamus,

2080 5044 2555 5131 sire—corrigimus
2596 5044 2996 5131 inhibendi».
3025 5050 3155 5116 Qua:
3186 5049 3400 5118 quidem
3450 5044 3664 5112 signiti-

2079 5149 2202 5194 cant
2246 5137 2297 5189 in
2333 5125 2544 5187 modum
2576 5129 2706 5184 slis
2737 5125 2940 5178 destrui
2985 5131 3142 5194 atque
3171 5132 3476 5194 eranescere
3525 5130 3545 5167 :
3579 5125 3660 5167 ta-

2082 5187 2255 5262 {Jéisi'
2277 5207 2424 5271 prior
2455 5201 2691 5270 passiva,
2730 5197 2904 5271 altera
2952 5193 3126 5271 activa
3158 5187 3565 5271 terminatione.
3595 5197 3660 5235 ac

2082 5253 2701 5340 1έξιιιῆῖιιιιιιιιιιί.
2753 5266 2817 5319 Et
2868 5280 2994 5317 \ero
3046 5261 3150 5340 hoc
3188 5267 3271 5340 est
3302 5257 3449 5340 quod
3504 5253 3658 5335 Hier.

2081 5327 2256 5409 notat,
2277 5327 2570 5410 utrumque
2603 5340 2953 5410 ii.terpretent
2979 5349 3009 5410 ᾳ
3031 5329 3262 5410 deliquio
3283 5329 3414 5381 satis
3433 5327 3665 5410 traxisse

2079 5396 2686 5488 etutitglotjiant:Atque
2725 5396 2898 5488 ideo”
2925 5404 3106 5482 minus
3152 5396 3309 5454 illam
3363 5396 3661 5488 probamus

2569 5464 2698 5559 mss.
2723 5471 3158 5559 blontfattconius
3195 5464 3440 5559 extlu‘nd'it
3473 5464 3663 5559 [εἰςιὲιέο

2275 5534 2572 5624 reponique
2615 5550 2789 5624 jubet
2819 5543 3134 5624 ὴλοηοήςαν
3167 5555 3232 5594 ex
3271 5537 3455 5624 ἁλοᾴυι
3471 5534 3657 5624 pperire,

2268 5605 2633 5681 ὲᾶὖῖιῆιίὶιὶενέ
2662 5605 2907 5699 quidelm
3013 5605 3286 5699 ’Ῑήαηθετε
3343 5605 3661 5699 δίῳξᾚξξξέ

2087 5678 2316 5755 minium
2334 5678 2464 5753 vero
2494 5711 2560 5750 ex
2595 5678 2727 5748 salis
2755 5685 3023 5745 vocabulo
3043 5678 3266 5754 etytuon
3301 5692 3459 5736 suum
3488 5678 3660 5732 ducit.
