3902 6182
247 297 356 362 505

244 415 404 482 putus
435 431 578 471 meus
605 434 624 471 :
661 426 718 471 ut
752 435 1095 493 nequaquam
1141 429 1324 486 vivant
1353 431 1509 501 juxta
1553 435 1817 504 litteram,

1928 446 2155 504 miserat
2181 449 2233 505 in
2258 452 2546 521 auxilium,
2569 472 2694 527 quae
2719 474 2825 514 non
2858 470 2944 516 est
2971 458 3081 514 alia
3113 465 3312 529 praeter
3344 457 3510 513 Chri-

244 510 345 563 sed
377 508 532 578 juxta
569 510 844 580 spiritum,
883 515 1255 577 iustaurantes
1289 511 1597 583 naturalem
1646 530 1821 597 legem

245 602 306 652 in
325 601 594 658 cordibus
616 605 749 670 suis,
785 607 849 661 de
879 623 985 676 qua
1015 612 1204 669 scribit
1237 626 1291 670 et
1321 619 1617 688 Apostolus
1647 640 1660 675 :
1689 623 1824 678 Cum

241 695 388 747 enim
421 705 624 764 gentes,
658 713 776 766 qua:
807 717 912 754 non
941 702 1138 759 habent
1159 706 1342 778 legem,
1392 702 1734 769 naturaliter
1758 733 1822 771 ea

239 802 369 853 quae
399 787 528 857 legis
553 801 674 842 sunt
704 792 933 861 faciunt,
988 797 1082 852 isti
1110 799 1277 871 legem
1300 820 1402 858 non
1428 805 1696 872 habentes,
1721 811 1821 864 sibi

238 878 354 943 ipsi
375 888 496 932 sunt
516 881 622 942 lex,
645 884 738 950 qui
753 889 1036 944 ostendunt
1055 909 1186 961 opus
1209 895 1334 966 legis
1355 875 1601 966 scriptoum
1629 904 1685 956 in
1708 921 1823 958 cor-

239 970 406 1064 dibus
433 971 746 1064 suis_(Rom.
777 980 1078 1049 ιι,14,15).
1113 985 1188 1042 De
1209 1004 1312 1056 qua
1349 991 1465 1060 lege
1489 995 1823 1064 signiﬁcatur

241 1060 306 1112 in
333 1060 546 1116 Psalmo
568 1083 583 1120 :
605 1064 676 1121 0s
689 1067 830 1137 justi
850 1074 1194 1132 meditabitur
1212 1060 1616 1150 sapientiam,et
1635 1088 1818 1158 lingua

235 1152 366 1219 ejus
403 1153 644 1224 loquetur
661 1158 947 1226 judicium.
982 1165 1093 1221 Lea:
1123 1169 1220 1225 Dei
1237 1173 1351 1242 ejus
1379 1176 1434 1230 in
1453 1179 1608 1233 corde
1637 1152 1782 1236 illius
1802 1199 1822 1238 :

237 1257 313 1341 ft-
358 1264 462 1341 nort
501 1251 986 1320 supplantabuntnr
1023 1278 1233 1330 gressus
1271 1269 1384 1336 ejus
1417 1268 1594 1338 (Psal.
1629 1289 1819 1341 xxxvt,

237 1337 341 1400 30,
366 1339 482 1410 51).
521 1341 587 1398 Et
625 1347 748 1412 quia
783 1349 995 1406 sciebat
1028 1355 1257 1422 spiritus
1287 1337 1644 1428 prophetalis.
1683 1337 1823 1421 mut;

239 1441 336 1487 tas
363 1440 772 1504 persecutiones
803 1445 1151 1504 credentibus
1181 1451 1318 1516 fore,
1349 1457 1676 1512 exhortatur
1722 1475 1818 1515 eos

235 1530 314 1582 ad
364 1531 760 1602 fortitudinem,
798 1537 908 1592 imo
937 1537 1001 1590 ad
1043 1553 1411 1610 contemptmn
1476 1562 1666 1605 eorum
1723 1553 1816 1620 qui

235 1641 344 1679 eos
381 1631 723 1695 persecuturi
757 1639 910 1686 sunt.
946 1631 1101 1698 Quod
1130 1646 1182 1690 et
1207 1637 1466 1695 Dominus
1490 1643 1542 1697 in
1571 1643 1818 1715 Evange-

237 1719 322 1771 lio
354 1718 679 1788 loquebatur
714 1742 727 1779 :
759 1722 940 1782 Nolite
967 1729 1152 1783 timere
1183 1747 1267 1784 eos
1298 1735 1386 1802 qui
1420 1736 1666 1791 occidunt
1704 1756 1821 1793 ror-

1933 550 2098 607 stnm,
2151 543 2431 601 brachium
2472 547 2708 616 Domini,
2750 551 2816 606 de
2869 566 2980 621 quo
3033 565 3195 618 supra
3248 550 3506 604 dixerat:

1937 630 2006 687 Et
2041 636 2096 688 in
2151 636 2426 695 brachium
2461 657 2632 696 meum
2661 653 2840 713 gentes
2881 643 3184 711 sperabunt.
3229 641 3386 698 Unde
3419 656 3512 708 p0-

1932 728 2091 796 pulus
2120 729 2361 799 loquitur
2398 733 2463 787 ad
2494 733 2780 790 brachium
2817 737 3054 798 Domini,
3084 745 3137 791 et
3165 734 3288 803 ejus
3318 734 3513 802 deprc-

1931 827 2086 873 catur
2119 818 2438 890 adventum,
2469 833 2523 878 et
2566 827 2895 892 promissum
2943 827 3197 894 implorat
3245 825 3506 879 auxilium

1931 910 2163 966 dicens:
2200 909 2490 984 Consurge,
2528 932 2784 986 consurge
2837 934 2857 973 :
2903 918 3120 973 induere
3165 917 3506 986 fortitudine,

1931 1004 2207 1057 brachium
2267 1004 2501 1062 Domini.
2531 1007 2815 1078 Consurgo
2847 1011 2988 1064 sicut
3031 1011 3086 1064 irt
3119 1009 3311 1064 diebus
3367 1009 3508 1060 anti-

1929 1095 2074 1165 quis.
2101 1106 2155 1150 et
2186 1110 2402 1151 omnem
2436 1108 2582 1152 tuam
2616 1114 2816 1156 exerce
2867 1101 3267 1162 fortitudinem,
3292 1107 3362 1154 ιιι
3413 1101 3504 1167 ιιιιί

1931 1201 2026 1254 per
2056 1185 2226 1240 multa
2253 1201 2343 1240 san
2363 1188 2447 1242 ula
2493 1199 2712 1244 sanctos
2731 1200 2854 1246 tuos
2871 1191 2940 1246 de
2957 1189 3502 1260 pericuiisliberasti,

1928 1279 2094 1332 etiam
2125 1293 2223 1334 nos
2253 1287 2341 1334 tua
2371 1279 2689 1338 fortitudine
2709 1293 3000 1355 protegas.
3039 1282 3120 1338 Tu
3147 1298 3208 1338 es
3235 1285 3376 1337 enim
3407 1283 3502 1352 qui

1929 1369 2242 1436 percussisti
2280 1373 2601 1440 superbum,
2634 1374 2934 1429 vulnerasti
2971 1375 3288 1440 draconem,
3318 1389 3500 1441 regem

1930 1459 2179 1516 videlicet
2229 1461 2450 1534 Egypti
2509 1464 2878 1530 Pharaonem,
2914 1467 3004 1537 qui
3052 1467 3194 1522 etin
3253 1466 3502 1522 Ezechiel

1930 1551 2095 1605 draco
2129 1567 2358 1622 magnus
2384 1553 2696 1624 appellatur
2732 1555 2949 1626 (Ezech.
2976 1559 3153 1626 xxix).
3182 1555 3262 1610 Τιι
3287 1557 3504 1612 siccasti

1929 1659 2078 1699 mare
2117 1644 2386 1709 Rubrum,
2420 1657 2474 1700 ut
2529 1663 2624 1716 per
2667 1664 2840 1718 aquas
2874 1650 3411 1714 vehernentissitnas,
3450 1658 3505 1704 et

1928 1732 2198 1797 profunda
2232 1731 2434 1798 ,maris,
2468 1737 2610 1789 viam
2666 1745 2791 1792 tuus
2841 1738 3070 1807 p0pulus
3119 1739 3405 1808 reperiret,
3447 1747 3502 1791 et

232 1827 363 1876 pus,
405 1814 641 1867 anintant
672 1828 846 1872 autem
877 1836 980 1874 non
1010 1833 1229 1891 possunt
1268 1827 1543 1893 occidere;
1595 1830 1682 1884 sed
1724 1848 1819 1897 po-
1851 1808 1895 1862 Β
1924 1822 2207 1895 Egyptios
2239 1825 2450 1896 fugeret
2483 1839 2895 1898 persequentes.
2937 1828 3039 1894 Qui
3083 1830 3249 1899 igitur
3283 1832 3384 1883 ista
3420 1828 3499 1883 fe-

237 1906 351 1957 tius
384 1921 504 1959 eunt
526 1907 721 1974 timete,
745 1913 836 1975 qui
861 1923 1032 1980 potest
1053 1918 1290 1972 animant
1318 1931 1364 1973 et
1391 1939 1578 1991 corpus
1603 1925 1821 1990 perdere

234 1998 297 2050 in
341 1999 633 2064 gehennam
673 2002 892 2071 (Matth.
921 2023 976 2071 ιι,
1002 2008 1120 2078 38).
1155 2011 1220 2067 Et
1243 2012 1295 2066 in
1319 2014 1427 2069 alio
1458 2015 1577 2072 loco
1609 2035 1624 2072 :
1674 2019 1823 2074 Gau-

233 2092 383 2152 dete,
416 2108 533 2144 cum
581 2111 733 2150 omne
761 2098 956 2151 malum
985 2101 1216 2158 dixerint
1248 2105 1526 2163 aduersum
1559 2127 1642 2165 vos
1678 2130 1823 2167 men-

232 2183 433 2236 tientes
484 2183 705 2267 (31,011,“
757 2190 959 2261 $319.).
1017 2193 1170 2249 Sicut
1222 2198 1366 2252 enim
1427 2204 1816 2260 vestimentum

235 2277 592 2331 consumitur
617 2295 826 2342 verme,
866 2285 948 2338 vel
979 2295 1258 2355 tempore;
1311 2302 1365 2346 et
1415 2294 1557 2349 sicut
1595 2298 1730 2352 lanze
1790 2315 1820 2354 a

236 2368 389 2424 tinea
420 2371 800 2431 devorantur:
835 2377 913 2432 sic
944 2394 1108 2436 omne
1158 2397 1566 2451 persecutormn
1615 2408 1822 2458 oppro-

235 2462 422 2515 brium
464 2479 586 2519 curn
645 2472 1092 2535 persecutoribus
1135 2480 1515 2543 pertransibit.
1568 2481 1725 2538 Unde
1766 2494 1819 2540 et

237 2555 478 2617 apostoli
513 2557 906 2628 gloriabantur,
946 2566 1087 2634 quod
1115 2567 1264 2636 digni
1293 2579 1481 2625 essent
1523 2573 1692 2628 habiti
1722 2592 1822 2645 pro

237 2645 483 2700 Domino
539 2649 647 2716 pati
701 2654 1062 2708 contumelias
1101 2655 1241 2725 (Act.
1300 2658 1376 2723 v).
1434 2659 1824 2717 Gloriabantur

237 2749 448 2805 autem,
474 2743 600 2808 quia
630 2743 774 2798 salus
805 2754 857 2800 et
881 2746 1092 2816 justitia
1119 2750 1350 2818 Domini,
1383 2755 1472 2821 qui
1520 2755 1602 2808 eis
1651 2755 1822 2810 victo-

241 2832 386 2884 riam
413 2842 470 2887 et
493 2837 716 2902 praemia
738 2840 1148 2909 repromiserat,
1176 2844 1228 2897 id
1247 2853 1348 2912 est,
1378 2846 1641 2902 Dominus
1660 2858 1823 2919 atque

242 2925 528 2989 Salvator,
562 2942 875 2997 permaneat
931 2933 985 2988 in
1035 2945 1320 3002 aeternum,
1353 2939 1467 2993 sive
1503 2939 1555 2994 itt
1589 2953 1822 3012 utraque

238 3020 602 3087 generatione
631 3025 831 3089 prioris
879 3028 1062 3096 p0puli
1100 3038 1155 3082 et
1203 3031 1549 3100 posterioris,
1597 3036 1687 3102 qui
1721 3036 1820 3091 ad-

1923 1919 2045 1974 cisti
2072 1939 2086 1975 :
2114 1935 2257 1974 nunc
2282 1935 2500 1990 quoque
2527 1925 2840 1991 redemptos
2870 1930 2924 1976 et
2943 1922 3206 1976 liberatos
3233 1922 3500 2000 sanguine

1927 2020 2042 2074 tuo,
2065 2010 2234 2065 reduc
2275 2012 2326 2066 in
2361 2010 2516 2076 Sion,
2547 2021 2601 2068 et
2631 2013 2686 2068 in
2715 2015 2994 2069 cmlestem
3019 2013 3347 2078 Jerusalem,
3384 2015 3504 2068 sive

1924 2101 1977 2155 in
2013 2101 2311 2158 Ecclesiam
2340 2119 2497 2172 quam
2523 2105 2621 2159 tibi
2659 2113 2751 2159 tuo
2776 2109 3038 2176 sanguine
3063 2112 3382 2182 praeparasti
3407 2129 3422 2164 :
3448 2110 3504 2164 in

1923 2210 2029 2265 qua
2077 2212 2196 2249 eum
2248 2195 2472 2262 fuerint,
2523 2199 2841 2266 gaudebunt
2894 2202 3084 2256 laztitia
3145 2203 3504 2272 sempiterna,

1923 2298 1978 2342 et
2026 2289 2251 2345 dicent:
2293 2290 2533 2356 Domine,
2590 2304 2648 2345 ut
2697 2303 2848 2347 scuto
2877 2296 3025 2348 bona:
3061 2295 3350 2349 voluntatis
3397 2306 3501 2349 tum

1925 2383 2192 2436 coronnsti
2217 2399 2311 2436 nos
2339 2383 2517 2452 (Psal.
2537 2400 2587 2448 γ,
2611 2385 2720 2455 15).
2746 2385 3034 2440 Habebunt
3067 2388 3210 2442 enirn
3245 2388 3501 2456 gaudium

1924 2484 2086 2542 atque
2149 2475 2410 2540 Ιιιειῖιῖιιιιι,
2460 2477 2705 2546 fugiente
2757 2477 2950 2533 dolore
3002 2488 3058 2534 et
3115 2481 3340 2549 gemitu.
3392 2478 3504 2533 lloc

1922 2565 2072 2635 juxta
2114 2567 2464 2623 llehraicum.
2501 2569 2769 2624 Caeterum
2793 2570 2950 2640 juxta
2989 2569 3133 2624 LXX
3170 2569 3503 2627 Jerusalem.

1924 2661 1976 2715 id
2009 2669 2114 2726 est,
2139 2663 2409 2730 peccatrix
2441 2664 2616 2716 anima
2649 2672 2974 2732 provocatur
2999 2673 3056 2716 ut
3084 2664 3273 2718 induat
3329 2662 3499 2717 forti-

1927 2754 2167 2806 tudinem
2207 2755 2410 2808 brachii
2444 2755 2549 2818 sui,
2583 2766 2638 2810 et
2670 2754 2850 2824 priora
2888 2765 3135 2810 assumat
3167 2771 3353 2825 opera,
3375 2759 3500 2810 sie-

1926 2854 1984 2899 ut
2019 2844 2200 2898 fuerat
2234 2857 2526 2915 antequam
2586 2848 2807 2902 caderet
2842 2865 2856 2904 :
2897 2847 3118 2916 quando
3152 2846 3206 2900 in
3240 2847 3331 2902 die
3381 2862 3502 2900 vcr-

1926 2937 2150 2993 sabatur
2179 2948 2230 2990 et
2262 2937 2406 2992 luce.
2441 2937 2522 2992 Tu
2555 2953 2614 2994 es
2643 2940 2814 3005 enim,
2847 2939 3044 3008 inquit,
3071 2953 3191 3007 quae
3221 2941 3494 3008 superasti

1926 3031 2088 3085 latam
2120 3041 2172 3083 et
2212 3029 2374 3100 592
2407 3032 2705 3099 spatiosam
2743 3031 2883 3085 viam
2920 3048 3043 3102 qua:
3077 3033 3226 3088 ducit
3252 3035 3320 3087 ad
3359 3049 3503 3088 mor-

241 3121 472 3164 vrntum
513 3112 658 3167 illius
689 3128 1032 3185 receperunt,
1055 3120 1120 3172 de
1149 3135 1258 3190 quo
1291 3130 1345 3176 et
1372 3137 1535 3192 supra
1568 3124 1769 3179 dicitur
1802 3143 1817 3180 :
1850 3136 1894 3196 ρ
1929 3131 2034 3176 tem
2060 3135 2076 3175 :
2100 3129 2153 3176 et
2186 3122 2463 3189 dlaSlpftSll
2491 3123 2802 3189 draconem,
2833 3124 3115 3179 colubrum
3157 3135 3501 3185 tortuosum;

239 3200 423 3266 Drape
447 3213 528 3256 est
549 3204 729 3272 justus
773 3222 937 3273 meus,
973 3225 1215 3277 egressus
1264 3221 1339 3265 est
1378 3212 1617 3269 salvator
1652 3231 1819 3270 meus.

309 3303 509 3372 (Vers.
543 3306 576 3361 9
608 3308 790 3375 seqq.)
822 3325 842 3358 ι
887 3307 1190 3377 Consurge,
1230 3326 1543 3380 consurge:
1594 3313 1822 3367 induere

237 3396 580 3450 fortitudine
609 3397 899 3454 brachium
960 3401 1194 3458 Domini.
1235 3405 1518 3474 Consurge
1567 3406 1710 3459 sicut
1766 3405 1820 3460 in

235 3489 442 3542 diebus
468 3488 710 3556 antiquis
738 3489 792 3543 in
825 3493 1270 3560 generationibus
1293 3496 1642 3550 smeulorum.
1669 3492 1822 3550 Nun-

235 3583 374 3648 quid
403 3597 511 3633 non
546 3591 600 3634 tu
632 3586 956 3652 percussisti
991 3591 1310 3657 superbum.
1349 3590 1656 3644 vulnerasti
1698 3592 1823 3643 dra-

232 3676 483 3728 conem?
540 3673 792 3744 Nunquid
855 3691 961 3732 non
1024 3689 1078 3733 tu
1129 3682 1349 3737 siccasti
1401 3698 1574 3750 mare,
1623 3698 1820 3751 aquam

242 3769 435 3838 abyssi
469 3769 826 3835 vehementis,
862 3771 952 3839 qui
1003 3774 1238 3840 posuisti
1286 3765 1614 3844 profundum
1654 3778 1821 3832 maris

240 3862 418 3921 viam,
450 3869 511 3912 ιιι
547 3863 843 3916 transirent
867 3863 1130 3919 liberati?
1163 3865 1224 3918 Et
1248 3878 1390 3922 nunc
1426 3869 1514 3936 qui
1553 3870 1820 3939 redempti

239 3966 383 4009 sunt
407 3970 435 4007 a
471 3955 722 4018 Domino,
758 3967 1108 4013 revertentur
1139 3969 1190 4012 et
1220 3962 1440 4015 venient
1470 3961 1520 4016 in
1547 3961 1677 4017 Sion
1705 3962 1820 4016 latt-

239 4049 445 4100 dantcs
473 4063 488 4112 ;
524 4061 578 4101 et
603 4048 786 4102 lzetitia
825 4051 1154 4116 sempiterna
1187 4067 1350 4119 super
1371 4053 1548 4122 capita
1581 4070 1769 4108 eorum
1805 4072 1821 4110 :

240 4139 515 4209 gaudium
561 4150 616 4193 et
655 4139 897 4195 lmtitiam
945 4141 1228 4209 tenebunt,
1267 4142 1434 4214 fugiet
1479 4145 1637 4216 591
1671 4147 1827 4201 dolor

233 4241 290 4285 et
324 4231 590 4302 gemitus.
626 4250 644 4283 ι
681 4231 817 4286 LXX
846 4252 860 4286 :
901 4252 920 4286 ι
968 4236 1228 4305 Exsurge.
1255 4253 1485 4308 exsurge
1509 4255 1571 4296 -ξ-
1605 4238 1828 4295 Jerusa-

233 4325 344 4379 lem
379 4325 423 4390 ,⁸
453 4331 508 4377 et
551 4323 776 4380 induere
810 4325 1125 4384 fortitudine
1178 4332 1388 4386 brachii
1427 4332 1524 4386 tui.
1579 4331 1825 4404 Exsurge

230 4418 388 4471 sicut
419 4418 474 4468 in
512 4417 780 4485 principio
811 4418 940 4485 diei,
971 4421 1113 4474 sicut
1143 4423 1429 4493 generatio
1465 4427 1818 4494 sempiterna.

1926 3215 1991 3268 de
2021 3230 2128 3282 quo
2156 3226 2206 3267 ct
2255 3216 2308 3267 in
2352 3213 2582 3268 Psalmis
2611 3215 2806 3286 legitur
2839 3235 2854 3248 ·
2884 3217 2956 3271 Tu
2991 3218 3282 3272 contrivisti
3326 3218 3502 3286 capita

1924 3304 2217 3358 draconum
2251 3306 2300 3357 in
2347 3307 2496 3372 aquis
2528 3305 2639 3374 (Ps.
2672 3322 2868 3370 Lxxttt,
2898 3305 3010 3375 13).
3040 3306 3311 3362 Memento
3346 3307 3498 3377 prio--

1930 3396 2004 3449 ris
2023 3394 2363 3449 fortitudinis
2406 3404 2530 3459 tute,
2568 3395 2714 3463 quod
2751 3395 2934 3449 saeculi
2979 3395 3139 3465 hujus
3203 3396 3503 3451 calcaveris

1926 3501 2102 3548 mare,
2137 3497 2190 3537 et
2223 3485 2351 3538 illud
2377 3486 2574 3540 feceris
2610 3502 2731 3540 esse
2763 3489 3067 3550 desertum,
3094 3499 3146 3540 et
3175 3489 3313 3541 viam
3351 3506 3501 3558 repo-

1927 3581 2064 3634 reris
2093 3581 2144 3633 in
2188 3579 2383 3632 mediis
2409 3578 2685 3634 fluctibus.
2722 3577 2881 3633 Unde
2906 3588 2962 3633 et
3014 3579 3289 3648 apostolus
3311 3581 3504 3634 Petrus

1927 3686 2022 3740 per
2049 3686 2198 3725 mare
2238 3671 2400 3738 hujus
2451 3671 2635 3725 swcnli
2685 3673 2940 3728 transivit
2990 3673 3058 3726 ad
3100 3673 3412 3733 Dominum,
3445 3683 3501 3725 et

1925 3764 2016 3834 qui
2047 3763 2149 3816 t‘tde
2179 3763 2518 3826 ambulabat,
2550 3765 2717 3832 coepit
2750 3765 3072 3820 inﬁdelitate
3114 3767 3284 3836 mergi
3334 3782 3350 3820 :
3389 3765 3493 3820 nisi

1927 3858 2069 3926 quod
2096 3860 2314 3912 dextera
2353 3857 2562 3912 Domini
2605 3868 2943 3914 sustentatus
2971 3869 3072 3915 est.
3123 3859 3280 3914 Sicut
3334 3861 3501 3929 igitur

1927 3949 2077 4018 prior
2124 3948 2354 4002 victoria
2411 3948 2641 4023 Domino
2692 3949 2989 4004 auxiliante
3042 3963 3302 4003 concessa
3359 3957 3441 4002 est
3482 3965 3496 4008 ;

1927 4042 2006 4095 sic
2034 4050 2088 4094 et
2131 4040 2367 4096 reversis
2401 4050 2520 4109 post
2567 4042 2971 4109 pmnitcntiam,
3003 4051 3058 4096 et
3096 4040 3440 4096 audientibus
3480 4059 3492 4102 ;

1933 4131 2188 4202 Nunquid
2203 4135 2294 4204 qui
2306 4134 2475 4199 cadet,
2499 4150 2600 4186 non
2618 4135 2838 4203 surget?
2853 4135 2976 4188 dicit
3001 4135 3254 4188 Dominus
3275 4132 3495 4205 (Jerem.

1927 4241 2044 4290 vut,
2075 4227 2154 4292 4).
2192 4227 2281 4290 Et,
2310 4225 2690 4280 Convertimini
2721 4227 2790 4280 ad
2829 4244 2926 4293 me,
2963 4227 3064 4296 ﬁlii
3096 4236 3456 4286 convertentes
3483 4240 3505 4289 ;

1926 4329 1976 4373 et
2029 4335 2122 4389 ego
2169 4319 2371 4373 sonabo
2432 4321 2769 4374 contritiones
2819 4331 3016 4374 vestras
3047 4320 3259 4382 (Jeretn.
3291 4321 3498 4389 1",”;

1931 4411 2064 4466 Osee
2093 4425 2202 4478 xlv,
2240 4411 2320 4478 5),
2357 4411 2471 4481 ipse
2507 4411 2746 4482 porriget
2779 4427 3020 4474 manum,
3053 4423 3106 4466 et
3155 4414 3378 4466 reducet
3405 4429 3502 4467 eos

229 4505 439 4559 Nonne
469 4513 523 4556 tu
556 4519 615 4558 es
662 4522 785 4573 qua:
828 4509 1075 4563 excidisti
1109 4489 1472 4578 latitudinem,
1521 4489 1820 4571 dissolvisti
1859 4489 1901 4540 Β
1928 4505 1984 4559 ill
2014 4504 2166 4571 530",
2209 4506 2485 4573 speculam
2526 4504 2852 4572 ειιιιιιεηψιθ
2900 4505 3184 4569 νῖῖιηῑυηις
3216 4509 3338 4557 Clit"
3371 4519 3500 4572 3³η*

228 4596 582 4651 draconem?
609 4596 797 4653 Nonne
817 4609 874 4653 tu
900 4615 958 4654 es
975 4617 1094 4669 quae
1117 4603 1396 4658 desertum
1421 4604 1610 4681 fecisti
1645 4623 1817 4674 mare,

231 4703 416 4758 aquas
442 4689 621 4758 abyssi
654 4690 893 4747 multas:
925 4707 1046 4760 qua:
1077 4695 1307 4760 posuisti
1334 4697 1674 4764 profundunt
1711 4715 1822 4753 ma-

229 4779 315 4832 ris
362 4777 510 4830 viam
544 4781 836 4844 transitus,
873 4781 958 4835 Itis
1000 4783 1092 4850 qui
1145 4782 1362 4838 fuerant
1394 4785 1611 4842 liberati
1647 4797 1700 4842 et
1739 4805 1824 4843 re-

229 4870 494 4938 dempti?
523 4872 565 4924 A
603 4870 832 4926 Domino
855 4874 1000 4927 enim
1031 4877 1380 4944 redueeutur,
1409 4888 1463 4932 ct
1496 4880 1722 4934 venient
1761 4882 1812 4933 in

228 4962 378 5016 Sion
421 4977 546 5014 cum
581 4962 767 5016 lzctitia
803 4973 860 5018 ct
891 4966 1258 5024 exsultatione
1290 4981 1520 5025 aeterna.
1554 4971 1612 5024 In
1642 4975 1823 5040 capite

227 5052 392 5106 enim
419 5065 610 5104 eorum
640 5052 757 5106 laus
787 5064 839 5107 et
866 5053 1049 5108 lxtitia
1077 5059 1454 5125 apprehendet
1481 5075 1596 5114 eos.
1634 5059 1822 5127 Fugiet

230 5145 401 5198 dolor
449 5151 505 5194 et
550 5157 752 5197 mmror
785 5154 838 5198 et
883 5148 1143 5214 gemitus.
1180 5168 1198 5201 ι
1244 5149 1448 5204 Nomen
1495 5150 1820 5217 Jerusalem,

229 5234 394 5302 quod
433 5233 524 5288 hic
553 5251 582 5288 a
605 5233 745 5288 LXX
772 5238 1014 5292 additum
1048 5251 1153 5305 est,
1179 5257 1279 5296 nec
1315 5243 1366 5295 ιιι
1396 5241 1618 5297 llebrmo
1653 5245 1820 5296 habe-

229 5339 354 5392 tur,
383 5340 488 5379 nec
512 5327 650 5382 ullus
673 5330 836 5385 trium
871 5332 1226 5402 interpretum
1278 5336 1476 5404 posuit,
1504 5337 1644 5388 unde
1667 5335 1823 5388 ohelo

229 5421 656 5490 praenotandum
688 5434 794 5487 est,
831 5435 886 5477 et
929 5425 1009 5480 sic
1044 5440 1166 5478 cum
1218 5427 1488 5494 superiori
1540 5442 1703 5480 sensu
1739 5442 1825 5480 se-

227 5529 423 5582 quens
465 5515 763 5582 capitulum
803 5517 1189 5582 copulantlutn.
1229 5516 1492 5571 Dominus
1539 5518 1826 5570 credentes

233 5610 290 5661 in
329 5621 394 5660 se
422 5601 596 5659 fuerat
617 5608 949 5673 cohortatus,
969 5611 1190 5664 dicens:
1218 5609 1399 5663 Nolite
1424 5610 1605 5662 timere
1628 5627 1824 5678 oppro-

232 5697 422 5749 brium
460 5698 750 5764 hominum,
785 5712 832 5754 et
864 5702 1210 5770 blusphemias
1241 5719 1420 5756 eorum
1469 5702 1818 5754 ncntctttatis.

243 5790 614 5859 Salutcutque
637 5807 787 5846 suam
810 5802 861 5846 et
881 5793 1146 5862 justitiam
1175 5796 1559 5863 sempiternam
1592 5795 1670 5848 eis
1699 5809 1820 5862 pto-

1929 4598 2018 4650 dio
2075 4606 2240 4666 atque
2295 4594 2479 4650 laetitia
2535 4597 2890 4665 sempiterna,
2923 4606 2977 4651 et
3039 4603 3202 4665 ponet
3245 4596 3502 4664 in‘capito

1924 4701 2109 4740 eorum
2134 4685 2344 4740 laudent
2379 4693 2540 4754 atque
2565 4686 2827 4739 lzetitiam.
2864 4686 3133 4755 Sapientis
3163 4688 3308 4740 enim
3360 4687 3499 4746 oculi

1926 4780 1978 4832 in
2007 4779 2184 4846 capite
2208 4777 2323 4845 ejus
2348 4793 2364 4843 ;
2391 4785 2448 4832 et
2490 4777 2631 4831 hanc
2685 4777 2962 4832 habebunt
2989 4793 3264 4842 coronam,
3292 4779 3501 4845 istoque

1925 4870 2232 4923 diademate
2273 4877 2648 4938 protegentur,
2669 4878 2724 4922 ut
2757 4883 2968 4935 semper
3002 4867 3344 4937 gaudeantet
3383 4868 3498 4920 tau.

1923 4959 2052 5014 dent
2083 4961 2391 5026 Dominum,
2433 4961 2558 5030 quia
2595 4976 2693 5031 pro
2722 4962 2928 5023 dolore,
2961 4975 3193 5015 tumore
3215 4970 3271 5014 et
3297 4958 3497 5027 gemitu

1925 5053 2298 5109 successerint
2343 5054 2562 5122 gaudia.

1997 5145 2176 5217 (Vers.
2221 5145 2306 5211 l2,
2359 5144 2472 5215 15.)
2513 5163 2531 5196 ι
2568 5145 2700 5212 Ego,
2745 5159 2845 5210 ego
2871 5144 2988 5213 ipse
3016 5144 3341 5199 consolabor
3381 5158 3498 5201 vos.

1925 5237 2060 5304 Quis
2097 5247 2173 5304 ιιι,
2205 5246 2264 5291 ιιι
2293 5237 2541 5290 timueris
2562 5234 2576 5305 [
2599 5234 2747 5304 Vulg.
2776 5234 2994 5306 timere]
3021 5235 3087 5288 ab
3114 5235 3332 5290 homine
3356 5251 3499 5290 mor.

1930 5333 2042 5396 tali,
2075 5340 2128 5385 et
2159 5345 2188 5382 a
2215 5329 2325 5382 tilio
2353 5327 2612 5392 hominis,
2643 5325 2733 5396 qui
2759 5326 2914 5393 quasi
2940 5325 3124 5380 fenum
3155 5327 3225 5380 ita
3256 5329 3502 5381 arescet?

1927 5421 1992 5475 Et
2024 5421 2223 5474 oblitus
2251 5434 2312 5474 es
2358 5417 2453 5471 Dei
2513 5415 2737 5470 factoris
2779 5417 2882 5480 tui,
2931 5418 3022 5484 qui
3054 5418 3283 5471 tetendit
3309 5415 3498 5480 etelos,

1925 5526 1979 5570 et
2013 5513 2258 5567 fundavit
2291 5523 2490 5566 terrant
2524 5527 2538 5566 :
2584 5520 2640 5566 et
2685 5510 2987 5565 formidasti
3020 5511 3221 5580 jugiter
3251 5517 3362 5563 tota
3412 5509 3501 5562 die

1926 5620 1955 5657 ιι
1989 5603 2127 5656 facie
2163 5599 2366 5655 luroris
2404 5601 2547 5670 ejus,
2600 5601 2690 5668 qui
2729 5611 2779 5654 te
2823 5599 3114 5652 triltnlaltat
3141 5615 3156 5664 ;
3183 5607 3238 5652 et
3275 5612 3493 5666 paravev

1931 5706 2012 5748 rat
2048 5697 2112 5749 ad
2140 5695 2499 5764 perdendum.
2535 5692 2636 5747 Ubi
2669 5708 2812 5747 nunc
2841 5703 2924 5748 est
2956 5695 3107 5745 furor
3150 5690 3501 5746 tribulantis?

1925 5790 2046 5859 tino
2082 5788 2260 5843 veniet
2292 5787 2540 5857 gradiens
2571 5787 2638 5842 ad
2693 5785 3070 5856 aperiendum,
3105 5793 3158 5838 et
3187 5783 3499 5837 noninter-
