3902 6182
402 301 509 366 507

1597 309 1660 371 S.
1701 309 2013 372 EUSEBII
2055 313 2495 380 HIERONYMI

3567 314 3676 379 508

400 425 548 482 liciet
582 440 754 500 usque
787 429 853 484 ad
903 423 1329 484 internecionem
1359 437 1374 474 :
1417 437 1517 479 nec
1547 420 1766 477 deﬁciet
1821 423 1980 492 panis
2006 429 2056 484 ,Α
2085 426 2362 498 superbia,
2398 442 2520 497 quin
2543 425 2766 491 iterum,
2789 429 3098 486 auxiliante
3121 431 3382 492 Domino,
3410 427 3681 494 conquie-

397 519 539 587 ejus.
572 517 684 591 Ego
717 531 897 574 autem
923 535 1040 574 sum
1076 515 1336 572 Dominus
1360 510 1505 570 Dens
1537 524 1686 584 tuus,
1712 516 1805 585 qui
1845 531 1978 570 con-

406 611 565 663 turbo
594 628 768 676 mare,
795 623 852 666 et
877 613 1248 666 intumescunt
1281 607 1476 662 fluctus
1511 608 1631 678 ejus
1667 627 1680 665 :
1717 608 1982 664 Dominus

401 704 741 758 exercituum
773 719 970 759 nomen
1001 717 1202 756 meum.
1246 699 1409 756 Posui
1446 701 1611 756 verba
1651 717 1770 755 mea
1801 701 1853 754 in
1889 720 1984 756 ore

405 793 502 841 tuo
535 805 550 842 :
585 801 638 843 et
679 791 730 843 in
758 790 949 844 umbra
987 794 1183 845 'rnanus
1218 805 1351 843 meae
1383 791 1598 859 protexi
1632 800 1706 854 te,
1743 801 1802 844 ut
1830 791 1982 861 plan-

410 889 490 936 ωε
519 882 686 938 melos
710 893 765 939 et
797 885 992 940 fundes
1023 883 1250 956 [Vitiosa
1280 895 1396 940 erat
1430 884 1701 957 eﬂ'undas]
1757 895 1983 951 terram,

411 982 465 1025 et
498 973 649 1028 dicas
701 976 769 1029 ad
817 973 949 1030 Sion
988 997 1002 1031 :
1037 975 1280 1046 Populus
1319 991 1472 1032 meus
1500 992 1559 1032 es
1585 985 1665 1031 ιιι.
1701 996 1720 1030 ι
1789 977 1932 1032 LXX
1970 1000 1983 1032 :

415 1083 436 1116 ι
496 1064 608 1133 Ego
640 1081 784 1129 sum,
829 1083 929 1138 ego
963 1085 1083 1123 sum
1138 1071 1257 1140 ipse
1286 1071 1377 1138 qui
1418 1071 1675 1125 consolor
1729 1079 1802 1126 te.
1839 1072 1991 1126 Scito

409 1170 529 1223 quae
569 1158 737 1212 fueris
787 1170 842 1215 ct
879 1161 1131 1215 timueris
1175 1163 1242 1214 ab
1296 1163 1517 1217 homine
1574 1165 1809 1230 mortali,
1869 1176 1922 1219 et
1960 1181 1989 1218 a

412 1247 522 1301 lilio
567 1251 826 1321 hominis,
880 1253 974 1323 qui
1027 1255 1181 1324 quasi
1235 1255 1417 1310 fenum
1475 1256 1698 1312 arefacti
1755 1269 1903 1325 sunt,
1939 1269 1994 1315 et

411 1342 618 1397 oblitus
665 1361 724 1398 es
777 1345 870 1401 Dei
907 1347 1136 1402 lactoris
1168 1349 1243 1401 tui
1285 1366 1298 1403 :
1348 1349 1438 1418 qui
1495 1349 1626 1404 fecit
1665 1351 1889 1414 cmlum,
1941 1362 1994 1406 et

416 1431 664 1487 fundavit
707 1445 934 1501 terram,
963 1447 1015 1491 et
1046 1439 1278 1492 timebas
1315 1453 1534 1508 semper
1567 1442 1779 1495 cunctis
1804 1441 1996 1496 diebus

417 1524 611 1580 faciem
646 1527 847 1583 furoris
884 1531 1198 1586 tribulantis
1223 1541 1294 1598 te,
1326 1534 1468 1588 sicut
1493 1535 1757 1602 cogitavit
1784 1535 1997 1592 auferre

417 1625 510 1681 te;
541 1630 593 1672 et
620 1636 760 1673 nunc
789 1623 880 1676 ubi
911 1634 993 1679 est
1033 1624 1188 1680 furor
1225 1626 1538 1681 lribulantis
1559 1629 1660 1682 te?
1694 1629 1826 1683 Cum
1851 1631 1996 1685 enim

425 1711 573 1764 salva
609 1713 746 1767 facta
770 1715 955 1782 fueris,
985 1735 1086 1772 non
1133 1719 1319 1786 stabit,
1353 1738 1527 1792 neque
1559 1727 1896 1792 permanebit
1931 1729 1998 1794 >κ

2091 529 2227 573 seat.
2271 520 2545 590 Dicitque,
2580 521 2727 588 quod
2755 523 2996 589 posuerit
3025 523 3189 578 verba
3219 537 3316 577 sua
3340 522 3390 575 in
3418 535 3518 574 ore
3540 519 3681 586 ejus.

2092 611 2363 681 Quidquid
2395 613 2543 666 enim
2577 613 2748 669 Filius
2778 613 3042 683 loquitur,
3103 615 3268 668 verba
3295 613 3480 667 Patris
3530 593 3683 673 aiunt,

2095 702 2222 756 etin
2261 705 2452 757 umbra
2489 719 2682 758 manus
2707 719 2822 760 sum
2862 706 3168 773 protexerit
3198 717 3347 762 eum.
3384 705 3453 758 Et
3476 703 3687 758 idcirco

2097 806 2378 866 protectus
2407 797 2482 850 sit
2509 805 2566 852 ut
2598 797 2808 866 plautet
2831 799 3002 854 cmlos
3040 815 3233 865 novos,
3265 809 3322 854 et
3351 797 3543 851 tundet
3578 805 3687 850 ter-

2096 899 2213 950 ram
2237 885 2400 958 594
2427 901 2644 952 novam,
2667 897 2726 941 et
2764 887 2911 942 dicat
2970 889 3040 943 ad
3102 888 3256 953 Sion.
3307 888 3412 943 hoc
3441 899 3565 958 est,
3618 888 3687 941 ad

2099 977 2395 1032 Ecclesium
2426 996 2442 1046 ;
2488 976 2724 1048 Papulas
2764 993 2914 1035 metu
2945 997 3000 1036 es
3032 990 3110 1034 tu.
3144 979 3284 1049 Ergo
3311 979 3444 1033 Sion
3471 992 3578 1032 non
3605 985 3690 1031 est

2100 1068 2226 1132 alia,
2262 1069 2366 1123 nisi
2395 1070 2621 1140 populus
2683 1069 2802 1126 Dei.
2847 1072 3212 1141 Symmachus
3237 1071 3288 1125 in
3313 1085 3380 1125 eo
3415 1071 3559 1134 loco,
3590 1070 3685 1123 ubi

2101 1176 2204 1216 nos
2236 1162 2473 1217 diximus
2505 1179 2519 1216 :
2554 1162 2670 1219 Cito
2695 1163 2864 1218 ueniet
2915 1164 3160 1231 gradiens
3204 1163 3272 1215 ad
3311 1162 3685 1229 aperiendum,

2103 1265 2152 1308 et
2182 1271 2284 1309 non
2314 1256 2598 1324 interficiet
2623 1272 2782 1326 usque
2819 1255 2891 1310 ad
2920 1256 3354 1316 internecionem,
3415 1255 3488 1307 ita
3517 1254 3685 1307 inter-

2103 1357 2352 1416 pretatus
2379 1359 2461 1403 est
2492 1366 2507 1402 :
2536 1348 2653 1402 Cito
2683 1350 2919 1419 infernus
2951 1349 3238 1415 aperietur,
3283 1359 3330 1400 et
3361 1361 3469 1399 non
3497 1347 3686 1400 morie-

2104 1450 2192 1492 tur
2221 1441 2274 1494 in
2300 1443 2712 1510 corruptionem.
2741 1442 3074 1498 subauditur
3135 1441 3413 1500 Christus,
3478 1441 3572 1508 qui
3629 1439 3681 1492 in

2104 1531 2300 1599 quinto
2334 1532 2554 1587 decimo
2592 1533 2815 1588 Psalmo
2867 1534 3109 1603 loquitur
3140 1550 3156 1590 :
3196 1533 3319 1586 Non
3361 1532 3686 1602 derelinquas

2106 1626 2341 1676 animam
2365 1639 2532 1678 meam
2571 1626 2626 1677 in
2657 1626 2888 1694 inferno,
2920 1641 3012 1679 nec
3039 1625 3190 1679 dabis
3232 1635 3477 1679 sanctum
3536 1634 3685 1677 tuum

2109 1717 2282 1770 videre
2314 1719 2721 1786 corruptionem.
2752 1718 2809 1772 ln
2830 1733 2895 1772 eo
2924 1731 3137 1787 quoque
3171 1718 3289 1772 loco
3319 1719 3411 1771 ubi
3437 1716 3677 1788 nosjux-

420 1814 474 1856 et
507 1819 612 1858 non
645 1808 861 1862 occidet
895 1811 944 1862 iu
1004 1814 1438 1882 corruptionem,
1504 1829 1558 1872 et
1619 1834 1722 1872 non
1787 1820 2005 1876 deticiet

2121 1824 2161 1863 ιιι
2222 1809 2553 1865 Hebraicum
2590 1821 2644 1864 et
2687 1809 2943 1880 Aquilam
2979 1811 3245 1865 vertimus
3290 1829 3304 1864 :
3339 1810 3504 1864 Posui
3534 1810 3687 1865 verba

420 1899 578 1964 panis
603 1899 719 1962 ejus
753 1904 806 1963 ‘,
830 1902 955 1969 quia
989 1918 1088 1972 ego
1107 1905 1247 1958 Deus
1276 1919 1402 1962 tuus
1429 1910 1804 1978 quiconturbo
1839 1927 2005 1977 mare,

421 1997 476 2042 ct
511 2003 709 2042 sonare
742 1992 882 2044 facio
923 1993 1116 2049 fluctus
1151 1998 1290 2066 ejus.
1320 1999 1583 2056 Dominus
1617 2001 1860 2058 Sabaoth
1907 2021 2007 2059 no-

427 2096 548 2135 men
580 2083 730 2138 mihi.
774 2083 978 2140 Ponam
1007 2090 1167 2144 verba
1209 2090 1370 2162 593
1407 2109 1522 2154 mea
1577 2095 1629 2148 in
1660 2111 1755 2150 ore
1781 2105 1897 2163 tuo,
1957 2106 2010 2153 et

428 2174 485 2228 in
529 2176 721 2231 umbra
755 2193 949 2233 manus
979 2196 1109 2235 mea:
1162 2195 1438 2253 protegam
1474 2198 1567 2244 te:
1603 2187 1654 2242 in
1702 2204 1807 2258 qua
1845 2193 2008 2245 statui

432 2268 652 2330 acetum,
679 2278 734 2323 et
766 2269 986 2325 fundavi
1025 2283 1226 2329 terram
1260 2292 1275 2342 ;
1337 2288 1391 2332 ct
1421 2279 1566 2333 dicet
1596 2279 1746 2342 Sion,
1779 2283 2010 2351 pepulus

432 2374 584 2415 meus
618 2376 678 2414 es
716 2371 792 2416 tu.
836 2382 854 2415 ι
891 2364 1242 2422 Credentium
1295 2371 1524 2439 populus
1584 2373 1867 2429 brachium
1908 2378 2012 2431 Do-

435 2451 600 2513 mini,
635 2455 729 2521 qui
759 2453 876 2524 ipse
912 2458 1108 2511 estDei
1133 2459 1309 2514 virtus
1333 2460 1538 2532 Deique
1570 2465 1862 2532 sapientia,
1899 2466 2012 2521 fue-

428 2552 514 2598 rat
538 2546 882 2616 deprecatus,
918 2557 976 2602 ut
1033 2564 1412 2624 consurgeret,
1469 2565 1525 2612 et
1585 2559 1691 2613 sibi
1746 2563 2014 2630 praeberet

427 2641 714 2705 auxilium,
746 2651 801 2698 et
834 2644 927 2699 illo
985 2659 1261 2716 pugnante
1317 2664 1416 2716 pro
1473 2652 1698 2716 sanctis,
1757 2654 2011 2720 gaudium

430 2744 607 2802 atquae
639 2736 906 2804 laetitiam,
937 2740 1119 2808 fugato
1151 2741 1342 2796 dolore
1381 2752 1436 2796 et
1459 2745 1686 2812 gemitu,
1761 2747 2008 2814 posside-

431 2839 573 2883 rent.
607 2830 797 2898 ltaque
829 2831 913 2884 vel
959 2833 1240 2889 brachium
1313 2834 1545 2901 Domini,
1613 2837 1698 2891 vel
1755 2838 2014 2894 Dominus

429 2919 548 2988 ipse
586 2921 865 2988 respondit
897 2941 909 2977 :
945 2921 1056 2992 Ego
1089 2942 1232 2990 sunt,
1265 2942 1354 2996 ego
1383 2943 1542 2990 sunt;
1591 2937 1645 2981 et
1667 2943 2012 2997 nequaquam

433 3026 529 3079 per
557 3013 868 3079 prephetas,
899 3015 993 3068 sed
1024 3014 1138 3083 ipse
1167 3029 1262 3069 vos
1311 3014 1638 3069 consolabor
1666 3033 1682 3070 :
1725 3017 1863 3071 Deus
1915 3021 2016 3072 mi-

432 3105 868 3174 sericordiarum,
899 3119 948 3161 et
983 3095 1142 3162 Paler
1164 3109 1318 3162 totius
1349 3109 1742 3166 consolationis.
1767 3111 1857 3179 (ΙΙ
1889 3113 2012 3166 Cor.

434 3215 474 3264 ι,
498 3199 575 3270 5).
617 3199 893 3269 lllirorque
923 3201 1216 3270 quomodo,
1254 3218 1339 3255 me
1360 3201 1578 3258 dicente
1600 3218 1764 3272 supra
1795 3222 1807 3259 :
1837 3203 2018 3258 Nolite

434 3293 618 3347 timere
650 3293 986 3358 approbrium
1009 3293 1303 3356 hominum,
1333 3305 1383 3348 et
1418 3294 1776 3364 blasphemiae
1835 3313 2020 3350 eorum

437 3403 501 3440 ne
533 3388 806 3453 metuatis,
857 3388 1154 3444 timueritis
1207 3401 1620 3457 persecutorem
1682 3391 1910 3453 rabiem,
1967 3398 2022 3446 et

437 3481 744 3537 uescieritis
781 3496 876 3537 eos
917 3497 1039 3536 esse
1090 3486 1376 3552 mortales,
1408 3484 1502 3554 qui
1538 3485 1712 3539 instar
1747 3485 1858 3538 feni
1906 3499 2024 3539 are-

437 3588 601 3630 scunt
632 3589 876 3646 repente,
903 3587 954 3633 et
983 3588 1232 3646 pereunt.
1262 3578 1327 3632 Et
1368 3588 1519 3632 certe
1548 3593 1613 3631 eo
1644 3587 1890 3646 tempore
1917 3593 2024 3647 quo

435 3671 562 3732 illos
594 3662 892 3733 metuebas,
935 3671 1143 3726 oblitus
1169 3686 1229 3726 es
1265 3670 1478 3725 Domini
1517 3670 1740 3724 factoris
1803 3671 1904 3724 tui.
1963 3671 2022 3724 Si

432 3762 585 3817 enim
612 3763 715 3816 mei
745 3776 964 3832 semper
991 3763 1253 3817 memoria
1282 3764 1335 3816 in
1365 3772 1457 3816 tuo
1486 3760 1679 3817 fuisset
1705 3764 1866 3816 corde
1903 3777 2024 3817 ver-

435 3862 582 3916 sata,
619 3868 895 3922 nunquam
932 3852 1209 3906 timuisscs
1252 3850 1502 3904 homines
1565 3851 1656 3918 qui
1696 3853 1746 3904 in
1784 3851 2022 3904 cinerem

433 3947 771 4002 .dissolventli
802 3937 946 4001 sunt.
982 3945 1045 4000 Et
1079 3946 1236 4016 cujus
1273 3945 1471 3998 oblitus
1496 3959 1552 3998 es
1583 3946 1606 3999 ?
1636 3944 1725 3998 Dei
1789 3945 1879 4011 qui
1915 3959 2024 4000 coe-

441 4044 528 4098 los
564 4041 873 4096 incredibili
907 4043 1110 4094 virtute
1135 4039 1445 4108 suspendit,
1475 4049 1528 4092 et
1587 4047 1788 4092 terram
1845 4038 2025 4092 stabili

447 4137 586 4190 mole
615 4135 879 4190 fundavit.
915 4133 978 4186 Et
1009 4134 1233 4186 timuisti
1280 4130 1625 4186 adversarios
1653 4141 1797 4194 tuos,
1831 4130 2026 4185 nonad

446 4229 630 4292 breve,
656 4227 801 4298 quod
829 4235 1039 4295 poterat
1069 4225 1164 4279 tibi
1224 4227 1402 4292 aliqua
1431 4239 1496 4276 ex
1548 4230 1708 4291 parte
1765 4222 2026 4288 concedi;

445 4319 761 4388 scdjugiter
788 4326 842 4372 et
875 4329 982 4372 tota
1017 4319 1124 4383 die,
1158 4324 1216 4370 ut
1252 4331 1374 4369 eum
1401 4313 1631 4368 haberes
1669 4314 1850 4369 lumen
1883 4315 2028 4382 fidei,

449 4414 686 4469 tenebrc
712 4423 762 4466 te
795 4412 1104 4466 formidinis
1165 4409 1529 4478 possiderent.
1584 4417 1639 4461 et
1671 4406 1786 4474 ejus
1836 4408 1927 4474 qui
1980 4416 2032 4461 te

2110 1917 2224 1953 mea
2244 1902 2297 1952 in
2315 1917 2401 1956 ore
2425 1913 2536 1968 tuo,
2571 1914 2620 1956 et
2649 1903 2701 1957 in
2727 1905 2912 1956 umbra
2937 1920 3127 1958 manus
3184 1921 3310 1957 mete
3358 1903 3567 1972 protexi
3618 1913 3686 1965 te,

2110 2005 2166 2057 ut
2197 1995 2402 2064 plantes
2434 1996 2611 2060 cwlos,
2640 2007 2685 2050 et
2713 1997 2900 2066 fundes
2923 2007 3142 2062 terram,
3179 2007 3226 2052 et
3257 1998 3406 2051 dicas
3435 1997 3503 2050 ad
3523 1996 3689 2051 Sion:

2110 2087 2332 2153 papulas
2356 2103 2500 2140 meus
2534 2105 2586 2141 es
2617 2098 2695 2150 tu,
2732 2089 2818 2143 ille
2841 2089 2921 2143 sic
2955 2090 3232 2144 transtulit
3264 2107 3278 2142 :
3311 2088 3515 2142 Ponant
3542 2088 3692 2142 verba

2113 2195 2226 2231 mea
2257 2180 2306 2230 in
2336 2196 2425 2232 ore
2461 2191 2571 2244 tuo,
2604 2191 2652 2232 et
2690 2181 2740 2234 in
2777 2182 2964 2234 umbra
3018 2198 3207 2234 manus
3235 2198 3361 2234 inea:
3421 2191 3693 2250 protegam

2114 2277 2183 2332 te,
2214 2269 2268 2321 in
2294 2287 2398 2337 qna
2423 2271 2664 2338 plantuvi
2698 2274 2906 2339 calum,
2936 2283 2984 2326 et
2998 2274 3216 2342 fundavi
3246 2282 3471 2335 «rrum,
3517 2282 3569 2324 et
3635 2281 3688 2322 ut

2111 2365 2284 2418 dicunt
2319 2363 2484 2418 Sion:
2513 2364 2738 2434 populus
2779 2382 2924 2419 meus
2954 2383 3008 2420 es
3041 2376 3118 2420 tu.
3170 2365 3332 2420 Juxta
3391 2362 3562 2428 LXX,
3630 2363 3695 2416 ad

2113 2472 2328 2511 onlnem
2367 2458 2703 2512 credentium
2741 2458 2946 2511 dicitur
3009 2458 3271 2524 animum,
3328 2456 3461 2525 quia
3512 2463 3698 2509 creata

2114 2549 2182 2604 ad
2210 2541 2497 2618 imaginem
2531 2559 2587 2604 et
2616 2549 3026 2605 similitudinem
3092 2550 3203 2604 Dei.
3261 2564 3417 2603 suam
3474 2549 3696 2617 ignora-

2115 2647 2254 2700 verit
2277 2646 2637 2716 dignitatem;
2679 2645 2774 2699 sed
2809 2643 3052 2698 timuerit
3098 2643 3370 2700 hominem
3420 2651 3472 2695 et
3527 2642 3695 2694 lilium

2117 2737 2379 2802 hominis,
2412 2738 2504 2807 qui
2537 2738 2714 2792 solum
2746 2745 2922 2806 potest
2965 2751 3168 2806 corpus
3203 2736 3479 2800 occidere,
3506 2743 3566 2789 et
3601 2733 3704 2786 im-

2117 2833 2402 2886 mortalem
2435 2846 2493 2886 se
2517 2845 2639 2886 esse
2669 2831 2946 2897 nescierit,
2982 2844 3087 2906 nec
3111 2830 3314 2884 dixerit
3366 2843 3489 2882 cum
3559 2826 3697 2882 Pro-

2117 2926 2280 2993 pheta
2311 2941 2326 2978 :
2364 2923 2624 2977 Dominus
2653 2923 2972 2977 illuminatio
2995 2937 3109 2976 mea
3147 2931 3197 2974 et
3255 2920 3492 2974 salvator
3524 2935 3696 2982 meus,

2117 3033 2271 3087 quem
2297 3017 2526 3071 timebo?
2560 3014 2820 3070 Dominus
2847 3022 3116 3084 protector
3149 3014 3269 3066 vita:
3325 3028 3474 3074 mete,
3503 3028 3540 3064 α
3596 3027 3698 3081 quo

2121 3113 2390 3182 trepidabo
2437 3115 2464 3168 ἵ
2509 3111 2684 3184 (Ρεαι.
2729 3111 2990 3180 xxvr,i).
3030 3109 3098 3166 Et
3153 3108 3350 3163 iterum
3387 3123 3403 3161 :
3443 3107 3697 3161 Dominus

2123 3206 2338 3272 adiutor
2367 3221 2533 3270 meus,
2569 3221 2672 3258 non
2704 3204 2895 3258 timebo
2949 3203 3079 3274 quid
3125 3203 3288 3272 faciat
3351 3200 3478 3253 milii
3517 3201 3696 3252 homo.

2122 3300 2379 3353 Dominus
2400 3299 2696 3352 auxiliator
2727 3315 2893 3364 meus,
2929 3308 2980 3352 et
3011 3313 3104 3368 ego
3150 3297 3435 3364 despiciam
3457 3295 3698 3347 inimicos

2125 3405 2264 3443 meos
2289 3389 2468 3452 (Paul.
2507 3403 2675 3454 cxvu,
2707 3386 2762 3454 6,
2795 3387 2874 3457 7).
2919 3387 3058 3454 Quid
3091 3386 3136 3442 si
3167 3396 3347 3440 autem
3388 3387 3572 3446 homo,
3599 3384 3701 3436 alio

2127 3483 2394 3536 versicqu
2415 3483 2832 3536 demonstratur
2873 3497 2889 3534 :
2924 3479 2988 3534 In
3043 3479 3265 3532 Domino
3308 3477 3528 3542 sperabo
3559 3493 3579 3530 :
3603 3491 3701 3529 non

2128 3577 2316 3628 timebo
2353 3576 2477 3644 quid
2499 3575 2664 3644 faciat
2693 3574 2819 3627 mihi
2849 3589 2973 3627 raro
2998 3559 3174 3642 (l’sai.
3211 3588 3300 3636 LV,
3352 3571 3429 3639 5).
3464 3568 3623 3624 Unde
3650 3579 3703 3622 et

2129 3684 2275 3723 nunc
2307 3668 2508 3721 dicitur
2543 3665 2837 3722 :Timuisti
2863 3666 2932 3720 ab
2961 3665 3178 3719 homine
3203 3663 3440 3726 mortali,
3495 3673 3550 3714 et
3581 3677 3612 3714 a
3642 3662 3703 3713 li-

2129 3759 2200 3812 lio
2229 3757 2486 3820 hominis,
2525 3757 2613 3826 qui
2645 3761 2789 3811 sicut
2824 3756 3026 3811 faenum
3082 3754 3307 3807 arefacti
3330 3762 3476 3806 sunt.
3514 3750 3700 3805 Omnis

2128 3854 2266 3906 enim
2285 3851 2634 3921 caroftenum,
2656 3862 2699 3902 et
2733 3851 2906 3904 omnis
2937 3847 3110 3918 gloria
3133 3847 3248 3915 ejus
3271 3846 3423 3914 quasi
3449 3845 3548 3912 flos
3583 3843 3702 3910 fani

2131 3943 2266 4015 (Isa.
2302 3959 2388 4010 xc,
2417 3944 2493 4012 6).
2523 3953 2575 3998 et
2616 3941 3031 4013 territajudicis
3070 3950 3359 4010 potestate,
3409 3938 3580 3992 oblita
3643 3951 3700 3988 es

2132 4037 2275 4106 quod
2299 4037 2414 4104 ipse
2444 4044 2591 4090 esset
2646 4045 2924 4104 protector
2953 4045 3100 4096 tuus,
3167 4032 3263 4101 qui
3318 4032 3514 4084 caelum
3582 4028 3705 4090 fecit

2131 4141 2186 4184 et
2216 4139 2441 4191 terram,
2473 4139 2527 4182 et
2551 4129 2735 4182 omnia
2768 4127 3041 4180 elementa
3068 4139 3190 4192 qua:
3246 4124 3526 4178 cernimus
3554 4138 3572 4187 ;
3628 4122 3706 4173 vel

2130 4237 2226 4278 eos
2264 4221 2433 4277 cmlos
2463 4220 2554 4289 qui
2581 4229 2798 4288 portant
2832 4217 3121 4288 imaginem
3159 4215 3596 4284 supercmlestis,
3655 4223 3708 4267 et

2133 4331 2254 4370 eam
2293 4324 2496 4370 terram
2553 4329 2672 4382 qua:
2724 4319 3025 4366 sementem
3089 4309 3303 4362 Domini
3364 4306 3706 4375 multiplicat.

2135 4385 2269 4462 Illud
2303 4415 2486 4460 autem
2510 4403 2651 4473 quod
2681 4418 2843 4472 supra
2902 4399 3105 4454 dicitur
3137 4415 3152 4450 :
3182 4395 3249 4449 Et
3283 4412 3386 4449 non
3434 4391 3634 4446 occidet
3661 4395 3714 4447 iu

445 4509 672 4584 putabat
697 4523 818 4562 esse
859 4509 1182 4575 periturum.
1222 4503 1321 4560 Ubi
1350 4514 1432 4558 est
1465 4519 1597 4572 ergo
1642 4518 1789 4557 nunc
1843 4515 2030 4570 perse-
2065 4501 2107 4555 ι)
2138 4499 2545 4566 corruptionem,
2571 4506 2620 4550 et
2653 4513 2754 4549 non
2785 4494 2988 4564 deficiet
3017 4491 3172 4561 panis
3204 4489 3342 4558 ejus,
3401 4485 3473 4540 de
3531 4483 3712 4584 Theo-

450 4613 699 4656 cntorum
740 4597 1152 4668 superbia?Ubi
1211 4598 1452 4667 potentia
1481 4595 1782 4657 smcularis,
1839 4608 1943 4662 qua
1977 4593 2030 4646 in

446 4708 504 4750 te
524 4711 624 4758 ore
659 4694 848 4749 rabido
877 4693 1212 4748 smvicbuut?
1257 4690 1380 4746 Cito
1412 4690 1596 4745 veniet
1650 4688 1792 4744 filius
1851 4701 2028 4766 meus,

444 4790 706 4860 gradiens
738 4797 792 4842 et
822 4787 1154 4842 conculcans
1181 4784 1530 4840 adversarios
1556 4791 1698 4845 tuos,
1735 4790 1793 4836 ut
1821 4771 2034 4848 aperiat

447 4865 553 4950 sibi
580 4884 717 4938 viam
746 4881 1030 4944 victoriae;
1065 4880 1178 4933 sive
1208 4885 1268 4933 ut
1295 4876 1502 4932 inferos
1536 4875 1865 4944 reseret,qui
1926 4888 2032 4928 non

450 4977 749 5042 iulerliciat
779 4989 950 5046 usque
989 4973 1056 5027 ad
1093 4970 1568 5035 internecionem,
1600 4967 1696 5023 sed
1758 4967 1888 5022 velit
1923 4967 2035 5021 sal-

452 5086 585 5125 yare
614 5085 932 5124 conversos.
969 5067 1210 5136 Denique
1241 5064 1398 5134 panis
1443 5063 1612 5124 illius,
1640 5063 1732 5131 qui
1767 5061 2038 5129 interpre-

453 5173 630 5226 tatur,
685 5162 980 5228 Evangetio
1045 5164 1335 5232 probante,
1419 5157 1692 5222 doctrina,
1755 5167 2036 5223 nunquam

451 5255 692 5316 deficiet,
718 5255 810 5308 sed
834 5270 1049 5324 semper
1077 5252 1388 5310 volentibus
1448 5251 1516 5304 ad
1559 5245 1890 5302 vescendum
1943 5261 2040 5315 pa-

456 5350 613 5412 tebit.
655 5347 934 5417 Simulque
955 5349 1338 5418 apostropham
1373 5344 1504 5399 facit
1530 5344 1596 5397 ad
1628 5341 1847 5405 Filium,
1879 5354 2038 5408 quem

459 5443 570 5497 cito
599 5440 868 5509 promittit
897 5455 1019 5496 esse
1054 5453 1362 5503 venturum,
1417 5447 1474 5492 et
1503 5435 1660 5506 cujus
1685 5449 1878 5504 pauern
1907 5431 2041 5484 dicit

461 5553 581 5592 esse
612 5548 935 5606 perpetuum
963 5550 980 5588 :
1028 5537 1169 5603 quod
1230 5535 1346 5603 ipse
1371 5533 1442 5586 sit
1471 5531 1624 5599 juxta
1684 5525 2040 5596 dispensatio-

464 5645 587 5686 nem
616 5629 798 5684 carnis
823 5634 1116 5695 assumpta:
1142 5625 1404 5679 Dominus
1442 5624 1583 5678 Deus
1611 5620 1747 5690 ejus,
1781 5618 1878 5689 qui
1911 5633 2042 5672 con-

465 5718 673 5772 turbari
702 5717 869 5773 faciat
905 5731 1077 5782 mare,
1117 5724 1171 5772 et
1221 5717 1589 5770 intumescere
1645 5711 1845 5764 lluctus
1904 5708 2044 5777 ejus.

471 5821 529 5869 nt
586 5812 874 5875 adversum
947 5824 1134 5868 servos
1185 5823 1317 5866 suos
1368 5815 1778 5884 persecuturum
1831 5804 2047 5862 inﬂetur

2137 4593 2374 4652 dotionis
2403 4592 2647 4648 editione
2677 4604 2744 4644 ex
2795 4586 3068 4642 Ilebraico
3127 4583 3368 4638 additum
3422 4587 3526 4635 est.
3590 4577 3712 4645 Ipse

2137 4689 2432 4743 conturbat
2462 4698 2635 4744 utare,
2672 4690 2728 4736 et
2760 4694 2957 4735 sonare
2988 4677 3117 4730 facit
3147 4675 3344 4728 ﬂuctus
3394 4671 3514 4741 ejus
3535 4671 3626 4724 cui
3656 4677 3712 4722 et

2137 4782 2191 4836 in
2216 4778 2447 4834 Psalmis
2480 4777 2696 4830 canitur
2729 4781 2744 4804 ⁶
2777 4771 2854 4828 Tu
2891 4770 3182 4825 dominaris
3211 4765 3512 4837 fortitudini
3544 4765 3712 4815 maris

2136 4886 2183 4930 et
2222 4877 2620 4926 commotionem
2674 4864 3070 4938 fluctuumejus
3135 4873 3191 4915 tu
3261 4861 3469 4930 mitigas
3529 4857 3712 4928 (Psal.

2138 4983 2404 5033 Lxxxvtu,
2437 4966 2548 5032 l0).
2576 4963 2631 5018 lu
2682 4959 2918 5016 Jeremia
2978 4972 3196 5026 quoque
3259 4953 3524 5022 scriptum
3571 4962 3707 5005 est:

2138 5057 2220 5112 Me
2247 5074 2346 5110 non
2375 5053 2648 5114 timebitis,
2684 5051 2814 5104 dicit
2851 5049 3128 5111 Dominus,
3153 5055 3205 5098 et
3232 5062 3264 5098 a
3287 5046 3426 5115 facie
3468 5058 3582 5094 utea
3612 5059 3714 5094 non

2141 5149 2510 5224 formidabitis,
2546 5147 2635 5217 qui
2666 5143 2817 5214 posui
2851 5157 3040 5196 arenas
3067 5139 3346 5192 terminum
3386 5136 3543 5197 mari,
3576 5151 3716 5202 pra:-

2141 5251 2344 5312 ct’ptunt
2367 5242 2737 5310 sempiternum
2761 5235 2901 5301 quod
2931 5249 3034 5287 non
3060 5231 3344 5300 prwteritit
3369 5229 3393 5283 ?
3417 5227 3640 5300 (Jcrem.
3661 5243 3718 5289 ι’,

2139 5333 2259 5403 22.)
2310 5331 2551 5392 Turbata
2600 5337 2729 5384 sunt
2788 5325 2982 5390 maria,
3039 5323 3261 5393 quando
3311 5335 3510 5390 Sageua
3555 5317 3718 5388 595

2146 5426 2359 5482 Domini
2413 5423 2652 5480 extraxit
2705 5420 2936 5490 piscium
3013 5416 3418 5471 multitudinem
3477 5411 3717 5484 (Matth.

2146 5530 2288 5594 xm).
2331 5520 2398 5575 Et
2473 5516 2652 5588 posuit
2688 5515 2944 5570 Dominus
3001 5512 3166 5567 verba
3224 5525 3320 5565 sua
3374 5509 3426 5561 in
3462 5521 3559 5561 ore
3597 5521 3721 5562 creo

2146 5616 2348 5680 dentis,
2416 5621 2472 5666 et
2530 5611 2582 5662 in
2645 5606 2836 5662 umbra
2904 5621 3098 5659 manus
3146 5619 3259 5658 sua:
3305 5600 3543 5671 protexit
3575 5613 3720 5652 eum.

2147 5711 2249 5776 Qui
2307 5717 2362 5763 et
2420 5706 2472 5758 iu
2537 5699 2826 5771 Evangelie
2895 5697 3142 5768 loquitur
3188 5709 3204 5751 :
3268 5695 3497 5760 Quando
3551 5690 3722 5743 tradi-

2151 5805 2318 5860 derint
2350 5817 2454 5864 eos,
2491 5796 2647 5850 nolite
2675 5794 2928 5862 cogitare,
2974 5786 3234 5860 quomodo
3263 5795 3353 5841 aut
3380 5784 3508 5854 quid
3539 5782 3720 5854 loqua-

3585 6019 3624 6056 κ
