3902 6182
176 300 270 364 509

709 292 1220 357 COMMENTAB.
1268 294 1348 354 IN
1389 296 1652 356 ISAIAM
1697 296 2168 358 PROPIIETAM
2227 299 2376 359 LIB.
2426 299 2586 369 XIV,
2626 299 2791 360 CAP.
2831 300 2932 362 LI.

3331 302 3434 365 510

174 419 335 483 mini;
366 413 584 476 dabitur
610 412 748 468 enim
770 412 913 469 nobis
938 411 993 466 in
1009 411 1102 465 illa
1131 410 1262 466 liora
1280 413 1407 481 quid
1439 413 1752 481 loquamini.
1783 420 1826 477 Α
1863 414 2146 489 Beniamin
2178 413 2630 483 jussitabscondi
2676 414 2830 488 (Cen.
2883 387 3053 487 XLIV),
3094 414 3317 486 jubetur
3367 419 3434 472 de

175 508 284 564 Non
313 509 451 578 enim
481 523 567 560 cos
593 506 720 562 estis
751 505 846 574 qui
869 504 1180 572 loquimini;
1213 504 1302 558 sed
1323 505 1538 574 spiritus
1567 504 1745 560 Putris

174 604 345 667 rastri,
383 599 475 668 qui
506 598 743 667 loquitur
771 597 823 650 in
857 597 1020 651 nobis.
1053 596 1274 666 (Matth.
1332 613 1388 664 ι,
1421 598 1510 663 i9,
1540 597 1656 665 9.0.)
1685 598 1749 652 Et

175 696 226 754 in
257 695 364 748 alio
403 693 526 750 loco
549 690 686 752 dicit
713 689 781 751 ad
809 687 1018 759 justum
1049 705 1065 742 :
1112 688 1294 743 Dilata
1327 705 1383 744 os
1403 698 1552 742 tuum
1579 701 1624 744 et
1650 691 1750 743 im-

171 787 310 860 p'ebo
345 783 478 838 illud
511 782 684 853 (Psal.
720 796 886 842 Lxxx,
935 779 1047 848 Η).
1071 779 1139 834 Ει
1194 781 1390 834 iterum
1420 796 1436 836 :
1463 780 1622 848 Aperi
1688 795 1751 833 os

173 893 317 934 lttllm
352 879 520 930 verbo
561 875 653 930 Dei
684 889 699 930 :
730 873 992 928 Dominus
1023 873 1160 927 enim
1187 871 1336 926 dabit
1359 872 1568 926 verbum
1597 888 1748 926 eran-

172 967 524 1039 gelizantibus
549 965 744 1020 virtute
770 961 963 1017 multa.
999 959 1153 1020 Unde
1190 961 1256 1016 ad
1291 962 1608 1016 interiorem
1660 959 1749 1016 Jo-

171 1059 351 1114 remiae
389 1055 658 1112 hominem
696 1052 942 1122 loquitur
984 1051 1146 1119 Deus,
1175 1061 1459 1121 postquam
1490 1053 1666 1123 tetigit
1689 1068 1749 1107 os

176 1151 326 1220 ejus:
361 1145 500 1202 Ecce
526 1162 619 1213 ego
648 1143 771 1199 dedi
803 1159 1072 1201 sermones
1121 1159 1261 1196 meos
1286 1145 1342 1197 in
1374 1160 1464 1199 ore
1491 1157 1582 1199 tuo
1635 1143 1749 1214 (Ie-

173 1259 294 1296 rem.
329 1255 369 1305 ι,
389 1239 468 1308 9).
495 1237 594 1304 Qui
624 1246 836 1305 poterat
861 1251 982 1291 cum
1008 1235 1296 1290 Psalmista
1317 1249 1514 1290 canere
1547 1253 1564 1294 :
1595 1237 1744 1291 Misit

174 1348 222 1385 tn
250 1345 340 1382 ore
371 1343 487 1383 meo
521 1327 786 1383 canticum
839 1341 1056 1388 novum,
1113 1325 1362 1396 hymnum
1416 1325 1525 1380 Deo
1571 1339 1750 1380 nostra

175 1422 345 1494 (Psal.
366 1436 555 1486 xxxix,
578 1419 656 1488 4).
675 1419 808 1488 Quis
826 1418 1140 1474 autemth
1167 1427 1421 1487 operatus
1439 1428 1518 1472 est
1546 1421 1749 1483 omnia,

175 1514 271 1566 nisi
304 1511 572 1565 Dominus
612 1518 775 1582 atque
814 1509 1087 1575 Salvator,
1117 1511 1210 1579 qui
1281 1511 1478 1566 calum
1506 1510 1636 1565 fecit
1695 1521 1752 1566 et

176 1617 400 1666 terram,
437 1615 489 1658 et
514 1604 649 1657 dicit
682 1603 814 1659 Sion
849 1621 864 1660 :
898 1601 1138 1673 Populus
1178 1619 1320 1656 utens
1358 1619 1413 1659 es
1435 1614 1491 1659 tu
1517 1604 1542 1656 ?
1597 1598 1773 1673 Quod

177 1700 409 1769 propriae
433 1697 688 1755 Ecclesia:
721 1697 980 1751 convenit
1000 1697 1069 1756 de
1105 1697 1362 1766 gentibus
1387 1704 1748 1765 eniigrcgatte.

176 1793 234 1848 Et
271 1796 322 1844 in
352 1792 496 1848 Osee
533 1791 884 1851 credentibus
910 1781 1214 1856 pollicetur,
1247 1791 1434 1846 dicens
1471 1807 1488 1844 :
1544 1787 1750 1842 Vocabo

178 1903 270 1936 non
295 1885 551 1952 populum
584 1900 779 1947 meum,
812 1883 1066 1951 populum
1125 1899 1294 1938 meum
1328 1898 1344 1938 :
1376 1892 1424 1936 et
1467 1883 1576 1950 ipse
1617 1881 1751 1934 dicet

177 1976 298 2032 mihi
317 1994 336 2031 :
361 1977 505 2032 Deus
531 1993 675 2034 meus
699 1992 753 2029 es
802 1985 857 2034 tu
885 1974 1060 2045 (Osee.
1086 1990 1149 2040 ιι,
1181 1975 1293 2038 ﬁt).

243 2067 429 2139 (ναις,
473 2069 536 2123 t7
572 2068 749 2138 seqq.)
780 2085 796 2122 ι
839 2067 1086 2130 Elei-are,
1117 2068 1351 2132 elevare,
1374 2082 1644 2137 consurge
1670 2066 1759 2122 Je-

180 2160 439 2224 rusalem,
468 2175 586 2232 qua:
614 2159 802 2213 bibisti
838 2159 904 2213 de
931 2175 1091 2218 manu
1127 2159 1340 2216 Domini
1402 2159 1631 2214 calicem
1662 2159 1755 2210 ira:

177 2253 303 2321 tius
344 2271 356 2304 :
396 2266 566 2319 usque
600 2254 664 2305 ad
697 2251 924 2306 fundum
958 2252 1146 2306 colicis
1179 2251 1393 2319 soporis
1425 2251 1632 2315 bibisti,
1707 2259 1761 2304 et

180 2345 378 2411 potasti
411 2358 581 2411 usque
608 2343 674 2396 ad
709 2341 890 2398 faeces.
936 2341 1053 2395 Non
1085 2343 1284 2412 estqui
1316 2351 1584 2398 sustentet
1612 2357 1760 2407 eam,

177 2451 237 2491 ex
265 2437 526 2490 omnibus
553 2435 682 2490 ﬁliis
712 2438 728 2468 ³
752 2450 886 2505 quos
916 2435 1102 2508 genuit
1133 2453 1146 2488 :
1182 2445 1237 2494 et
1288 2451 1397 2489 non
1435 2445 1518 2491 est
1548 2436 1644 2504 qui
1671 2450 1764 2504 ap—

180 2527 486 2598 prehendat
511 2543 732 2582 manum
759 2527 905 2592 eius,
937 2542 1005 2582 ex
1029 2529 1288 2584 omnibus
1321 2527 1446 2583 (iliis
1470 2543 1608 2599 quos
1631 2543 1766 2582 enu-

135 2670 144 2676 ,
183 2621 347 2674 trivit.
388 2621 504 2674 Duo
526 2629 655 2674 sunt
678 2635 800 2689 quze
831 2631 1195 2677 occurrerunt
1225 2620 1349 2686 tibi,
1380 2620 1506 2688 quis
1558 2618 1765 2674 centri.

179 2713 416 2767 stabitur
459 2728 629 2782 super
692 2721 740 2765 te
768 2714 791 2766 ‘t
817 2713 1044 2767 vastitas
1102 2723 1154 2766 et
1175 2712 1454 2777 contritio,
1493 2722 1545 2764 et
1571 2712 1764 2776 fames,

181 2815 229 2858 rt
251 2805 500 2874 gladius:
529 2805 654 2874 quis
676 2804 1050 2860 consolabitur
1073 2805 1162 2858 te?
1196 2821 1214 2855 ι
1240 2803 1420 2859 LXX:
1458 2821 1476 2854 ι
1505 2803 1767 2874 Exsurge,

183 2910 441 2970 exsurge,
478 2897 696 2952 elevare
729 2893 1058 2960 Jerusalem,
1095 2910 1216 2965 quae
1240 2895 1423 2950 bibisti
1485 2895 1550 2947 de
1607 2909 1768 2947 manu

186 2987 397 3044 Domini
426 2989 652 3044 calicem
691 2988 895 3046 luroris
928 2987 1067 3056 eius.
1117 2987 1357 3043 Calicem
1395 2985 1542 3041 enim
1598 2987 1770 3040 ruina

1851 508 2120 564 ebrietate
2152 524 2507 578 consurgere,
2551 524 2616 565 eo
2639 509 2784 580 quod
2842 509 3063 571 biberit,
3085 517 3141 564 et
3192 509 3435 564 vacuefe-

1851 603 2009 668 cerit,
2042 610 2095 657 et
2124 602 2544 672 potaveriteum
2569 617 2742 673 usque
2788 600 2856 656 ad
2892 599 3048 657 lances
3087 601 3270 670 :quod
3321 607 3436 656 tres

1847 710 1960 750 uno
1995 695 2310 750 indicavere
2331 709 2587 750 sermone
2640 693 3110 764 Ἐξεστράγγισας
3144 696 3186 748 ’.
3224 691 3324 748 [lie
3352 703 3438 747 est

1852 787 1991 842 calix
2022 795 2086 842 de
2111 787 2294 855 quoin
2350 785 2582 843 Psalmis
2605 786 2880 858 legimus:
2951 783 3112 839 Catia;
3168 785 3222 838 in
3275 801 3436 837 manu

1855 878 2071 933 Domini
2097 879 2206 934 vini
2239 879 2372 932 meri
2402 877 2586 948 plenus
2614 876 2798 931 mixto.
2836 876 2904 930 Et
2939 873 3215 931 inclinavit
3244 892 3310 930 ea:
3340 876 3436 928 hoc

1851 973 1905 1027 in
1936 972 2092 1037 illud,
2125 981 2485 1027 verumtamen
2515 971 2620 1041 fa'a:
2641 971 2754 1042 ejus
2777 987 2881 1023 non
2908 978 2985 1024 est
3009 971 3280 1026 exinanita
3303 986 3323 1023 :
3354 970 3436 1024 bi-

1853 1063 1967 1118 bent
2033 1081 2210 1118 omnes
2259 1073 2552 1128 peccatores
2587 1069 2739 1114 terra:
2789 1058 2963 1130 (Psal.
2997 1074 3181 1124 Lxuv,
3221 1057 3298 1124 9).
3362 1059 3436 1111 De

1852 1170 1961 1225 quo
2007 1163 2060 1210 et
2105 1155 2173 1208 ad
2233 1154 2522 1208 Jeremiam
2581 1153 2720 1206 Deus
2773 1151 3060 1221 loquitur:
3106 1149 3266 1204 Sume
3310 1151 3425 1202 cali-

1852 1261 1962 1299 cem
1988 1244 2100 1298 vini
2138 1245 2269 1298 meri
2304 1244 2367 1298 de
2398 1260 2555 1297 manu
2600 1260 2714 1296 utea
2747 1259 2765 1298 :
2793 1254 2838 1296 et
2887 1243 3190 1311 propinabis
3238 1242 3438 1294 cunctis

1852 1338 2108 1408 gentibus,
2135 1339 2203 1390 ad
2228 1355 2361 1402 quas
2387 1353 2480 1407 ego
2515 1337 2720 1389 mittant
2747 1345 2815 1390 te.
2855 1333 3108 1387 Etbibcnt
3137 1341 3185 1386 et
3209 1345 3438 1390 vontcnt.

1852 1439 1902 1484 et
1934 1431 2202 1483 insanient
2233 1447 2263 1482 a
2288 1429 2423 1501 facie
2453 1430 2638 1498 gladii,
2668 1445 2816 1495 quem
2839 1443 2930 1494 ego
2955 1425 3162 1478 mittam
3191 1425 3244 1478 in
3273 1425 3440 1478 medio

1853 1539 2033 1576 eorum
2073 1521 2293 1592 (Jcrem.
2326 1535 2452 1587 xxv,
2483 1521 2570 1585 15,
2598 1521 2708 1591 16).
2737 1521 2978 1589 Cumque
3006 1540 3130 1578 ams
3164 1522 3436 1591 gentibus,

1855 1626 1907 1668 et
1925 1614 2248 1677 Jerusalem,
2269 1613 2603 1682 urbibusque
2622 1611 2819 1668 Jndteae
2853 1615 3172 1684 prepinasse
3195 1629 3252 1668 se
3269 1613 3438 1673 dicat,

1857 1707 2022 1760 infert
2055 1721 2070 1761 :
2109 1705 2198 1759 Sic
2224 1705 2354 1758 dicit
2383 1703 2641 1758 Dominus
2671 1706 2995 1773 omnipotens
3032 1704 3170 1758 Deus
3222 1703 3392 1758 Israel
3421 1718 3441 1757 :

1859 1799 2032 1854 Bibite
2057 1808 2105 1853 et
2147 1798 2507 1861 inebriamini,
2534 1807 2583 1849 et
2638 1798 2857 1851 evomite
2881 1815 2900 1853 :
2935 1808 2982 1852 et
3014 1799 3182 1851 cadite
3211 1815 3243 1850 a
3307 1796 3443 1864 {acie

1861 1891 2053 1960 gladii,
2116 1906 2266 1960 quem
2327 1905 2418 1960 ego
2480 1889 2688 1940 mittam
2729 1889 2783 1941 in
2836 1890 3006 1942 medio
3058 1891 3216 1942 vestri
3271 1887 3440 1958 (Ibid.

1855 1985 1976 2052 9.7).
2014 1983 2078 2037 Et
2107 1980 2408 2036 notandum
2443 1981 2584 2050 quod
2623 1980 2765 2034 calix
2809 1979 2913 2034 iSIe
2946 1979 3148 2034 furoris
3202 1979 3443 2041 Domini,

1861 2077 2074 2147 gladius
2109 2077 2227 2144 ejus
2259 2074 2350 2138 sit,
2391 2074 2482 2144 qui
2509 2073 2562 2126 in
2587 2073 2766 2126 medio
2806 2072 3038 2126 mittitur
3071 2079 3444 2140 peccatorum.

1863 2171 1920 2224 In
1961 2184 2067 2239 quo
2097 2166 2324 2238 quaestio
2364 2166 2606 2218 nascitur
2659 2180 2674 2219 ε
2709 2163 2982 2232 quomodo
3050 2173 3174 2231 pest
3238 2172 3445 2230 potum,

1865 2263 2188 2317 ebrietatem
2221 2256 2603 2324 vomitumque
2653 2265 2704 2309 et
2738 2253 2972 2317 ruinam,
3009 2253 3062 2304 in
3091 2249 3326 2306 Jerentia
3363 2249 3446 2304 dio

1865 2361 2023 2410 catur
2051 2350 2356 2406 Jerusalem
2394 2365 2498 2401 non
2561 2360 2719 2417 posse
2775 2359 3134 2414 consurgere,
3201 2353 3255 2398 et
3304 2358 3448 2396 nunc

1867 2443 2184 2516 perlsaiam
2235 2442 2488 2510 loquatur
2533 2441 2600 2492 ad
2658 2451 2779 2493 eam
2837 2451 2853 2491 :
2929 2435 3172 2501 Elevare,
3223 2435 3444 2493 elevare,

1869 2551 2121 2604 consurge
2150 2531 2473 2587 Jerusalem.
2529 2528 2658 2596 Quae
2720 2529 2793 2582 ita
2853 2528 3142 2584 solvitur:
3195 2525 3446 2592 Quandiu

1868 2627 1993 2696 quis
2032 2625 2167 2678 bibit
2199 2623 2450 2689 calicem,
2488 2632 2542 2675 et
2599 2619 2928 2684 inebriatur,
2973 2628 3027 2674 et
3077 2619 3300 2682 insanit,
3359 2633 3450 2670 vo-

1867 2719 2099 2785 mitque,
2152 2722 2208 2768 et
2231 2713 2460 2778 corruit,
2512 2725 2623 2764 non
2686 2724 2810 2764 eum
2869 2723 3034 2778 posse
3094 2721 3447 2777 consurgere,

1872 2811 2110 2865 necdum
2145 2808 2290 2861 enim
2328 2804 2572 2875 epotavit
2634 2803 2863 2858 calicem
2894 2799 3130 2865 Domini,
3169 2814 3268 2854 nec
3312 2815 3438 2869 pst“

1873 2903 2026 2958 venit
2056 2904 2122 2957 ad
2158 2901 2346 2966 faeces,
2376 2907 2435 2953 ut
2467 2913 2590 2953 eum
2629 2911 2805 2964 usque
2843 2895 2912 2950 ad
2946 2895 3174 2949 fundum
3229 2891 3447 2947 biberit.

1874 2995 2028 3050 Nunc
2059 3007 2244 3050 autem
2288 2993 2354 3046 ad
2389 2984 2704 3047 Jerusalem
2720 2989 2786 3043 de
2834 2987 3116 3058 prmterito
3149 2985 3279 3040 dicit
3315 2995 3451 3038 tein—

183 3081 332 3134 κόνδυ
363 3078 568 3134 furoris
599 3077 816 3134 ebibisti
847 3087 900 3137 et
947 3077 1223 3134 evacuasti
1256 3090 1273 3134 ε
1313 3085 1502 3132 etnon
1533 3084 1651 3131 erat
1673 3075 1764 3145 qui
1793 3105 1835 3163 ο
1870 3102 2002 3157 pore
2038 3100 2053 3141 ε
2084 3100 2200 3155 qm;
2229 3085 2404 3138 tibi“;
2449 3082 2512 3137 de
2553 3099 2715 3135 manu
2740 3080 2953 3134 Domini
3025 3078 3242 3134 calicem
3290 3075 3451 3146 597

183 3175 569 3230 consolaretur
609 3169 660 3227 te
685 3186 750 3226 ex-
793 3172 1046 3227 omnibus
1100 3172 1228 3228 ﬁliis
1260 3172 1371 3226 tuis
1403 3186 1544 3241 quos
1577 3171 1768 3240 genui—

185 3267 288 3334 sti;
323 3279 376 3322 et
419 3281 524 3320 non
555 3275 678 3320 erat
701 3269 791 3334 qui
821 3265 1260 3334 apprehenderet
1302 3281 1522 3320 manum
1575 3273 1721 3317 tuam
1751 3280 1767 3332 ;

187 3374 358 3427 neque
391 3373 456 3413 ex
495 3359 749 3413 omnibus
794 3359 922 3415 ﬁliis
975 3360 1102 3425 tuis,
1135 3375 1273 3430 quos
1309 3359 1583 3414 exaltasti.
1654 3357 1770 3412 Duo

188 3452 295 3506 hac
324 3454 604 3508 contraria
630 3452 726 3506 tibi
755 3465 770 3506 :
799 3451 922 3521 quis
943 3453 1354 3508 contristabitur
1375 3465 1552 3508 terum
1573 3453 1596 3506 ?
1615 3453 1768 3506 ruina

186 3553 236 3600 et
264 3545 552 3610 contritio,
584 3544 758 3600 fames
813 3555 866 3598 et
925 3543 1137 3614 gladius
1212 3547 1336 3614 quis
1395 3547 1772 3602 consolabitnr

189 3637 276 3693 te?
318 3659 338 3691 ι
364 3637 674 3694 Jerusalem
698 3646 747 3692 et
781 3637 913 3692 Sion
936 3652 1059 3696 esse
1088 3638 1376 3708 δυὼνυμον
1405 3654 1548 3709 saepe
1568 3640 1725 3692 docui
1755 3655 1771 3696 :

188 3745 419 3797 quarum
452 3727 603 3795 Sion,
635 3743 755 3797 quae
801 3729 1196 3796 interpretatur
1244 3730 1480 3796 specula,
1509 3745 1575 3785 co
1629 3729 1772 3798 quod

189 3823 238 3877 in
269 3833 456 3876 monte
480 3821 585 3876 sita
616 3821 709 3882 sit,
741 3836 840 3874 arx
874 3834 1102 3877 vocatur
1130 3839 1144 3879 :
1180 3823 1389 3892 reliqua
1411 3833 1591 3877 autem
1624 3823 1774 3878 urbis

187 3932 333 3986 pars,
359 3915 666 3971 Jerusalem
727 3915 953 3979 dicitur,
1023 3931 1146 3984 qua:
1201 3918 1351 3984 prius
1399 3917 1775 3986 appellabatur

185 4011 346 4067 Jebus
384 4023 438 4063 et
483 4010 658 4064 Solem
691 4026 709 4062 :
754 4025 917 4079 quam
973 4027 1113 4067 mtuo
1170 4009 1334 4082 596
1387 4011 1655 4078 Propheta
1685 4027 1777 4065 eo-

189 4109 445 4162 hortatur
478 4114 534 4157 ut
569 4099 779 4172 Surget,
808 4119 930 4172 quze
957 4103 1110 4173 prius
1141 4107 1425 4174 negatione
1467 4113 1772 4169 corruerat,

187 4201 375 4253 dicens
408 4199 460 4251 in
501 4197 709 4254 Domini
737 4198 993 4264 passione
1027 4213 1042 4254 :
1078 4196 1357 4266 Cruciﬁge,
1391 4196 1638 4266 cruci/iga
1690 4207 1776 4250 ta-

187 4296 286 4347 tem
317 4307 473 4350 :uon
508 4292 760 4352 habemus
784 4306 953 4359 regem
987 4292 1092 4345 nisi
1141 4291 1407 4344 Caesarem
1439 4289 1623 4358 (Joau.
1660 4307 1774 4356 xix,

187 4385 318 4454 l5):
352 4393 413 4440 et
446 4393 573 4455 agat
626 4385 1029 4452 paenitentiam,
1083 4393 1138 4437 et
1197 4384 1528 4446 captivitatis
1578 4385 1780 4438 sentiat

1871 3183 2067 3253 furoris
2107 3181 2221 3250 ejus
2249 3192 2268 3230 :
2306 3187 2357 3232 et
2384 3191 2512 3241 non,
2535 3191 2654 3245 quae
2686 3173 2850 3229 bibis.
2894 3172 3180 3243 Simulque
3202 3173 3454 3226 conside-

1873 3276 2132 3337 randum,
2165 3274 2308 3342 quod
2342 3285 2448 3323 non
2483 3267 2768 3338 propheta,
2817 3281 2921 3320 non
2946 3263 3235 3335 Apostolus
3256 3263 3455 3317 exinde

1872 3366 2042 3421 fuerit
2071 3367 2122 3419 in
2149 3363 2360 3426 Jndzca,
2397 3361 2490 3431 qui
2526 3374 2646 3415 eam
2703 3357 3020 3413 consolatus
3053 3359 3142 3418 sit,
3173 3366 3226 3410 et
3257 3370 3455 3424 appre-

1875 3458 2128 3514 bendcrit
2161 3471 2382 3511 manum
2412 3453 2554 3524 eius,
2588 3461 2642 3528 et
2673 3451 2951 3522 jacentem
2998 3449 3312 3503 elevaverit.
3376 3445 3449 3498 Ex

1875 3567 1982 3621 quo
2024 3549 2375 3604 manifestum
2410 3558 2513 3612 est,
2540 3546 2684 3614 quod
2712 3552 2833 3614 post
2890 3541 3136 3596 ultimam
3169 3539 3457 3607 captivita-

1876 3654 1984 3698 tem
2015 3646 2114 3698 ista
2163 3642 2417 3696 dicantur
2456 3639 2737 3708 :alioquln
2805 3641 2860 3690 in
2905 3635 3183 3704 Babylone
3239 3640 3294 3686 et
3333 3641 3454 3698 post

1877 3736 2234 3807 Babylonem,
2260 3731 2515 3786 Ezechiel
2548 3739 2602 3785 et
2629 3741 2858 3785 czrteros
2875 3729 3166 3797 prophetas
3192 3722 3455 3777 habuisse

1876 3847 2017 3895 eam,
2056 3837 2247 3883 narrat
2300 3826 2552 3881 historia.
2624 3822 2781 3889 Quod
2837 3829 3016 3876 autem
3067 3819 3200 3873 dicit
3263 3833 3279 3874 ;
3336 3815 3456 3867 Duo

1877 3934 2021 3988 sunt,
2047 3938 2167 3993 qua:
2219 3927 2560 3974 occurrerunt
2597 3916 2712 3978 tibi,
2756 3915 2870 3969 sive
2904 3921 3007 3967 duo
3055 3913 3164 3966 lucc
3188 3909 3459 3964 contraria

1881 4015 1979 4070 tibi
2008 4030 2027 4069 :
2062 4015 2182 4085 quis
2203 4010 2610 4066 contristabitur
2667 4025 2824 4075 super
2856 4017 2902 4062 te
2925 4008 2950 4060 .9
2997 4005 3061 4059 Et
3088 4021 3186 4075 pro
3229 4003 3458 4067 duobus,

1880 4105 2048 4160 infert
2077 4113 2318 4173 quatuor
2353 4119 2369 4160 :
2405 4103 2718 4155 rastitatem
2743 4099 3224 4160 etcoutritlonem,
3262 4095 3458 4148 famem

1879 4208 1924 4253 et
1954 4196 2189 4267 gladium
2215 4210 2232 4252 :
2260 4195 2332 4247 illi
2356 4193 2528 4249 simile
2545 4200 2628 4248 est
2657 4192 2796 4260 quod
2832 4190 2880 4243 in
2914 4187 3179 4242 Psalterio
3203 4185 3418 4241 canitur
3444 4201 3461 4249 ;

1879 4288 2048 4345 Semel
2075 4289 2094 4320 ³
2124 4288 2331 4347 locutus
2358 4295 2430 4339 est
2467 4285 2628 4351 Deus,
2659 4285 2759 4337 duo
2811 4283 2920 4337 lucc
2953 4282 3131 4334 audivi
3158 4293 3176 4332 :
3207 4281 3331 4349 quia
3367 4295 3464 4347 po-

1882 4392 2047 4434 testas
2085 4379 2182 4434 Dei
2206 4389 2302 4445 cst,
2345 4389 2390 4432 et
2426 4378 2542 4443 tibi,
2577 4377 2818 4442 Domine,
2861 4375 3272 4431 misericordia;
3326 4373 3458 4443 quin

184 4479 366 4544 malis,
409 4493 510 4532 cur
546 4493 707 4531 suum
739 4477 1030 4532 olfenderit
1068 4476 1408 4531 Creatorem.
1448 4475 1634 4531 Solent
1659 4494 1775 4530 me-
1812 4465 1854 4519 θ
1885 4486 1941 4528 tu
1975 4473 2163 4528 reddes
2201 4471 2658 4541 unicuiquejuxta
2703 4485 2860 4537 Opera
2881 4485 2978 4522 sua
3031 4465 3202 4538 (Ρδαι.
3235 4481 3355 4531 th,
3379 4467 3467 4535 l2,

185 4569 288 4624 dici
325 4569 741 4626 amarissimum
765 4568 1096 4634 antidotum,
1137 4583 1260 4638 quae
1287 4584 1350 4622 ex
1386 4580 1546 4637 gustu
1584 4583 1780 4622 nomen

186 4663 430 4728 accepit,
468 4659 602 4716 dare
630 4659 924 4718 stomacho
969 4658 1279 4722 nauseanti,
1313 4667 1371 4711 ut
1423 4658 1624 4712 noxios
1681 4658 1820 4714 hu.-

187 4770 373 4810 mores
405 4765 645 4820 evomat,
679 4763 733 4808 et
766 4755 939 4823 possit
967 4761 1158 4811 coctos
1172 4751 1324 4805 cibos
1347 4762 1510 4820 atque
1547 4751 1784 4821 digestos

190 4847 240 4900 in
270 4847 464 4901 alvum
485 4846 880 4910 transmittere,
915 4859 1053 4914 quos
1096 4842 1413 4915 ﬂegtnatutu
1469 4842 1787 4911 magnitudo

187 4940 366 5009 digeri
409 4954 516 4995 non
553 4939 786 4996 sinebat.
825 4939 999 5008 Igitur
1030 4946 1085 4994 et
1114 4937 1440 5002 Jerusalem,
1499 4951 1621 5005 qua:
1650 4936 1786 4991 bibit

185 5035 253 5088 de
279 5033 464 5090 calice
495 5030 694 5086 luroris
726 5029 969 5092 Domini,
1000 5042 1054 5084 et
1084 5031 1152 5085 de
1207 5029 1365 5084 κόνδυ
1421 5033 1564 5099 ejus,
1618 5044 1782 5099 quem

188 5124 564 5194 Symmachus
596 5131 852 5183 craterem
907 5120 1297 5186 interpretatus
1347 5132 1452 5186 est,
1513 5133 1568 5176 et
1621 5135 1781 5191 quem

183 5215 342 5284 juxta
379 5211 656 5268 Geneseos
698 5212 921 5277 librum,
950 5209 1150 5280 Joscph
1212 5212 1265 5266 in
1319 5213 1540 5267 sacculo
1597 5210 1784 5265 fratris

259 5416 278 5449 ι
312 5415 379 5470 In
414 5413 799 5480 Ambrosiano,
852 5431 956 5470 non
1015 5424 1094 5472 est
1147 5413 1236 5484 qui
1285 5414 1500 5468 suscitet
1549 5427 1664 5466 eam
1717 5428 1784 5466 ea:

189 5486 331 5540 vobis
356 5485 511 5551 ﬁliis,
545 5495 653 5540 etc.

259 5557 281 5588 ³
319 5557 586 5610 blettdose
613 5556 876 5612 hactenus
905 5556 1142 5612 obtinuit
1199 5554 1653 5625 Ἐξεστράπησας
1685 5568 1783 5622 pro

196 5628 300 5692 Εξε
313 5625 668 5699 “punica;
689 5629 829 5699 quod
845 5642 908 5680 ex
935 5628 1222 5699 vetustiori
1237 5626 1779 5699 Autbrosiattcxem-

193 5696 335 5766 piari
377 5694 735 5766 restituintus.
771 5695 833 5748 Et
863 5707 1108 5752 notatum
1133 5697 1353 5766 quidem
1397 5707 1482 5750 est
1513 5694 1782 5749 Moutfau-

195 5765 386 5831 conio,
418 5765 666 5835 Procopii
699 5772 750 5823 in
769 5766 962 5822 lsaiutn
983 5765 1305 5827 auctoritate
1332 5767 1468 5825 hanc
1487 5766 1778 5824 lectionem

1889 4570 2000 4638 l5).
2029 4567 2096 4620 Et
2117 4566 2190 4620 ibi
2220 4565 2368 4620 enim
2402 4562 2572 4618 semel
2596 4562 2836 4630 loquitur
2894 4559 3060 4623 Deus,
3089 4560 3232 4630 quod
3285 4557 3475 4613 omni-.

1885 4670 2079 4732 potens
2109 4660 2199 4726 sit,
2235 4667 2290 4713 et
2324 4659 2428 4712 duo
2446 4654 2902 4725 auditPropbeta,
2947 4653 3088 4722 quod
3123 4651 3464 4719 omnipOteu-

1887 4755 1957 4810 tiu
1987 4754 2133 4809 illius
2171 4754 2225 4807 in
2267 4760 2498 4820 utraque
2521 4757 2677 4819 parte
2718 4747 3034 4818 praevaleat,
3072 4753 3128 4797 ut
3186 4752 3240 4796 et
3291 4740 3478 4812 poenis.

1885 4848 2134 4904 tentibus
2175 4846 2380 4901 tribuat
2411 4841 2870 4906 misericordiam,
2907 4847 2961 4893 et
3024 4833 3483 4906 permanantibus,

1888 4940 1943 4995 iu
1974 4948 2200 5010 peccato
2230 4940 2418 4994 reddat
2471 4935 2738 5006 supplicia
2761 4948 2880 5003 quae
2939 4940 3241 4986 merentur.
3299 4925 3471 4988 Juxta

1888 5033 2033 5102 quod
2061 5040 2116 5087 et
2151 5031 2204 5086 in
2233 5031 2339 5086 alio
2398 5031 2520 5084 loco
2588 5031 2697 5082 duo
2744 5031 3104 5080 occurrerunt
3137 5017 3466 5087 Jerusalem,

1888 5139 2008 5194 qua:
2034 5123 2243 5193 singula
2277 5123 2408 5178 bina
2433 5120 2654 5176 habent.
2676 5116 2907 5173 Ruinam
2929 5113 3098 5179 enim,
3161 5114 3276 5166 sive
3305 5109 3472 5172 vastis.

1890 5227 2062 5278 tatem
2093 5217 2347 5288 sequitur
2365 5214 2623 5272 contritio
2657 5227 2674 5269 ι
2715 5210 2914 5265 {atnem
2937 5217 2989 5265 et
3017 5205 3254 5276 gladium
3280 5202 3472 5262 interi.

1889 5414 2120 5476 ﬁrmari,
2157 5426 2393 5480 eamque
2440 5425 2624 5465 vocem
2648 5407 2798 5480 apud
2855 5405 3078 5462 Graecos
3104 5403 3472 5480 interpretes

1886 5488 2086 5550 sarpius
2107 5474 2434 5538 occurrere.
2477 5474 2764 5551 Signiﬁcat
2793 5474 3281 5551 veroexsorbuisti.

1961 5543 1982 5587 ⁵
2016 5555 2212 5610 Verius
2245 5553 2299 5606 in
2326 5568 2432 5607 uno
2456 5543 2736 5615 Auibros.,
2761 5548 2975 5619 quodin
2999 5547 3202 5618 psalmo
3227 5543 3472 5619 canitur:

1885 5625 2083 5692 Semel,
2119 5633 2223 5680 etc.
2259 5623 2485 5695 Reliqua
2520 5638 2586 5679 ex
2616 5615 2866 5694 margine
2900 5621 2952 5674 in
2999 5615 3209 5677 textum
3243 5615 3475 5686 πτερω.

1888 5697 2015 5753 rint.
