3856 6172
69 271 74 276 ’
111 274 200 342 513

626 271 1123 332 COMMENTAR.
1172 268 1258 328 1M
1306 268 1573 330 ISAHM
1619 272 1683 330 Pl

1799 273 2078 331 ἨΕΤΑΜ
2124 274 2268 332 Lill.
2314 274 2443 332 XIV
2513 275 2671 334 CAP.
2724 274 2850 335 ιιι.

3253 272 3358 338 514

106 386 406 444 tradendum
434 385 490 440 in
526 383 781 437 manibus
815 395 1030 447 eorum,
1070 381 1162 449 qui
1202 397 1323 436 eam
1356 380 1674 436 ltumiliavc-
1704 387 1750 445 Α
1781 397 1964 436 sensus
2005 383 2202 450 templo
2228 382 2324 437 Dei
2375 401 2491 437 cum
2543 383 2700 438 idolis
2725 381 2812 451 (II
2847 383 2968 439 Cor.
3001 398 3075 447 vr,
3115 385 3204 449 14,
3237 383 3368 456 is)?

104 491 226 537 rant.
259 477 415 533 Haud
446 476 673 532 dubium
708 474 841 546 quin
873 474 1216 530 adversarias
1260 474 1530 544 signiticet
1576 488 1674 543 po-

106 581 330 636 testates,
365 584 483 639 quae
522 569 784 624 dixerunt
815 567 1010 622 anima:
1048 567 1196 623 illius
1223 584 1240 622 :
1273 570 1590 629 lncurvare,
1621 576 1675 620 ut

103 679 440 721 transeamus.
472 659 530 717 lu
561 677 669 732 quo
712 661 918 731 pariter
964 659 1359 734 adnotandum,
1391 660 1531 727 quod
1571 674 1675 712 non

101 775 202 816 caui
233 758 668 820 ineurvaverint,
688 768 787 808 nec
811 753 918 805 vim
946 751 1199 817 fecerint,
1227 760 1286 806 ut
1310 750 1464 822 prius
1492 761 1676 806 erecta

101 854 446 910 inclinaretur
476 851 529 905 in
561 859 760 904 terram
786 864 802 913 ;
845 847 939 902 scd
971 845 1192 917 proprio
1229 843 1453 898 arbitrio
1484 841 1680 898 derelio

98 945 324 1017 querint.
375 942 470 997 Illa
523 949 703 995 autem
750 938 915 1009 600
966 936 1246 992 voluntate
1292 949 1388 990 sua
1439 932 1681 1003 posuerit

100 1040 328 1093 cervices
359 1035 440 1090 vel
485 1037 738 1098 dorsum,
774 1035 889 1086 sive
922 1041 1094 1084 totum
1129 1043 1325 1096 corpus
1361 1043 1539 1092 suum,
1575 1042 1680 1079 non

102 1134 256 1198 intus,
299 1129 392 1184 sed
431 1128 586 1194 foris,
622 1125 704 1182 his
748 1123 842 1194 qui
886 1137 1004 1178 eam
1039 1119 1509 1176 conculcaverint.
1552 1117 1682 1171 Tale

101 1224 216 1295 quid
251 1233 308 1278 et
336 1223 392 1277 in
425 1219 716 1289 Evangelio
765 1217 992 1288 legimus
1040 1212 1193 1279 (Luc.
1239 1211 1382 1282 xm),
1421 1209 1548 1281 quia
1587 1211 1682 1264 tle-

99 1333 204 1372 cem
243 1325 298 1371 et
332 1324 456 1370 octo
484 1313 642 1368 armis
675 1311 910 1366 Satanas
955 1309 1340 1364 incurvaverat
1374 1303 1680 1368 mulierem,

98 1425 249 1480 quam
295 1407 560 1462 Dominus
622 1405 687 1459 ad
744 1413 944 1458 statum
1001 1400 1294 1470 pristinum
1346 1397 1564 1462 erexit,
1626 1404 1684 1448 ut

99 1511 277 1575 posset
309 1500 492 1556 dicere
528 1515 544 1553 :
579 1495 772 1552 Levavi
805 1495 986 1552 oculos
1020 1509 1160 1547 meos
1200 1493 1256 1545 in
1298 1500 1521 1557 montes,
1549 1489 1686 1542 unde

98 1597 256 1652 veniet
293 1592 558 1648 auxilium
582 1591 708 1644 ntihi
740 1587 915 1661 (Paul.
937 1603 1065 1651 cxx,
1101 1586 1178 1654 l);
1208 1593 1262 1640 et
1289 1602 1303 1638 :
1329 1584 1410 1638 Ad
1441 1592 1490 1637 te
1517 1581 1686 1636 levavi

97 1688 271 1743 oculos
303 1702 468 1749 meos,
496 1685 587 1754 qui
614 1682 824 1736 habitas
855 1682 909 1734 in
939 1678 1063 1734 caelo
1092 1677 1269 1744 (Psal.
1300 1691 1470 1742 cxxtt,
1503 1675 1577 1744 1).

164 1778 324 1852 (Cap.
361 1777 474 1832 Lll.
510 1806 579 1816 —
621 1757 782 1830 Vers.
823 1773 900 1838 l.)
954 1791 973 1824 ι
1018 1772 1332 1838 Consurgo,
1383 1781 1682 1838 consurge,

98 1873 322 1926 induere
357 1868 681 1924 lortitudine
716 1877 831 1932 tua,
867 1864 997 1920 Sion
1031 1881 1044 1917 :
1084 1863 1311 1917 induere
1348 1860 1686 1915 vestimentis

100 1965 284 2035 gloria:
334 1971 480 2030 tuae,
527 1959 836 2017 Jerusalem
887 1957 1083 2013 civitas
1128 1953 1357 2016 Sancti;
1406 1951 1532 2020 quia
1580 1965 1684 2005 non

98 2055 324 2127 adjiciet
370 2055 538 2119 ultra,
594 2063 654 2108 ut
699 2058 1043 2122 pertranseat
1094 2063 1189 2116 per
1243 2057 1294 2098 te
1339 2044 1688 2098 incircumcr-

100 2164 190 2204 sus
231 2158 294 2202 et
353 2147 687 2201 immundus.
737 2163 755 2196 ι
793 2140 938 2197 LXX
978 2155 994 2195 :
1029 2157 1047 2191 ι
1081 2137 1360 2206 Exsurge,
1421 2147 1685 2199 exsurge,

99 2246 148 2307 σέ-
181 2241 355 2295 Sion:
384 2240 428 2306 ,⁶
451 2239 679 2293 induere
707 2235 1028 2290 fortitudine
1059 2241 1170 2296 tua,
1197 2230 1354 2296 Sion,
1377 2239 1432 2283 et
1460 2228 1691 2282 induere

100 2333 270 2403 gloria
325 2342 442 2395 tua,
491 2327 792 2386 Jerusalem
839 2327 1034 2381 civitas
1075 2334 1308 2387 sancta;
1348 2334 1689 2388 nequaquam

101 2427 233 2480 ultra
281 2423 528 2493 adiiciet,
560 2429 618 2475 ut
661 2429 1008 2490 pertranseat
1050 2432 1149 2487 per
1183 2426 1235 2470 te
1267 2415 1693 2468 incircumcisus

99 2532 149 2574 et
178 2519 522 2572 immundus.
553 2533 573 2568 ι
605 2513 839 2568 Rursum
868 2522 920 2567 et
949 2513 1000 2566 in
1033 2512 1138 2566 hoc
1167 2509 1284 2564 loco
1313 2523 1509 2562 nomen
1537 2508 1690 2572 Sion,

101 2617 158 2663 ut
181 2607 442 2680 superius
468 2623 496 2660 a
531 2602 700 2670 LXX,
730 2605 978 2658 additum
1013 2610 1121 2668 est,
1157 2611 1210 2654 et
1245 2600 1449 2653 idcirco
1475 2598 1693 2669 jugula-

97 2711 210 2754 tum
244 2713 403 2752 veru.
430 2696 530 2751 Cui
561 2710 689 2765 ergo
717 2709 878 2764 supra
901 2695 1042 2762 (cap.
1069 2689 1254 2761 L517)
1285 2691 1500 2742 dixerat
1532 2705 1545 2742 :
1577 2685 1698 2740 Ele-

99 2806 237 2856 varc,
274 2789 502 2855 elevare,
537 2802 814 2857 consurge,
848 2783 1194 2846 Jerusalem;
1233 2797 1377 2835 nunc
1408 2781 1584 2834 eidem
1618 2779 1698 2832 lo-

94 2883 284 2951 quitur
321 2899 338 2934 :
385 2880 692 2946 Consurge,
751 2894 1044 2947 consurge,
1102 2877 1319 2928 induere
1385 2872 1700 2942 fortitudine

100 2987 214 3041 tua,
251 2974 412 3032 Sion.
467 2973 600 3040 Quae
650 2973 723 3028 sit
774 2987 956 3026 autem
1004 2970 1169 3034 Sion,
1225 2984 1460 3038 sequens
1511 2981 1700 3021 versus

1781 474 1914 540 Quae
1959 475 2203 544 quidem,
2243 489 2302 529 ut
2341 490 2616 544 exponere
2658 475 2950 544 coepimus,
2983 484 3038 530 et
3073 477 3139 531 ad
3173 478 3369 533 animae

1777 578 1978 623 statum
2028 568 2284 624 universa
2333 570 2669 623 referuntur.
2701 567 2857 634 Quod
2895 570 2941 623 si
2975 584 3072 638 per
3105 570 3370 638 pteniten-

1780 661 1908 717 tiam
1948 661 2239 730 pristinum
2283 662 2448 715 robur
2493 662 2787 730 receperit,
2821 670 3046 715 vocetur
3089 661 3371 716 habitacu-

1782 754 1890 807 lum
1943 753 2153 820 Sancti,
2194 763 2248 809 et
2295 754 2390 808 fiat
2440 754 2724 825 Templum
2777 753 2892 818 Dei,
2930 764 2986 808 et
3030 768 3371 824 nequaquam

1780 844 1937 917 601
1985 861 2080 914 per
2126 861 2246 902 eam
2290 845 2714 901 incircumcisus
2749 854 2803 901 et
2838 846 3149 900 immundus
3191 847 3375 914 λογισ-

1785 941 1886 1006 μός
1919 947 2186 994 transeat.
2216 938 2292 992 De
2321 939 2523 1006 quibus
2552 938 2758 992 dictum
2793 917 2916 992 est':
2943 937 3020 991 Ab
3053 938 3220 992 oculis
3248 939 3374 991 meis

1782 1034 1981 1088 munda
2013 1051 2114 1099 me,
2152 1033 2399 1094 Domine,
2435 1042 2482 1086 et
2521 1033 2584 1085 ab
2621 1031 2810 1086 alienis
2855 1047 3015 1100 parce
3058 1047 3206 1084 servo
3257 1039 3371 1084 tuo.

1784 1126 1843 1182 Si
1875 1129 1975 1180 mei
2015 1142 2117 1181 non
2148 1125 2347 1195 fuerint
2381 1125 2666 1189 dominati,
2695 1135 2820 1177 tunc
2846 1123 3224 1176 immaculalus
3258 1139 3375 1186 ero,

1783 1231 1832 1275 et
1878 1221 2204 1274 emundabor
2233 1236 2265 1272 a
2295 1216 2484 1272 delicto
2509 1218 2739 1270 maxime
2763 1215 2936 1286 (Psal.
2962 1229 3120 1279 xvttt,
3149 1215 3232 1278 l5,
3258 1215 3373 1282 14).

1783 1311 1976 1368 Omnia
2005 1325 2184 1366 autem
2221 1328 2345 1382 quae
2376 1310 2772 1379 premittuntur
2804 1308 2936 1363 Sion
2969 1318 3022 1362 et
3046 1306 3373 1368 Jerusalem,

1785 1421 1890 1459 non
1926 1414 1982 1460 ut
2014 1404 2187 1459 Jndmi
2219 1403 2495 1459 somniant
2531 1405 2599 1457 ad
2635 1401 2844 1472 la‘pides
2889 1401 3034 1454 illius
3071 1409 3126 1453 et
3159 1401 3377 1454 cineres

1786 1496 2116 1566 favillasque
2169 1497 2447 1560 dicuntur,
2487 1506 2546 1551 ut
2589 1497 2921 1550 instauretur
2973 1495 3024 1546 in
3083 1493 3374 1562 pristinum

1785 1601 1988 1646 statum
2033 1609 2046 1645 :
2096 1591 2193 1645 sed
2241 1593 2309 1643 ad
2354 1590 2612 1659 populum
2665 1587 2990 1653 Jerusalem,
3028 1589 3120 1658 qui
3172 1589 3377 1641 occidit

1789 1685 2103 1753 prophetas,
2145 1693 2200 1737 et
2242 1681 2500 1751 lapidavit
2533 1696 2651 1745 eos,
2681 1681 2770 1749 qui
2817 1681 2884 1733 ad
2927 1695 2987 1734 se
3030 1680 3182 1739 missi
3218 1690 3376 1733 erant

1789 1776 2010 1844 (Matth.
2044 1774 2224 1841 χχιιι),
2254 1784 2310 1828 et
2340 1774 2407 1826 ad
2433 1783 2739 1830 extremum
2771 1772 2934 1825 etiam
2968 1772 3020 1824 in
3055 1771 3152 1824 Dei-
3180 1771 3374 1824 Filium

1790 1870 1938 1922 misit
1983 1873 2202 1922 manus.
2239 1865 2341 1931 Qui
2375 1878 2641 1921 corruens
2677 1867 2728 1917 in
2768 1866 3024 1933 passione
3059 1861 3286 1926 Christi,
3321 1864 3374 1916 in

1795 1962 2208 2016 resurrectione
2261 1963 2405 2016 illius
2452 1960 2750 2015 suscitatus
2782 1968 2869 2014 est
2902 1975 2915 2012 :
2949 1960 3166 2027 quando
3209 1959 3378 2011 multa

1791 2053 1958 2106 millia
2011 2053 2362 2106 crediderunt
2411 2051 2478 2105 de
2528 2049 2768 2113 Jndmis,
2819 2059 2875 2104 et
2922 2049 3168 2117 reliquias
3217 2048 3381 2103 salva:

1791 2146 1951 2201 facta:
1977 2157 2124 2200 sunt.
2158 2142 2360 2199 Eadem
2389 2153 2445 2198 et
2476 2146 2542 2197 de
2573 2142 2817 2198 Ecclesia
2851 2157 3143 2211 possumus
3175 2143 3380 2207 dicere,

1794 2254 1916 2308 quae
1945 2239 2084 2292 visio
2116 2238 2268 2307 pacis
2298 2249 2352 2292 et
2383 2237 2627 2306 specula,
2654 2237 2697 2289 si
2729 2235 2782 2288 in
2810 2235 3058 2290 haeresim
3087 2237 3379 2299 corruerit,

1790 2331 2011 2400 jubetur
2034 2330 2186 2384 exire
2217 2338 2267 2383 et
2295 2327 2544 2397 pristina:
2573 2328 2694 2381 lidei
2725 2337 3045 2381 orna-menta
3079 2326 3380 2395 suscipere.

1795 2423 1862 2478 Et
1897 2423 1942 2476 si
1984 2421 2152 2476 luerit
2190 2421 2476 2484 suscitata,
2511 2419 2822 2473 sanctitatis
2857 2421 2906 2473 ei
2943 2431 2998 2472 et
3029 2419 3382 2473 continentia:

1796 2513 2020 2582 praemia
2084 2513 2512 2582 promittuntur,
2575 2522 2633 2566 ut
2697 2525 3044 2580 nequaquam
3107 2526 3203 2580 per
3260 2525 3382 2564 eam

1798 2615 2041 2660 transeat
2073 2605 2494 2659 incircumcisus
2527 2614 2580 2658 et
2601 2603 2954 2657 immundus.
2989 2602 3140 2668 Quod
3175 2617 3282 2657 non
3315 2602 3384 2656 ad

1797 2698 1983 2752 carnis
2012 2697 2384 2752 concisionem
2419 2705 2579 2765 atque
2610 2699 2956 2766 praeputium,
2990 2673 3090 2751 sed
3113 2696 3130 2726 ί
3163 2697 3229 2750 ad
3257 2710 3386 2764 ope-

1801 2805 1918 2844 rum
1954 2790 2375 2854 immunditiam,
2407 2790 2526 2843 sive
2570 2791 2892 2844 munditiam
2945 2788 3136 2844 referri
3180 2798 3382 2858 potest,

1800 2893 1860 2936 ut
1909 2883 2326 2938 ineircumcisos
2366 2897 2421 2940 et
2461 2884 2772 2939 immundos
2814 2897 3095 2946 vocemus,
3127 2881 3218 2950 qui
3263 2895 3386 2935 cor-

1802 2977 1950 3046 poris
1982 2976 2248 3046 voluptati
2281 2987 2336 3031 et
2367 2977 2576 3032 libidini
2608 2977 2874 3030 serviunt.
2901 2975 3146 3044 Denique
3175 2974 3241 3026 ad
3275 2973 3386 3028 cir-

94 3073 345 3126 ostendit
385 3087 398 3123 :
443 3068 671 3123 Induere
717 3065 1034 3121 vestimentis
1070 3063 1257 3135 gloria:
1315 3074 1440 3128 tum,
1473 3060 1683 3115 Jerusa-

1802 3069 2078 3124 cumcisos
2131 3083 2321 3134 carne,
2377 3085 2482 3123 non
2537 3071 2736 3138 spiritu
2781 3066 3025 3136 loquitur
3070 3063 3387 3120 Jeretoias:

97 3164 218 3217 lem.
263 3164 387 3219 lloc
415 3161 676 3225 diximus,
706 3171 766 3215 ut
792 3156 1094 3213 Jerusalem
1126 3169 1174 3209 et
1210 3156 1339 3210 Sion
1374 3171 1535 3207 unam
1571 3169 1696 3223 pro-

94 3256 293 3308 bemus
327 3253 551 3307 urbem.
582 3250 1012 3320 Praecipiturque
1047 3250 1118 3314 ei,
1148 3259 1207 3302 ut
1249 3247 1494 3315 lugubria
1527 3245 1693 3300 vesti-

96 3360 282 3403 menta
330 3347 595 3417 deponat,
624 3355 679 3400 et
720 3345 981 3400 induatur
1016 3342 1101 3395 his
1151 3355 1270 3410 qua:
1317 3341 1506 3393 habuit
1540 3353 1697 3393 ante-

91 3455 261 3510 quam
321 3439 537 3494 biberet
589 3437 658 3492 de
706 3451 870 3491 manu
926 3431 1140 3488 Domini
1190 3431 1415 3485 calicem
1467 3429 1693 3484 luroris.

91 3533 533 3603 Appellaturque
583 3529 778 3584 civitas
833 3524 1159 3587 sanctuarii,
1196 3524 1298 3578 hoc
1342 3525 1488 3577 enim
1538 3531 1696 3576 sonat

87 3642 262 3684 conss
299 3625 472 3713 (mp)
499 3633 722 3693 propter
751 3620 1038 3691 templum,
1067 3617 1211 3688 quod
1245 3617 1298 3670 in
1326 3631 1388 3670 ea
1419 3617 1695 3670 conditum

91 3721 214 3775 fuit.
249 3718 392 3773 Sive
414 3707 631 3781 Sancti,
661 3721 889 3784 propter
916 3711 1166 3780 notitiam
1200 3709 1294 3763 Dei
1329 3725 1344 3762 :
1376 3707 1455 3761 vel
1482 3718 1696 3771 saneta,

86 3815 220 3883 quia
260 3812 387 3869 sola
430 3811 482 3864 itt
516 3809 652 3864 orbe
687 3816 962 3862 terrarum
995 3811 1284 3872 acceperat
1313 3801 1511 3870 legem.
1546 3799 1700 3855 Unde

82 3919 140 3961 et
171 3916 308 3976 post
350 3901 809 3958 resurrectionem
841 3896 1145 3952 Salvatoris
1177 3903 1546 3964 apparuerunt
1576 3908 1698 3947 eor-

82 4013 226 4069 pora
292 4004 639 4053 mortuorum
695 3994 749 4047 in
799 3991 1020 4046 civitate
1069 4001 1280 4044 sancta.
1331 3988 1464 4053 Quae
1513 3987 1700 4056 utique

81 4100 332 4161 propter
368 4085 766 4158 blasphemiam
809 4093 864 4138 et
907 4084 1108 4138 missas
1153 4083 1206 4136 in
1251 4082 1534 4135 Dominum
1581 4095 1692 4133 ma-

84 4200 218 4250 nus,
248 4190 453 4238 sancta
487 4193 613 4235 esse
646 4193 755 4232 non
787 4185 999 4248 poterat
1031 4175 1248 4246 (Matth.
1289 4173 1480 4245 xxvu).
1517 4171 1702 4239 Quod-

79 4291 198 4344 que
240 4273 615 4344 promittitur,
647 4272 692 4325 si
744 4271 1046 4324 surrexerit
1079 4277 1199 4338 post
1245 4268 1483 4331 ruinam,
1528 4276 1582 4320 et
1619 4267 1702 4320 in-

82 4372 221 4421 duta
281 4364 459 4420 fuerit
508 4362 836 4418 fortitudine
879 4372 935 4416 et
975 4361 1144 4431 gloria
1198 4375 1318 4427 sua,
1359 4373 1699 4429 nequaquam

1803 3163 1998 3220 Omnes
2042 3173 2217 3229 gentes
2261 3163 2648 3216 incircumcisrc
2690 3177 2849 3215 carne
2877 3172 2996 3214 sunt
3029 3175 3047 3213 :
3076 3160 3173 3226 [ilii
3213 3169 3390 3214 autem

1799 3258 1973 3312 Israel
2020 3255 2374 3310 incircumcisi
2423 3265 2545 3308 sunt
2606 3253 2855 3306 cordibus
2893 3253 3002 3306 suis
3055 3252 3278 3322 (Jerem.
3315 3268 3388 3316 ιι,

1797 3349 1911 3418 126).
1945 3348 2012 3403 Et
2043 3350 2232 3402 beatus
2257 3346 2554 3415 Apostolus
2583 3348 2651 3398 de
2683 3345 2998 3412 virginitate
3024 3356 3078 3398 et
3106 3346 3394 3398 continen-

1801 3443 1872 3493 tia
1904 3455 1967 3494 ac
1999 3439 2206 3508 nuptiis
2248 3439 2554 3504 disputans.
2587 3437 2719 3505 jecit
2771 3437 2823 3489 in
2875 3437 3056 3489 medio
3095 3454 3110 3489 :
3155 3434 3394 3488 Circum-

1801 3535 1940 3587 cisus
1983 3532 2176 3601 aliquis
2219 3539 2429 3584 vocatus
2474 3540 2574 3593 est,
2613 3545 2717 3582 non
2769 3527 3002 3580 adducat
3046 3529 3390 3594 praeputium.

1803 3624 1870 3679 In
1900 3627 2159 3694 prwputio
2201 3633 2414 3676 vocatus
2456 3633 2557 3686 est,
2592 3636 2695 3673 non
2733 3617 3150 3673 circumcidatur
3185 3616 3238 3688 (Ι
3263 3617 3392 3672 Cor.

1802 3733 1898 3782 vu,
1936 3716 2052 3787 l8).
2095 3715 2250 3782 Quod
2299 3714 2435 3768 mihi
2489 3714 2704 3768 videtur
2752 3712 2873 3766 aliis
2923 3709 3108 3765 verbis
3157 3711 3392 3766 dicere:

1803 3812 2026 3879 Absque
2045 3824 2213 3864 uxore
2235 3821 2460 3863 vocatus
2499 3817 2603 3871 est,
2631 3818 2687 3861 et
2717 3803 3041 3869 crediderit,
3077 3818 3182 3858 non
3231 3803 3396 3858 ducat

1805 3918 2059 3960 uxorem.
2095 3902 2189 3956 Vel
2217 3915 2248 3955 e
2272 3900 2552 3955 contrario
2587 3917 2602 3953 :
2639 3900 2847 3952 habens
2884 3911 3134 3961 uxorem,
3158 3896 3210 3950 in
3238 3895 3396 3950 Chri-

1805 4006 1953 4049 stum
1987 3994 2242 4056 credidit,
2275 4007 2620 4060 nequaquam
2650 3991 2940 4045 divortium
2990 3989 3175 4044 faciat.
3220 3987 3392 4053 Quem

1803 4102 2048 4153 sensum,
2084 4101 2194 4141 non
2228 4086 2401 4141 solum
2437 4084 2490 4138 in
2526 4083 2943 4139 circumcisione
2980 4092 3035 4136 et
3075 4081 3128 4137 in
3173 4096 3391 4152 praepu-

1809 4181 1908 4248 tio,
1937 4180 2032 4234 sed
2065 4180 2118 4233 in
2151 4180 2404 4234 libertate
2431 4193 2495 4231 ac
2523 4177 2788 4232 servitute
2817 4176 3074 4238 custodit,
3103 4184 3161 4229 ut
3189 4175 3394 4231 liberos

1807 4283 1965 4329 vocet
2017 4273 2259 4343 virgines
2314 4281 2370 4324 et
2428 4271 2806 4334 continentes,
2854 4283 3042 4323 servos
3095 4268 3187 4337 qui
3239 4269 3398 4322 uxori

1807 4367 2051 4421 debitum
2105 4365 2359 4418 reddant.
2411 4362 2602 4432 Neque
2655 4367 2800 4418 enim
2855 4363 3138 4432 potestatis
3194 4370 3398 4417 nostra:

78 4463 236 4516 ultra
297 4459 666 4515 transiturum
708 4471 803 4526 per
837 4471 956 4510 eam
1008 4454 1452 4508 incircumcisum
1503 4464 1557 4506 et
1591 4454 1705 4518 .int-
1736 4457 1780 4512 ι)
1814 4468 1899 4514 cst
1933 4457 2259 4528 prmputium
2286 4456 2306 4486 ⁸
2340 4455 2504 4526 602
2552 4460 2822 4511 adducere
2863 4467 2985 4525 post
3019 4456 3399 4511 circumcisio-

82 4553 401 4616 mundum,
441 4551 546 4605 hoc
585 4549 875 4619 signiﬁcat,
913 4550 1054 4616 quod
1092 4553 1148 4600 et
1185 4545 1389 4598 Paulus
1429 4545 1705 4612 apostolus

77 4646 223 4698 dicit
275 4660 294 4697 :
346 4637 481 4706 Qua:
532 4640 877 4711 particrpatio
929 4638 1159 4706 justitiw
1205 4652 1326 4689 cunt
1381 4634 1708 4703 iniquitate?

80 4741 228 4805 Qui:
253 4740 498 4790 societas
527 4736 631 4788 luci
657 4735 726 4786 ad
751 4732 993 4786 tenebras
1015 4732 1038 4784 .7
1067 4729 1194 4794 Qua:
1219 4730 1488 4783 conventio
1509 4729 1704 4782 Christi

75 4839 149 4887 ad
188 4832 442 4888 Belial?
473 4828 605 4894 Qua:
649 4843 772 4897 pars
805 4826 951 4892 ﬁdeli
983 4841 1101 4877 cunt
1133 4822 1342 4890 infidele
1365 4823 1390 4875 Ρ
1417 4822 1548 4885 Quis
1582 4836 1705 4875 con-

159 4996 175 5026 ¹
219 4991 397 5047 Unus
429 4987 781 5042 Ambrosian.
812 4998 826 5038 :
863 4984 968 5039 Sed
987 4986 1054 5034 ad
1085 4982 1274 5034 anima:
1307 4979 1702 5032 immunditiam

71 5067 294 5133 referri
327 5069 518 5133 potest.

154 5141 178 5168 ³
218 5120 353 5186 Ars
385 5132 594 5184 scilicet
623 5127 926 5182 adducendi
957 5120 1204 5194 prreputii
1238 5120 1566 5190 Hieronymo
1597 5135 1702 5174 non

69 5213 386 5267 innotuit,
421 5204 563 5255 unde
594 5211 648 5253 et
681 5201 780 5253 hoc
815 5199 926 5251 ticri
962 5209 1119 5267 posse
1153 5195 1447 5267 inliciatur.
1479 5195 1706 5267 ctrltpo-

67 5278 214 5330 μιαιιὶ
283 5264 518 5325 sensum
574 5274 864 5336 detorquet
915 5269 964 5318 in
1015 5264 1352 5330 allegoriam.
1404 5265 1494 5314 Sic
1547 5264 1640 5314 lib.
1684 5277 1698 5315 ι

68 5360 292 5401 (aratra
321 5342 503 5395 Juviu.
532 5359 585 5395 ιι.
610 5339 701 5404 21,
726 5335 791 5392 de
813 5341 1240 5391 Cireuuictstone
1262 5335 1510 5404 loquens,
1539 5347 1699 5398 quant

70 5426 451 5484 τριιειινυιειι
483 5411 652 5466 Josue
684 5403 696 5462 ὲ
737 5429 754 5460 ι
789 5409 944 5472 Nam,
975 5409 1171 5474 inquit,
1201 5406 1244 5454 si
1277 5408 1428 5470 juxta
1461 5403 1700 5482 litteram

69 5476 222 5542 aliud
255 5485 606 5551 accipimus,
634 5485 849 5550 penitus
876 5492 1021 5551 stare
1051 5490 1161 5528 non
1187 5485 1387 5551 potest,
1424 5487 1528 5551 non
1554 5476 1696 5551 enim

63 5562 292 5613 cxi-ﬁsa
349 5544 602 5622 pellicula
635 5544 831 5605 iterum
867 5549 1127 5622 nascitur.
1159 5562 1178 5594 ι
1219 5545 1335 5596 Mox
1371 5545 1535 5622 etiam
1569 5544 1700 5622 illud

67 5634 240 5698 quod
288 5613 376 5678 né
418 5624 569 5698 Filiis
608 5621 878 5698 Tobiteuin
914 5618 1348 5698 lilachabzuorulnt
1383 5613 1534 5693 libris
1565 5616 1704 5667 scri-

67 5683 274 5762 tzizur,
313 5699 468 5766 quod
501 5696 734 5748 iecerint
761 5693 869 5766 sibi
893 5689 1258 5766 praeputia,_ut
1286 5683 1491 5766 Grmcis
1519 5695 1702 5766 esSent

63 5753 362 5836 similes;
394 5781 497 5822 non
533 5767 666 5823 satis
699 5781 822 5822 tera
859 5753 1304 5829 interpretatione
1333 5756 1512 5810 diluit.
1551 5753 1703 5810 losev

1816 4566 1963 4616 nem,
1992 4549 2144 4616 juxta
2191 4563 2285 4604 eos
2331 4552 2427 4618 qui
2474 4553 2526 4602 in
2575 4549 3008 4605 Macltabzeorum
3043 4551 3190 4605 libro
3210 4549 3402 4606 dicun-

1816 4651 1907 4698 tur
1932 4644 2034 4698 sibi
2063 4643 2256 4696 fecisse
2279 4643 2543 4712 pra-potia
2568 4657 2587 4696 ι
2613 4644 2758 4712 quod
2785 4644 2850 4698 de
2876 4644 3222 4698 nascentibus
3249 4641 3396 4703 liliis,

1815 4745 1868 4788 ct
1901 4749 2005 4787 non
2050 4733 2119 4786 de
2165 4732 2412 4800 patribus
2457 4731 2679 4787 dicitur.
2731 4735 2838 4786 Aut
2869 4733 2960 4804 qui
2999 4734 3138 4787 liber
3173 4740 3400 4786 vocatus

1815 4835 1918 4893 est,
1953 4826 2130 4895 magis
2172 4839 2364 4881 servus
2393 4837 2478 4882 est
2509 4826 2714 4882 Christi
2739 4826 2792 4897 (I
2816 4827 2966 4891 Con,
3000 4843 3094 4891 vn,
3123 4824 3240 4891 22),
3273 4839 3398 4879 cuin

1817 4989 1956 5055 phus
2000 4997 2206 5049 autem,
2240 4998 2433 5041 auctor
2475 4990 2840 5051 certissimus,
2871 4987 3178 5042 luculenter
3213 4988 3402 5052 tradit,

1816 5059 1960 5124 quod
1997 5056 2276 5112 Menealus
2319 5068 2372 5112 et
2408 5058 2592 5114 Tobia:
2649 5060 2740 5111 lilii
2788 5059 2853 5111 ad
2893 5061 3220 5112 Antiochum
3271 5076 3398 5128 pro-

1817 5129 1969 5198 iecti,
2023 5128 2132 5179 τῶν
2183 5130 2404 5182 αἰδοίων
2445 5129 2751 5198 περιτομὴν
2801 5128 3162 5197 ἀπεκάλυψαν
3214 5129 3288 5193 ὡς
3333 5132 3401 5182 ἂν

1815 5197 1928 5270 εἱεν
1977 5199 2072 5250 καὶ
2121 5200 2251 5270 περὶ
2299 5202 2564 5253 ἀπόδυσιν
2609 5197 2893 5266 Ἕλληνες.
2931 5198 3404 5254 Circmncisioncnr

1815 5268 2275 5334 adduxeruntfut
2324 5273 2484 5324 etiam
2534 5273 2662 5323 nudi
2707 5270 2909 5324 similes
2953 5271 3153 5324 Grrecis
3201 5281 3395 5324 essent.

1816 5337 1928 5419 .Nec
1979 5339 2078 5407 ipsi
2129 5339 2339 5419 Hehrzei
2390 5341 2706 5404 difﬁtentur,
2747 5341 2992 5419 quint‘jus
3025 5347 3162 5396 artis
3198 5344 3396 5396 Esaunt

1816 5412 2155 5462 inventorem
2195 5414 2415 5463 tradunt
2452 5426 2466 5464 :
2509 5423 2563 5463 ιιι
2598 5422 2806 5464 taceant
2838 5412 3126 5466 illustrium
3162 5415 3400 5466 medico-

1815 5495 1936 5551 rum
1957 5491 2089 5551 tum
2126 5491 2387 5551 veterum,
2426 5490 2554 5551 puta
2587 5484 2730 5536 Celsi
2769 5483 2840 5535 lth
2897 5499 2992 5545 \‘ll,
3023 5498 3143 5551 cap.
3171 5483 3265 5544 25,
3295 5482 3401 5537 Ga-

1813 5549 1919 5602 leui
1945 5549 2103 5601 Meth.
2141 5547 2276 5602 Med.
2307 5551 2398 5604 lib.
2426 5547 2535 5616 xiv,
2559 5567 2682 5620 cap.
2709 5554 2807 5620 10;
2837 5547 3166 5608 Dioscuridis
3191 5555 3283 5606 Iili.
3309 5569 3400 5619 tu,

1817 5635 1937 5692 cap.
1993 5619 2099 5685 5|,
2155 5630 2264 5672 tum
2325 5619 2688 5675 recentiorum
2749 5619 3099 5691 testimonia,
3159 5640 3277 5692 qua:
3334 5629 3406 5679 ad

1815 5688 2094 5744 laudatum
2148 5705 2211 5746 ex
2264 5691 2356 5748 lib.
2412 5704 2594 5747 contra
2648 5692 2829 5750 Jorin.
2884 5688 3402 5752 locum—adnotavi-

1817 5775 1960 5814 mus.
