3856 6172
393 232 493 297 519

1562 230 1624 290 8.
1663 227 1974 289 EUSEBH
2020 229 2459 291 HIERONYMI

3529 242 3614 305 520

394 347 634 417 relinquo
675 347 815 401 vobis
847 345 1033 417 (Joan.
1070 360 1176 409 HV,
1208 343 1324 413 27).
1358 343 1424 397 Et
1452 342 1799 396 annuntiavit
1823 340 1981 397 nobis
2008 355 2052 409 Α
2081 342 2285 397 dicitur
2315 340 2631 412 :Spcciosus
2659 342 2836 412 {arma
2872 360 2985 414 pro:
3010 345 3138 413 ﬁliis
3189 345 3449 400 liominunt
3471 346 3614 418 (Μαι.

396 439 556 505 bona,
596 455 701 493 non
744 454 866 507 qua:
897 456 925 493 ιι
965 435 1303 508 philosophis
1357 434 1704 506 appellantur
1750 433 1978 489 indide—

399 532 617 597 rentia;
666 533 764 586 sed
798 546 920 602 qua:
973 545 1102 585 vere
1151 530 1293 584 bona
1330 537 1483 593 sunt,
1531 542 1653 597 qua:
1694 526 1786 582 dat
1819 524 1982 580 Pater

396 625 705 695 petentibus
725 639 806 691 se,
834 625 885 678 id
919 634 1024 688 est,
1054 623 1472 694 omnesgratias
1509 622 1746 693 Spiritus
1779 610 1978 678 sant-ti.

400 716 641 788 Denique
687 716 826 771 alter
867 716 1202 786 erangelista
1247 716 1300 769 in
1344 716 1536 769 eodem
1574 715 1697 769 loco
1736 714 1930 768 scribit
1963 727 1978 767 :

396 807 606 874 Quanto
631 812 798 878 magis
821 807 990 861 Pater
1010 817 1179 862 vester
1207 807 1299 877 qui
1316 814 1391 860 est
1413 805 1467 859 in
1494 805 1664 869 caelis,
1690 804 1834 857 dabit
1857 801 1979 869 Spi-

399 904 559 956 ri’um
586 912 830 954 sanctum
867 901 1160 971 petentibus
1187 916 1241 955 sc
1268 898 1423 971 (Luc.
1449 898 1668 966 initi)?
1687 896 1814 952 Haec
1842 896 1981 950 bona

397 1009 520 1064 quae
560 995 913 1048 credentibus
967 993 1233 1048 Dominus
1288 992 1624 1060 pollicetur:
1662 989 1857 1044 Audite
1905 1004 1984 1042 me

398 1098 445 1138 et
498 1085 771 1141 comedetis
822 1086 1005 1152 bona;
1039 1092 1087 1138 et
1135 1082 1485 1137 delectabitur
1522 1083 1577 1135 in
1615 1082 1763 1136 bonis
1800 1081 1984 1134 aninta

400 1192 611 1239 vestra;
666 1187 720 1231 et
755 1192 861 1231 non
894 1176 1070 1230 solum
1113 1175 1283 1239 bona,
1314 1175 1407 1229 sed
1448 1174 1680 1229 salutem
1732 1172 1987 1227 omnibus

403 1266 699 1329 nuntiavit,
752 1280 916 1336 quam
971 1267 1085 1335 ipse
1134 1265 1366 1333 praebuit
1409 1264 1500 1334 qui
1542 1263 1677 1318 dicit
1715 1263 1874 1326 Sion,
1931 1262 1985 1316 id

403 1370 509 1424 est,
559 1358 817 1413 Ecclesiae
846 1374 865 1423 ;
899 1357 1153 1428 Regnabit
1190 1354 1300 1429 [ΑΙ.
1344 1355 1622 1428 Regnatit]
1675 1355 1817 1409 Deus
1841 1364 1984 1409 tuus.

405 1442 557 1502 Unde
597 1457 649 1503 et
685 1450 975 1518 Apostolus
1006 1446 1248 1516 loquitur
1284 1448 1350 1500 ad
1376 1456 1636 1503 sanctos:
1664 1445 1785 1500 Non
1811 1455 1985 1515 regnet

402 1550 676 1607 peccatum
708 1540 763 1593 in
790 1548 961 1593 vestro
994 1537 1212 1592 mortali
1232 1552 1473 1606 carpore,
1506 1548 1560 1591 ut
1594 1536 1853 1591 obcdiatis
1892 1537 1987 1591 de—

401 1633 614 1686 sideriis
643 1633 757 1701 ejus
791 1630 963 1699 (Rom.
1007 1646 1082 1695 vt,
1112 1630 1224 1702 12).
1256 1629 1322 1684 Ει
1348 1630 1415 1685 de
1440 1629 1825 1698 peccatoribus
1854 1628 1990 1685 scri-

2087 432 2307 500 xuv,5)
2352 432 2503 502 (quid
2535 434 2680 488 enim
2723 434 3003 503 pulchrius
3031 451 3193 504 quam
3237 445 3294 490 ut
3323 437 3483 490 turma
3504 440 3619 493 servi

2084 525 2241 579 licret
2271 524 2447 580 forma
2470 524 2662 593 Dei,et
2691 527 2904 583 sederet
2927 536 2983 584 et
3018 542 3276 599 regnaret
3306 542 3423 583 cum
3439 528 3621 586 Christo

2084 617 2139 671 in
2164 616 2866 691 rmlestihus?)putestdipa
2908 623 3209 677 secundum
3250 621 3623 692 Grmliugua

2085 708 2431 764 latitudinem
2489 726 2618 764 cura
2674 711 2807 776 dici,
2847 723 2905 768 et
2959 714 3292 780 sollicitudo,
3337 715 3485 784 juxta
3519 718 3624 771 illud

2085 802 2229 869 quod
2267 797 2502 855 Sanctus
2535 801 2612 855 ait
2651 818 2666 857 ;
2702 801 2754 856 Μ
2766 803 3085 875 ultiplirabis
3111 821 3196 860 me
3235 807 3289 860 in
3320 808 3483 860 animo
3514 824 3625 867 meo.

2085 890 2140 943 in
2178 891 2367 944 virtute
2409 900 2502 946 tua
2526 891 2702 963 (Psal.
2731 907 2978 960 cxsrvtt,
3012 895 3092 965 3).
3146 895 3254 950 Pro
3287 898 3626 966 multiplicabis

2088 996 2188 1041 me,
2230 979 2284 1033 itt
2320 979 2513 1037 Graeco
2566 982 2771 1038 dicitur
2807 985 3191 1056 πολυωρήσεις
3247 1003 3338 1055 με,
3383 988 3511 1057 quod
3541 998 3624 1051 cst,

2088 1070 2255 1124 multa
2282 1088 2409 1125 cura
2453 1082 2503 1126 et
2559 1074 2917 1130 sollicitudine
2950 1093 3031 1129 me
3068 1079 3288 1146 dignum
3323 1078 3536 1131 habebis.
3568 1079 3627 1133 Et

2090 1164 2214 1217 alibi
2265 1165 2617 1221 :Sccundnm
2677 1168 3016 1222 altitudinem
3065 1181 3215 1224 tuam
3274 1168 3627 1240 ἐπολυώρησες

2089 1256 2228 1325 ﬁlios
2254 1258 2524 1312 hominum
2549 1259 2722 1329 (Psul.
2748 1276 2824 1323 λι.
2850 1260 2904 1331 9)
2928 1276 2944 1315 :
2966 1262 3111 1331 quod
3135 1263 3259 1317 aliis
3279 1264 3454 1317 verbis
3475 1262 3629 1318 Graec

2089 1349 2311 1408 dicitur.
2350 1350 2557 1420 πολλῆς
2595 1350 2745 1421 ὥρας
2777 1353 2817 1417 ¹,
2848 1354 2995 1407 τοῦτ’
3027 1353 3173 1418 εστι,
3198 1354 3472 1423 (praevelox
3498 1354 3629 1424 ὴξῖωο

2090 1457 2212 1504 σας.
2263 1440 2371 1499 Sed
2422 1443 2538 1499 hinc
2589 1443 2859 1513 superﬂua
2914 1456 3086 1511 sunt;
3146 1455 3207 1500 ut
3240 1445 3461 1514 speciosi
3493 1447 3630 1517 magis

2093 1536 2263 1606 pedes
2320 1535 2529 1591 Christi
2565 1537 2651 1591 vel
2708 1538 3093 1605 Apostolorum
3137 1539 3458 1609 accipiendi,
3494 1539 3628 1607 quod.

2092 1636 2292 1696 prmter
2333 1626 2711 1697 Septuaginta,
2743 1644 2936 1685 omnes
2964 1631 3227 1686 similiter
3260 1632 3628 1698 transtulerunt,

405 1729 573 1780 beus:
598 1725 762 1788 Mors,
790 1725 991 1792 inquit,
1017 1723 1256 1794 regnavit
1280 1722 1345 1775 ab
1368 1723 1541 1775 Adam
1573 1737 1734 1790 usque
1749 1721 1818 1774 ad
1848 1719 2000 1790 Moy-
2030 1730 2070 1786 Β
2100 1720 2270 1777 Paulo
2304 1735 2493 1776 eorum
2530 1722 3037 1791 interpretationem
3071 1725 3360 1793 probante.

399 1835 489 1872 seu
523 1817 697 1889 (Rom.
729 1831 782 1881 v,
834 1816 944 1885 ιι).
989 1814 1253 1884 Quodque
1293 1814 1544 1885 sequitur
1583 1829 1600 1869 :
1651 1814 1761 1868 Vox
1803 1828 1993 1882 specu-

404 1908 662 1973 latorum,
686 1909 800 1963 sive
820 1910 1098 1961 custodum
1127 1918 1366 1966 tuorum.
1391 1905 1675 1975 apostolos
1699 1904 1991 1976 signiﬁcat,

405 2003 474 2058 de
517 2005 716 2074 quibus
751 2010 808 2058 et
843 2004 896 2056 in
937 2002 1046 2057 alio
1080 2001 1198 2057 loco
1243 2000 1445 2071 (Infra,
1479 2017 1615 2066 uti,
1650 2001 1706 2070 6)
1784 2001 1856 2053 ad
1894 1999 1996 2055 Ec-

408 2088 920 2162 clesiam'loquitur
954 2094 1097 2148 Deus
1138 2110 1153 2149 :
1188 2092 1359 2162 Super
1387 2110 1566 2147 muros
1599 2103 1715 2148 tuos
1744 2092 1996 2146 constitui

405 2185 668 2249 custodes,
705 2187 795 2256 qui
842 2201 1113 2255 nunquam
1182 2188 1451 2257 tacebunt,
1500 2184 1856 2240 recordantes
1888 2182 1995 2238 Do-

408 2284 564 2346 mini,
588 2284 678 2349 qui
705 2279 1024 2334 exultabant
1059 2293 1245 2333 vocem
1283 2280 1348 2332 de
1377 2278 1704 2332 sublimibus
1727 2276 1999 2331 disseren-

409 2384 510 2428 tcs.
533 2373 688 2429 Unde
714 2373 909 2427 dicitur
930 2362 1003 2425 ad
1016 2387 1110 2427 eos
1126 2371 1349 2441 (Supra,
1369 2386 1455 2436 rt,
1472 2370 1527 2440 9)
1550 2386 1566 2428 :
1586 2370 1757 2439 Super
1771 2377 1997 2423 montem

412 2466 677 2520 excelsum
728 2464 954 2519 ascende
1002 2464 1092 2533 qui
1134 2462 1464 2533 evungclizas
1508 2462 1659 2518 Sion.
1691 2459 1894 2520 Exalta
1940 2462 1995 2515 in

407 2559 724 2632 fortitudine
761 2573 936 2613 vocem
982 2568 1127 2610 tuant
1174 2559 1265 2626 qui
1305 2556 1638 2626 euangelizas
1674 2553 1995 2609 Jerusalem.

412 2652 501 2707 Isti
522 2667 633 2721 part
661 2649 826 2705 Deum
856 2663 990 2704 voce
1020 2648 1415 2715 laudabunt,et
1440 2649 1617 2705 oculis
1648 2647 1907 2702 videbunt
1933 2647 1997 2700 ad

410 2740 619 2796 oculos.
648 2739 801 2806 Quod
829 2739 949 2795 aliis
975 2740 1154 2794 verbis
1188 2735 1488 2809 Apostolus
1522 2739 1654 2794 dicit
1686 2751 1702 2794 :
1737 2735 1902 2791 Facie
1927 2739 1997 2789 ad

414 2834 606 2903 {aciem
635 2832 682 2902 (1
705 2831 831 2887 Cor.
855 2847 976 2896 xm,
1000 2831 1088 2900 12)
1111 2849 1126 2899 ;
1146 2831 1365 2901 quando
1381 2829 1616 2886 Sanctus
1640 2829 1790 2885 canit
1809 2843 1825 2882 :
1845 2828 1998 2883 Oculi

413 2928 514 2981 mei
538 2941 755 2997 ,semper
788 2925 857 2978 ad
896 2924 1181 2979 Dominum
1229 2923 1401 2990 (Psal.
1437 2938 1586 2989 χχιιι,
1625 2921 1736 2992 i5).
1784 2922 1885 2988 Et;
1919 2919 2000 2975 Ad

417 3030 465 3073 te
486 3018 649 3073 levavi
673 3019 850 3072 oculos
875 3034 1013 3072 meos
1034 3006 1356 3086 quiltubitas
1399 3016 1450 3067 in
1485 3014 1616 3069 cazlo
1636 3011 1811 3083 (Psal.
1831 3028 1996 3075 cxxn,

419 3114 494 3183 1).
518 3112 583 3166 Ει
621 3110 880 3165 Dominus
934 3109 1286 3180 respondebit
1314 3110 1405 3166 ei;
1439 3107 1591 3164 Oculi
1620 3108 1758 3162 enim
1787 3105 1999 3160 Domini

418 3221 573 3274 super
588 3204 790 3273 justas,
821 3214 869 3256 et
894 3219 1046 3257 aures
1081 3200 1225 3256 illius
1259 3202 1315 3256 in
1362 3216 1567 3269 precem
1607 3216 1789 3254 eorum
1817 3196 1993 3266 (Psal.

418 3311 614 3359 sunt,
656 3295 767 3363 l6).
820 3292 932 3348 [loc
977 3294 1122 3364 quod
1170 3293 1527 3362 Septuaginta
1576 3292 1994 3353 transtulerunt,

420 3389 560 3442 sicut
586 3387 729 3456 ὦρι,
755 3386 803 3439 id
833 3396 934 3448 est,
961 3388 1092 3438 liora
1130 3400 1286 3453 super
1313 3392 1512 3436 montes
1534 3397 1562 3451 _:
1593 3376 1667 3435 sic
1703 3379 1815 3452 [ΑΙ.
1841 3375 2000 3451 sicut]

415 3480 567 3548 pedes
587 3478 991 3549 evungelisantis
1021 3476 1187 3548 608
1216 3476 1454 3549 auditum
1486 3475 1655 3542 pacis,
1690 3484 1740 3525 ct
1767 3471 1997 3540 reliqua.

419 3576 615 3630 l’aulus
652 3587 890 3644 sequens
926 3587 1146 3628 sensum
1197 3548 1478 3623 Hebraicis:
1539 3566 1808 3630 veritatis,
1847 3565 2000 3635 ponit

417 3670 472 3724 in
500 3667 736 3736 Epistula
766 3668 831 3720 ad
855 3665 1131 3719 Romanos
1160 3678 1174 3717 :
1212 3663 1385 3729 Quum
1412 3661 1636 3730 speciosi
1665 3660 1818 3729 pedes
1844 3672 2001 3711 evan-

417 3760 757 3829 gelisuntiunt
789 3758 945 3822 bona,
993 3756 1466 3826 euangelizandum
1515 3768 1693 3821 pacem
1729 3749 1909 3822 (Rom.
1942 3764 1998 3812 ς,

418 3856 506 3924 lii)
540 3869 558 3916 ,'
601 3851 892 3924 ApOstolus
932 3850 1161 3919 intelligi
1201 3848 1411 3912 volens,
1466 3858 1701 3915 quorum
1737 3842 2001 3897 Dominus

421 3947 553 4003 lavit
590 3948 757 4017 pedes
808 3943 990 4015 (Joan.
1032 3944 1180 4012 xui).
1232 3951 1291 3997 ut
1341 3939 1528 3995 tuundi
1571 3948 1625 3993 ct
1663 3937 1872 4007 pulchri
1911 3949 1999 3990 cs-

421 4048 543 4094 sent
569 4037 635 4093 ad
671 4038 1099 4108 pra-dicandum,
1134 4045 1192 4088 et
1220 4035 1274 4089 in
1305 4040 1421 4087 toto
1444 4031 1576 4087 orbe
1606 4031 1999 4093 discurrerent,

423 4131 683 4197 brevique
711 4126 957 4182 doctrina
984 4123 1194 4180 Christi
1227 4123 1512 4192 implerent
1537 4120 1822 4174 mundum.
1858 4119 2001 4187 Ὦρα

423 4230 625 4286 autent,
682 4221 733 4274 id
768 4230 885 4281 est,
921 4220 1073 4284 ltOt’a,
1104 4217 1259 4288 juxta
1295 4215 1676 4285 Septuaginta,
1716 4224 1770 4268 et
1828 4213 2002 4266 ambi-

421 4313 680 4377 guitatem
735 4311 1005 4366 sermonis
1057 4308 1253 4376 Graeci,
1308 4316 1402 4362 aut
1456 4318 1655 4373 tempus
1708 4301 2000 4374 signiticet,

2026 3072 2070 3128 C

2166 1813 2349 1884 (Vers.
2371 1813 2427 1878 9,
2453 1812 2566 1883 £0.)
2603 1832 2622 1865 ι
2647 1813 2887 1870 Gaudete
2911 1822 2966 1870 ct
2995 1815 3219 1870 laudate
3249 1815 3427 1876 simul,
3454 1815 3628 1868 deserta

2093 1905 2424 1969 Jerusalem,
2453 1908 2583 1976 quia
2635 1907 2950 1964 consolatus
2982 1917 3066 1964 est
3097 1910 3367 1963 Dominus
3419 1909 3626 1978 populum

2098 2016 2296 2057 suum:
2324 2002 2556 2056 redemit
2593 1999 2923 2057 Jerusalem.
2969 2001 3195 2057 Paravit
3244 1997 3489 2058 Dominus
3533 2003 3629 2056 bra-

2096 2092 2277 2144 chium
2307 2099 2556 2145 sanctum
2588 2106 2749 2145 suum
2801 2093 2856 2146 in
2894 2092 3067 2148 oculis
3097 2094 3347 2147 omnium
3386 2095 3627 2162 gentium:

2097 2191 2152 2239 et
2176 2182 2433 2255 videbunt
2458 2197 2649 2237 Omnes
2677 2183 2813 2237 lines
2837 2194 2995 2240 terrae
3017 2190 3264 2240 salutare
3294 2185 3388 2240 Dei
3421 2183 3586 2238 nostri.
3609 2201 3625 2235 ι

2096 2272 2278 2331 LXX:
2316 2292 2336 2326 ι
2373 2273 2679 2343 Erumpunt
2710 2272 2955 2328 lwtitiunt
2991 2275 3158 2329 simul
3189 2277 3397 2329 deserta
3446 2272 3629 2328 Jerusa-

2099 2368 2229 2429 lem,
2259 2368 2385 2435 quia
2404 2349 2679 2420 'misertus
2704 2378 2788 2420 est
2817 2367 3080 2422 Dominus
3106 2367 3326 2438 ejus,et
3350 2366 3481 2422 emit
3501 2364 3627 2420 Jeru-

2098 2457 2290 2512 salem.
2322 2456 2602 2512 Rcvelabit
2633 2457 2895 2515 Dominus
2928 2460 3216 2514 brachium
3242 2468 3476 2513 sanctum
3502 2472 3625 2510 suum

2099 2553 2155 2606 in
2176 2560 2474 2621 conspectu
2498 2561 2820 2607 ctuictarum
2844 2553 3107 2623 gentium.
3138 2552 3308 2623 609
3332 2551 3397 2606 Et
3419 2549 3626 2605 videbunt

2097 2658 2288 2698 omnes
2322 2645 2460 2697 lines
2502 2654 2662 2699 terra
2691 2644 2928 2698 salutare
2956 2642 3057 2698 Dei
3112 2648 3318 2699 nostri.
3349 2661 3375 2696 ι
3409 2642 3555 2696 Docto
3581 2639 3623 2693 in

2097 2739 2469 2808 Captivitatem
2510 2738 2710 2810 populo
2741 2738 3074 2806 Judacorum,
3132 2750 3187 2794 et
3226 2740 3359 2794 urbe
3388 2748 3621 2795 succensa.

2100 2842 2195 2886 aut
2227 2846 2387 2887 rarus
2417 2843 2537 2886 erat
2572 2831 2624 2886 in
2655 2830 2983 2897 Jerusalem,
3034 2841 3131 2886 aut
3169 2831 3352 2886 nullus
3379 2831 3623 2885 habitator.

2101 2923 2399 2995 Postquam
2426 2934 2609 2979 autem
2638 2927 2728 2994 qui
2760 2926 2911 2995 prius
2943 2925 3271 2993 loquebatur
3294 2927 3343 2977 iu
3375 2921 3622 2994 prophetis,

2100 3030 2157 3073 et
2190 3031 2308 3073 erat
2339 3019 2394 3074 in
2432 3019 2699 3089 principio
2724 3021 2863 3090 apud
2894 3019 3088 3086 Deum,
3129 3018 3275 3073 Deus
3308 3020 3519 3072 Verbum
3548 3018 3623 3070 ba-
3678 3000 3687 3001 ί

2105 3113 2381 3169 hitavit-in
2413 3113 2590 3177 nobis,
2621 3121 2674 3166 et
2702 3127 2833 3167 caro
2855 3112 3029 3166 lactus
3058 3123 3169 3177 est,
3220 3112 3501 3168 instaurata
3529 3117 3625 3164 sunt

2102 3205 2318 3260 deserta
2352 3203 2695 3271 Jerusalem;
2741 3214 2793 3259 et
2831 3208 2978 3260 venit
3007 3206 3093 3266 ille
3127 3204 3198 3260 de
3250 3221 3361 3276 quo
3414 3203 3623 3272 scriptum

2100 3307 2187 3352 est
2212 3315 2227 3351 :
2256 3295 2356 3351 Hic
2391 3298 2672 3365 mdi/icabit
2701 3299 2967 3351 civitatem
3014 3311 3208 3354 meam.
3245 3309 3293 3351 et
3323 3296 3625 3365 captivitatem

2102 3391 2283 3459 populi
2312 3392 2414 3443 mei
2454 3390 2699 3455 reducet;
2754 3401 2813 3442 ut
2876 3406 3225 3460 nequaquam
3281 3392 3539 3460 plangatur
3573 3385 3624 3435 alt

2101 3480 2369 3535 Jeretnia:
2395 3480 2668 3546 Quomodo
2690 3484 2829 3536 sedet
2860 3482 2977 3536 sola
2999 3484 3194 3536 civitas
3227 3494 3343 3553 qua
3357 3490 3460 3535 erat
3506 3478 3623 3545 plena

2102 3573 2342 3642 populis:
2367 3573 2513 3644 facta
2543 3585 2620 3628 est
2647 3576 2799 3645 quasi
2831 3577 2989 3629 vidua
3023 3591 3143 3647 qum
3180 3590 3292 3630 erat
3322 3573 3623 3640 multiplicato

2103 3665 2157 3717 in
2179 3664 2416 3732 gentibus
2440 3662 2654 3735 (Turcn.
2680 3681 2720 3728 ι,
2747 3666 2796 3729 l)
2818 3680 2835 3732 ;
2862 3666 2954 3718 scd
2979 3666 3171 3721 audiat
3195 3665 3354 3719 David
3372 3673 3621 3720 canentem,

2104 3753 2173 3808 In
2191 3755 2537 3808 convertenda
2572 3756 2829 3809 Dominus
2862 3758 3225 3826 captivitatem
3254 3755 3399 3821 Sion,
3428 3753 3536 3823 facti
3557 3766 3625 3804 ιιι

2103 3862 2221 3900 ntus
2241 3857 2491 3916 tanquam
2513 3847 2959 3917 consolatill’sol.
2985 3863 3148 3911 cxxv,
3176 3849 3253 3918 i).
3273 3848 3332 3902 Et
3357 3853 3464 3916 post
3478 3841 3626 3912 paulu.

2104 3935 2319 3993 lusz
2324 3939 2429 3991 acti
2450 3954 2634 3992 sumus
2659 3937 2901 3994 lwtantes
2944 3939 3106 4010 (Ibid.
3143 3940 3225 4009 4).
3253 3940 3317 3993 Et
3354 3950 3408 3992 ut
3432 3939 3624 3994 sciamus

2105 4046 2452 4101 nequaquam
2489 4031 2602 4085 haec
2632 4030 2738 4087 dici
2769 4034 2837 4087 de
2871 4033 3069 4103 populo
3113 4031 3443 4095 Iudaeorum,
3472 4026 3551 4083 sed
3575 4027 3626 4078 de

2103 4127 2360 4181 omnibus
2393 4128 2483 4196 qui
2524 4142 2622 4195 per
2654 4130 2934 4193 apostolos
2973 4128 3026 4182 iu
3081 4128 3366 4183 Dominum
3413 4119 3625 4179 credituri

2103 4229 2249 4285 ευπι»
2287 4220 2438 4288 ponit
2461 4231 2517 4273 et
2549 4220 2722 4274 dicit:
2777 4221 2869 4287 qui
2902 4221 3221 4276 consolatus
3274 4230 3356 4275 est
3385 4232 3515 4280 eam,
3538 4216 3625 4267 sive

2105 4314 2365 4367 misertus
2395 4320 2479 4367 est
2498 4312 2640 4381 ejus,
2668 4323 2725 4366 et
2754 4315 2844 4381 qui
2868 4314 3116 4368 eruitch
3148 4313 3371 4369 redemit
3391 4326 3515 4372 eam,
3540 4307 3626 4373 ipse

426 4416 518 4458 aut
541 4402 1007 4472 pulchritudinem.
1033 4401 1089 4455 Si
1120 4411 1355 4471 tempus,
1389 4398 1465 4453 illi
1497 4396 1776 4467 optabitur
1806 4409 1822 4449 :
1853 4392 2002 4446 Tem-
2030 4410 2081 4470 ι)
2112 4407 2320 4473 paravit
2346 4405 2459 4459 sive
2488 4405 2753 4460 revelavit
2787 4406 3068 4460 brachium
3108 4417 3355 4461 sanctum
3383 4415 3541 4460 suum,
3584 4396 3624 4448 in

424 4513 550 4567 pore
604 4506 901 4564 opportuno
934 4493 1113 4549 audivi
1158 4502 1228 4557 te,
1261 4503 1310 4544 et
1343 4492 1398 4544 in
1426 4491 1535 4543 dies
1567 4489 1758 4543 salutis
1787 4486 2006 4555 adjutor

424 4591 501 4644 tui
532 4586 610 4659 [ui
643 4585 780 4658 (Ιιιιι.
810 4602 952 4653 XLIX,
994 4586 1073 4653 8).
1126 4581 1278 4638 Unde
1311 4583 1469 4638 infert
1498 4581 1789 4649 Apostolus
1820 4594 1835 4635 :
1873 4577 2008 4631 Ecce

429 4698 564 4735 nunc
611 4691 815 4749 tempus
867 4674 1188 4744 acceptabile
1230 4690 1248 4739 ;
1303 4691 1415 4728 ecce
1469 4673 1767 4727 uunrdics
1818 4670 2008 4724 salutis

427 4771 510 4845 χΙΙ
552 4770 678 4826 Cor.
714 4788 790 4838 vt,
824 4769 905 4841 Ξ).
942 4770 1258 4839 Opportnno
1290 4772 1435 4821 enim
1471 4778 1711 4835 tempore
1744 4780 1843 4834 pro
1871 4777 2007 4816 cun-

427 4868 529 4920 etis
558 4868 874 4934 sanguinem
898 4862 1037 4917 ludit
1056 4903 1070 4927 ,
1100 4863 1319 4930 quando
1343 4875 1535 4914 omnes
1572 4858 2006 4922 declinaverunt,

427 4959 588 5012 simul
625 4957 840 5011 inutiles
869 4958 996 5010 lacti
1034 4964 1210 5007 erant.
1239 4950 1354 5005 Non
1395 4962 1513 5005 erat
1551 4950 1643 5018 qui
1675 4950 1876 5003 faceret
1910 4949 2006 5000 bo-

431 5068 579 5113 nutn,
609 5067 713 5104 non
746 5063 864 5104 crat
902 5063 1073 5117 usque
1105 5050 1172 5101 ad
1209 5063 1373 5099 unum
1403 5043 1577 5114 tl’sul.
1614 5046 1732 5112 xm)
1761 5058 1777 5108 ;
1828 5052 1886 5095 ut
1911 5029 2009 5109 pro

431 5145 683 5194 munibus
732 5150 976 5208 gustaret
1016 5149 1267 5201 mortem,
1318 5140 1443 5205 quia
1502 5149 1693 5189 ountes
1748 5149 2007 5203 peccare-

432 5245 579 5301 Tulli,
602 5234 654 5289 et
684 5234 994 5303 indigebant
1044 5233 1215 5301 gloria
1264 5230 1355 5285 Det
1384 5227 1557 5298 (Rom.
1580 5227 1685 5299 ιιι).
1718 5226 1774 5282 Si
1826 5236 2008 5283 autem

433 5324 891 5396 pulchritudinem
926 5328 990 5378 ad
1025 5324 1156 5378 illud
1193 5324 1685 5392 reieramus,quod
1720 5324 1771 5374 in
1794 5319 2009 5374 Psalmo

506 5484 769 5555 ‘Vulgati
825 5485 1090 5539 hat-tenus
1140 5485 1239 5555 τὴν
1290 5486 1439 5555 ὥραν
1493 5486 1718 5556 ὼράσω,
1779 5482 2007 5539 multum

436 5558 666 5625 implexa
729 5556 927 5620 sensit;
976 5559 1231 5623 nulloque
1279 5560 1345 5610 ad
1404 5562 1686 5625 sequentia
1740 5570 2008 5624 respectu.

436 5620 788 5681 lte'stituimus
839 5644 904 5680 ex
957 5620 1321 5681 Ambrosiano
1375 5620 1581 5695 πολλῆς
1617 5620 1791 5695 ὧρας.
1829 5620 2010 5679 ἰθιιίο

436 5698 623 5767 vctbo,
644 5701 786 5765 quod
811 5702 865 5751 ιιι
903 5714 1029 5754 mss.
1061 5709 1299 5762 nonest,
1354 5710 1407 5753 et
1455 5700 1732 5765 ttegtitiunt
1770 5699 2009 5750 lacesse.

2109 4503 2413 4564 conspectu
2468 4497 2711 4550 omnium
2765 4498 3047 4565 gentium:
3084 4497 3154 4552 Et
3203 4497 3439 4553 videbunt
3484 4502 3624 4547 omnes

2108 4589 2241 4658 fines
2273 4599 2426 4642 terra:
2459 4588 2701 4644 salutare
2732 4590 2826 4644 Dei
2859 4593 3048 4645 nostri.
3081 4591 3157 4646 Ex
3192 4607 3299 4661 quo
3330 4587 3624 4661 perspicuum

2111 4690 2194 4735 est
2225 4691 2506 4736 exstructa
2533 4697 2628 4751 per
2657 4682 2945 4752 Apostolus
2976 4684 3245 4751 spirituali
3271 4680 3561 4738 Jerusalem,
3585 4671 3626 4724 id

2111 4780 2212 4840 est,
2242 4770 2504 4837 Ecclesia,
2533 4790 2652 4844 qua:
2677 4762 2715 4827 a
2733 4774 2939 4830 ludatis
2983 4774 3165 4832 fuerat
3209 4775 3473 4836 derelicta,
3500 4781 3623 4822 reve-

2112 4863 2213 4918 lari
2245 4865 2526 4919 brachium
2576 4866 2789 4921 Domini
2843 4869 3058 4924 cunctis
3085 4871 3351 4940 gentibus.
3405 4872 3455 4918 et
3476 4859 3624 4915 videre

2112 4956 2352 5010 salutare
2409 4960 2528 5027 ejus
2565 4972 2756 5013 omnes
2788 4960 2924 5014 lines
2965 4970 3145 5017 terrae.
3178 4960 3329 5028 Quod
3386 4949 3622 5025 duplicich

2114 5049 2473 5118 intelligiturr
2493 5053 2590 5104 Aul
2617 5052 2760 5107 enim
2797 5055 2998 5108 revelat
3027 5052 3185 5109 Pater
3213 5050 3474 5108 brachium
3497 5053 3619 5099 suum

2115 5149 2326 5201 cunctis
2359 5147 2629 5217 gentibus,
2678 5159 2772 5203 aut
2831 5150 2975 5205 ﬁlius
3039 5151 3243 5206 revelat
3303 5139 3619 5202 fortitudinem

2115 5254 2290 5293 suam.
2317 5237 2390 5293 De
2414 5255 2520 5309 quo
2545 5243 2804 5309 scriptum
2837 5254 2955 5297 cst:
3004 5242 3174 5297 Virtus
3198 5241 3329 5295 enim
3345 5236 3406 5292 ab
3430 5249 3482 5288 eo
3508 5237 3622 5298 εστι·

2114 5333 2357 5385 diebatur
2382 5340 2431 5384 et
2466 5334 2688 5386 sanabat
2707 5349 2883 5388 omnes
2918 5334 3074 5407 (Luc.
3105 5351 3176 5402 Vl,
3205 5334 3310 5404 l9).
3344 5328 3405 5383 Et
3433 5327 3617 5379 iterum:

2117 5491 2226 5552 iiut,
2264 5501 2561 5558 expuncto.
2606 5490 2682 5545 Ex
2711 5508 2817 5561 quo
2867 5507 3031 5549 verus
3062 5491 3298 5561 exsurgit
3338 5482 3614 5561 ιιοηςίξδηυξ·

2114 5548 2223 5627 que
2252 5548 2469 5697 sietisns,
2500 5563 2681 5616 multa:
2728 5548 2892 5631 'curtv,
2923 5564 3019 5619 hoc
3040 5574 3141 5632 est,
3182 5548 3522 5631 sollicitudinis
3553 5548 3619 5599 die

2114 5645 2243 5697 gnos
2290 5643 2458 5689 ccistt.
2560 5691 2569 5697 _

2114 5645 2243 5699 gnos
2266 5645 2458 5697 uersu.
