3856 6172
106 359 190 430 521

628 351 1118 416 COMMENTAR.
1163 323 1252 411 1M
1298 348 1560 409 iSAIAM
1605 345 2068 408 PROPHETAM
2107 347 2254 408 LIB.
2297 347 2452 417 Χιν,
2495 346 2653 410 CAP.
2702 347 2831 411 LII.

3232 351 3336 412 5‘2“!

101 479 238 538 Sensi
279 473 520 530 virtutem
547 472 718 526 exisse
743 470 806 524 de
852 485 933 524 me
988 482 1104 537 quae
1168 465 1375 520 sanavit
1432 463 1658 516 Itazmor-
1693 469 1736 523 Α
1767 463 1860 525 sit,
1892 463 2006 516 haec
2041 461 2223 514 omnia
2253 463 2653 531 compleantur.
2690 461 2796 518 Nos
2833 470 3019 517 autem
3056 457 3345 518 audientes

105 573 337 626 rhousam
368 563 519 635 (Luc.
543 579 662 626 vni,
681 560 795 628 46).
827 558 978 626 Quod
1016 567 1194 612 autem
1219 555 1389 610 Filius
1419 555 1534 615 Dei,
1565 553 1662 605 Pa-

105 663 190 718 tris
212 661 436 716 dextera
469 653 771 725 appelletur
803 661 860 706 et
890 648 1196 710 brachium,
1220 646 1391 700 multa
1420 653 1550 698 sunt
1580 654 1661 696 te-

101 750 363 814 stimonia,
391 762 423 802 e
470 746 668 816 quibus
719 758 892 812 pauca
947 741 1242 796 dicemus:
1285 735 1663 808 Salvabit[Al.

103 840 351 914 Salrauit]
371 839 468 895 sibi
489 839 709 892 dextera
729 835 866 904 eius,
889 844 935 889 et
958 833 1226 887 brachium
1250 839 1494 886 sanctum
1520 830 1665 884 illius

101 934 257 1007 (Psal.
284 949 452 1000 xcvn,
485 933 562 1003 1).
589 929 655 984 Ει
677 927 830 985 alibi:
867 925 932 980 In
961 925 1176 980 brachio
1198 939 1310 979 meo
1339 934 1515 992 gentes
1552 937 1666 990 spe-

102 1027 280 1081 rabuut
299 1026 428 1097 (ιω.
444 1039 518 1088 ιι,
536 1023 612 1092 5).
633 1021 708 1076 De
728 1033 836 1088 quo
851 1017 1020 1074 Iacob
1037 1015 1168 1071 dicit
1190 1031 1205 1072 :
1224 1016 1321 1070 llic
1339 1014 1434 1068 erit
1457 1029 1667 1080 exspec-

101 1122 217 1173 tatio
243 1119 476 1187 gentium
496 1113 650 1186 (Gen.
673 1109 951 1178 xm,10).
976 1107 1424 1175 Etoctogesimus
1444 1113 1669 1159 octavus

101 1209 357 1280 psalmus:
385 1205 557 1260 Tuum
580 1203 855 1258 brachium
887 1216 1003 1254 cum
1023 1200 1281 1270 potentia.
1306 1197 1420 1255 lloc
1441 1196 1668 1250 brachio

102 1302 278 1358 eduxit
302 1298 566 1354 Dominus
592 1295 844 1365 populum
860 1293 1032 1347 Israel
1059 1291 1124 1345 de
1146 1299 1290 1345 terra
1310 1287 1574 1357 Egypti._
1597 1285 1670 1338 De

102 1408 196 1461 quo
239 1392 310 1447 ad
328 1389 714 1461 Apostolorum
765 1384 1064 1453 principem
1090 1377 1668 1450 loquebaturzBeatus

99 1503 167 1544 es.
184 1485 371 1540 Simon
397 1483 654 1551 Barjona,
683 1479 805 1548 quia
827 1491 952 1530 caro
977 1483 1026 1528 et
1045 1474 1262 1543 sanguis
1279 1488 1382 1526 non
1412 1470 1671 1525 revelave-

102 1589 212 1634 runt
241 1579 337 1632 tibi
379 1577 418 1642 ⁸,
452 1575 544 1630 sed
579 1575 744 1628 Pater
789 1587 933 1626 meus
956 1570 1044 1640 qui
1072 1577 1149 1620 est
1181 1565 1234 1619 in
1262 1563 1404 1618 ctelis
1453 1561 1669 1632 (Matth.

101 1689 202 1736 xvr,
229 1669 344 1739 1⁸1).
381 1668 450 1723 Et
485 1665 784 1736 Apostolus
814 1662 1012 1715 Paulus
1040 1659 1108 1712 de
1139 1673 1198 1712 se
1229 1655 1438 1728 (Galat.
1466 1671 1504 1716 ι,
1539 1654 1624 1723 15)
1654 1669 1670 1709 :

104 1763 346 1828 Quando,
381 1758 574 1828 inquit,
612 1754 812 1825 placuit
833 1752 962 1816 Deo,
995 1753 1084 1820 qui
1109 1750 1378 1819 separauit
1400 1747 1564 1818 610
1594 1761 1675 1799 me

100 1858 157 1907 de
184 1866 331 1907 utero
357 1851 544 1905 matris
565 1865 713 1913 metr,
736 1855 792 1900 ut
817 1844 1065 1900 reuelaret
1091 1841 1295 1897 Filium
1317 1857 1473 1897 suum
1499 1843 1550 1893 in
1572 1855 1671 1892 me.
1701 1831 1751 1893 Β

105 1948 245 2012 Quod
275 1954 458 1997 autem
490 1941 707 1996 cunctis
736 1938 988 2008 gentibus
1013 1950 1204 1992 onmes
1238 1944 1397 1988 terra:
1417 1932 1679 1987 terminos

104 2037 396 2109 copulavit.
429 2035 521 2106 qui
549 2033 721 2089 visuri
751 2039 880 2086 sunt
915 2031 1157 2086 salutare
1191 2025 1309 2092 Dei,
1340 2024 1468 2079 illud
1501 2033 1683 2080 osten-

101 2131 174 2184 dit
204 2128 357 2197 quod
391 2137 444 2182 et
479 2127 530 2180 in
587 2125 695 2178 alio
729 2123 849 2178 loco
889 2122 1122 2177 dicitur:
1175 2117 1558 2174 Conoertimini
1611 2117 1681 2171 ad

105 2237 178 2274 rue
199 2222 261 2273 ab
298 2218 547 2274 extremis
576 2226 753 2280 terra,
786 2225 835 2269 et
889 2213 1024 2268 salvi
1056 2212 1202 2266 eritis
1231 2209 1370 2282 (Isa.
1404 2225 1525 2274 ην,
1555 2209 1680 2279 22);
1712 2203 1716 2210 ’

102 2325 153 2368 et
176 2328 271 2384 per
293 2309 629 2366 Jeremiam:
659 2309 740 2362 Ad
787 2316 834 2360 te
862 2313 1044 2376 gentes
1096 2305 1299 2359 venient
1325 2303 1390 2357 ab
1436 2302 1683 2357 extremis

67 2417 250 2484 ,terrte
277 2402 507 2473 (Jerem.
540 2414 654 2465 xvr,
691 2396 821 2469 19);
865 2405 920 2451 et
965 2396 1160 2450 iterum
1190 2411 1206 2452 ξ
1242 2392 1686 2448 Recordabuntur

104 2507 148 2552 et
175 2503 548 2550 convertentur
577 2493 648 2545 ad
664 2490 948 2544 Dominum
976 2503 1150 2542 omnes
1169 2485 1390 2556 familia:
1407 2485 1642 2556 gentium
1664 2498 1687 2547 ,'

103 2590 222 2658 quia
256 2587 478 2640 Domini
505 2595 580 2639 est
605 2598 844 2654 regnum,
868 2591 916 2636 et
941 2583 1049 2649 ipse
1073 2577 1436 2634 dominabitur
1453 2577 1690 2646 gentium

104 2679 272 2753 (Psal.
310 2695 426 2743 ιιι,
457 2677 527 2732 28
556 2687 602 2731 et
629 2674 834 2747 seqq.);
867 2682 926 2729 ut
953 2687 1061 2728 non
1088 2671 1264 2728 solum
1294 2669 1530 2725 varietas
1559 2681 1691 2738 gen-

109 2774 235 2826 tium
260 2771 634 2841 singularum,
693 2767 787 2822 sed
820 2776 874 2821 et
925 2777 1118 2818 omnes
1179 2761 1368 2816 mundi
1435 2757 1693 2814 cardines

105 2863 370 2918 credituri
412 2859 844 2930 praenuntientur
874 2857 930 2911 in
959 2855 1199 2912 Christo.
1243 2851 1406 2907 Juxta
1461 2850 1512 2906 id
1548 2847 1694 2920 quod

108 2954 219 3022 ipse
245 2955 540 3021 loquitur:
581 2947 715 3004 Cum
766 2955 945 3002 autem
1001 2947 1357 3014 prtedicatum‘
1406 2941 1566 3012 fuerit
1597 2943 1694 2992 hoc

108 3043 461 3114 Erangelium
499 3043 556 3096 in
606 3051 713 3095 toto
767 3038 986 3104 mundo,
1020 3048 1142 3092 tunc
1173 3037 1274 3091 erit
1321 3035 1442 3106 ﬁnis
1475 3031 1691 3105 (Matth.

1773 571 1967 622 supra:
2013 553 2187 619 Quam
2238 555 2446 622 pulchri
2509 571 2665 623 super
2699 565 2899 608 montes
2956 556 3111 623 pedes
3142 572 3346 609 annun-

1774 648 1957 700 tiantis
2009 658 2058 701 et
2088 649 2431 714 prtedicantis
2455 665 2636 714 pacem
2663 667 2679 710 :
2711 659 2806 704 et:
2869 647 3134 704 Revelabit
3164 650 3348 704 Domi-

1773 755 1872 791 nus
1900 739 2174 792 brachium
2205 754 2358 792 suum
2398 741 2452 793 in
2482 751 2757 808 conspectu
2802 745 3037 796 omnium
3081 745 3348 813 gentium,

1773 844 1847 895 et.
1889 829 2143 886 Videbunt
2190 849 2367 885 omnes
2415 834 2543 900 ﬁnes
2569 843 2723 889 terra:
2749 835 2986 891 salutare
3016 835 3111 891 Dei
3158 841 3349 902 nostri,

1776 940 2116 994 nequaquam
2157 924 2262 979 hoc
2295 924 2362 978 de
2393 926 2553 996 611
2587 926 2812 993 Judzeis,
2847 929 2940 983 sed
2976 931 3041 985 de
3069 933 3351 998 apostolo-

1777 1030 1896 1068 rum
1949 1016 2304 1084 omniumque
2359 1029 2674 1071 sanctorum
2749 1019 3101 1088 intelligimus
3153 1021 3346 1075 choro.

1775 1106 1986 1173 Quibus
2013 1108 2344 1177 prmcipitur,
2375 1121 2430 1166 ut
2459 1111 2718 1164 recedant
2756 1111 2823 1165 de
2857 1111 3181 1178 Jerusalem,
3215 1125 3269 1168 et
3297 1118 3349 1168 in

1777 1206 1894 1251 toto
1947 1199 2148 1252 uulndo
2203 1197 2558 1269 Evangelium
2610 1203 2924 1268 praedicent,
2995 1205 3208 1258 dicente
3251 1205 3350 1257 Do-

1779 1292 1925 1344 ruino
1948 1291 2262 1345 Salvatorc:
2301 1291 2329 1344 Ι
2334 1303 2380 1345 ιε
2401 1303 2448 1345 et
2465 1293 2640 1346 docete
2663 1309 2838 1348 omnes
2857 1303 3056 1363 gentes,
3080 1297 3353 1364 baptizan-

1779 1396 1852 1438 tes
1878 1401 1964 1438 eos
1991 1386 2046 1438 in
2079 1386 2288 1439 nomine
2318 1386 2522 1450 Patris,
2553 1397 2601 1442 et
2639 1386 2791 1452 Filii,
2826 1367 2875 1442 et
2903 1387 3137 1458 Spiritus
3174 1394 3346 1446 sancti

1780 1479 1998 1548 (Matth.
2041 1496 2232 1546 xxvut,
2272 1483 2398 1550 i9):
2457 1491 2509 1535 ut
2574 1497 2916 1553 nequaquam
2978 1500 3101 1540 cum
3153 1486 3355 1541 Judaeis

1779 1571 2281 1638 blaSphemantibus
2316 1582 2592 1636 maneant,
2627 1574 2679 1627 in
2711 1589 2944 1642 quorum
3001 1589 3192 1629 necem
3252 1575 3354 1630 Ro-

1781 1679 1975 1718 manus
2036 1670 2262 1733 paretur
2318 1664 2632 1729 exercitus;
2673 1668 2768 1721 sed
2828 1667 3060 1735 pollutos
3119 1668 3358 1724 derelin-

1781 1764 1950 1822 quant
1977 1794 1995 1820 ,
2029 1765 2084 1808 et
2116 1763 2441 1824 separentur
2471 1757 2540 1811 ab
2567 1760 2648 1811 eis
2686 1767 2847 1828 atque
2875 1761 3226 1825 mundentur,
3261 1761 3355 1829 qui

1780 1856 1996 1917 portant
2023 1865 2149 1902 vasa
2189 1848 2421 1904 Domini.
2454 1850 2735 1922 Templum
2774 1854 2922 1907 enim
2956 1865 3084 1909 sunt
3115 1853 3356 1924 Spiritus

1782 1941 1954 1996 sancti
1978 1939 2033 2009 (ι
2063 1941 2185 1998 Cor.
2212 1943 2316 2012 ιιι),
2347 1953 2400 1999 et
2445 1959 2654 2016 magnae
2695 1947 2886 2002 domus
2920 1962 3048 2002 vasa
3083 1963 3248 2002 aurea
3305 1957 3360 2002 et

1783 2042 2065 2103 argentea.
2091 2034 2278 2100 Qualis
2311 2033 2413 2089 fuit
2447 2037 2724 2106 apostolus
2750 2039 2970 2104 Paulus,
2999 2040 3094 2111 qui
3125 2056 3224 2096 vas
3248 2040 3362 2096 ele-

1781 2123 1988 2178 ctionis
2023 2125 2226 2180 dicitur
2257 2124 2400 2189 (Act.
2431 2126 2532 2195 rx),
2574 2137 2979 2196 pra-paraverat
3009 2130 3156 2185 enim
3211 2145 3271 2185 se
3303 2131 3359 2184 in

1785 2227 1882 2268 vas
1911 2214 2210 2284 pretiosum
2255 2227 2309 2272 et
2364 2227 2550 2286 aptum
2583 2218 2638 2272 in
2688 2219 3052 2275 ministerium
3083 2222 3202 2277 Dei.
3263 2221 3361 2277 Vel

1784 2312 1935 2360 certe
1966 2305 2070 2360 hoc
2097 2306 2412 2374 dicendum,
2443 2309 2585 2378 quod
2623 2325 2751 2365 vasa
2786 2311 3022 2378 Domini,
3082 2324 3363 2370 armatura

1788 2395 1882 2452 Dei
1930 2396 2003 2453 sit
2036 2399 2358 2467 spiritualis.
2401 2400 2475 2456 De
2501 2417 2605 2472 qua
2633 2412 2688 2458 et
2722 2403 2923 2460 Paulus
2969 2405 3247 2472 apostolus
3280 2407 3362 2461 lo-

1787 2490 2088 2562 quebatur;
2123 2489 2337 2547 Induite
2356 2509 2442 2547 vos
2469 2504 2748 2548 armatura
2764 2494 2865 2549 Dei
2899 2494 3116 2566 (Ep/tes.
3141 2512 3219 2562 vr,
3252 2496 3363 2566 ll),

1787 2594 1844 2639 et
1871 2599 1967 2656 per
1991 2585 2206 2656 singula
2237 2596 2560 2654 enumerat,
2600 2587 2821 2643 loricam
2865 2590 3116 2660 iustitiae,
3150 2600 3206 2644 et
3247 2589 3366 2660 cly-

1789 2691 1952 2746 peum
1982 2677 2130 2743 ﬁdei,
2157 2687 2211 2733 et
2241 2677 2448 2749 galeam
2481 2679 2698 2744 salutis,
2722 2691 2778 2736 et
2821 2682 3058 2752 gladium
3115 2683 3363 2752 spiritus.

1791 2769 1887 2840 qui
1917 2769 2308 2838 interpretatur
2338 2771 2563 2826 verbum
2597 2771 2712 2828 Dei.
2758 2773 2841 2829 Ad
2897 2772 3014 2829 haec
3038 2774 3208 2840 addit,
3241 2775 3366 2830 cin-

1792 2861 1974 2933 gulum
2007 2863 2275 2930 veritatis,
2306 2871 2362 2918 et
2384 2864 2654 2920 calceatos
2676 2864 2844 2934 pedes
2891 2865 2942 2919 in
2973 2866 3368 2935 praeparatione

1795 2953 2074 3025 Evangelii
2107 2954 2276 3023 pacis.
2308 2954 2378 3009 Et
2417 2955 2471 3014 in
2505 2957 2615 3011 alio
2679 2957 2836 3012 loco:
2872 2956 3202 3027 Deponentes
3245 2973 3371 3027 ergo

1796 3059 1956 3113 opera
1989 3044 2346 3110 tenebrarum,
2374 3046 2660 3101 induamur
2691 3065 2844 3102 arma
2877 3049 3008 3103 lucis
3039 3049 3216 3119 (Rom.
3248 3065 3370 3115 xm,

110 3151 253 3199 χχιιι,
297 3134 411 3205 it).
449 3133 552 3187 Alii
591 3132 941 3188 summitates
984 3138 1038 3184 et
1090 3139 1337 3184 extrema
1392 3137 1571 3192 terrm,
1601 3139 1697 3182 eos
1726 3203 1769 3213 _
1799 3133 1914 3203 r2).
1949 3131 2243 3203 Sequitur:
2281 3135 2400 3190 Non
2429 3137 2488 3191 in
2511 3138 2746 3192 tumultu
2783 3139 3016 3206 eaibitis,
3044 3157 3136 3195 nec
3158 3143 3214 3196 in
3245 3144 3372 3213 fuga

111 3229 343 3300 intelligi
370 3203 581 3288 volunt.
637 3226 729 3295 qui
772 3241 880 3279 non
938 3225 992 3278 in
1055 3223 1231 3278 media
1269 3231 1436 3285 terra,
1489 3221 1581 3274 sed
1639 3219 1693 3272 in
1722 3203 1769 3256 δ
1796 3226 2174 3295 properabitis.
2195 3225 2381 3294 Neque
2407 3228 2549 3282 enim
2581 3236 2642 3283 ut
2673 3231 2802 3285 victi
2827 3231 2893 3285 de
2913 3203 3372 3299 Jerusalem,'sed

110 3319 376 3375 extremis
404 3317 524 3386 ejus
555 3317 728 3370 instar
783 3324 1024 3370 rotarum
1058 3314 1259 3367 ﬁnibus
1305 3311 1694 3376 Consisteutes,

112 3411 340 3467 humilia
371 3411 629 3465 deserunt
657 3419 712 3464 et
743 3409 811 3463 ad
842 3407 1053 3462 excelsa
1094 3405 1380 3461 festinant.

177 3507 366 3579 (Vers.
406 3505 622 3576 11-15.)
688 3523 707 3557 ι
744 3503 1025 3568 Recedite,
1066 3503 1328 3566 recedite,
1360 3501 1507 3556 exite
1550 3500 1695 3565 inde,

109 3604 382 3674 pollutum
414 3600 581 3654 nolite
601 3608 824 3668 tangere
857 3612 874 3651 :
909 3596 1052 3652 exite
1073 3595 1142 3651 de
1165 3596 1342 3650 medio
1371 3593 1513 3665 ejus,
1542 3609 1700 3648 mun-

111 3696 349 3762 damini,
383 3694 473 3764 qui
519 3691 673 3746 fertis
704 3703 830 3744 vasa
898 3688 1138 3742 Domini.
1199 3686 1470 3753 Quoniam
1509 3684 1699 3740 nonin

113 3791 354 3844 tumultu
383 3786 609 3842 exibitis
631 3824 650 3852 ,
681 3799 784 3840 nec
813 3785 868 3838 in
925 3782 1049 3854 luga
1107 3779 1494 3854 properabitis.
1554 3779 1703 3832 Prse-

107 3885 268 3938 eedet
296 3882 449 3937 enim
478 3891 575 3932 vos
607 3876 892 3943 Dominus,
929 3886 984 3931 et
1038 3873 1398 3946 congregabit
1421 3886 1518 3926 vos
1552 3870 1700 3926 Deus

109 3974 296 4029 Israel.
327 3993 349 4025 s
378 3969 554 4026 LXX:
583 3987 602 4021 ι
630 3967 906 4035 ltecedite,
929 3967 1189 4031 recedite,
1214 3965 1534 4036 egredimini
1554 3964 1698 4029 inde,

106 4077 161 4122 et
189 4066 558 4122 itnmumdum
593 4063 759 4118 nolite
789 4071 1010 4131 tangere
1035 4075 1051 4116 :
1075 4059 1218 4114 exite
1237 4058 1306 4114 de
1334 4059 1514 4113 medio
1539 4057 1698 4126 ejus;

109 4159 468 4228 separamiui,
519 4157 610 4226 qui
644 4155 875 4225 portatis
895 4167 1020 4209 vasa
1040 4152 1278 4214 Domini,
1299 4151 1424 4220 quia
1455 4166 1559 4205 non
1578 4165 1700 4204 cum

107 4253 352 4305 tuuutltu
386 4250 636 4312 exibitis,
677 4263 852 4317 neque
883 4255 1007 4301 eum
1046 4245 1170 4315 luga
1200 4244 1393 4312 ibitis;
1427 4243 1518 4297 sed
1566 4257 1702 4312 prm-

1796 3325 1859 3372 ut
1915 3317 2149 3372 victores
2183 3328 2555 3386 recesserunt,
2587 3331 2645 3375 ut
2675 3322 2768 3390 qui
2799 3324 3040 3392 quotidie
3070 3327 3374 3394 praedican-

1800 3418 1884 3466 tes
1915 3411 1968 3464 in
2001 3410 2201 3481 templo
2229 3411 2582 3479 Evangelium
2622 3414 2736 3478 Dei,
2771 3415 2940 3470 multa
2967 3417 3135 3472 millia
3154 3419 3375 3476 Jndaeo-

1799 3518 1923 3559 rum
1951 3501 2153 3563 Christi
2181 3503 2308 3559 ﬁdei
2339 3503 2706 3572 subjecerant,
2739 3506 2902 3560 etiam
2937 3511 3197 3564 mundum
3229 3511 3376 3568 illius

1799 3594 2095 3662 Evangelio
2155 3597 2534 3668 subjugareut.
2585 3596 2854 3652 Praevium
2903 3600 3050 3654 enim
3101 3601 3377 3660 habebant

1801 3685 2110 3753 Dominum,
2141 3688 2230 3756 qui
2283 3697 2646 3760 congregaret
2691 3703 2807 3756 eos,
2845 3690 3014 3746 Deum
3048 3693 3238 3758 Israel.
3270 3697 3376 3752 hoc

1799 3788 1905 3844 est,
1938 3779 2004 3834 de
2049 3781 2184 3835 orbe
2233 3788 2502 3836 terrarum
2552 3797 2717 3837 unum
2766 3799 2984 3854 gregem
3038 3785 3266 3852 faceret,
3315 3799 3377 3845 ut

1802 3871 2120 3940 impleretur
2174 3869 2306 3926 illud
2351 3870 2496 3940 quod
2542 3871 2808 3928 Dominus
2861 3877 2913 3929 in
2958 3874 3254 3948 Evangelia
3305 3883 3374 3932 ad

1801 3964 2019 4020 Patrem
2052 3963 2289 4034 loquitur
2312 3962 2499 4034 (Joan.
2521 3980 2650 4029 xvn,
2702 3965 2834 4035 2t):
2873 3966 2976 4032 Da,
3010 3977 3067 4020 ut
3115 3969 3249 4022 sicut
3278 3985 3374 4040 ego

1801 4066 1850 4112 et
1875 4068 1931 4112 tu
1954 4073 2116 4110 unum
2145 4073 2352 4121 sumus,
2379 4059 2455 4111 sic
2481 4068 2528 4112 et
2563 4059 2653 4112 isti
2681 4059 2736 4112 in
2768 4059 2914 4113 nobis
2940 4075 3100 4113 unum
3147 4061 3290 4119 sint:
3315 4071 3377 4115 ut

1803 4151 1992 4204 eodem
2023 4164 2190 4204 sensu
2216 4159 2274 4204 et
2302 4149 2489 4204 eadem
2525 4150 2817 4214 sententia,
2847 4151 3204 4222 repugnantia
3232 4153 3376 4206 inter

1804 4255 1862 4295 se
1893 4241 2024 4293 vitia
2049 4251 2211 4310 atque
2267 4241 2541 4297 contraria
2597 4241 2934 4305 deserentes,
2990 4256 3150 4295 unam
3182 4258 3379 4312 appre-

109 4350 269 4398 eedet
336 4357 434 4396 vos
483 4338 761 4403 Dominus,
820 4346 874 4392 et
926 4337 1019 4406 qui
1073 4344 1364 4407 congregat
1417 4351 1515 4390 vos
1565 4337 1710 4388 Deus
1806 4335 2109 4389 henderent
2141 4335 2423 4404 solamque
2453 4336 2728 4388 virtutem.
2756 4332 2944 4403 Neque
2987 4335 3135 4388 enim
3160 4335 3289 4388 vitia
3323 4347 3381 4390 et

109 4436 306 4491 Israel.
344 4451 364 4485 ι
420 4431 490 4486 Et
551 4433 654 4487 hoc
697 4429 870 4484 Judaei
933 4429 1014 4484 sic
1056 4427 1331 4484 disserere
1390 4438 1701 4494 conantur,

109 4528 272 4583 Exite
300 4529 371 4582 de
411 4523 712 4596 Babylone,
750 4531 807 4578 et
864 4521 1006 4576 idola
1059 4535 1252 4577 eorum
1315 4519 1698 4589 derelinquite.

111 4621 273 4673 Exite
314 4619 385 4672 de
419 4617 595 4672 medio
630 4616 795 4680 illius,
832 4623 887 4670 et
945 4628 1076 4669 vasa
1106 4627 1230 4682 qua:
1266 4611 1702 4668 Nabuchodono-

111 4727 226 4776 sor,
261 4721 428 4779 capta
462 4708 789 4773 Jerusalem,
849 4706 1046 4760 tulerat
1075 4703 1180 4776 (IV
1214 4703 1342 4775 Reg.
1397 4704 1511 4772 xv).
1561 4703 1704 4774 Cyro

111 4805 343 4859 larartte
376 4803 621 4872 captivos
637 4801 739 4855 sub
770 4799 1072 4855 Zorobabel
1101 4808 1156 4853 et
1185 4791 1356 4852 Esdra
1379 4795 1427 4866 (ι
1456 4795 1616 4850 Esdr.
1640 4796 1704 4866 ι),

114 4883 406 4950 relertein
471 4892 766 4964 templum,
803 4905 900 4946 nec
932 4892 1076 4946 sicut
1139 4889 1292 4958 prius
1346 4890 1412 4944 de
1472 4886 1706 4958 Egypto

109 5005 238 5045 eum
275 4987 516 5042 tumultu
545 4995 599 5040 et
633 4986 825 5039 timore
873 4982 1112 5053 fugistis,
1167 4983 1241 5036 ita
1284 4981 1605 5050 egredimini
1637 4980 1706 5036 de

113 5084 445 5154 Babylone;
477 5082 572 5135 sed
601 5094 723 5134 cum
757 5094 890 5148 pace
928 5090 983 5133 et
1009 5078 1287 5132 voluntate
1321 5077 1463 5146 regis
1513 5075 1708 5131 Persa-

114 5193 238 5229 rum
275 5186 448 5242 atque
477 5172 779 5236 Medorum,
811 5173 866 5224 in
913 5187 1022 5241 quo
1053 5169 1262 5224 Domini
1294 5171 1548 5223 voluntas
1614 5184 1708 5236 ap-

113 5271 328 5336 paruit,
366 5270 452 5335 qni
490 5267 727 5336 protexit
774 5275 828 5318 et
861 5263 1210 5334 c0ugregavit
1249 5278 1367 5316 vos.
1425 5261 1532 5316 Alii
1587 5277 1710 5330 qua:

113 5375 178 5414 ne
210 5359 500 5426 Babylone
535 5359 795 5419 diximus,
843 5356 908 5411 de
939 5355 1188 5408 Romano
1221 5369 1385 5424 regno
1444 5355 1710 5421 interpre-

115 5467 337 5516 tantur,
368 5454 508 5520 quod
539 5453 591 5503 in
617 5453 851 5504 adventu
887 5450 1088 5504 Christi
1121 5452 1212 5518 qui
1244 5463 1340 5501 eos
1380 5447 1712 5500 liberaturus

186 5614 204 5643 '
243 5610 564 5665 Pranomen
599 5607 711 5672 tibi,
737 5608 880 5679 quod
915 5622 1046 5661 mss.
1082 5605 1354 5676 supplent,
1394 5615 1447 5657 et
1476 5602 1710 5679 blatthzei

117 5695 340 5743 textus,
373 5695 525 5734 uinea
550 5675 770 5732 deerat.
814 5678 1018 5731 Passim
1068 5675 1198 5729 Vero
1228 5679 1330 5728 alia
1400 5675 1711 5743 hujnstnodi

115 5759 369 5814 levmrn,
411 5757 611 5802 Ινιεὶοϊθ
645 5767 746 5800 tum
773 5754 1076 5808 atlttmtttlo.
1119 5760 1470 5813 castigamus.

192 5827 212 5855 ³
243 5824 365 5875 Pro
397 5821 588 5874 Gruuco
621 5827 784 5872 serito
817 5819 1136 5888 ὑπερϋιιωιί,
1170 5827 1313 5888 quod
1363 5817 1708 5872 substituunt

353 5925 622 5983 Pn‘uua.
669 5924 771 5981 XN
792 5924 897 5982 ιν.

1806 4425 2239 4494 perturbationes
2267 4426 2502 4481 invicem
2534 4440 2592 4482 se
2621 4436 2964 4495 sequuntur:
2996 4428 3138 4496 quod
3167 4429 3237 4484 de
3266 4427 3379 4484 vir-

1733 4548 1780 4608 D
1806 4518 2013 4574 tutibus
2045 4519 2265 4584 dicitur,
2298 4519 2351 4574 in
2376 4519 2572 4608 quibus
2599 4534 2700 4576 nec
2723 4519 3020 4589 ὑπερϐολαὶ
3051 4522 3074 4554 ²
3099 4529 3246 4591 sunt,
3279 4536 3379 4578 nec

1807 4609 2096 4680 ἐλλείψεις,
2133 4609 2184 4663 id
2214 4618 2320 4677 est,
2351 4623 2450 4664 nec
2470 4607 2590 4678 plus
2636 4624 2739 4666 nec
2789 4612 2984 4677 minus,
3045 4613 3140 4668 sed
3193 4614 3376 4668 omnia

1809 4710 2131 4769 temperata.
2170 4699 2341 4756 Porro
2373 4703 2425 4756 in
2453 4702 2600 4757 vitiis
2633 4703 2886 4758 universa
2917 4704 3192 4758 contraria
3220 4713 3372 4768 sunt,

1807 4805 1867 4848 ut
1915 4810 2080 4863 pavor
2125 4795 2386 4861 audaciae,
2451 4794 2720 4866 impietati
2770 4796 3111 4866 superstitio,
3165 4795 3377 4850 luxuria

1807 4885 2080 4956 parcitati.

1884 4978 1904 5046 (
1955 4977 2310 5052 ers.l5—l5.)t
2332 4978 2474 5035 Ecce
2495 4979 2752 5051 intelliget
2768 4995 2956 5036 servus
2973 4993 3148 5043 meus,
3174 4979 3380 5035 exalta-

1809 5070 1978 5132 bitur.
1996 5071 2161 5141 612
2189 5073 2552 5129 etelevabitur
2565 5089 2618 5129 et
2633 5074 2882 5129 sublimis
2900 5074 3006 5129 erit
3027 5075 3202 5130 valde.
3225 5075 3379 5132 Sicut

1809 5166 2204 5234 obstupuerunt
2217 5181 2376 5236 super
2389 5176 2442 5221 te
2456 5167 2628 5232 multi,
2647 5169 2724 5222 sic
2747 5169 3003 5238 inglorius
3018 5171 3120 5223 erit
3145 5173 3286 5225 inter
3303 5173 3384 5224 vi-

1812 5272 1901 5312 ros
1920 5268 2167 5329 aspectus
2185 5261 2388 5328 ejus,et
2407 5259 2575 5314 forma
2597 5261 2738 5313 illius
2758 5261 2900 5314 inter
2919 5260 3056 5317 lilios
3073 5263 3378 5321 hominum.

1813 5350 1917 5405 Iste
1944 5363 2195 5421 asperget
2224 5363 2410 5421 gentes
2449 5355 2685 5420 multas;
2718 5372 2879 5424 super
2921 5359 3092 5426 ipsum
3128 5359 3383 5414 contine-

1813 5445 1946 5499 bunt
1978 5460 2130 5514 reges
2158 5459 2220 5499 os
2256 5461 2449 5509 suum,
2481 5452 2603 5515 quia
2657 5451 2853 5517 quibus
2883 5465 2988 5504 nun
3040 5464 3150 5506 erat
3187 5451 3377 5524 [γυῖα.

1816 5619 1946 5658 mss.
1971 5643 1985 5662 .
2017 5613 2171 5656 antea
2226 5612 2344 5656 erat
2383 5604 2560 5656 ruimus
2593 5606 2874 5658 commodo
2933 5622 3092 5661 s-usu
3149 5609 3388 5672 ὑπερϐᾶο

1816 5691 1950 5754 orig,
1985 5689 2103 5742 qua:
2136 5690 2231 5724 ΠΝ
2261 5690 2472 5754 prnprtc
2525 5692 3013 5746 Ir-tttso/t'essttnte,:i,
3056 5699 3169 5731 sui:
3221 5691 3385 5727 Huiu-

1816 5747 2006 5796 tionem
2037 5747 2283 5814 pracepti
2311 5754 2489 5797 sonat.

3221 5910 3281 5970 Π
