3902 6182
509 404 617 468 ὃὲ3

1697 394 1755 456 S.
1803 395 2113 455 EUSEBII
2156 393 2455 454 l-llERON
2471 392 2602 452 YMI

3674 383 3774 444 521

511 516 616 588 est]
651 520 930 567 narratum
982 512 1045 564 de
1074 524 1158 574 eo,
1194 507 1482 572 viderunt;
1517 517 1567 561 et
1619 507 1709 576 qui
1769 523 1872 560 non
1907 507 2090 559 atnlie-
2123 514 2166 568 Α
2200 514 2248 558 et
2283 505 2616 556 crediderunt
2641 498 2825 570 (Joan.
2849 514 2939 565 xx,
2988 497 3100 565 29).
3134 495 3189 549 In
3226 508 3460 564 quorum
3494 508 3778 564 compara-

516 616 654 669 ranl,
708 601 1054 670 contemplati
1089 611 1234 654 sunt.
1267 618 1286 651 ι
1350 597 1532 652 LXX:
1576 615 1594 648 ι
1634 598 1772 652 Ecce
1825 595 2089 663 intelliget

510 713 645 767 puer
681 711 853 759 meus,
889 703 943 748 et
987 692 1334 754 exaltabitur,
1391 699 1445 743 et
1506 688 1828 760 gloriabitur
1866 689 1880 718 ¹
1911 685 2085 741 valde.

511 790 667 846 Sicut
692 788 986 853 stupebunt
1007 800 1168 856 super
1197 797 1248 840 te
1273 786 1466 850 multi,
1497 785 1576 839 sic
1608 787 1660 838 in
1693 784 1861 854 gloria
1889 784 1995 836 erit
2020 783 2089 837 ab

493 879 821 936 hominibus
852 878 1061 946 species
1097 888 1212 940 tua,
1244 887 1301 931 et
1345 877 1515 946 gloria
1547 887 1637 930 tua
1668 890 1696 930 a
1754 875 1878 930 ﬁliis
1910 875 2087 929 homi-

508 988 633 1026 uunt
664 987 678 1036 ;
713 971 790 1024 sic
851 969 1195 1022 mirabuntur
1255 978 1443 1033 gentes
1498 968 1679 1022 multa:
1718 980 1884 1036 super
1912 982 1996 1030 eo,
2032 975 2087 1019 et

506 1063 862 1120 continebant
891 1075 1046 1129 reges
1084 1076 1146 1114 os
1193 1076 1374 1123 suum,
1426 1061 1548 1128 quia
1596 1058 1793 1128 quibus
1849 1074 1955 1113 non
2003 1066 2088 1111 est

504 1155 886 1211 anmmtiatum
919 1153 984 1206 de
1011 1165 1098 1215 eo,
1125 1151 1407 1215 videbunt,
1433 1161 1486 1205 ct
1518 1153 1608 1220 qui
1639 1167 1745 1205 non
1771 1151 2084 1214 audierunt,

507 1247 834 1315 intelligent.
870 1265 888 1296 ι
925 1243 1004 1298 Ne
1046 1244 1152 1296 ulla
1191 1245 1494 1312 legentibus
1543 1243 1868 1312 ambiguitas
1922 1241 2087 1295 relin-

504 1351 726 1408 quatur,
757 1339 878 1406 quis
903 1338 974 1391 sit
1005 1336 1094 1390 ille
1144 1337 1236 1404 qui
1264 1337 1464 1391 dixerit
1490 1376 1505 1401 ,
1541 1333 1652 1406 Ego
1697 1336 1785 1404 qui
1837 1334 2088 1404 loquebar

504 1448 619 1485 ecce
640 1431 855 1493 adsum;
883 1437 936 1482 et
967 1428 1112 1499 quod
1139 1429 1208 1481 sit
1239 1427 1518 1481 brachium
1555 1435 1800 1480 sanctum
1846 1423 2084 1486 Domini,

504 1527 647 1594 quod
694 1523 906 1578 cunctis
960 1520 1213 1592 gentibus
1242 1519 1532 1574 revelatum
1582 1529 1685 1585 est,
1731 1518 1871 1572 Deus
1904 1518 2086 1572 omni-

507 1626 694 1684 potens
724 1614 884 1667 Pater
924 1613 1209 1684 perSpicue
1240 1614 1396 1667 docet
1423 1626 1440 1668 :
1473 1609 1608 1665 Ecce
1629 1611 1880 1680 intelliget
1907 1625 2085 1664 servus

505 1723 648 1759 meus
679 1707 793 1760 sive
814 1720 944 1774 puer
973 1720 1138 1768 meus,
1182 1705 1247 1758 de
1279 1702 1436 1772 cujus
1467 1701 1769 1757 dillerentia
1799 1716 1958 1769 supra
1999 1701 2083 1754 di-

505 1799 704 1850 ximus.
740 1795 1008 1866 intelliget
1039 1805 1245 1857 autem,
1287 1809 1390 1848 non
1431 1804 1485 1846 ιιι
1517 1793 1740 1847 verbum
1768 1791 1887 1855 Dei,
1917 1801 2083 1860 atque

2197 596 2364 658 tione,
2405 594 2715 648 Judmorum
2756 591 2955 646 duritia
2993 587 3431 660 reprehenditur,
3461 589 3554 657 qui
3587 588 3780 642 viden-

2197 695 2278 741 tes
2310 695 2362 739 et
2391 683 2692 747 audientes,
2728 680 2876 734 Isaia:
2903 680 2955 732 in
2991 693 3051 732 se
3104 678 3426 732 vaticinium
3463 676 3779 746 compleve-

2195 784 2339 835 runt,
2369 773 2598 828 dicentis
2627 789 2642 826 :
2678 769 2876 823 Audita
2930 769 3180 831 audietis,
3217 778 3262 822 et
3295 784 3402 822 non
3435 767 3774 838 intelligetis:

2189 875 2240 919 et
2273 863 2500 918 videntes
2545 861 2834 929 aspicielis,
2881 869 2929 912 et
2964 875 3068 912 non
3103 859 3364 912 videbitis.
3400 857 3773 911 Incrassatttm

2192 965 2270 1008 est
2297 955 2433 1006 enini
2466 969 2558 1006 cor
2584 951 2764 1020 populi
2799 951 2978 1018 hujus,
3005 959 3052 1003 et
3085 950 3300 1002 auribus
3331 951 3568 1018 grauiter
3596 950 3776 1004 audie-

2190 1055 2314 1096 runt
2343 1042 2474 1112 (Isa.
2505 1058 2576 1104 γι.
2616 1041 2671 1104 9,
2705 1039 2819 1110 10).

2263 1136 2414 1204 (Cap.
2459 1133 2593 1188 Llll.
2622 1163 2690 1174 —
2720 1133 2926 1188 Vers.i
2967 1133 3106 1203 seq.)
3154 1151 3171 1184 t
3205 1131 3342 1198 Quis
3392 1133 3629 1187 credidit
3685 1148 3769 1186 auo

2193 1227 2327 1281 dilui
2367 1229 2599 1282 nostro?
2633 1237 2688 1282 et
2743 1227 3030 1282 brachium
3090 1224 3302 1280 Domini
3332 1226 3419 1280 cui
3475 1225 3771 1280 revelatum

2189 1318 2318 1374 est?
2349 1319 2413 1373 Et
2441 1321 2698 1376 ascendet
2736 1321 2877 1374 sicut
2903 1317 3194 1388 virgultum
3217 1332 3398 1372 coram
3431 1334 3524 1383 eo,
3546 1328 3600 1371 et
3629 1318 3769 1371 sicut

2190 1411 2346 1465 radix
2375 1413 2439 1466 de
2469 1421 2615 1467 terra
2651 1412 2860 1467 sitienti
2903 1429 2917 1466 :
2958 1427 3064 1465 non
3091 1421 3176 1466 est
3202 1413 3415 1480 species
3474 1413 3549 1472 ei.
3593 1425 3770 1480 neque

2190 1504 2356 1558 decor
2390 1521 2404 1558 :
2438 1513 2492 1558 et
2526 1503 2761 1559 vidimus
2793 1518 2939 1569 eum,
2970 1514 3024 1558 et
3052 1517 3160 1557 non
3202 1514 3317 1557 erat
3368 1513 3626 1574 aspectus
3657 1521 3671 1555 :
3722 1513 3770 1553 et

2189 1595 2619 1652 desiderauimus
2650 1613 2798 1652 eum.
2836 1596 3162 1666 Despectam
3204 1605 3258 1650 ct
3297 1598 3655 1652 novissimum
3700 1595 3770 1647 vi-

2190 1705 2397 1751 rorum,
2433 1689 2608 1742 virum
2643 1691 2912 1756 dolorum,
2946 1699 3002 1743 et
3039 1690 3303 1744 scientem
3351 1689 3765 1754 ittlirtttitatetn;

2187 1790 2242 1836 et
2296 1781 2455 1849 quasi
2497 1781 2853 1835 absconditus
2900 1780 3087 1834 vultus
3125 1781 3264 1849 ejus,
3321 1789 3376 1834 et
3435 1779 3763 1847 despectus:

502 1888 811 1954 sapientia;
843 1889 936 1940 sed
965 1895 1020 1938 ιιι
1047 1901 1243 1939 servus
1277 1892 1331 1937 et
1357 1899 1506 1953 puer.
1545 1883 1648 1948 Qui
1678 1899 1796 1935 cum
1827 1883 1881 1935 in
1909 1887 2084 1951 [arma
2116 1857 2158 1912 Β
2192 1873 2332 1928 unde
2360 1888 2458 1926 nec
2487 1873 2859 1941 reputavimus
2885 1888 3030 1925 eum.
3065 1871 3200 1926 Vere
3221 1872 3514 1940 languores
3553 1882 3764 1924 nostros

507 1980 601 2032 Dci
629 1992 782 2031 esset.
806 2015 819 2029 .
843 2015 857 2030 .
887 2018 902 2042 ,
965 1976 1190 2044 formant
1220 1977 1356 2029 servi
1415 1975 1668 2044 dignatus
1693 1985 1765 2028 est
1809 1977 2039 2042 accipere
2068 1991 2085 2032 :

503 2071 678 2138 [nctus
706 2067 947 2122 obediens
977 2068 1128 2120 Patri
1168 2072 1330 2136 usque
1373 2067 1440 2119 ad
1501 2077 1742 2131 mortem,
1770 2078 1816 2119 et
1865 2076 2084 2120 mortem

499 2162 699 2214 crucis.
729 2160 1078 2225 Quamobrem
1110 2159 1359 2212 exaltarit
1389 2174 1527 2224 eum,
1555 2169 1602 2211 et
1635 2159 1844 2211 donavit
1865 2155 1944 2211 illi
1991 2174 2084 2211 no-

501 2272 617 2308 men
648 2270 804 2322 super
825 2269 977 2306 omne
1010 2267 1197 2306 nomen
1224 2249 1484 2319 (Philipp.
1517 2266 1576 2315 tt,
1619 2249 1756 2319 6.9).
1785 2247 1886 2315 Qui
1912 2249 2085 2316 loqui-

504 2359 587 2400 tur
619 2347 670 2399 itt
718 2345 936 2398 Psalmo
987 2342 1353 2398 :Benedicam
1407 2342 1716 2407 Dominum,
1749 2342 1840 2410 qui
1894 2340 2080 2394 tribuit

500 2437 626 2489 mihi
663 2436 988 2489 intellectum
1015 2435 1191 2496 (Psul.
1229 2449 1319 2496 xv,
1349 2433 1402 2495 7)
1427 2449 1442 2498 ;
1479 2443 1531 2486 et
1559 2433 1623 2486 de
1652 2447 1758 2501 quo
1790 2431 1959 2485 David
1989 2447 2082 2484 ca-

500 2529 612 2584 nit:
647 2529 752 2593 Qui
783 2528 904 2597 fecit
949 2527 1099 2581 caelos
1145 2529 1198 2579 in
1228 2524 1498 2579 intellectu
1558 2523 1731 2595 (Psal.
1765 2539 1967 2587 cum,
2000 2522 2077 2591 5).

497 2622 618 2690 ipse
665 2631 750 2675 est
809 2619 952 2674 enim
1009 2617 1282 2684 sapientia
1346 2627 1509 2686 atque
1554 2615 1932 2685 intelligentia,
1985 2614 2079 2684 qui

495 2712 817 2782 proﬁciebat
841 2711 997 2780 quasi
1049 2725 1182 2779 puer
1215 2720 1375 2764 tetatc
1429 2719 1589 2775 atque
1643 2708 1948 2776 sapientia;
2011 2708 2079 2764 de

494 2820 607 2874 quo
648 2805 886 2872 loquitur
931 2813 985 2858 et
1037 2802 1278 2856 Petrus:
1325 2799 1465 2854 Deus
1513 2807 1729 2866 patrum
1773 2809 2076 2854 nostrorum

495 2897 814 2968 gloriﬁcavit
843 2894 1037 2949 Filium
1083 2909 1238 2947 suum
1285 2891 1490 2954 Iesum,
1536 2907 1687 2960 quem
1721 2907 1810 2944 vos
1866 2892 2077 2962 quidem

497 2986 816 3045 tradidistis.
847 2993 896 3037 et
941 2983 1174 3053 negastis
1227 2993 1349 3036 ante
1396 2981 1586 3051 facient
1631 2979 1797 3036 Pilati
1853 2982 2074 3038 volentis

494 3095 611 3132 eum
650 3078 933 3131 dimittere.
980 3074 1079 3128 Vos
1107 3087 1282 3128 autem
1313 3082 1559 3128 sanctum
1583 3081 1631 3127 et
1657 3073 1868 3142 justum
1914 3090 2075 3145 nega-

493 3171 600 3230 stis
652 3169 798 3238 (Act.
832 3183 908 3230 tn,
941 3166 1026 3230 t3,
1064 3165 1180 3234 is),
1228 3169 1294 3218 de
1345 3180 1450 3230 quo
1478 3173 1532 3218 et
1584 3179 1748 3232 supra
1807 3165 2072 3235 scriptum
2101 3197 2144 3238 τε

495 3261 874 3316 ostendimus:
927 3259 1040 3326 Ego
1090 3257 1258 3321 testis,
1313 3256 1441 3309 dicit
1513 3255 1787 3324 Dominus,
1845 3267 1894 3311 et
1949 3273 2077 3327 puer

492 3368 645 3422 quem
683 3351 858 3420 elegi:
901 3365 1056 3418 super
1106 3350 1276 3418 ipsum
1323 3348 1607 3418 stupebant
1681 3349 1898 3418 plurimi
1935 3349 2070 3420 (lsa.

493 3460 640 3509 sun,
677 3443 788 3512 10),
823 3458 943 3496 cum
1001 3442 1146 3496 illius
1197 3441 1348 3510 signa
1393 3442 1797 3510 perspexerint.
1830 3441 1898 3495 Et
1949 3443 2076 3496 hinc

493 3536 594 3588 erit
629 3534 807 3600 majus
859 3531 1204 3596 miraculum,
1252 3533 1398 3599 quod
1463 3531 1732 3600 inglorius
1782 3535 1886 3587 erit
1932 3533 2073 3587 inter

494 3625 742 3680 homines
775 3633 1026 3692 aspectus
1057 3622 1217 3692 ejus;
1271 3638 1380 3677 non
1425 3639 1532 3692 quo
1572 3621 1757 3678 forma:
1809 3625 2074 3691 signiticet

495 3717 820 3781 foeditatem,
853 3716 948 3770 sed
979 3730 1086 3783 quo
1120 3716 1172 3767 in
1206 3714 1510 3768 humilitate
1532 3715 1737 3768 venerit
1759 3725 1813 3768 et
1844 3731 2074 3784 pauper-

498 3823 630 3866 tate.
661 3810 912 3876 Quicum
945 3807 1099 3862 dives
1135 3814 1302 3870 esset,
1331 3821 1428 3875 pro
1469 3806 1626 3860 nobis
1666 3821 1869 3874 pauper
1895 3805 2073 3861 lactus

495 3915 572 3958 εει
597 3918 615 3968 ;
644 3912 693 3955 et
753 3898 1102 3954 credentibus
1136 3896 1316 3951 dixit:
1352 3896 1546 3951 Discite
1578 3913 1610 3949 a
1658 3913 1760 3960 nte,
1785 3898 1910 3966 quia
1933 3897 2071 3950 initis

492 4010 610 4048 sunt
633 4002 676 4046 et
698 3990 911 4045 Immitis
938 3990 1094 4044 corde
1120 3987 1334 4059 (Matth.
1361 4005 1435 4052 ιι,
1475 3987 1566 4055 '29)
1599 4004 1614 4055 ;
1652 3989 1717 4043 de
1733 4004 1842 4057 quo
1871 4001 1922 4042 et
1942 3989 2070 4042 Cle-

497 4103 652 4140 mens
690 4084 774 4138 vir
806 4082 1162 4154 apostolicus,
1189 4082 1279 4150 qui
1332 4090 1454 4150 post
1487 4081 1706 4134 Petrum
1773 4083 2069 4136 llomanam

496 4180 636 4234 rexit
665 4177 988 4237 Ecclesiam,
1016 4175 1206 4228 scribit
1238 4175 1305 4228 ad
1331 4172 1651 4228 Corinthios
1683 4190 1696 4227 :
1733 4173 2018 4242 Sceptrum
2047 4177 2066 4206 ¹

493 4270 586 4324 Dei
630 4268 890 4323 Dominus
935 4267 1098 4338 613
1149 4263 1308 4320 Jesus
1361 4264 1630 4328 Christus,
1672 4280 1780 4320 non
1815 4266 1964 4320 venit
2015 4267 2067 4319 itt

485 4362 747 4430 jactantia
776 4362 1065 4429 superbiae,
1102 4375 1224 4415 cum
1267 4357 1440 4427 possit
1488 4359 1692 4424 omnia,
1721 4357 1815 4412 sed
1878 4358 1930 4411 in
1965 4358 2067 4412 hu-

491 4457 740 4514 utilitate.
770 4454 1048 4514 lutantum
1088 4461 1145 4506 ut
1171 4453 1489 4506 verberatus
1524 4465 1555 4504 a
1611 4450 1862 4506 ministro
1887 4465 2064 4508 sacer-

2190 1967 2304 2034 ipse
2340 1964 2483 2030 tulit,
2518 1974 2571 2017 et
2600 1963 2816 2018 dolores
2885 1974 3099 2018 nostros
3149 1963 3326 2035 |Vulg.
3379 1966 3567 2028 repetit
3620 1961 3756 2032 ipse]

2189 2059 2426 2127 portavit
2452 2073 2466 2121 ;
2503 2066 2560 2112 et
2589 2073 2686 2112 nos
2716 2058 3024 2126 putavimus
3045 2071 3167 2110 eum
3195 2057 3348 2125 quasi
3380 2057 3681 2122 leprosum,
3714 2067 3764 2108 et

2188 2165 2512 2220 percussum
2543 2165 2571 2202 a
2605 2151 2737 2217 Deo,
2773 2160 2826 2204 et
2856 2151 3216 2204 Itumiliatum.
3270 2170 3287 2202 ι
3319 2148 3492 2202 LXX:
3525 2164 3545 2197 ι
3590 2149 3766 2200 Domi-

2186 2259 2274 2308 ne,
2314 2243 2434 2312 quis
2461 2241 2688 2296 credidit
2735 2241 2935 2296 auditui
2969 2250 3179 2305 nostro,
3211 2248 3267 2294 et
3326 2238 3608 2293 brachium
3655 2236 3758 2290 Do-

2185 2335 2318 2389 mini
2354 2332 2440 2390 cui
2467 2333 2764 2388 revelatum
2787 2332 2909 2388 est?
2938 2331 3400 2385 Annuntiavimus
3451 2329 3611 2399 quasi
3638 2344 3761 2398 par-

2168 2426 2366 2480 vulum
2408 2428 2461 2478 in
2487 2433 2782 2495 conspectu
2839 2422 2956 2494 ejus
2990 2466 3005 2491 ,
3030 2424 3172 2478 sicut
3213 2423 3364 2476 radis
3414 2421 3467 2474 in
3500 2432 3644 2474 terra
3688 2420 3791 2490 sio.

2185 2521 2360 2574 tienti.
2383 2519 2502 2574 Non
2538 2526 2620 2574 est
2644 2518 2854 2588 species
2879 2517 2930 2574 ei
2955 2531 3132 2584 neque
3171 2515 3370 2585 gloria,
3432 2523 3487 2568 et
3517 2515 3755 2568 vidimus

2181 2625 2329 2678 eum,
2361 2620 2414 2665 ct
2437 2624 2544 2664 non
2565 2609 2800 2664 habebat
2828 2609 3065 2678 speciem
3097 2622 3272 2678 neque
3299 2607 3557 2661 decorem
3609 2621 3626 2669 ;
3657 2608 3752 2660 sed

2169 2703 2393 2773 "species
2415 2704 2533 2773 ejus
2572 2703 2926 2766 inhonorata,
2960 2709 3014 2756 ct
3051 2701 3310 2754 delicicns
3366 2712 3480 2767 prae
3509 2695 3639 2749 ﬁliis
3666 2701 3760 2749 Ito-

2179 2795 2411 2848 tninum.
2444 2792 2616 2849 Homo
2641 2795 2692 2848 in
2722 2793 2900 2863 plaga,
2920 2800 2974 2846 et
2994 2793 3172 2847 sciens
3190 2790 3331 2844 ferre
3352 2788 3754 2854 inﬁrmitatem,

2179 2889 2308 2959 quia
2340 2901 2528 2944 aversa
2563 2898 2648 2942 est
2676 2885 2847 2941 facies
2873 2884 3015 2952 ejus,
3073 2885 3326 2951 despecta
3362 2891 3418 2936 et
3458 2897 3568 2936 non
3605 2897 3762 2951 repn-

2181 2989 2310 3037 tata.
2347 2978 2456 3035 Iste
2491 2987 2717 3049 peccata
2745 2987 2929 3033 nostra
2964 2985 3163 3046 portat,
3196 2986 3251 3030 et
3276 2990 3374 3045 pro
3405 2977 3566 3030 nobis
3587 2976 3755 3038 dolet,

2177 3081 2236 3130 et
2274 3086 2376 3127 nos
2401 3071 2774 3142 reputavimus
2805 3083 2929 3124 eum
2971 3082 3098 3150 esse
3122 3068 3174 3122 itt
3206 3067 3412 3128 dolore.
3447 3077 3501 3122 et
3527 3068 3587 3122 in
3605 3067 3758 3137 plaga

2177 3176 2230 3222 et
2263 3168 2314 3220 in
2351 3165 2660 3220 afﬂictione.
2692 3180 2711 3214 ›
2749 3163 2878 3217 Post
2915 3163 3079 3216 verba
3109 3161 3309 3228 Patris,
3338 3162 3538 3231 quibus
3558 3160 3756 3216 Filium

2181 3275 2335 3315 suum
2369 3257 2573 3312 mundo
2606 3258 2952 3311 nuntiaverat
2990 3271 3111 3310 esse
3155 3266 3479 3320 venturum;
3540 3266 3597 3309 et
3632 3267 3757 3308 ante

2177 3351 2492 3406 seandalum
2556 3349 2755 3411 crucis,
2797 3349 2864 3403 de
2903 3364 3010 3418 quo
3084 3349 3329 3402 dicturus
3369 3360 3507 3412 erat,
3578 3345 3758 3415 lngio-

2179 3446 2286 3498 rius
2304 3445 2400 3497 erit
2437 3455 2682 3511 aspectus
2707 3441 2824 3510 ejus
2855 3443 2898 3506 ⁸,
2950 3451 2999 3495 et
3057 3442 3228 3510 {arma
3259 3441 3374 3509 ejus
3418 3439 3592 3511 614
3649 3456 3756 3504 pra

2173 3535 2304 3603 [iliis
2337 3537 2628 3598 hominum,
2657 3534 2885 3604 gloriam
2918 3536 3262 3602 praemiserat
3286 3534 3713 3587 resurrectionis
3732 3571 3746 3594 .

2180 3628 2522 3681 [imitabitur
2551 3637 2600 3680 et
2651 3627 2952 3689 elcvabitur,
3016 3639 3061 3679 et
3096 3627 3336 3680 sublimis
3395 3627 3496 3680 erit
3551 3626 3752 3679 ralde.‘

2175 3732 2232 3773 ut
2272 3707 2577 3775 humilitate
2613 3721 2790 3774 crucis
2821 3722 3241 3774 resurrectionis
3272 3720 3500 3789 gloriam
3538 3735 3747 3788 [ιι-πνρ-

2177 3813 2340 3873 nit-et,
2399 3812 2677 3880 respondit
2715 3812 3104 3882 prophetarum
3134 3813 3334 3865 chorus
3388 3825 3449 3866 se
3503 3813 3757 3880 implesse

2171 3903 2437 3966 cilicium,
2463 3913 2516 3956 et
2540 3912 2804 3972 quantum
2840 3904 2892 3958 itt
2917 3919 2979 3959 se
3010 3905 3132 3963 fuit.
3175 3903 3458 3957 brachium
3493 3903 3642 3958 illius
3681 3917 3757 3956 at-

2173 4009 2279 4064 que
2300 3996 2555 4047 virtutem
2597 3995 2850 4050 omnibus
2881 3996 3174 4052 nuntiasse.
3215 3993 3269 4049 ltt
3302 4012 3366 4048 eo
3392 4008 3577 4049 autem
3611 4000 3754 4064 quot

2175 4086 2330 4149 dicit,
2403 4084 2534 4146 Quis
2561 4085 2784 4138 credidit
2810 4085 3236 4148 auditttinostro,
3271 4097 3318 4138 et
3339 4088 3611 4140 brachium
3649 4088 3757 4142 Do-

2173 4177 2306 4229 mini
2327 4176 2413 4228 cui
2447 4175 2732 4230 revelatum
2760 4189 2836 4231 est
2867 4179 2892 4229 .9
2924 4179 3202 4232 raritatem
3225 4180 3560 4233 credentium
3591 4183 3757 4252 signi-

2174 4266 2295 4320 l‘tcat
2327 4283 2389 4320 ex
2433 4266 2655 4321 Judzeis.
2697 4267 2960 4336 Quodque
3001 4271 3266 4336 sequitur,
3329 4272 3586 4323 Ascendet
3618 4276 3755 4326 sicut

2172 4356 2450 4428 virgultum
2479 4374 2655 4412 coram
2695 4375 2754 4412 eo
2788 4400 2802 4420 ,
2836 4375 2930 4429 pro
2982 4376 3088 4429 quo
3129 4359 3269 4415 LXX
3311 4365 3751 4428 transtulerunt.

2171 4453 2613 4506 Annuntiavimns
2641 4455 2776 4508 sicut
2802 4461 3078 4517 parvulum
3121 4473 3302 4510 caram
3338 4474 3397 4511 eo
3430 4474 3448 4512 :
3505 4473 3611 4528 pro
3646 4463 3753 4516 eir-

491 4553 662 4623 dotis,
680 4545 1133 4620 responderit:Si
1151 4547 1283 4602 ntale
1307 4546 1512 4600 locutus
1529 4561 1668 4613 sum,
1691 4563 1852 4616 argue
1872 4548 2067 4612 depec—
2100 4581 2146 4642 υ
2173 4544 2340 4614 gulto,
2375 4547 2736 4616 Symmachus
2812 4565 3017 4601 ramum
3076 4549 3468 4620 interpretatus
3535 4569 3652 4623 est,
3697 4572 3752 4612 ιιι

425 4653 432 4660 ’
487 4654 638 4707 calo;
667 4644 746 4696 sin
764 4652 937 4695 autent
953 4639 1097 4704 bene,
1121 4642 1246 4709 quid
1269 4655 1345 4692 tne
1371 4641 1532 4693 eteJis
1554 4638 1730 4709 (Joan.
1760 4638 2066 4709 xvmﬂﬁ)?

496 4737 703 4790 habens
734 4733 1023 4788 duodecim
1049 4732 1365 4801 angelorum
1394 4731 1583 4796 millia,
1631 4747 1753 4802 quae
1787 4731 1931 4786 illius
1962 4747 2065 4787 nu-

486 4831 628 4885 tibus
658 4828 961 4882 obedirent.
992 4824 1104 4879 Iste
1163 4833 1400 4894 asperget
1435 4834 1608 4892 gentes
1642 4822 1856 4888 multas,
1908 4839 2066 4878 mun-

487 4921 622 4972 daus
643 4933 737 4972 eas
762 4915 1024 4984 sanguine
1047 4927 1147 4968 suo
1172 4923 1226 4968 et
1253 4913 1305 4966 itt
1362 4913 1686 4981 baptismate
1738 4913 1832 4967 Dei
1871 4928 2065 4968 conse-

483 5027 643 5066 cratis
667 5009 936 5064 servituti.
987 5006 1156 5076 Super
1203 5006 1374 5074 ipsum
1421 5006 1761 5059 continebant
1820 5023 1962 5075 reges
2004 5025 2060 5060 os

487 5120 662 5166 suum,
693 5115 748 5156 et
775 5101 1051 5171 principes
1077 5098 1287 5162 smculi,
1321 5113 1552 5167 quorum
1588 5099 1766 5152 omnis
1793 5097 2061 5166 sapientia

486 5194 669 5250 erucis
703 5195 1088 5262 pra-dicationc
1143 5191 1405 5245 subversa
1439 5200 1522 5243 est
1548 5229 1563 5254 ,
1594 5199 1647 5244 et
1688 5190 1779 5258 qui
1831 5207 1936 5242 nott
1971 5190 2066 5244 ha-

485 5287 719 5348 buerant
748 5283 942 5353 Legem
974 5294 1028 5338 et
1067 5281 1391 5350 Prophetas.
1429 5278 1494 5333 Et
1521 5281 1710 5351 quibus
1763 5281 1827 5334 de
1847 5297 1904 5334 eo
1961 5297 2063 5335 non

481 5379 654 5447 fuerat
682 5376 1010 5441 nuntiatum,
1045 5376 1151 5442 ipsi
1188 5373 1429 5428 videbunt
1497 5381 1545 5427 et
1601 5372 1921 5442 intelligent.
1991 5373 2063 5428 De

482 5469 678 5542 quibus
708 5467 950 5536 loquitur
982 5476 1036 5520 et
1069 5465 1356 5520 Salvator:
1385 5463 1538 5518 Beati
1567 5465 1654 5532 qui
1681 5479 1784 5516 non
1822 5463 2061 5516 viderunt

553 5651 569 5682 ¹
606 5650 781 5703 .‘dulim
815 5661 936 5700 eum
997 5644 1239 5699 Victorio
1298 5654 1347 5699 et
1402 5643 1592 5698 Crteco
1641 5641 2055 5711 δοξαπθήσεται,

479 5720 885 5791 glori/imbitur.

553 5795 570 5822 '
604 5785 658 5842 ὃ.
695 5793 770 5841 (Lit
797 5801 940 5843 nent
965 5806 989 5842 s
1026 5789 1180 5840 \crlm
1218 5796 1341 5838 Sunt
1369 5803 1427 5834 ev
1465 5785 1700 5847 Epistula
1756 5785 1776 5835 1
1841 5785 1904 5835 ull
1961 5785 2059 5837 Co-

488 5862 716 5912 l'lllllllt):
758 5875 926 5916 Usgut:
960 5871 1021 5909 ad
1063 5875 1279 5907 ternum
1312 5857 1611 5907 humilitate
1643 5873 1656 5906 .'
1686 5873 1784 5906 non
1824 5872 1946 5905 \‘t'l'tt
1973 5874 2059 5908 ns-

2173 4649 2508 4706 assuntptum
2549 4639 2868 4696 ostenderet
2897 4643 3172 4698 hominem
3233 4650 3325 4715 qui
3369 4652 3650 4715 processit
3690 4656 3751 4706 de

2168 4739 2324 4784 utero
2353 4731 2621 4802 virginali.
2655 4733 2726 4788 De
2755 4750 2863 4803 quo
2896 4735 3057 4790 iul'ert
3090 4756 3103 4793 :
3143 4737 3290 4793 Sicut
3317 4741 3476 4795 radix
3506 4744 3574 4796 de
3612 4758 3752 4800 terra

2167 4824 2387 4880 sitienti.
2419 4825 2523 4878 Pro
2551 4825 2771 4889 sitienti,
2809 4829 3001 4896 Aquila
3025 4834 3412 4900 interpretatus
3437 4847 3540 4898 e5t,
3583 4839 3751 4906 inuia,

2169 4923 2227 4968 ut
2260 4915 2587 4985 virginitatis
2626 4918 2970 4989 privilegium
3003 4923 3421 4989 demonstraret,
3452 4929 3601 4994 quod
3631 4932 3754 4981 abs-

2166 5021 2272 5075 que
2293 5007 2402 5061 ullo
2434 5009 2672 5063 humano
2701 5010 2913 5066 semine
2984 5011 3050 5067 de
3110 5023 3250 5067 terra
3285 5019 3433 5084 prius
3498 5018 3645 5072 invia
3680 5023 3751 5073 sit

2166 5107 2405 5152 creatus.
2438 5097 2544 5153 lste
2573 5108 2656 5154 est
2688 5101 2752 5153 tle
2783 5115 2890 5169 quo
2926 5112 2978 5156 et
3015 5119 3179 5173 supra
3230 5106 3458 5175 legimus
3513 5128 3526 5162 :
3590 5109 3750 5164 Exiet

2169 5190 2314 5257 virga
2341 5191 2405 5243 de
2437 5191 2617 5242 radice
2635 5189 2804 5256 Jesse,
2839 5203 2887 5245 et
2923 5195 3021 5262 [los
3042 5195 3106 5248 de
3133 5197 3310 5252 radice
3334 5204 3445 5266 ejus
3499 5208 3748 5256 a;.cendet

2171 5277 2310 5348 (Ita.
2356 5293 2432 5342 st,
2459 5279 2547 5349 1);
2583 5289 2640 5332 ut
2680 5281 3017 5337 nativitatem
3051 5285 3169 5354 ejus
3199 5299 3252 5340 et
3288 5303 3576 5343 ascensum
3613 5292 3634 5323 ⁸
3676 5299 3749 5346 si-

2168 5371 2460 5439 guillcctin
2509 5371 2736 5427 mundo.
2768 5372 2863 5428 Sin
2898 5387 3075 5430 autem
3117 5394 3220 5431 non
3249 5380 3480 5435 habebat
3508 5385 3746 5452 speciem

2167 5479 2345 5534 neque.
2375 5463 2640 5534 gloriam;
2669 5467 2764 5520 sed
2790 5464 2964 5522 forma
3011 5467 3182 5538 ipsius
3227 5484 3345 5527 erat
3388 5476 3643 5544 ignobilis
3695 5489 3749 5530 et

2165 5659 2272 5713 que
2303 5645 2369 5698 ad
2403 5643 2787 5726 subsequentis
2811 5649 3015 5716 periodi
3035 5649 3324 5717 obedirent,
3355 5655 3502 5723 quod
3529 5653 3742 5710 Martia

2167 5729 2313 5769 nqu
2347 5726 2572 5781 putawt.

2237 5786 2444 5863 fastidit
2474 5785 2752 5863 Victorius
2775 5790 2910 5843 inter
2947 5791 3080 5843 rit-os
3110 5809 3169 5844 ex
3207 5792 3452 5863 Vulgata.

2235 5859 2252 5887 ⁸
2292 5857 2514 5921 Vision,
2557 5871 2607 5912 nt
2642 5861 2939 5913 "utilitatis
2972 5863 3083 5921 eius
3124 5857 3414 5917 (territant...
