3902 6182
147 406 233 470 525
655 400 1150 463 COMMENTAR.
1194 400 1274 461 1N
1318 398 1582 460 ISAIAM
1626 398 2090 460 PROPHEI‘AM
2122 398 2284 493 \LlB.
2324 397 2456 457 Χιν
2516 397 2682 457 CAP.
2713 397 2881 459 LIII.

3279 392 3385 461 520

143 515 381 575 deﬁciens
402 528 514 584 pra
568 512 696 567 ﬁliis
735 514 1041 573 hominum,
1093 513 1211 569 sive
1266 521 1329 568 ut
1363 512 1594 568 habetur
1651 511 1705 566 in
1735 517 1781 573 Α
1812 510 2077 573 relictum,
2104 520 2158 565 et
2180 510 2271 565 alii
2301 509 2489 580 legunt
2512 508 2855 582 καθήμενον,
2886 506 2945 562 id
2967 514 3075 571 est,
3102 507 3389 561 sedentem.

147 610 378 672 liebrzo,
434 608 708 674 despectus
741 614 794 658 et
824 604 1138 657 novissimus
1180 604 1437 666 uirorum,
1476 617 1707 672 quomo-

142 703 201 755 do
240 700 290 751 in
312 696 545 752 Psalmis
591 696 795 749 dicitur
830 710 847 750 :
879 694 1164 764 Accingere
1201 693 1378 764 gladio
1435 704 1525 748 tuo
1550 708 1709 763 super

142 794 296 862 femur
325 800 498 855 tuum,
534 787 917 854 potentissime,
982 785 1379 851 pulchritudine
1416 801 1463 840 et
1517 786 1706 839 decore

139 880 402 951 tao(Psat.
441 894 584 943 XLIV,
610 878 666 941 4,
695 878 795 947 5)?
832 876 988 942 Quod
1028 876 1189 932 facile
1220 877 1471 932 solvitur.
1505 875 1708 944 Despe-

145 986 256 1031 ctus
284 983 410 1028 erat
432 981 488 1026 et
512 972 769 1042 ignobilis
794 971 1013 1040 quando
1044 970 1318 1039 pendebat
1351 971 1404 1023 in
1436 984 1621 1031 cruce,
1653 976 1708 1023 et

141 1072 303 1120 lactus
330 1079 430 1132 pro
462 1063 615 1118 nobis
642 1061 1010 1125 maledictum,
1040 1072 1259 1127 peccata
1289 1069 1475 1114 nostra
1517 1070 1704 1129 porta-

140 1162 235 1215 bat.
272 1157 333 1211 Et
368 1157 689 1227 loquebatur
729 1153 878 1208 Patri
908 1172 924 1207 :
978 1154 1137 1220 Deus,
1172 1153 1309 1208 Iteus
1339 1135 1504 1219 meus,
1542 1168 1707 1222 quare

137 1249 544 1319 medereliquisti
577 1247 792 1319 (Matth.
831 1260 997 1309 xxv",
1053 1244 1192 1315 46)?
1223 1245 1461 1316 inclytus
1520 1255 1702 1298 autem

138 1352 262 1404 erat.
301 1352 361 1395 et
412 1341 649 1395 decorus
686 1347 932 1407 aspectu,
971 1338 1192 1408 quando
1248 1337 1314 1392 ad
1382 1338 1697 1406 passionem

137 1436 246 1505 ejus
279 1446 430 1490 terra
450 1433 799 1495 contremuit,
829 1446 959 1487 saxa
992 1431 1211 1499 dirupta
1253 1440 1402 1495 sunt,
1424 1439 1480 1484 et
1499 1430 1707 1499 fugien-

140 1538 186 1580 te
210 1526 339 1589 sole,
376 1534 634 1577 aeternam
668 1534 881 1578 noctem
918 1522 1185 1577 elementa
1248 1521 1570 1576 timuerunt.
1617 1519 1693 1575 De

140 1632 237 1684 quo
270 1624 329 1670 et
357 1630 562 1684 sponsa
596 1614 651 1668 in
684 1613 913 1669 Cantica
945 1616 1289 1669 canticorum
1318 1630 1332 1668 :
1395 1611 1701 1668 Fratruelis

140 1725 272 1762 meus
351 1706 640 1771 candidus,
682 1716 730 1758 et
760 1706 1102 1770 rubicundus,
1146 1705 1340 1759 electus
1375 1707 1439 1759 de
1466 1704 1700 1759 millibus

140 1801 307 1869 (Cant.
335 1815 391 1862 v,
416 1796 527 1865 ιο).
557 1796 839 1852 Candidus
865 1796 1202 1866 plenitudine
1232 1812 1296 1851 ac
1332 1800 1567 1866 puritate
1593 1798 1700 1849 vir-

1819 600 1879 655 !n
1912 600 2180 670 principio
2203 599 2448 669 capituli,
2475 600 2527 654 in
2552 617 2659 671 quo
2684 600 2846 670 juxta
2876 597 3231 668 Septuaginta
3256 596 3396 651 dici-

1821 701 1909 747 tur
1942 734 1960 759 ,
1998 691 2245 756 Domine,
2280 691 2403 761 quis
2427 691 2648 746 credidit
2673 692 2890 746 auditui
2908 699 3087 744 nostro
3112 704 3132 743 :
3165 697 3216 743 et
3267 688 3399 742 bra~

1817 784 1992 837 chium
2033 782 2249 837 Domini
2269 783 2355 837 cui
2415 785 2704 839 revelatum
2738 794 2845 851 est,
2913 798 3023 854 quo
3082 776 3398 838 testimonio

1816 886 1869 931 et
1891 876 2167 945 apostolus
2223 874 2428 931 Paulus
2458 877 2627 930 utitur
2686 879 2750 931 ad
2805 873 3081 931 Romanos
3115 873 3289 947 (Rom.
3317 875 3396 943 ιι),

1815 970 2127 1024 edisserens
2176 969 2311 1025 illud
2332 984 2498 1040 super
2531 968 2741 1023 Domini
2781 968 3070 1038 passione,
3138 966 3398 1022 Dominus

1818 1064 1872 1117 in
1914 1061 2182 1117 Hebraico
2211 1078 2317 1117 non
2342 1062 2600 1127 habetur,
2623 1061 2719 1117 sed
2753 1075 2852 1133 pro
2882 1061 3242 1132 intelligentia
3272 1074 3399 1129 per-

1816 1167 1986 1218 sonae,
2022 1157 2089 1209 ad
2123 1170 2287 1222 quam
2315 1154 2535 1219 dicitur,
2569 1154 2817 1209 additum
2849 1165 2957 1209 est.

1888 1243 2070 1314 (Vers.
2097 1245 2240 1316 5-7.)
2273 1264 2292 1297 ι
2332 1242 2455 1316 Ipse
2481 1256 2664 1300 autem
2699 1245 3022 1301 vulneratus
3060 1253 3145 1300 est
3167 1256 3392 1317 propter

1817 1333 2139 1404 iniquitates
2184 1346 2423 1404 nostras,
2480 1339 2702 1393 attritus
2755 1348 2841 1392 est
2895 1346 3122 1408 prepter
3185 1338 3397 1392 scelera

1814 1435 2024 1483 nostra.
2059 1426 2356 1499 Disciplina
2395 1429 2548 1501 pacis
2579 1440 2779 1486 nostra:
2802 1446 2969 1502 super
2993 1445 3141 1492 eum,
3169 1440 3224 1486 et
3260 1429 3397 1484 livo-

1814 1535 1874 1574 re
1896 1520 2014 1591 ejus
2037 1521 2215 1576 Sanati
2254 1536 2467 1578 sumus.
2498 1523 2700 1578 Omnes
2731 1536 2832 1579 nos
2861 1523 3020 1592 quasi
3079 1538 3210 1579 oves
3245 1539 3399 1577 erra-

1812 1611 2015 1675 vimus.
2037 1613 2416 1683 unusquisque
2448 1614 2504 1669 in
2534 1619 2619 1669 via
2676 1630 2773 1670 sua
2813 1611 3001 1687 [Vulg.
3036 1606 3180 1669 viam
3213 1612 3394 1688 suam]

1810 1704 2127 1769 declinavit,
2154 1714 2211 1760 et
2234 1705 2494 1761 Dominus
2525 1707 2705 1776 posuit
2733 1707 2784 1760 in
2808 1722 2873 1761 eo
2908 1707 3250 1775 iniquitatem
3275 1723 3399 1762 om-

1814 1798 1967 1850 nium
2000 1809 2275 1855 nostrum.
2298 1795 2526 1853 Oblatus
2553 1808 2659 1867 est,
2692 1798 2821 1868 quia
2850 1799 2965 1869 ipse
2993 1800 3182 1866 voluit,
3207 1809 3261 1853 et
3290 1815 3396 1854 non

143 1864 327 1955 totum,
372 1891 707 1945 rubicundus
734 1889 789 1944 in
825 1864 1104 1957 passione,
1142 1890 1210 1944 de
1239 1864 1345 1959 qua
1402 1897 1589 1959 postea
1629 1889 1709 1944 le-
1742 1864 1783 1923 Β
1812 1887 2028 1955 aperuit
2061 1899 2125 1941 os
2160 1901 2339 1941 suum.
2379 1904 2397 1938 ι
2426 1883 2571 1943 LXX
2600 1903 2614 1942 :
2641 1864 2672 1939 ⁷ι
2702 1864 2820 1957 ipse
2851 1864 3032 1943 autem
3080 1864 3400 1945 vulneratus

147 1986 276 2039 cturi
325 1998 556 2038 sumus:
606 1981 737 2045 Quis
778 1992 854 2037 est
889 1984 986 2036 iste
1014 1983 1104 2051 qui
1142 1983 1378 2036 ascendit
1417 1984 1480 2036 de
1519 1982 1712 2047 Edam,

142 2076 269 2143 fulva
294 2074 408 2146 (Al.
421 2071 644 2145 [uirida]
663 2074 963 2127 vestimenta
979 2074 1093 2142 ejus
1115 2090 1181 2128 ea:
1195 2072 1365 2128 Bosor
1392 2074 1526 2145 (lsa.
1552 2089 1709 2137 thtt,

144 2167 444 2235 i),rlectus
462 2166 528 2219 de
561 2165 800 2220 millibus
818 2165 870 2219 in
892 2166 1380 2232 resurrectionem;
1415 2166 1573 2234 utqui
1601 2177 1715 2219 erat

143 2255 538 2326 primogenitae
564 2257 745 2310 omnis
783 2267 1071 2321 creaturae,
1131 2257 1531 2326 primogenitus
1562 2257 1716 2311 ﬁeret

144 2367 205 2403 ex
236 2351 495 2403 mortuis.
530 2348 685 2415 Quod
736 2362 915 2404 autem
950 2350 1137 2415 infert,
1175 2347 1350 2402 Homo
1377 2351 1430 2403 in
1456 2349 1638 2403 dolore
1665 2360 1713 2403 et

142 2443 303 2495 sciens
332 2441 729 2509 inﬁrmitatem,
755 2442 871 2495 sive
892 2443 1065 2495 virum
1097 2441 1364 2506 dolorum,
1395 2450 1446 2495 et
1468 2442 1716 2495 scientem

143 2532 559 2599 inﬁmitatem‘,
587 2546 775 2586 verum
808 2547 1006 2600 corpus
1042 2531 1301 2596 hominis,
1331 2541 1386 2585 et
1420 2546 1600 2584 veram
1624 2532 1718 2585 de-
1755 2505 1776 2532 ’

142 2633 410 2680 monstrat
427 2624 690 2689 animam,
729 2623 817 2691 qui
852 2625 1034 2679 sciens
1057 2622 1221 2695 615
1252 2622 1399 2678 l‘erre
1430 2621 1718 2677 infirmita-

147 2724 247 2778 tcs,
281 2730 480 2770 manes
499 2730 593 2770 eas
622 2715 906 2770 divinitate
924 2716 1223 2786 superavit.
1253 2714 1321 2770 Et
1364 2715 1719 2772 absconditus

142 2808 316 2860 vultus
367 2807 531 2860 illius
558 2818 723 2876 atque
754 2810 1065 2876 despectus,
1114 2806 1440 2863 utbumano
1489 2822 1720 2877 corpore

141 2890 315 2946 divina
342 2893 591 2963 potentia
624 2892 917 2948 celaretur.
944 2893 1019 2949 De
1035 2909 1147 2965 quo
1173 2910 1335 2966 supra
1364 2898 1568 2953 dictum
1592 2908 1677 2953 est
1702 2913 1719 2952 :

100 3009 115 3016 -
147 2987 217 3039 Tu
239 3001 294 3039 es
326 2984 476 3039 Deus
504 2985 867 3052 absconditus,
909 2995 960 3040 et
995 2987 1368 3045 nesciebamus.
1428 2986 1533 3055 Qui
1590 3001 1722 3044 vero

142 3078 436 3148 lauguores
462 3086 682 3134 nostros
701 3089 755 3133 et
783 3089 1006 3146 peccata
1039 3080 1312 3150 portavit,
1353 3091 1408 3137 et
1429 3096 1529 3152 pro
1559 3081 1722 3139 nobis

1815 1986 1901 2031 est
1930 1987 2148 2047 propter
2186 1987 2406 2046 peccata
2432 1987 2649 2043 nostra,
2681 1988 2735 2034 ct
2788 1980 3212 2036 inlirmatus‘est
3266 1995 3399 2051 pro-

1818 2078 1939 2139 pter
1977 2070 2289 2140 iniquitates
2315 2080 2549 2127 nostras.
2585 2071 2877 2142 Disciplina
2905 2073 3053 2143 pacis
3089 2082 3286 2128 nostra:
3309 2089 3401 2128 su-

1817 2176 1917 2232 per
1941 2175 2093 2229 cum,
2178 2162 2348 2217 livore
2375 2164 2499 2233 ejus
2531 2163 2709 2218 sanati
2759 2177 2970 2220 sumus.
3000 2161 3202 2217 Omnes
3232 2164 3390 2232 quasi

1815 2267 1948 2307 oves
1978 2252 2309 2316 erravimus,
2337 2252 2575 2308 liomoin
2604 2253 2691 2306 via
2724 2264 2823 2307 sua
2848 2253 3075 2306 erravit.
3108 2252 3177 2307 Et
3208 2252 3396 2307 Domi-

1819 2357 1926 2398 nus
1954 2343 2176 2397 tradidit
2200 2358 2321 2396 emn
2350 2355 2575 2414 propter
2612 2343 2933 2413 iniquitates
2957 2354 3188 2410 nostras,
3207 2352 3260 2398 et
3285 2345 3401 2413 ipse

1817 2446 2039 2504 propter
2066 2433 2411 2489 aiilictionem
2437 2447 2544 2487 non
2594 2434 2812 2502 aperuit
2862 2448 2926 2489 os
2959 2448 3142 2488 suum.
3178 2452 3198 2485 ι
3256 2432 3391 2499 Nos,

1820 2526 2021 2596 inquit,
2048 2524 2217 2597 616
2235 2525 2548 2593 putavimus
2570 2538 2695 2580 eum
2725 2525 2903 2579 virum
2952 2526 3243 2592 dolorum,
3284 2526 3401 2583 sive

1814 2620 1971 2691 juxta
1997 2617 2516 2690 Septuagintamsse
2535 2618 2589 2671 in
2630 2616 2844 2683 dolore,
2903 2627 2960 2673 et
3016 2632 3336 2688 percussum
3368 2632 3400 2671 a

1821 2713 1955 2781 Deo,
1980 2723 2035 2768 et
2054 2711 2276 2782 propria
2309 2711 2583 2767 sustinere
2603 2720 2846 2782 peccata.
2876 2710 2972 2766 ille
2997 2723 3177 2764 autem
3210 2712 3401 2765 vulne-

1822 2814 1979 2860 ratus
2006 2814 2090 2859 est
2119 2814 2339 2874 prepter
2367 2802 2688 2872 iniquitates
2713 2813 2950 2868 nostras,
2972 2803 3158 2859 dicens
3179 2804 3231 2857 iu
3251 2803 3398 2873 psal-

1826 2913 1954 2954 mo:
2015 2895 2293 2952 Foderunt
2318 2911 2509 2949 manus
2550 2910 2694 2949 meas
2752 2903 2803 2949 et
2843 2894 2999 2964 pedes
3052 2892 3226 2963 (Psal.
3283 2911 3398 2957 ut,

1823 2991 1939 3063 l7),
1964 2998 2024 3045 ut
2054 3004 2156 3046 suo
2175 2989 2402 3045 vulnere
2428 2988 2656 3044 vulnera
2688 2997 2881 3044 nostra
2897 2998 3136 3053 curaret,
3164 2998 3215 3043 et
3240 2991 3403 3044 attri-

1824 3092 1910 3139 tus
1960 3091 2063 3149 est,
2087 3080 2205 3138 sive
2240 3080 2547 3152 inﬁrmatus
2585 3092 2801 3151 propter
2842 3080 3042 3137 scelera
3092 3093 3295 3151 nostra,
3345 3095 3404 3140 ut

145 3170 309 3237 dolet,
342 3186 458 3226 mm
495 3171 755 3240 putative,
786 3172 839 3226 id
865 3181 971 3237 est,
1003 3170 1065 3227 τὺ
1094 3175 1281 3228 δοκεῖν
1312 3174 1359 3241 ¹,
1392 3183 1452 3230 ιιι
1480 3186 1637 3232 vetus
1664 3183 1720 3232 et
1742 3207 1793 3272 α
1827 3174 2004 3232 lactus
2032 3188 2133 3245 pro
2154 3172 2314 3229 nobis
2344 3173 2718 3240 maledictum,
2755 3188 2856 3229 nos
2890 3174 3150 3232 liberaret
3196 3176 3263 3231 de
3287 3191 3404 3231 ma-

144 3279 279 3318 nova
321 3264 558 3321 heresis
592 3264 989 3336 suspicantur;
1013 3266 1109 3323 sed
1132 3281 1259 3324 vere
1282 3265 1579 3326 cruciﬁxus
1610 3278 1715 3325 est.

145 3353 273 3412 Vere
311 3357 516 3424 doluit,
553 3357 744 3413 dicens
773 3359 830 3412 in
860 3356 1155 3430 Evangelio
1187 3374 1205 3416 :
1253 3357 1451 3415 Tristis
1478 3368 1559 3416 est
1596 3360 1720 3416 ani-

141 3463 223 3501 mo
251 3466 375 3505 mea
420 3465 580 3514 usque
607 3451 680 3503 ad
717 3458 932 3505 mortem
971 3450 1191 3522 (Matth.
1240 3467 1390 3519 xxvi,
1437 3452 1552 3522 58).
1595 3452 1667 3508 Et
1700 3468 1716 3507 :

142 3538 295 3596 Nunc
330 3543 519 3596 citima
548 3559 666 3598 mea
695 3545 910 3598 turbata
965 3552 1040 3599 est
1111 3542 1296 3615 (Joan.
1358 3558 1459 3610 xtl,
1495 3544 1612 3615 27).
1652 3542 1721 3599 Et

145 3650 240 3689 nos
274 3636 596 3705 putavimus
629 3651 756 3691 eum
800 3652 924 3692 esse
946 3637 1315 3705 immundum,
1340 3638 1459 3694 sive
1524 3638 1582 3690 in
1614 3639 1717 3692 do-

140 3724 262 3795 lore,
297 3738 363 3782 ut
400 3731 759 3799 bcpluagittta
796 3729 1215 3797 transtulerunt,
1255 3744 1351 3800 pro
1377 3745 1485 3800 quo
1523 3730 1720 3801 Aquila

138 3817 580 3889 etSynuuacbus
599 3831 897 3890 posuerunt
939 3821 1222 3890 lepsztmt,
1257 3821 1582 3888 Tbeodotio,
1618 3825 1722 3892 ﬂa-

136 3909 415 3976 gellatam.
434 3909 588 3974 Quod
613 3910 738 3966 aliis
774 3913 957 3967 verbis
974 3908 1235 3968 Hebr-uico
1264 3914 1521 3969 idiomate
1568 3916 1721 3983 lepra

138 4003 488 4069 intelligitur,
531 4002 689 4071 juxta
736 4004 866 4060 illud
893 4007 1040 4076 quod
1074 4008 1129 4061 iu
1191 4006 1403 4076 psalmo
1454 4007 1721 4078 scriptum

135 4108 216 4149 est
248 4114 266 4151 :
313 4096 387 4150 Et
421 4098 693 4167 ﬂagellum
728 4113 828 4151 non
882 4100 1322 4170 appropinquabit
1379 4100 1723 4155 tabernaculo

136 4198 226 4241 tuo
252 4189 436 4258 (Psal.
462 4204 548 4257 xc,
583 4192 692 4261 ιθ).
729 4190 791 4246 Ει
828 4201 917 4246 est
945 4206 1189 4249 sensus:
1235 4192 1547 4250 Putavitnus
1601 4210 1724 4249 eum

140 4295 238 4351 pro
258 4283 512 4351 peccatis
535 4285 647 4337 suis
670 4299 701 4336 a
734 4281 842 4338 Deo
872 4298 997 4339 esse
1027 4298 1368 4354 percussum,
1396 4287 1489 4354 qui
1541 4286 1725 4341 itumi-

143 4378 309 4431 liatus
332 4388 424 4432 est
445 4388 667 4449 propter
692 4394 811 4444 nos,
846 4389 900 4434 et
926 4394 1052 4434 cum
1076 4380 1377 4435 latronibus
1407 4381 1722 4437 cruciﬁxus.

135 4464 236 4521 Pro
276 4483 351 4523 eo
385 4471 532 4536 quod
561 4469 920 4539 Symmachus
959 4470 1233 4524 transtulit
1269 4468 1358 4523 Ἐν
1380 4470 1491 4541 ἀφῇ
1520 4471 1652 4526 ὄντα
1681 4473 1724 4538 ⁸,

1825 3269 2045 3325 indicto.
2070 3266 2389 3323 Ialedictus
2420 3266 2569 3322 enim
2592 3268 2777 3322 omnis
2827 3266 2995 3323 homo
3045 3268 3142 3339 qui
3207 3270 3405 3340 pendet

1821 3360 1877 3419 in
1908 3360 2059 3433 ligno
2092 3359 2278 3434 (Deut.
2310 3375 2423 3422 ut,
2455 3357 2639 3416 Galat.
2680 3356 2786 3429 ιιι).
2815 3356 2971 3415 Unde
2993 3358 3278 3433 disciplina
3306 3379 3403 3431 pa-

1820 3454 1898 3509 cis
1930 3464 2126 3509 nostrar
2147 3467 2305 3523 super
2331 3466 2451 3507 eum
2470 3461 2574 3507 est.
2602 3450 2756 3518 Quod
2777 3452 2927 3508 enim
2953 3467 3055 3510 nos
3069 3470 3169 3525 pro
3200 3457 3405 3513 nostris

1822 3546 2159 3603 debebamus
2186 3547 2491 3602 sceleribus
2520 3544 2816 3611 sustinere,
2847 3545 2938 3601 ille
2962 3561 3060 3616 pro
3084 3548 3240 3602 nobis
3265 3563 3396 3617 pas-

1823 3656 1941 3708 sus,
1970 3640 2267 3710 paciﬁcans
2294 3655 2390 3709 per
2419 3642 2738 3708 sanguinem
2767 3640 2948 3696 crucis
2978 3634 3113 3705 suae,
3139 3641 3254 3696 sive
3282 3657 3402 3712 qua:

1825 3736 1879 3790 in
1900 3744 2069 3800 terra,
2096 3733 2213 3788 sive
2236 3746 2357 3803 quae
2385 3731 2437 3785 in
2472 3732 2628 3786 cistis
2674 3741 2823 3787 sunt.
2849 3732 2969 3802 ipse
3000 3743 3084 3787 cst
3109 3733 3253 3787 enim
3298 3747 3403 3804 pax

1827 3836 2035 3889 nostra,
2072 3825 2166 3895 qui
2200 3823 2329 3880 fecit
2364 3832 2596 3894 utraque
2619 3834 2807 3892 unum,
2844 3835 2899 3880 et
2936 3825 3175 3880 medium
3222 3826 3402 3896 parie-

1825 3928 1934 3974 tem
1966 3920 2235 3979 macerizn,
2298 3916 2517 3973 solvens
2570 3915 2915 3972 inimicitiam
2975 3916 3035 3971 in
3089 3928 3255 3972 carne
3307 3932 3403 3972 sua

1824 4009 2140 4081 (Epheth),
2156 4018 2204 4063 et
2225 4008 2384 4064 livore
2409 4008 2521 4080 ejus
2538 4008 2713 4063 sanati
2728 4024 2935 4068 sumus.
2964 4006 3046 4065 Ex
3067 4023 3175 4079 quo
3194 4013 3402 4083 perspi—

1827 4117 1988 4158 cuum
2020 4112 2124 4168 cst,
2153 4102 2528 4169 sicut-corpus
2557 4100 2885 4172 ﬂagellatam
2914 4111 3077 4172 atque
3102 4102 3400 4158 laceratum

1826 4194 1984 4265 signa
2021 4194 2232 4265 injuria:
2267 4195 2320 4247 in
2351 4192 2624 4249 vibicibus
2655 4208 2719 4250 ac
2752 4193 2923 4250 livore
2966 4197 3223 4264 portabat
3272 4209 3289 4226 '
3323 4195 3400 4252 ita

1826 4299 1882 4344 et
1907 4288 2145 4342 animam
2170 4301 2299 4341 vere
2322 4285 2568 4342 doluisse
2589 4301 2688 4355 pro
2713 4284 2891 4351 nobis,
2915 4301 2982 4341 ne
3011 4301 3080 4342 es
3117 4299 3275 4358 parte
3312 4303 3408 4344 vc-

1830 4383 1986 4447 ritas,
2009 4391 2064 4435 et
2089 4395 2156 4435 ex
2180 4390 2334 4450 parte
2377 4378 2716 4435 mendacium
2770 4380 3026 4435 credatur
3049 4379 3103 4435 in
3164 4379 3405 4438 Christo.

1829 4473 2042 4538 Omnes,
2074 4472 2273 4543 inquit,
2330 4473 2485 4543 quasi
2516 4489 2630 4527 oves
2653 4474 2968 4538 erravimus,
2996 4484 3051 4529 et
3073 4473 3409 4544 iudiguimus

138 4560 235 4614 hoc
305 4571 421 4625 cst,
448 4561 508 4614 in
553 4560 746 4629 lepra;
813 4561 1010 4631 Aquila
1075 4562 1258 4633 posuit
1307 4563 1609 4634 ἁφημένον,
1671 4565 1723 4619 id
1756 4552 1801 4608 ι)
1832 4567 2206 4622 misericordia
2248 4567 2342 4621 Dei
2391 4565 2569 4639 (Rom.
2596 4567 2705 4637 ιιι),
2756 4568 3000 4624 dicentes
3049 4569 3101 4623 in
3138 4570 3347 4641 psalmo
3387 4587 3406 4626 :

135 4664 236 4722 est,
267 4655 591 4725 leprosum:
624 4658 770 4725 quod
800 4655 957 4711 multi
975 4669 1084 4711 non
1111 4655 1492 4728 intelligemus,
1527 4669 1723 4728 putant

204 4843 222 4874 ‘
256 4842 510 4899 Verbum
539 4841 677 4912 ferre
706 4841 794 4897 hic
808 4857 1022 4914 quoque
1050 4842 1391 4900 interserunt
1419 4843 1729 4899 Ambrosia-

134 4930 187 4969 lti
209 4930 355 4967 mss.

204 4985 228 5015 ³
264 4983 347 5035 Τὸ
373 4984 573 5046 δοκεῖν,
611 4992 716 5039 etc.
757 4982 1039 5040 Miraberis
1074 4984 1421 5054 antiquorum
1452 4984 1725 5040 editorum

131 5056 534 5117 temeritatem,
568 5055 659 5123 qui
682 5070 777 5121 pro
803 5056 863 5106 τὸ
899 5055 1097 5122 δοκεῖν,
1131 5056 1276 5125 quod
1316 5057 1503 5124 legunt
1531 5070 1724 5109 omnes

131 5140 264 5178 mss.
298 5126 549 5187 codices,
584 5128 739 5177 nobis
755 5126 1055 5178 obtrudunt
1086 5141 1274 5179 vocem
1301 5127 1724 5179 conliCIantoio-

135 5198 354 5263 μένως,
396 5211 517 5262 qua:
550 5194 685 5247 ιηιιιι
740 5196 901 5249 habet
960 5194 1242 5250 alﬁtiitatis
1310 5211 1434 5250 cum
1492 5195 1728 5249 lectione

130 5283 381 5333 pennata
457 5264 897 5334 llict‘ottyniiana.
953 5265 1238 5333 Signiﬁcat
1286 5276 1465 5319 autem
1518 5265 1580 5315 τὺ
1637 5265 1721 5316 δο-

131 5339 272 5396 κεῖν,
288 5337 1164 5405 juxtaapparcntiam,secuudum
1187 5351 1436 5405 apparere
1454 5346 1508 5388 et
1530 5335 1719 5390 videri.

129 5405 270 5459 “ilic
296 5403 450 5457 Volet
467 5421 553 5456 um
575 5403 992 5458 Manichaeorum
1014 5417 1067 5458 et
1095 5403 1397 5461 'l‘urcarum
1428 5406 1719 5459 ltodteruo-

128 5490 251 5527 runt
286 5492 542 5528 errorem
589 5476 983 5544 redarguimus.
1006 5474 1272 5530 Manum.

201 5546 342 5597 "Eu
372 5545 484 5614 ἁφῇ
507 5545 654 5608 ὄντα,
675 5543 1070 5613 ειυ⁷.ι)ιιμιιςθιιι
1103 5550 1155 5600 ιιι
1187 5554 1287 5601 hoc
1311 5547 1430 5602 loco
1454 5544 1715 5614 Hierony-

128 5617 201 5670 mi
252 5618 479 5682 lapSuut
519 5625 575 5670 et
621 5614 1099 5685 ttallucittationem
1151 5617 1555 5685 deprehendere
1607 5616 1712 5670 sibi

129 5692 283 5740 visus
324 5697 421 5756 est
467 5688 716 5756 Capellus
745 5689 797 5739 in
841 5684 1038 5738 Critica
1067 5703 1165 5742 sua
1215 5684 1390 5747 sacra,
1433 5700 1713 5755 exponens

128 5760 278 5811 Istud
310 5754 473 5810 Isaia:
490 5754 653 5826 caput
673 5771 787 5817 LIII,
817 5758 909 5809 sed
937 5757 1137 5810 [rustra
1161 5758 1243 5811 vir
1270 5759 1463 5812 ductus
1497 5761 1712 5809 labora-

124 5839 227 5893 vti,
247 5837 314 5881 ut
344 5825 565 5882 ostendi
588 5831 642 5881 tu
668 5826 1065 5897 l’t'oiegotncuis
1095 5828 1161 5882 ad
1193 5839 1396 5882 tomum
1428 5825 1511 5880 ιιι.
1543 5826 1714 5881 Cante-

1833 4659 2030 4717 Erraui
2055 4661 2193 4715 sicut
2219 4661 2330 4716 ovis
2363 4663 2568 4733 perdita
2592 4662 2770 4732 (Psal.
2799 4664 3128 4736 cxvm,l76)
3157 4682 3320 4738 ;qua‘.
3348 4666 3403 4721 in

1840 4862 1979 4911 runt,
2011 4844 2181 4900 editio
2215 4840 2532 4899 Erasmiana
2585 4858 2774 4900 contra
2794 4844 2954 4902 ﬁdem
3007 4847 3246 4903 omnium
3273 4862 3405 4904 mss.

1836 4919 2083 4989 codicum
2108 4916 2333 4989 mutavit
2373 4917 2538 4969 verba
2567 4917 2679 4989 ἁφῇ
2708 4928 2761 4970 ct
2793 4918 3074 4987 ἁφημένον
3101 4919 3155 4971 in
3180 4917 3325 4988 ἀλφῇ
3353 4934 3408 4974 et

1835 4986 2168 5055 ἁλεεήμενον.
2204 4984 2478 5041 Maurus.
2619 4984 2626 4986 ἡ
2655 4984 2678 4989 ⁷⁷
2844 4984 2851 4986 ⁷
2895 4984 2926 4987 ”

1907 5051 2219 5127 Enimvero,
2251 5061 2392 5125 quod
2454 5066 2698 5112 notatum
2747 5072 2964 5127 quoque
3004 5056 3409 5117 Motttfaucouio

1831 5136 1936 5188 cst,
1961 5125 2258 5198 secundum
2280 5141 2421 5189 eam,
2444 5141 2604 5194 quam
2631 5128 2719 5180 hic
2745 5125 2906 5182 habet
2929 5130 3408 5198 signiﬁcationem,

1832 5210 1932 5249 vos
1972 5195 2253 5265 ἁφημένον
2289 5198 2372 5248 vix
2430 5211 2661 5262 usquam
2722 5195 3065 5266 reperiatur;
3128 5201 3409 5255 derivatur

1828 5280 1975 5341 enim
2014 5267 2094 5341 ab
2120 5266 2369 5341 ᾂπτομςιι
2410 5281 2425 5317 :
2481 5281 2548 5318 ex
2600 5283 2705 5341 quo
2739 5268 2873 5337 ἁφὴ,
2907 5280 3071 5338 atque
3114 5268 3242 5325 inde
3263 5272 3412 5341 ἀφη-

1829 5336 2014 5404 μὲνος,
2084 5336 2133 5388 id
2170 5347 2271 5399 est,
2299 5334 2479 5404 plaga.
2500 5344 2608 5406 aut
2640 5334 2799 5402 lepra
2814 5334 3119 5406 percussus.

1898 5406 2383 5480 “llaécderiuatio
2420 5404 2581 5480 nullis
2605 5404 2973 5471 gratumatica:
2994 5410 3196 5480 regulis
3212 5426 3411 5465 conso-

1823 5490 1941 5531 nat.
1994 5477 2141 5550 Nihil
2204 5477 2429 5529 obstare
2465 5477 2680 5550 videtur
2726 5480 2857 5550 quin
2910 5477 3127 5550 legatur
3185 5482 3409 5550 ἀφήμε-

1825 5565 1937 5611 νον,
1958 5548 2261 5621 sepositunt,
2284 5546 2727 5621 apraepositioue
2748 5546 2870 5602 ἀπὸ
2889 5561 2942 5603 et
2967 5546 3252 5621 participio
3271 5546 3413 5621 ἤμει

1822 5634 1912 5669 νον
1947 5658 1957 5668 .
1994 5618 2222 5685 Ιιειιιυειε
2251 5618 2392 5670 enim
2420 5618 2753 5672 commercio
2780 5618 3103 5676 camelorum
3129 5618 3411 5676 hominum

1820 5689 2184 5811 Euct’diceudi
2246 5701 2453 5741 mereat
2500 5685 2806 5746 ObllDUISsc
2868 5707 3025 5746 nemo
3095 5706 3203 5746 non
3288 5695 3408 5747 scit.

1838 5772 1915 5811 ‘D.
2600 5802 2627 5811 .-

1838 5772 1915 5812 Li).
2600 5802 2627 5811 ..
