3856 6172
511 417 617 482 δΞἹ

1683 409 1745 472 S.
1782 403 2096 469 EUSEBII
2154 399 2601 462 HIERONYMI

3621 398 3701 460 5‘23

516 537 793 608 Evangelii
854 534 1111 607 parabola
1184 531 1310 588 boni
1361 527 1603 586 Pastoris
1657 537 1819 598 atque
1872 521 2091 579 solliciti
2119 519 2460 584 Asauguine
2507 530 2668 583 quem
2721 510 2952 584 legebdt,
3003 515 3086 566 vir
3138 520 3331 566 meruit
3373 511 3620 580 appellari,
3663 523 3707 568 et

521 628 766 684 humeris
793 633 1063 698 reportata
1083 633 1163 679 est
1187 621 1406 693 (Matth.
1440 621 1614 689 xvttt).
1644 617 1750 685 Qui
1784 618 2096 672 sintautem

521 723 637 776 ista:
663 735 813 786 oves,
844 733 1076 788 sequens
1099 729 1285 769 versus
1310 711 1568 768 ostendit.
1597 711 1766 765 Ilomo
1798 711 1849 763 in
1883 709 1965 762 via
1999 725 2094 761 sua

526 813 770 876 erravit;
797 811 912 865 sive
951 809 1327 879 unusquisque
1360 807 1413 858 in
1449 804 1536 858 via
1559 819 1656 858 sua
1694 802 2006 865 declinavit,
2041 810 2098 855 ut

524 903 802 970 propriqu
835 908 1162 968 sequeretur
1193 910 1460 959 errorem,
1491 903 1546 948 et
1579 904 1778 948 rectam
1825 895 1967 946 viam
2003 894 2097 946 de-

521 1009 729 1054 serens,
760 991 828 1044 de
873 991 1148 1046 Crucii'txo
1168 988 1381 1043 diversa
1415 988 1658 1041 sentiret.
1698 986 1950 1039 Dominus
2006 1000 2100 1036 au-

521 1101 628 1139 teut
646 1085 820 1151 posuit
852 1084 906 1136 in
929 1100 988 1137 eo
1016 1082 1346 1150 iniquitatem
1387 1080 1621 1131 omnium
1658 1089 1915 1141 nostrum,
1981 1077 2097 1130 sive

523 1177 745 1229 tradidit
785 1191 900 1228 eum
933 1190 1026 1242 pro
1053 1173 1276 1239 peccatis
1321 1173 1548 1235 nostris;
1583 1179 1640 1223 ut
1671 1169 1812 1238 quod
1878 1176 2098 1238 prepter

523 1269 950 1323 imbecillitatem
977 1265 1174 1319 virium
1207 1263 1348 1318 ferre
1382 1278 1491 1318 non
1519 1273 1854 1331 poteramus,
1887 1275 2099 1328 prono-

524 1364 605 1414 Itis
643 1361 732 1414 ille
770 1366 1036 1428 portaret,
1072 1356 1165 1427 qui
1201 1355 1408 1409 oblatus
1455 1363 1551 1417 est,
1587 1353 1711 1422 quia
1770 1353 1878 1420 ipse
1909 1352 2096 1406 voluit.

521 1450 638 1504 Non
671 1451 814 1504 enim
853 1448 1175 1502 necessitate
1209 1460 1454 1508 crucem,
1493 1446 1585 1498 sed
1620 1444 1900 1498 voluntate
1929 1445 2097 1498 sustio

525 1545 663 1608 nuit,
695 1543 884 1597 dicens
910 1543 960 1594 itt
995 1539 1286 1610 Evangelio
1323 1558 1335 1593 :
1373 1537 1602 1593 Calicem
1627 1553 1776 1606 quem
1805 1536 1932 1590 mihi
1957 1537 2099 1590 dedit

525 1635 689 1689 Pater
717 1652 818 1688 non
846 1635 1024 1688 bibant
1047 1633 1199 1686 illum
1232 1631 1418 1702 (Joan.
1455 1646 1612 1698 xvm,
1642 1630 1728 1695 ll)
1762 1629 1784 1683 ?
1815 1630 1878 1682 Et
1905 1630 1969 1683 ad
2001 1630 2102 1683 Pe-

525 1739 668 1783 trum
695 1731 787 1799 qui
822 1725 1299 1784 scandalizabatur
1322 1739 1352 1779 a
1385 1724 1568 1779 crucis
1625 1723 1842 1776 nomine
1877 1723 1916 1788 ',
1973 1723 2098 1790 quia

527 1837 633 1874 non
673 1829 898 1873 noverat
929 1818 1272 1888 mysterium,
1303 1826 1358 1869 et
1393 1817 1627 1870 humano
1688 1828 1895 1882 pavore
1935 1815 2100 1882 trepi-

2201 609 2478 679 apostolus
2514 607 2532 638 *
2567 607 2713 676 genti
2747 606 3068 676 Ethiopum
3107 604 3302 658 missus
3330 613 3430 658 est.
3459 605 3548 669 Qui
3575 607 3707 673 igitur

2199 702 2414 757 oblatus
2443 710 2528 756 est
2557 700 2755 764 Pilato,
2785 700 2913 770 quia
2944 700 3060 769 ipse
3093 699 3295 762 voluit;
3325 704 3377 752 et
3403 713 3501 750 non
3526 713 3708 767 respuu-

2200 793 2302 858 dit,
2339 802 2396 846 ut
2440 793 2740 860 patibulum
2785 807 2883 861 pro
2917 793 3073 846 nobis
3111 791 3392 844 damnatus
3422 790 3710 851 ascenderet,

2203 886 2316 954 ipse
2347 885 2493 940 sicut
2525 884 2646 938 ovis
2681 883 2748 938 ad
2792 883 3120 938 occisionem
3159 883 3350 935 ductus
3378 891 3473 944 est,
3510 890 3558 934 et
3586 881 3711 947 quasi

2201 990 2376 1044 agnus
2406 991 2591 1030 coram
2626 976 2881 1030 tondente
2909 973 3200 1029 obmutuit.
3225 971 3426 1026 Etenim
3450 973 3619 1041 pascha
3643 988 3713 1024 no-

2201 1075 2370 1118 strum
2390 1066 2690 1119 immolatus
2708 1074 2785 1119 est
2807 1063 3045 1120 Christus
3068 1062 3115 1132 (I
3139 1061 3259 1117 Cor.
3280 1062 3409 1132 v,7),
3431 1061 3712 1129 quemloan-

2203 1171 2300 1210 nes
2335 1155 2574 1225 Baptista
2605 1156 2967 1220 monstrabat,
2999 1156 3190 1209 dicens
3225 1171 3240 1209 :
3272 1153 3403 1207 Ecce
3434 1153 3593 1222 Agnus
3623 1151 3714 1216 Dei,

2201 1261 2317 1299 ecce
2339 1247 2429 1315 qui
2462 1245 2601 1299 tollit
2635 1257 2844 1314 peccata
2888 1245 3070 1298 mundi
3094 1244 3273 1314 (Joan.
3302 1260 3339 1310 ι,
3363 1241 3470 1311 29).
3494 1241 3580 1308 Qui
3602 1251 3646 1294 et
3672 1243 3712 1293 in

2202 1338 2528 1408 Apocalypsi
2548 1336 2775 1393 JOannis
2801 1336 3182 1405 Evangelistie,
3205 1349 3374 1405 agnus
3392 1333 3583 1387 occisus
3602 1348 3714 1400 stupe

2203 1439 2536 1485 memoratur
2599 1431 2787 1497 (Apoc.
2829 1428 2906 1497 v).
2976 1427 3078 1493 Qui
3125 1428 3192 1481 de
3236 1429 3412 1497 seipse
3445 1425 3652 1492 loquitur
3681 1429 3718 1476 in

2201 1516 2435 1573 Jereuiia
2464 1534 2479 1572 :
2507 1518 2674 1589 618
2705 1517 2816 1587 Ego
2847 1527 3021 1570 autem
3058 1518 3192 1570 sicut
3225 1533 3390 1585 agnus
3429 1515 3660 1576 innocens,
3685 1525 3722 1568 et

2203 1610 2393 1664 ductus
2432 1613 2499 1663 ad
2533 1607 3353 1679 uictimam,nesciebamUerem.
3395 1621 3470 1669 ιι,
3507 1605 3720 1673 l9).t.'tnu

2203 1702 2350 1756 enim
2382 1705 2616 1756 nesciret
2644 1714 2950 1772 peccatum,
2980 1715 3078 1769 pro
3111 1700 3272 1754 nobis
3300 1706 3564 1768 peccatum
3587 1696 3723 1749 tactus

2208 1801 2293 1846 est
2324 1791 2401 1862 (II
2418 1790 2542 1847 Cor.
2580 1792 2657 1863 v).
2689 1790 2753 1844 Et
2781 1792 2925 1845 sicut
2953 1805 3124 1858 agnus
3166 1804 3288 1844 cum
3323 1787 3530 1842 ducitur
3555 1786 3609 1837 ad
3637 1787 3722 1836 vit--

525 1912 689 1964 dahat
715 1924 733 1962 :
778 1907 922 1962 Vade
959 1876 1098 1962 retro
1131 1922 1233 1969 me,
1260 1876 1501 1970 rSatana,
1523 1876 1839 1958 scandalum
1871 1919 1925 1956 es
1950 1876 2099 1968 mihi,

2220 1885 2423 1949 limam,
2447 1899 2553 1938 non
2583 1893 2852 1953 repugnat
2883 1903 2895 1936 :
2927 1884 3008 1936 sic
3037 1882 3126 1936 ille
3154 1895 3353 1950 passus
3375 1889 3456 1934 est
3478 1878 3724 1939 voluntate,

528 2002 775 2071 quianon
813 2001 963 2068 sapis
992 2017 1054 2054 ea
1077 2015 1194 2068 qua:
1222 1996 1316 2051 Dei
1342 2007 1487 2059 sunt,
1542 1994 1631 2051 sed
1662 2010 1779 2066 qua:
1833 1994 2102 2046 hominum

532 2093 746 2164 (Matth.
768 2108 880 2156 xvt,
909 2092 1023 2161 23).
1075 2088 1326 2160 Alioquin
1364 2089 1410 2144 si
1443 2102 1548 2142 non
1587 2087 1804 2157 propria
1830 2085 2108 2141 voluntate

527 2199 672 2242 esset
706 2186 940 2251 oblatus,
1001 2182 1096 2253 qui
1143 2182 1384 2236 indicare
1439 2189 1494 2234 et
1536 2179 1829 2248 praedicere
1891 2185 2104 2247 poterat

530 2277 884 2348 proditorem,
917 2273 1082 2345 617
1109 2283 1164 2328 et
1208 2271 1478 2340 apostolis
1509 2270 1832 2340 loquebatur
1859 2286 1873 2324 :
1916 2267 2106 2324 Omnes

529 2387 618 2425 ιιος
651 2373 706 2424 in
732 2370 830 2422 hac
866 2367 1090 2422 noctein
1117 2381 1196 2419 me
1224 2363 1542 2418 scandalum
1573 2362 1920 2421 sustinebitis.
1951 2369 2108 2430 pote-

533 2473 614 2514 rat
646 2474 740 2514 eos
768 2459 860 2529 qui
893 2458 959 2512 ad
995 2472 1056 2512 se
1097 2455 1246 2512 missi
1280 2454 1499 2508 fuerant
1554 2452 1848 2518 declinare,
1907 2454 2109 2522 quibus

531 2549 774 2604 occurrit
815 2546 1148 2616 intrepidus,
1204 2556 1258 2600 et
1296 2546 1440 2598 ultro
1499 2557 1558 2599 se
1610 2542 1808 2597 obtultt
1871 2543 2107 2600 dicens:

536 2645 702 2713 Quem
721 2623 962 2711 qutert'iis
991 2628 1176 2707 (Joan.
1207 2652 1360 2702 xvttt,
1398 2637 1454 2699 4.
1486 2636 1586 2704 6)?
1611 2635 1713 2702 Qui
1745 2636 1928 2690 statim
1963 2638 2109 2692 ceci-

535 2738 733 2794 derunt
766 2744 1063 2790 retrorsum
1098 2745 1327 2796 ;vocem
1350 2730 1491 2807 enim
1517 2728 1798 2796 praesentis
1849 2728 1939 2782 Dei
1969 2728 2112 2784 ferre

539 2847 646 2884 tton
683 2835 958 2898 poterant.
990 2823 1335 2890 Pulchraque
1364 2818 1608 2874 addidit:
1641 2818 1710 2873 Et
1765 2834 1867 2873 non
1905 2820 2110 2888 aperuit

537 2939 596 2975 os
627 2935 802 2974 suum.
830 2914 1150 2988 Quijdicenti
1182 2913 1364 2980 Platoj:
1389 2909 1518 2964 Mihi
1543 2927 1646 2964 non
1675 2910 1902 2980 loqueris
1927 2911 2110 2981 (Joan.

540 3031 656 3078 xtx,
685 3011 772 3082 10)
796 3010 820 3063 Ἰ
859 3009 1030 3064 uoluit
1049 3007 1394 3077 respondere.
1417 3003 1710 3072 Sivejuxta
1731 3004 2112 3074 Septuaginta:

543 3104 782 3174 Aﬁlictus
805 3117 908 3155 non
941 3099 1143 3168 aperuit
1210 3113 1292 3151 os.
1327 3097 1432 3150 Aut
1458 3095 1612 3166 juxta
1645 3095 2028 3166 Symmachum
2062 3105 2118 3152 et

542 3195 966 3249 'l‘tn-odotionem
998 3188 1266 3248 :Audiens
1291 3204 1394 3242 non
1423 3189 1621 3256 aperuit
1652 3203 1708 3242 0s
1729 3203 1903 3242 suum.

2216 1985 2274 2028 ut
2319 1975 2624 2030 deSIrueret
2673 1990 2795 2030 eum
2847 1974 2938 2044 qui
2987 1974 3176 2026 mortis
3227 1973 3455 2026 habebat
3501 1971 3726 2038 imperium

2217 2066 2405 2139 (Hebr.
2432 2069 2517 2135 tt),
2539 2067 2832 2122 ltumiliaus
2849 2081 2907 2121 se
2929 2079 3102 2136 usque
3124 2065 3193 2118 ad
3211 2074 3458 2127 mortem,
3486 2069 3534 2114 et
3549 2071 3726 2115 mortem

2215 2161 2394 2212 crucis
2439 2157 2694 2226 (Philipp.
2737 2158 2820 2227 tt).
2863 2155 2961 2211 Hic
2990 2157 3180 2226 Agnus
3229 2165 3334 2217 est,
3379 2153 3429 2206 itt
3465 2154 3601 2222 cujus
3633 2163 3727 2222 typo

2217 2249 2600 2304 immolabatur
2626 2265 2818 2318 agnus,
2850 2248 3011 2316 cujus
3041 2261 3210 2303 cruor
3238 2246 3427 2302 linitus
3459 2247 3508 2299 in
3539 2243 3730 2314 postibus

2216 2341 2706 2398 exterminatorem
2789 2340 3014 2410 iugabat
3042 2339 3262 2410 [Egypti
3299 2337 3487 2409 (Exod.
3517 2337 3632 2406 xit);
3663 2338 3731 2406 qui

2219 2428 2326 2489 non
2359 2435 2536 2488 solum
2569 2432 2834 2503 sanguine
2877 2445 2976 2486 suo
3009 2447 3108 2486 nos
3146 2431 3402 2496 redemit,
3432 2429 3520 2483 sed
3553 2436 3602 2483 et
3629 2429 3732 2482 lanis

2151 2535 2167 2550 ‘
2217 2529 2452 2599 operuit,
2483 2536 2540 2581 ut
2575 2527 2819 2596 algentes
2855 2525 3192 2592 inﬁdelitate,
3229 2539 3328 2578 sua
3355 2533 3499 2578 veste
3519 2523 3732 2577 caleface-

2218 2626 2323 2684 ret,
2371 2625 2424 2670 et
2472 2618 2787 2671 audiremus
2831 2615 3150 2684 Apostolum
3200 2614 3362 2668 nobis
3417 2617 3683 2684 loquentem
3723 2628 3734 2663 :

2221 2709 2489 2781 Quotquot
2515 2710 2568 2762 in
2593 2708 2798 2762 Christo
2823 2709 3077 2775 buptizuti
3099 2708 3253 2775 estis,
3271 2705 3524 2762 Christum
3543 2703 3738 2758 induistis

2221 2800 2426 2874 (Colat.
2459 2817 2542 2867 ιιι,
2575 2800 2688 2869 27).
2722 2801 2788 2855 Et
2824 2803 2875 2854 in
2903 2800 3011 2854 alio
3040 2801 3157 2854 loco
3197 2818 3212 2854 :
3259 2799 3536 2853 Induitnitti
3570 2795 3734 2852 Christo

2219 2893 2347 2949 Jesu
2375 2894 2547 2965 (Rom.
2579 2909 2698 2958 xttt,
2726 2892 2836 2964 lit).
2861 2892 3124 2961 Quodque
3145 2894 3426 2957 sequitur:
3450 2891 3518 2944 De
3539 2889 3736 2958 angustia

2223 2998 2267 3041 et
2294 2988 2358 3040 de
2369 2986 2574 3055 judicio
2591 2985 2834 3041 sublatus
2853 2993 2953 3046 est;
2975 2986 3110 3051 sive,
3132 2991 3188 3037 ut
3209 2983 3360 3037 LXX
3386 2984 3739 3038 transnderunt,

2225 3078 2294 3132 In
2330 3078 2631 3134 humilitate
2649 3078 2919 3148 judicium
2948 3076 3064 3145 ejus
3089 3078 3332 3130 ablatum
3362 3088 3454 3142 est,
3481 3076 3593 3129 illtnl
3616 3074 3743 3141 signi-

2230 3173 2377 3238 ticat,
2417 3172 2559 3241 quod
2588 3172 2656 3225 de
2689 3169 3034 3224 tribulatione
3067 3177 3238 3238 atque
3263 3169 3468 3236 judicio
3493 3169 3552 3220 ad
3576 3164 3742 3220 Patrem

618 3285 799 3360 (γει-ε,
829 3285 858 3337 7
907 3283 1084 3352 seqq.)
1123 3300 1141 3333 ι
1169 3279 1323 3336 sicut
1353 3231 1561 3336 ονίξθι]
1593 3280 1925 3336 οεηίείοηεεη
1961 3281 2121 3347 duce.
2149 3231 2193 3293 θ’
2232 3265 2404 3318 victor
2433 3261 2772 3324 ascenderit;
2808 3262 2922 3315 sive
2953 3263 3096 3330 quod
3119 3231 3296 3332 judex
3327 3262 3575 3324 omnium,
3599 3255 3744 3326 jlldit'll

549 3390 658 3444 tur,
682 3385 736 3433 et
761 3376 912 3447 quasi
937 3389 1109 3445 agnus
1140 3387 1322 3428 coram
1352 3369 1838 3441 toudenteH’ulgt.
1869 3370 2120 3444 additse]

546 3476 907 3535 obmutescet,
946 3476 1000 3522 et
1032 3482 1135 3519 non
1169 3464 1376 3531 aperiet
1431 3477 1493 3518 os
1527 3478 1706 3518 suum.
1739 3462 1816 3516 De
1874 3464 2122 3531 angustia

547 3575 603 3620 ct
631 3563 697 3619 de
722 3560 925 3632 judicio
965 3558 1213 3613 sublatus
1252 3567 1358 3612 εει.
1401 3555 1818 3610 Generationem
1851 3554 1968 3623 ejus
2001 3555 2123 3623 quis

545 3654 870 3715 euarrabit?
905 3652 1034 3723 quia
1065 3651 1341 3706 abscissus
1375 3659 1460 3704 est
1508 3648 1574 3702 de
1616 3655 1761 3702 terra
1785 3646 2119 3702 viventium:

549 3758 767 3821 propter
796 3745 974 3802 scelus
1006 3741 1187 3813 populi
1219 3741 1325 3796 mei
1358 3739 1624 3811 percussit
1678 3753 1774 3794 eos
1807 3740 1851 3793 '.
1882 3739 1946 3793 Et
1977 3737 2126 3792 dabit

549 3841 745 3909 impios
764 3851 860 3908 pro
893 3834 1195 3905 sepultura,
1224 3841 1277 3887 et
1299 3831 1516 3886 divitem
1549 3845 1647 3900 pro
1669 3840 1839 3884 morte
1861 3846 1959 3884 sua
2013 3848 2028 3884 :
2061 3847 2125 3884 eo

547 3931 692 4002 quod
721 3928 1056 3999 iniquitatem
1086 3939 1196 3980 non
1229 3922 1439 3989 iecerit,
1483 3937 1658 3993 noque
1685 3921 1845 3976 dolus
1879 3921 2045 3977 fuerit
2071 3922 2124 3976 iu

548 4038 644 4080 ore
676 4021 814 4092 ejus.
852 4019 919 4075 Et
953 4017 1214 4074 Dominus
1240 4016 1410 4072 voluit
1433 4027 1720 4072 conterere
1746 4030 1866 4070 eum
1888 4015 1942 4069 in
1978 4016 2128 4068 intir-

552 4115 767 4171 mitate.
816 4131 836 4165 ι
883 4108 1024 4166 LXX
1064 4125 1080 4164 :
1133 4132 1150 4160 ι
1187 4107 1340 4164 Sicut
1366 4109 1483 4164 ovis
1523 4108 1588 4162 ad
1621 4107 1896 4161 victimam
1929 4106 2128 4162 ductus

549 4215 656 4272 est,
697 4215 751 4261 et
778 4205 1112 4272 sicutagnus
1135 4215 1322 4258 coram
1355 4200 1612 4255 tondente
1638 4210 1840 4265 mutus,
1877 4199 1956 4254 sic
2018 4216 2126 4255 non

553 4296 768 4367 aperuit
795 4310 856 4350 os
887 4309 1069 4350 suum.
1103 4292 1160 4348 lu
1198 4291 1506 4346 humilitate
1533 4289 1803 4358 judicium
1850 4291 1968 4362 ejus
1995 4294 2126 4347 sub-

547 4388 724 4443 latum
755 4396 858 4442 est.
888 4383 1304 4441 Generationem
1340 4381 1486 4438 illius
1525 4383 1644 4453 quis
1670 4383 1970 4446 enarrabit,
1996 4383 2126 4452 quia

555 4479 764 4534 tollitur
781 4479 846 4532 de
867 4485 1012 4532 terra
1031 4475 1141 4530 vita
1160 4473 1409 4544 ejusiAb
1427 4473 1804 4544 iniquitatibus
1823 4474 2001 4544 populi
2025 4474 2130 4528 mei

2229 3373 2333 3412 non
2361 3357 2626 3426 repererit
2650 3357 2969 3422 veritatem;
2999 3356 3095 3409 sed
3129 3357 3342 3426 absque
3373 3355 3471 3408 ulla
3503 3355 3653 3421 culpa,
3681 3363 3742 3400 se-

2227 3448 2432 3502 ditione
2457 3446 2768 3502 .ludaeoruut
2797 3458 2852 3500 et
2880 3447 3036 3500 l’ilati
3063 3461 3196 3501 voce
3217 3449 3503 3502 damnatus
3524 3447 3603 3497 sit.
3630 3442 3744 3497 Unde

2228 3541 2528 3594 admiratur
2552 3541 2839 3610 propheta,
2869 3537 3018 3608 quod
3041 3541 3290 3593 omnium
3319 3539 3456 3592 Deus
3477 3553 3530 3591 se
3552 3537 3741 3589 tradide-

2229 3635 2299 3688 rit
2327 3633 2588 3701 passioni.
2636 3634 2708 3687 De
2741 3648 2849 3701 quo
2882 3631 3086 3687 Paulus
3119 3631 3361 3698 loquitur
3397 3645 3414 3684 ε
3441 3627 3494 3684 Si
3518 3629 3636 3682 enim
3656 3641 3745 3678 cre-

2228 3723 2487 3776 didissent
2516 3723 2560 3790 ⁸,
2591 3738 2866 3791 nunquam
2897 3721 3185 3776 Dominum
3215 3721 3401 3792 gloria:
3430 3720 3745 3788 cruciﬁsissent

2231 3815 2284 3888 (Ι
2328 3817 2450 3871 Cor.
2504 3832 2562 3879 tt,
2610 3815 2688 3885 8).
2734 3814 2989 3884 Sequitur
3037 3814 3484 3872 :Generationem
3528 3814 3624 3882 ejus
3661 3809 3746 3877 quis

2229 3911 2543 3965 enarrabit?
2587 3910 2741 3976 Quod
2783 3909 3077 3977 dupliciter
3124 3910 3454 3979 intelligitur
3489 3927 3502 3963 :
3532 3916 3613 3961 aut
3641 3903 3747 3957 enim

2230 4008 2298 4055 de
2321 4000 2605 4055 divinitate
2627 3998 2746 4068 ejus
2768 3998 3147 4067 accipiendum
3174 4008 3279 4061 est,
3309 3998 3447 4064 quod
3476 3989 3748 4063 impossibile

2232 4097 2302 4150 sit
2348 4095 2544 4149 divinae
2592 4092 2892 4147 nativitatis
2925 4107 3087 4146 nosse
3118 4093 3415 4161 mysteria;
3448 4091 3508 4144 de
3538 4104 3628 4157 qua
3668 4089 3750 4151 ipse

2233 4186 2475 4255 loquitur
2501 4186 2553 4240 ιιι
2585 4183 2898 4239 Proverbiis
2933 4201 2949 4241 :
2981 4183 3115 4238 Ante
3148 4200 3333 4239 omnes
3365 4184 3516 4236 colles
3541 4176 3750 4250 generavit

2234 4294 2317 4333 me
2351 4277 2532 4349 (Prov.
2563 4293 2682 4343 vnt,
2710 4277 2836 4346 25);
2867 4276 3020 4347 juxta
3050 4277 3178 4331 illud
3213 4280 3362 4346 quod
3388 4275 3507 4329 alibi
3535 4274 3752 4339 legimus:

2234 4370 2364 4437 Quis
2396 4372 2630 4442 cognovit
2661 4385 2870 4425 sensum
2911 4370 3120 4423 Domini
3154 4411 3168 4436 ,
3204 4381 3299 4422 aut
3333 4370 3448 4438 quis
3473 4359 3754 4419 consiliarius

2233 4469 2346 4538 ejus
2373 4467 2472 4537 fuit
2503 4465 2675 4536 (Ro-nt.
2704 4479 2782 4529 ιιι,
2814 4463 2946 4534 54)?
2974 4463 3025 4518 id
3057 4473 3162 4526 est,
3189 4464 3374 4518 nullus
3398 4479 3415 4529 ;
3445 4471 3533 4515 aut
3552 4462 3610 4512 de
3633 4465 3752 4525 partu

557 4575 752 4625 ductus
766 4578 845 4624 est
867 4568 933 4621 ad
958 4575 1181 4620 mortem
1201 4574 1292 4631 ;et
1310 4563 1446 4618 dabo
1463 4563 1484 4594 ³
1501 4563 1765 4633 pessimos
1781 4578 1878 4633 pro
1891 4563 2133 4630 sepultu-
2166 4573 2212 4630 ι)
2243 4559 2500 4629 Virginis,
2523 4559 2666 4628 quod
2686 4557 2968 4613 difﬁculter
2993 4557 3163 4627 possit
3187 4558 3408 4624 exponi.
3429 4555 3646 4622 Denique
3663 4562 3752 4601 cum

477 4698 488 4744 ἢ·
559 4659 1040 4734 raejus,etdivites
1059 4665 1349 4728 promorte
1392 4655 1560 4711 illius.
1611 4655 1749 4721 Quia
1773 4655 2119 4724 iniquitatem

556 4771 660 4811 non
682 4749 1208 4822 iecit,nequedolum
1227 4748 1281 4804 in
1301 4763 1394 4804 ore
1413 4762 1514 4803 suo
1553 4767 1567 4804 :
1611 4757 1666 4803 et
1712 4749 1968 4803 Dominus
2021 4748 2133 4800 vult

555 4852 817 4908 mundare
831 4864 956 4906 eum
975 4861 1004 4901 a
1024 4849 1200 4917 plaga.
1213 4863 1230 4896 ι
1245 4844 1356 4900 Hoc
1375 4845 1894 4910 testimonium,cutn
1918 4846 1970 4899 in
1987 4844 2132 4899 Acti-

558 4946 660 5002 bus
680 4941 1053 5015 apostolorum
1074 4940 1270 5009 reginae
1287 4938 1550 4993 Candacis
1569 4937 1852 4992 eunuchus
1865 4937 2030 4992 rlteda
2047 4950 2136 4991 ve-

557 5040 780 5091 heretur
807 5035 948 5104 (Act.
970 5046 1062 5086 vttt
1080 5040 1128 5084 et
1165 5029 1421 5100 seqq.),et
1456 5029 1638 5098 legens
1655 5043 1763 5082 non
1792 5027 2132 5099 intelligeret,

557 5125 955 5193 interpretante
993 5119 1242 5188 Philippo
1294 5131 1457 5186 super
1501 5115 1753 5185 passione
1806 5125 1861 5171 et
1917 5119 2134 5170 nomine

558 5215 877 5278 Salvatoris,
912 5211 1194 5275 intellexit,
1234 5218 1288 5264 et
1324 5209 1506 5263 statim
1546 5209 1872 5277 baptizatus,
1910 5209 1962 5262 in
2005 5207 2131 5277 agni

624 5372 640 5404 ³
673 5369 902 5424 Brevius
928 5364 1359 5432 concinniusque
1380 5362 1431 5416 in
1463 5377 1568 5418 uno
1603 5363 1967 5417 Atnbrosiatto
2001 5377 2126 5428 ms.,

549 5441 1019 5498 scandalizabatur
1075 5439 1144 5489 ad
1206 5436 1376 5488 crucis
1423 5435 1752 5502 mysterium,
1807 5448 1854 5486 et
1896 5438 2130 5486 humano

548 5527 740 5586 pavore
765 5507 1116 5586 trepidabat._
1619 5555 1628 5586 ἲ

622 5588 642 5618 ⁸
691 5573 977 5637 Consentit
1024 5576 1280 5640 “Cbl'iCUS
1345 5586 1520 5630 textus
1547 5573 1651 5631 173‘}
1686 5583 1779 5636 ιω
1812 5573 2127 5641 llieronym.

554 5666 732 5710 autem
763 5653 958 5712 versio,
981 5649 1232 5716 percussit
1265 5662 1380 5698 eum
1412 5661 1428 5700 :
1465 5648 1660 5711 \‘ulgh,
1694 5645 1948 5716 percussi.

625 5725 645 5755 ³
673 5725 821 5777 Unus
855 5714 1089 5773 Ambros
1121 5757 1133 5776 ,
1165 5729 1210 5768 et
1241 5718 1404 5777 dabit,
1433 5727 1486 5768 et
1537 5715 1755 5783 quidem
1809 5714 1969 5770 δώσει
2033 5728 2128 5782 pro

552 5798 709 5849 δώσω
753 5804 964 5844 veteres
996 5787 1165 5840 Graeci
1207 5787 1532 5851 lutcrpt‘etes
1565 5786 1979 5836 transtulerunt.

626 5867 646 5897 ⁸
687 5865 807 5916 ιιως
843 5859 1061 5913 Hieron.
1103 5865 1373 5924 a.cep:t';t
1401 5870 1467 5908 ex
1503 5853 1753 5919 Eusebio,
1782 5857 1872 5908 lib.
1911 5871 1943 5906 ιι
1981 5852 2124 5906 Hist.

2237 4652 2424 4708 Mariae
2441 4653 2711 4707 diceretur
2732 4653 2800 4706 ab
2817 4651 3006 4721 angelo
3031 4667 3047 4708 ;
3069 4650 3348 4719 Concipies
3367 4661 3412 4702 et
3429 4648 3590 4717 paries
3602 4643 3754 4712 ﬁlium,

2239 4747 2328 4800 illa
2356 4745 2635 4815 respondit
2672 4760 2687 4800 :
2722 4743 2872 4798 Unde
2899 4743 3027 4797 mihi
3062 4745 3178 4808 hoc,
3213 4747 3340 4811 quia
3373 4743 3534 4796 virum
3579 4752 3667 4789 non
3694 4749 3757 4785 cae

2235 4838 2430 4910 gnavi?
2459 4838 2558 4893 Cui
2595 4852 2809 4892 rursum
2845 4835 3081 4905 Angelus
3113 4851 3127 4891 :
3166 4835 3424 4904 Spiritus,
3454 4831 3634 4899 inquit,
3662 4842 3761 4878 san-

2237 4942 2351 4986 ctus
2383 4933 2546 4986 veniet
2574 4946 2734 4999 super
2778 4939 2849 4994 te,
2883 4938 2932 4983 et
2975 4931 3142 4984 virtus
3177 4927 3439 4982 Altissimi
3485 4917 3761 4978 obumbrabit

2238 5025 2332 5078 tibi
2364 5022 2519 5094 (Luc.
2568 5037 2606 5086 t,
2638 5021 2730 5085 51,
2767 5020 2857 5086 54,
2891 5021 3007 5087 55),
3044 5028 3103 5073 ιιι
3147 5020 3228 5072 γει
3266 5023 3335 5074 ab
3376 5017 3577 5086 angelo,
3617 5012 3685 5065 vel
3713 5010 3763 5060 ab

2238 5114 2566 5183 evangelista
2595 5123 2804 5167 tantum
2838 5112 3135 5166 nativitatis
3163 5110 3328 5178 hujus
3356 5112 3672 5164 sacramenta
3697 5101 3762 5154 dio

2238 5216 2453 5261 cantur.
2493 5205 2661 5273 Cujus
2700 5215 2948 5260 narrator
2991 5204 3311 5258 rarissimus
3353 5211 3459 5268 est,
3503 5193 3759 5255 secundum

2235 5362 2420 5418 eccles.
2468 5377 2593 5430 cap.
2621 5360 2676 5424 1,
2703 5360 2792 5429 qui
2821 5359 3028 5429 pariter
3052 5373 3117 5414 ex
3152 5358 3362 5412 Irenaeo
3391 5355 3586 5430 didicit.
3614 5351 3694 5430 lib.
3718 5361 3762 5400 ιιι

2236 5445 2421 5487 contra
2456 5424 2736 5496 (hereses;
2765 5449 2783 5480 ‹
2822 5424 3048 5485 Missum
3102 5432 3415 5482 eunuchum
3462 5429 3511 5480 in
3552 5424 3764 5496 regiones

2234 5505 2523 5572 [Ethiopian
2548 5494 2964 5568 praedicatorum
2993 5503 3092 5554 hoc
3117 5503 3258 5572 quod
3286 5501 3400 5572 ipse
3424 5494 3717 5572 crediderat.
3738 5502 3760 5572 ,ι

2233 5579 2388 5628 Adde
2427 5557 2870 5641 'apocrypltorum
2924 5557 3256 5633 testimonia,
3305 5557 3525 5622 Constit.
3575 5557 3763 5631 apostol.

2237 5659 2354 5697 cao.
2392 5657 2554 5697 vatt.
2586 5650 2639 5694 et
2671 5643 3110 5697 pseudo-Abdita.

2237 5659 2354 5714 cap.
2392 5658 2554 5705 XLV”,
2586 5658 2639 5694 et
2671 5658 3110 5710 ρευιιυυ-Αιιιιιίῡ.

2306 5718 2326 5746 ⁵
2368 5713 2663 5777 Victorius,
2696 5713 3076 5778 cognovissent,
3116 5725 3176 5764 ex
3211 5707 3405 5764 Graeco
3449 5717 3586 5763 textu
3629 5702 3763 5768 ἔγνων

2237 5803 2355 5840 σαν.
