3902 6182
141 247 239 310 Ξ-ΞΟ

661 244 1165 307 COMMENTAR.
1209 245 1289 306 lN
1331 247 1591 310 lSAlAM
1639 249 2104 312 PliOPHETAM
2149 251 2291 316 LIB.
2335 254 2490 324 XIV,
2535 252 2694 317 CAP.
2736 255 2895 318 LI”.

3298 253 3404 320 530

140 363 259 417 illud
295 379 308 417 :
337 363 466 430 Quis
494 362 724 426 sapiens.
757 371 807 416 et
834 353 1086 433 intelliget
1117 364 1226 418 haec
1260 377 1278 417 :
1307 363 1630 436 intelligens,
1657 375 1707 419 et
1740 372 1785 430 Α
1815 368 1893 422 ait
1932 384 1945 423 :
1985 365 2046 422 In
2079 369 2175 423 hoc
2205 373 2344 424 enim
2372 371 2543 426 uocati
2577 372 2727 436 estis,
2758 370 2882 440 quia
2912 378 2960 423 et
3001 369 3241 425 Christus
3277 388 3403 441 pas-

140 465 402 527 cognoscet
423 473 485 511 ea
507 453 662 524 (Osee
681 470 798 518 xiv,
823 454 939 524 10).?
963 453 1058 510 Sin
1081 465 1261 511 autem
1282 457 1523 525 prudens
1549 461 1718 514 lector

142 550 296 603 tacita
315 549 649 616 cogitatione
665 547 1008 616 reSpouderit
1029 564 1043 602 :
1068 546 1133 600 Et
1154 548 1430 618 quomodo
1454 551 1716 620 scriptum

139 651 215 695 est
259 657 275 696 :
313 640 478 694 Nemo
506 642 651 694 novit
702 638 908 694 Filium
935 642 1040 695 nisi
1077 639 1242 698 Pater
1273 659 1292 696 :
1321 654 1368 697 et
1390 660 1537 698 nerrn
1557 643 1722 716 619

140 734 273 784 navit
296 731 532 796 Patrem,
549 731 651 784 nisi
671 731 867 794 Filius,
890 741 941 786 et
957 733 1044 786 cui
1062 733 1280 788 voluerit
1303 732 1475 789 Filius
1497 736 1722 790 revelare

143 823 358 888 (Matth.
381 839 458 888 ιι,
485 822 626 893 27)?
655 834 710 878 et
739 823 832 893 qui
876 823 1026 877 novit
1057 822 1270 879 Patrem
1301 833 1352 880 et
1381 825 1600 891 Filium,
1620 830 1724 882 uti-

141 932 248 982 que
274 925 328 969 et
351 919 726 984 generationis
750 927 927 986 potest
949 933 1206 972 enarrare
1236 920 1549 989 mysterium
1583 934 1600 980 :
1623 935 1721 973 au-

140 1007 253 1060 diat
285 1008 436 1061 aliud
463 1022 590 1062 esse
627 1023 809 1074 nosse,
837 1009 981 1063 aliud
1007 1009 1214 1078 eloqui,
1247 1012 1370 1080 quia
1408 1011 1722 1080 frequenter

137 1105 442 1166 quzemente
472 1099 839 1167 concipimus,
880 1115 1132 1156 sermone
1150 1103 1426 1172 explicare
1461 1120 1566 1160 non
1595 1121 1720 1175 pos-

139 1202 351 1242 sumus.
389 1188 528 1259 Ergo
551 1200 606 1244 et
626 1191 944 1258 mysterium
976 1193 1172 1247 divinae
1197 1195 1495 1250 nativitatis
1518 1197 1575 1251 in
1604 1213 1724 1252 cor-

140 1294 291 1348 pore.
323 1291 554 1347 possunt
579 1283 778 1348 sancti,
805 1284 910 1338 ﬁde
938 1286 1108 1354 magis
1139 1301 1300 1341 nosse
1325 1302 1488 1356 quam
1518 1289 1720 1344 dicere.

140 1372 397 1440 Alioquin
431 1385 486 1427 et
520 1375 814 1444 Apostolus
860 1389 1051 1446 raptus
1082 1379 1133 1432 in
1175 1381 1395 1434 tertium
1439 1381 1636 1436 ctelum
1668 1392 1723 1437 et

140 1465 190 1517 in
235 1466 579 1534 paradisum,
610 1469 818 1522 audivit
854 1473 1018 1524 verba
1051 1488 1170 1542 qure
1205 1490 1547 1544 nequaquam
1585 1477 1724 1530 valet

139 1555 377 1612 humana
403 1558 576 1630 lingua
603 1561 846 1628 proferre
869 1561 950 1632 (11
980 1563 1104 1616 Cor.
1134 1569 1255 1632 sit).
1282 1565 1386 1619 Sed
1411 1575 1465 1620 et
1488 1565 1724 1635 Spiritus

141 1645 456 1716 interpellat
491 1666 587 1718 pro
615 1653 774 1706 nobis
805 1653 1100 1722 gemitibus
1134 1656 1522 1714 ineliabilibus.
1561 1658 1722 1712 Istius

1823 475 1913 515 sus
1945 469 2019 515 est
2053 478 2146 528 pro
2172 461 2346 529 nobis,
2376 463 2677 531 relinquens
2711 462 2853 516 vobis
2881 462 3201 530 exemplum,
3232 471 3289 514 ut
3317 479 3400 517 seo-

1821 553 2064 618 quamini
2103 555 2325 624 uestigia
2367 554 2502 624 ejus.
2542 553 2652 618 Qui
2693 561 2967 622 peccatum
2999 569 3103 608 non
3144 554 3285 624 fecit,
3315 571 3405 609 nec

1825 649 2063 700 inventus
2094 659 2168 701 est
2199 648 2353 701 dolus
2380 648 2432 700 in
2464 663 2556 700 ore
2578 647 2760 713 ipsius.
2784 643 2887 712 Qui
2915 662 3034 699 cum
3062 645 3408 700 maledicere.

1825 747 1933 804 tur,
1964 755 2068 792 non
2099 739 2446 794 maledicebat
2475 755 2494 803 ;
2521 748 2571 792 et
2604 754 2721 791 cum
2744 746 3040 808 pateretur,
3065 754 3168 792 non
3192 739 3409 794 commi-

1825 831 2052 881 nabatur
2084 827 2139 895 (Ι
2157 828 2302 883 Petr.
2332 844 2394 894 ιι,
2426 827 2490 882 21
2516 836 2566 881 et
2595 828 2784 897 seqq.).
2817 826 3073 884 Dominus
3097 839 3276 883 autem
3309 843 3408 882 vo-

1825 919 1926 974 luit
1951 920 2216 974 mundare
2244 933 2367 974 eum
2402 935 2430 974 a
2461 919 2638 989 plaga,
2663 933 2825 989 quam
2855 919 3039 976 lancea
3066 920 3255 974 militis
3280 935 3404 991 per-

1824 1025 2018 1067 cussus
2044 1021 2352 1082 acceperat.
2384 1012 2511 1067 Sive
2536 1020 2821 1066 conterere
2846 1025 2968 1066 eum
3001 1013 3054 1068 in
3087 1013 3408 1069 inﬁrmitate

1827 1117 1890 1158 ac
1919 1103 2144 1158 vulnere
2170 1119 2187 1156 :
2217 1106 2283 1159 de
2315 1119 2420 1175 quo
2447 1116 2502 1160 et
2531 1106 2647 1174 ipse
2669 1106 2884 1163 dicebat
2919 1125 2932 1160 :
2965 1106 3225 1172 Quoniam
3251 1121 3406 1176 quem

1827 1202 1883 1248 tu
1912 1197 2238 1263 percussisti,
2275 1199 2375 1266 ipsi
2411 1199 2670 1264 persecuti
2711 1209 2836 1254 sunt
2867 1198 3036 1268 (Psal.
3073 1213 3261 1259 vatn,
3288 1198 3404 1267 27).

1827 1285 1892 1339 Et
1925 1301 2020 1354 per
2053 1285 2374 1342 Zachariam
2420 1288 2662 1356 loquitur
2699 1289 2840 1344 Deus
2876 1307 2889 1343 :
2957 1288 3264 1343 Percutiam
3304 1306 3409 1358 pa-

1826 1386 2043 1443 storem,
2067 1387 2118 1432 et
2147 1394 2260 1433 oves
2294 1380 2659 1450 dispergentur
2685 1379 2872 1450 (Zach.
2907 1395 3028 1442 xm,
3062 1380 3135 1450 7).
3184 1379 3322 1447 Ergo
3354 1390 3412 1435 ut

1828 1477 2109 1536 pateretur
2135 1484 2243 1523 non
2271 1469 2374 1524 fuit
2401 1472 2769 1536 necessitatis,
2797 1475 2890 1524 sed
2919 1471 3210 1524 voluntatis
3232 1469 3409 1525 Patris

1827 1569 1880 1613 et
1913 1574 2043 1625 suae,
2071 1560 2135 1613 ad
2161 1576 2320 1629 quem
2353 1561 2466 1629 ipse
2495 1561 2751 1616 dicebat:
2785 1559 2944 1624 Deus,
2974 1571 3028 1614 ut
3060 1561 3289 1630 facerem
3321 1579 3410 1615 vo-

1828 1650 2079 1703 luntatem
2107 1661 2273 1711 tuam.
2299 1652 2439 1705 volui
2466 1649 2634 1718 (Psal.
2657 1667 2849 1716 χχχιι,
2875 1652 2954 1722 9).
2982 1651 3056 1706 De
3084 1669 3190 1722 quo
3222 1661 3277 1707 et
3315 1667 3410 1707 su-

143 1736 326 1808 igitur,
377 1743 534 1809 cujus
574 1745 980 1811 generationem
1027 1754 1123 1800 aut
1172 1746 1375 1814 nullus,
1424 1757 1518 1802 aut
1562 1763 1720 1802 rarus
1751 1728 1795 1788 Β
1827 1757 1920 1810 pra
1957 1741 2184 1810 lt‘gilntts
2221 1759 2238 1797 :
2272 1743 2497 1797 Oblatas
2531 1754 2630 1808 est,
2665 1746 2788 1813 quia
2819 1746 2928 1812 ipse
2957 1745 3142 1800 voluit.

141 1846 402 1885 enarrare
428 1843 623 1902 potest,
653 1835 862 1890 sublata
890 1846 973 1892 est
997 1839 1103 1892 vita
1127 1839 1190 1894 de
1218 1849 1396 1908 terra;
1431 1851 1488 1896 ut
1519 1857 1722 1911 nequa-

140 1939 298 1994 quam
336 1926 390 1979 in
426 1935 594 1994 terra,
631 1931 723 1984 sed
762 1930 814 1984 in
851 1931 991 1987 coelo
1021 1931 1252 1988 viveret.
1286 1933 1412 1989 Sive
1439 1933 1721 1991 abscissus

143 2023 221 2069 est
268 2017 338 2068 de
391 2026 536 2072 terra
578 2020 900 2088 viventium,
936 2032 994 2077 ut
1032 2023 1353 2093 impleretur
1387 2025 1453 2080 de
1486 2040 1551 2080 eo
1578 2026 1720 2094 quod

143 2107 408 2175 scriptum
446 2119 529 2164 est
562 2113 614 2165 in
652 2112 978 2185 Apocalypsi
1007 2113 1239 2172 Joannis
1271 2133 1285 2172 :
1319 2115 1432 2187 Ego
1460 2134 1574 2171 sum
1605 2120 1718 2186 pri-

141 2212 250 2251 mus
280 2210 330 2253 et
375 2201 684 2259 novissimus
719 2221 736 2259 :
770 2207 861 2275 qui
905 2207 1156 2275 virebam,
1196 2219 1245 2262 et
1279 2225 1394 2262 sunt
1434 2222 1670 2264 mortuus
1701 2226 1720 2265 :

141 2300 185 2342 et
219 2308 340 2346 ecce
375 2295 491 2349 viro
526 2297 578 2350 in
618 2308 871 2354 aeternum
917 2298 1102 2370 (Apoc.
1149 2301 1461 2372 1,”,18);
1507 2313 1561 2356 ut
1601 2312 1723 2373 post

144 2383 304 2438 \itam
338 2403 504 2455 quam
538 2389 670 2444 vixit
701 2393 753 2445 in
791 2401 934 2445 terra
965 2402 1212 2447 mortuus
1246 2403 1428 2456 terrae,
1456 2395 1610 2449 ccells
1639 2396 1720 2450 vi-

144 2487 291 2530 veret
319 2481 378 2530 in
406 2491 692 2538 aeternum.
719 2485 983 2555 Quodque
1003 2486 1272 2556 jungitur,
1306 2485 1528 2552 Propter
1550 2487 1721 2542 scelus

143 2571 317 2638 populi
347 2574 452 2625 mei
474 2578 734 2641 percussit
759 2593 845 2630 eos
872 2595 890 2642 ;
918 2579 1052 2643 sive,
1074 2579 1227 2648 juxta
1255 2577 1418 2643 LXX,
1441 2584 1506 2632 ab
1533 2581 1724 2650 iniqui-

147 2664 341 2716 tatibus
379 2667 557 2731 populi
582 2669 682 2720 mei
720 2669 914 2722 ductus
949 2677 1026 2723 est
1063 2669 1132 2722 ad
1171 2681 1413 2733 mortem,
1451 2671 1722 2740 duplicem

145 2766 370 2810 sensum
403 2760 583 2812 habet.
617 2763 725 2814 Aut
752 2763 897 2816 enim
933 2772 1314 2830 persecutores
1345 2772 1401 2818 et
1430 2765 1726 2821 sceleratos

149 2847 333 2915 populi
367 2849 473 2913 sui,
498 2864 594 2903 sua
622 2862 794 2905 morte
820 2851 1132 2921 percussit:
1158 2862 1253 2907 aut
1276 2864 1498 2924 propter
1522 2854 1727 2924 magni-

149 2939 390 2992 tudinem
415 2950 762 3008 peccatorum
797 2942 1004 3014 populi,
1035 2958 1195 3012 quem
1229 2959 1448 3012 semper
1481 2944 1727 3014 peculia-

145 3044 255 3084 rem
285 3033 502 3100 habuit,
529 3033 724 3090 ductus
745 3034 809 3090 ad
840 3047 1066 3090 mortem
1091 3045 1193 3097 est,
1227 3046 1285 3092 ut
1313 3037 1437 3092 illos
1466 3040 1532 3092 ad
1558 3040 1723 3093 vitam

150 3139 239 3175 sua
259 3135 444 3179 morte
468 3136 768 3182 revocaret.
789 3127 910 3196 Ipse
930 3127 1075 3182 dedit
1097 3128 1312 3197 impios,
1331 3144 1428 3198 pro
1443 3132 1724 3200 sepultura

147 3229 275 3280 sua;
310 3223 372 3269 et
397 3216 645 3282 divitem,
666 3233 764 3287 pro
800 3230 974 3274 morte
996 3234 1113 3275 sua.
1151 3219 1277 3274 Sive
1303 3222 1590 3291 pessimos,
1627 3237 1726 3294 pro

146 3305 425 3372 sepultura
444 3305 596 3375 ejus;
621 3319 674 3360 et
697 3308 907 3376 divites,
926 3325 1024 3378 pro
1049 3319 1221 3364 morte
1246 3311 1364 3379 ejus
1389 3327 1403 3364 :
1439 3323 1725 3380 utrumque

145 3397 400 3464 populum
425 3397 760 3468 signiﬁcans,
785 3410 842 3452 ut
862 3401 915 3454 in
937 3401 1092 3455 malis
1108 3411 1164 3455 et
1195 3401 1467 3470 pessimis,
1488 3403 1725 3470 quiante

148 3486 237 3542 Dei
258 3489 509 3543 notitiam
531 3506 633 3544 non
655 3491 924 3546 habebant
944 3493 1124 3561 (Rom.
1144 3490 1242 3563 ιιι),
1257 3495 1578 3548 οειθιιάιιιιιι·
1598 3509 1727 3562 gen-

149 3581 275 3633 tium
309 3583 605 3637 multitudo
651 3601 666 3648 ;
704 3585 758 3638 in
805 3585 1086 3649 divitibus,
1118 3600 1350 3654 quorum
1383 3593 1503 3640 erat
1532 3585 1723 3640 Testa-

150 3681 392 3725 mentum
418 3681 471 3727 et
494 3671 782 3742 Legislatio
805 3675 1194 3746 etPrOphetzn,
1218 3677 1476 3733 Judaicus
1499 3680 1728 3748 populus

149 3764 574 3818 demonstretur.
610 3765 748 3833 Ergo
777 3765 982 3821 idcirco
1012 3782 1207 3834 passus
1241 3779 1324 3823 est
1357 3770 1622 3826 Dominus
1673 3782 1730 3827 et

151 3855 427 3924 sepultus.
460 3863 518 3908 ut
561 3869 625 3909 ex
661 3863 894 3925 utroque
913 3858 1114 3927 populo
1142 3859 1245 3913 sibi
1271 3858 1571 3915 Ecclesium
1599 3876 1732 3915 con~

148 3955 424 4015 gregaret.
457 3945 586 4002 Sive
611 3948 712 4001 hoc
734 3947 1051 4016 dicendum,
1083 3950 1230 4019 quod
1263 3950 1486 4006 Scribas
1520 3951 1734 4008 etPha-

153 4039 361 4102 risaaos,
385 4054 448 4094 ac
470 4039 796 4096 Sadducaaos
824 4042 865 4108 ⁸,
898 4043 1282 4106 sacerdotesfet
1313 4046 1618 4114 pontilices,
1639 4045 1732 4113 qui

151 4128 204 4183 in
243 4131 448 4202 populo
480 4141 605 4187 ante
639 4132 959 4202 regnabant,
998 4142 1051 4187 et
1086 4135 1269 4188 nimiis
1312 4135 1506 4204 opibus
1549 4135 1736 4190 amoe-

151 4220 302 4289 luant,
347 4231 471 4290 post
519 4220 733 4277 Domini
777 4223 1087 4291 passionem
1137 4224 1402 4280 Romanis
1452 4225 1736 4280 tradiderit

153 4310 315 4372 Deus,
356 4320 412 4366 et
441 4322 660 4368 aeternae
687 4315 982 4383 subjecerit
1011 4316 1282 4370 servituti.
1316 4315 1425 4372 Iste
1454 4331 1551 4385 pro
1581 4315 1735 4384 cujus

1895 1833 2072 1902 (Vers.
2105 1835 2192 1897 l0,
2225 1835 2336 1904 ll.)
2375 1855 2392 1886 ι
2432 1835 2486 1890 Si
2520 1838 2764 1904 posuerit
2791 1852 2889 1905 pro
2918 1847 3142 1907 peccato
3170 1837 3406 1892 animam

1823 1939 2001 1988 suam,
2027 1925 2232 1981 videbit
2264 1942 2447 1980 semen
2478 1927 2800 1998 longaevum,
2829 1937 2884 1983 et
2915 1930 3166 1984 voluntas
3196 1927 3410 1984 Domini

1825 2017 1879 2070 in
1923 2031 2084 2071 manu
2133 2018 2252 2088 ejus
2296 2019 2580 2088 dirigetur.
2624 2019 2730 2074 Pro
2776 2035 2843 2075 eo
2889 2021 3033 2088 quod
3081 2020 3413 2076 laboraverit

1827 2103 2016 2177 [Vulg.
2061 2106 2352 2180 laboravit]
2399 2110 2579 2164 anima
2614 2109 2757 2180 ejus,
2792 2111 3013 2178 videbit,
3051 2121 3104 2166 et
3138 2111 3410 2166 saturabi-

1827 2206 1915 2252 tur
1945 2215 1959 2252 :
2004 2200 2060 2253 in
2088 2201 2320 2256 scientia
2351 2215 2448 2257 sua
2483 2201 2809 2270 justilicahit
2851 2203 2967 2273 ipse
3000 2201 3184 2272 justus
3224 2217 3414 2259 servos

1826 2304 1978 2344 meos
2001 2289 2113 2362 [ΑΙ.
2147 2307 2338 2348 servus
2364 2291 2541 2365 meus]
2569 2293 2787 2362 multos,
2810 2302 2863 2348 et
2885 2292 3203 2364 iniquitates
3221 2309 3412 2351 eorum

1835 2381 1952 2451 ipse
1982 2384 2264 2454 portabit?
2301 2404 2320 2437 ι
2357 2384 2500 2440 LXX
2538 2403 2552 2440 :
2588 2405 2607 2438 ι
2647 2387 2702 2440 Si
2733 2386 2992 2442 dederitis
3021 2401 3120 2457 pro
3163 2395 3408 2457 peccato,

1827 2473 2005 2528 anima
2025 2479 2046 2508 ²
2076 2486 2254 2531 vestra
2285 2476 2487 2532 videbit
2514 2491 2700 2534 semen
2717 2477 3058 2550 longmvumt
3091 2488 3144 2533 et
3163 2478 3277 2534 vult
3314 2480 3414 2535 Do-

1829 2566 2007 2622 minus
2037 2567 2252 2622 aul’erre
2284 2570 2349 2623 de
2382 2568 2570 2624 dolore
2597 2570 2836 2624 animam
2866 2573 3009 2641 ejus,
3033 2572 3322 2626 ostendere
3359 2574 3411 2628 ei

1828 2655 2024 2721 lucem,
2050 2668 2105 2710 et
2135 2657 2370 2713 formare
2395 2658 2816 2730 intelligentiam
2836 2699 2854 2726 ,
2880 2662 3182 2732 justilicare
3202 2661 3412 2730 justum

1828 2749 1966 2804 bene
2010 2749 2336 2806 servientem
2383 2751 2573 2807 multis
2620 2767 2636 2818 ;
2693 2760 2748 2807 et
2793 2761 3013 2821 peccata
3060 2768 3249 2807 eorum
3301 2755 3415 2822 ipse

1829 2842 2091 2910 portabit.
2122 2861 2139 2894 ι
2170 2841 2329 2897 Juxta
2360 2843 2688 2899 Hebraicum
2718 2843 2807 2898 hic
2837 2858 3034 2900 sensus
3065 2856 3149 2900 εει
3185 2861 3199 2900 :
3234 2845 3290 2898 Si
3321 2861 3416 2915 po-

1831 2934 2003 2989 suerit
2039 2949 2136 3004 pro
2159 2947 2388 3006 peccato
2414 2938 2652 2995 animam
2676 2951 2832 2993 suam
2860 2937 2950 2992 ille
2971 2952 3130 3008 quem
3160 2937 3417 2994 Dominus

1833 3034 2117 3082 conterere
2134 3028 2326 3092 voluit,
2346 3027 2460 3082 sive
2482 3027 2768 3094 mundare,
2783 3028 2988 3084 videbit
3007 3044 3194 3084 semen
3220 3029 3418 3099 longae-

1830 3133 1979 3183 vum,
2005 3119 2148 3187 quod
2174 3121 2464 3175 seminavit
2487 3122 2537 3174 in
2563 3121 2702 3175 bona
2737 3131 2902 3175 terra.
2931 3120 3004 3176 De
3026 3137 3135 3190 quo
3159 3122 3211 3176 in
3237 3121 3418 3175 Evan-

1827 3211 1967 3280 gelio
1997 3213 2259 3280 scriptum
2293 3219 2376 3268 est
2405 3231 2419 3266 ε
2451 3210 2634 3266 Εωὶυίι
2665 3215 2756 3283 qui
2779 3213 3008 3268 seminat
3033 3219 3336 3278 seminare;
3363 3226 3418 3270 et

1829 3305 2022 3361 iterum
2051 3322 2065 3362 :
2091 3305 2279 3360 Simile
2300 3316 2375 3360 est
2401 3322 2613 3375 regnum
2638 3306 2886 3360 caelorum
2915 3307 3118 3362 homini
3139 3309 3230 3380 qui
3259 3310 3414 3364 semi-

1828 3399 1975 3452 navit
2012 3398 2206 3452 bonum
2251 3413 2423 3452 semen
2453 3399 2656 3468 inagro
2685 3414 2782 3451 suo
2816 3397 3038 3468 (Matth.
3081 3416 3196 3465 xui,
3230 3401 3308 3467 ὅ).
3345 3399 3416 3454 Et

1830 3489 2069 3544 voluntas
2092 3489 2304 3544 Domini
2326 3491 2380 3543 iu
2405 3507 2566 3543 manu
2586 3489 2732 3545 illius
2759 3489 3040 3560 dirigetur,
3066 3502 3126 3546 ut
3149 3491 3417 3563 quidquid

1828 3583 1993 3638 Pater
2041 3582 2233 3648 voluit,
2283 3581 2430 3637 illius
2480 3582 2776 3638 virtutibus
2826 3582 3139 3650 itupleatur,
3185 3585 3417 3640 dicentis

1829 3673 1988 3744 6-21
2030 3675 2094 3726 ad
2140 3672 2350 3726 Patrem
2402 3689 2416 3728 :
2460 3671 2570 3743 Ego
2605 3674 2807 3728 servavi
2861 3689 2946 3727 eos
2993 3674 3047 3726 in
3080 3675 3288 3727 nomine
3326 3683 3416 3726 tuo

1830 3781 1960 3836 quos
2003 3762 2192 3816 dedisti
2238 3762 2386 3815 mihi.
2419 3762 2714 3828 Custodivi,
2749 3772 2798 3817 et
2834 3778 2984 3816 nemo
3011 3778 3075 3816 ea:
3113 3763 3195 3816 his
3238 3764 3417 3832 periit,

1833 3855 1936 3908 nisi
1978 3852 2124 3921 ﬁlius
2147 3851 2482 3921 perditionis.
2511 3851 2687 3924 (Joan.
2716 3868 2845 3917 xvu,
2875 3852 2983 3922 1‘2).
3013 3851 3207 3908 Semen
3233 3865 3415 3907 autem

1835 3946 2040 4001 videbit
2070 3956 2357 4007 aeternum,
2391 3957 2447 3999 et
2483 3943 2730 4001 voluntas
2773 3944 2951 4001 Patris
2987 3947 3039 4001 in
3077 3961 3236 4000 manu
3272 3946 3418 4000 illius

1837 4039 2100 4108 dirigetur
2125 4054 2140 4092 :
2171 4037 2296 4107 quia
2326 4037 2594 4093 laboravit
2618 4038 2798 4092 anima
2821 4039 2937 4109 ejus
2957 4038 3126 4092 multo
3153 4047 3417 4109 tempore,

1838 4131 2084 4200 requiem
2109 4145 2216 4185 non
2238 4131 2521 4186 inveniens
2545 4134 2594 4185 in
2620 4128 2843 4197 Judaais,
2871 4142 2924 4185 et
2945 4131 3134 4186 dicens
3161 4131 3211 4185 in
3239 4131 3416 4187 Evan-

1839 4223 1979 4294 gelio
2006 4241 2020 4278 :
2061 4221 2248 4292 Vulpes
2273 4223 2453 4292 foveas
2473 4224 2661 4278 habent
2688 4265 2702 4290 ,
2733 4232 2782 4278 et
2808 4224 3038 4278 volucres
3056 4223 3197 4290 caeli,
3219 4222 3370 4278 nidos
3400 4238 3418 4278 :

1837 4316 2011 4370 Filius
2052 4327 2229 4369 autem
2268 4315 2496 4370 hominis
2538 4333 2643 4370 non
2680 4317 2835 4370 habet
2880 4316 2968 4370 ubi
3002 4325 3160 4386 caput
3205 4317 3420 4372 reclinet

150 4406 433 4473 sepultura
483 4415 538 4461 et
588 4401 767 4463 morte
825 4409 977 4478 impii
1013 4408 1317 4478 divitesque
1365 4417 1492 4464 sunt
1527 4409 1731 4476 traditi,
1765 4407 1812 4465 ι)
1841 4406 2063 4476 (Matth.
2098 4421 2213 4473 vin,
2248 4405 2367 4477 20).
2401 4406 2466 4460 Et
2496 4407 2549 4460 in
2585 4407 2686 4461 hoc
2731 4408 2920 4462 eodem
2958 4408 3220 4478 propheta
3261 4423 3278 4462 :
3319 4407 3421 4461 La-

148 4494 496 4564 ‘niquitatem
527 4513 633 4552 non
666 4497 818 4565 fecit,
844 4515 946 4554 nec
969 4499 1128 4555 dolus
1159 4501 1418 4555 inventus
1448 4509 1529 4553 est
1556 4500 1607 4552 in
1636 4513 1733 4554 ore

147 4587 284 4652 ejus.
325 4587 484 4652 Quod
519 4589 587 4644 de
622 4590 770 4644 nullo
809 4591 1026 4661 penitus
1066 4591 1347 4644 hominum
1383 4589 1548 4662 620
1583 4589 1740 4644 intelo

150 4677 236 4748 ligi
274 4686 482 4747 potest,
521 4687 580 4733 ut
615 4694 717 4734 nec
735 4695 938 4747 opere,
974 4695 1077 4735 nec
1109 4695 1366 4735 sermone
1407 4679 1735 4750 peccaverit,

150 4768 372 4823 dicente
400 4767 680 4837 Scriptura
712 4809 728 4835 ,
759 4769 932 4825 Nemo
960 4771 1187 4826 mundus
1209 4787 1243 4826 α
1269 4773 1539 4836 sordibus,
1570 4787 1662 4826 nec
1691 4770 1738 4825 si

147 4862 308 4916 unius
326 4862 544 4931 quidem
575 4862 680 4916 diei
715 4864 869 4932 fuerit
890 4865 997 4917 vita
1019 4865 1133 4934 ejus
1155 4863 1278 4935 (Job
1307 4879 1420 4930 ittv,
1440 4865 1494 4928 4,
1515 4864 1595 4934 5).
1632 4863 1737 4922 Et:

153 4953 357 5010 Omnes
395 4957 531 5009 sicut
558 4972 671 5010 ores
709 4958 1023 5022 erravimus,
1046 4957 1402 5028 unusquisque
1447 4957 1502 5011 in
1523 4959 1612 5010 via
1637 4974 1737 5012 sua

147 5048 441 5102 declinauit
473 5061 491 5100 :
521 5048 622 5102 nisi
667 5048 735 5103 de
781 5048 873 5104 illo
894 5049 983 5118 qui
1015 5059 1234 5116 peccata
1260 5059 1445 5104 nostra
1478 5049 1737 5118 portavit,

147 5151 201 5194 et
229 5156 334 5209 pro
369 5140 528 5194 nobis
555 5139 725 5202 dolet,
758 5149 814 5194 et
843 5140 1166 5196 vulneratus
1195 5150 1278 5196 est
1310 5156 1408 5210 pro
1436 5140 1738 5210 iniquitati-

150 5236 254 5289 bus
282 5234 517 5300 nostris,
548 5242 605 5288 et
634 5233 869 5290 amictus
899 5247 984 5290 est
1019 5245 1242 5305 propter
1281 5235 1490 5290 scelera
1526 5244 1736 5301 nostra,

149 5329 310 5398 cujus
350 5328 521 5383 livore
560 5329 734 5384 sanati
777 5345 988 5384 sumus.
1025 5329 1201 5400 Super
1237 5343 1345 5398 quo
1396 5338 1450 5383 et
1487 5329 1739 5398 princeps

147 5420 534 5489 apostolorum
585 5420 779 5478 Petrus
832 5424 934 5477 hoc.
983 5421 1347 5477 testimonium
1402 5421 1736 5485 edisserens,

223 5557 242 5587 ⁸
273 5556 517 5628 Verius,
540 5568 611 5628 ut,
638 5557 875 5622 videtur,
906 5555 1328 5612 Sadducceorum
1359 5570 1557 5612 nomen
1597 5570 1736 5628 pra:-

151 5627 466 5682 termittuut
495 5626 868 5681 Ambrosiam:
907 5629 1128 5682 charter.

222 5698 242 5726 ’
283 5695 438 5753 Unus
466 5699 842 5767 Ambrosiam,
877 5697 939 5754 Si
973 5700 1220 5754 dederitis
1246 5715 1338 5769 pro
1370 5708 1584 5765 peccato
1618 5699 1732 5752 ani-

1841 4498 2017 4553 boravi
2054 4498 2314 4552 sustinens
2365 4496 2506 4568 (Isa.
2548 4499 2588 4562 i,
2627 4497 2740 4568 14).
2777 4497 2914 4564 Quia
2948 4498 3110 4568 igitur
3134 4498 3419 4563 laboravit,

1839 4590 2042 4646 videbit
2072 4589 2344 4646 Ecclesias
2375 4590 2427 4644 in
2458 4599 2572 4644 toto
2602 4591 2737 4645 orbe
2763 4604 3119 4661 consurgere,
3143 4602 3198 4646 et
3229 4607 3419 4646 earum

1839 4681 2180 4736 saturabitur
2224 4681 2352 4736 ﬁde.
2395 4682 2631 4751 Denique
2671 4696 2795 4738 cum
2841 4685 3087 4740 esuriens
3134 4695 3188 4738 et
3229 4685 3420 4738 sitiens

1841 4774 2071 4830 sedisset
2104 4788 2270 4843 super
2314 4784 2536 4844 puteum
2580 4772 2752 4830 Jacob
2800 4776 2979 4846 (Joan.
3028 4777 3130 4843 iv),
3181 4775 3420 4829 medium

1841 4866 1982 4921 diem
2015 4867 2130 4922 sole
2157 4875 2419 4931 torrente,
2448 4867 2650 4936 emptis
2675 4868 2810 4922 cibis
2841 4868 2916 4921 uti
2943 4866 3133 4928 noluit,
3161 4865 3285 4934 quia
3307 4863 3418 4932 jam

1843 4955 2222 5026 Samaritanus,
2257 4967 2314 5014 et
2356 4959 2612 5014 exeuntis
2642 4960 2707 5013 ad
2752 4973 2874 5012 eum
2919 4955 3154 5010 civitatis
3200 4953 3418 5009 Sichem

1846 5051 1948 5107 lide
1978 5053 2210 5107 satiatus
2238 5061 2378 5108 erat.
2409 5049 2568 5106 Juxta
2597 5065 2770 5126 quem
2792 5064 3013 5105 sensum
3041 5047 3257 5103 dicebat
3281 5049 3415 5102 inter

1841 5153 1966 5198 octo
2008 5143 2375 5200 beatitudines
2415 5161 2431 5200 :
2461 5142 2613 5198 Beati
2645 5143 2736 5212 qui
2761 5141 3000 5196 esuriunt
3033 5147 3081 5193 et
3113 5139 3303 5195 sitiunt
3327 5139 3420 5210 ju-

1841 5237 2048 5291 stitiam
2074 5233 2293 5307 (Matth.
2321 5253 2374 5301 v,
2401 5235 2480 5305 6).
2513 5235 2570 5290 ln
2595 5234 2822 5289 scientia
2845 5247 2964 5298 sua,
2993 5232 3174 5297 idest,
3206 5232 3262 5290 in
3317 5231 3423 5288 do-

1840 5327 2036 5392 ctrina,
2067 5327 2179 5397 ipse
2202 5327 2406 5396 justus,
2440 5327 2530 5397 qui
2565 5333 2848 5395 peccatum
2880 5337 2986 5378 non
3024 5322 3171 5389 fecit,
3207 5336 3307 5377 nec
3331 5323 3425 5375 do-

1838 5406 1926 5475 lus
1957 5421 2206 5473 inventus
2238 5428 2320 5474 est
2351 5419 2402 5471 iu
2432 5431 2526 5472 ore
2555 5415 2673 5486 ejus
2703 5433 2718 5469 :
2755 5424 2814 5469 et
2857 5428 3046 5469 servus
3087 5411 3293 5477 Patris,
3327 5412 3421 5480 qui

1841 5574 1982 5611 mam
2011 5566 2261 5618 vestram,
2291 5554 2524 5609 videbitis
2561 5570 2733 5609 semen
2765 5553 2904 5623 longi
2929 5552 3204 5620 temporis.
3234 5562 3282 5605 et
3314 5549 3426 5608 esst:

1843 5627 2124 5684 Dominus.
2155 5638 2260 5680 etc.
2302 5628 2379 5679 Ac
2414 5636 2562 5679 certe
2603 5625 2858 5678 Aldinum
2909 5623 3121 5691 aliaque
3164 5625 3424 5681 nonnulla

1843 5697 2173 5766 exemplaria
2193 5696 2380 5752 Grasca
2404 5696 2506 5751 hac
2533 5697 2676 5752 serie
2702 5695 2910 5766 legunt,
2933 5695 3067 5747 δῶτε
3089 5692 3190 5763 τὴν
3213 5691 3392 5762 ψυχήν
