3902 6182
546 211 651 282 ειὲη

1708 217 1769 278 S.
1807 216 2127 278 EUSEBII
2190 219 2636 282 HIERONYMI

3635 232 3727 295 532

544 322 775 380 iamiam
804 323 946 381 servi
978 332 1285 393 acceperat,
1316 330 1372 380 et
1398 325 1611 382 Domini
1644 329 1912 383 servierat
1941 329 2127 382 volun-
2158 336 2193 381 Δ
2235 332 2364 386 fecit
2396 329 2575 387 amuia
2606 347 2725 402 qum
2749 334 3056 402 praeteritus
3075 348 3255 393 sermo
3275 336 3555 409 descripsit,
3576 352 3619 397 et
3646 344 3729 397 ini-

538 417 666 477 tati.
722 417 926 474 multos
969 418 1296 485 justiticabit
1347 420 1415 474 de.
1467 428 1581 474 tote
1628 420 1762 475 orbe
1812 421 2119 476 credentes.

540 507 613 566 Et
681 511 989 580 iniquitates
1057 527 1236 565 eorum
1304 512 1419 579 ipse
1494 513 1774 581 portabit,
1847 527 1983 583 quas
2046 512 2121 567 illi

541 613 762 672 portare
802 619 908 657 non
948 612 1220 670 puterant.
1276 614 1331 658 et
1368 620 1603 674 quarum
1642 606 1881 675 pondere
1939 606 2124 676 oppri-

545 697 853 750 tuebantur.
887 695 1048 751 Juxta
1085 697 1442 767 Septuaginta
1480 696 1585 751 hoc
1623 697 1828 751 dicitur
1877 711 1893 751 :
1925 694 1969 751 Ο
2004 713 2121 758 vos,

548 798 770 857 propter
823 803 1052 858 quorum
1116 800 1340 860 peccata
1411 789 1580 843 Filius
1625 788 1718 844 Dei
1779 798 1864 842 est
1926 789 2123 843 ductus

544 880 612 931 ad
652 888 904 937 mortem,
935 879 1025 947 qui
1068 879 1313 947 pessimi,
1353 889 1407 934 et
1454 879 1507 933 in
1553 880 1700 933 malo
1749 878 1966 945 divites,
2006 879 2120 933 dati

544 970 678 1022 estis
704 985 797 1038 pro
829 971 1107 1037 sepultura
1143 979 1199 1025 et
1225 981 1393 1026 morte
1422 970 1561 1041 ejus,
1586 972 1629 1026 si
1659 971 1939 1027 volueritis
1965 985 2124 1041 agere

542 1063 946 1129 pmziitentiatn,
977 1072 1027 1118 et
1060 1054 1156 1133 pro
1190 1065 1430 1133 peccatis
1463 1064 1659 1119 vestris
1687 1063 1885 1121 offerre
1916 1063 2126 1119 sacriﬁ-

544 1156 684 1206 rium
724 1155 947 1221 placens
986 1155 1115 1207 Deo.
1149 1156 1396 1221 spiritum
1434 1156 1883 1215 contribulatum.
1923 1156 2125 1210 videbit

545 1239 721 1290 anima
747 1249 927 1291 vestra
947 1253 1132 1293 semen
1153 1239 1297 1310 longi
1324 1241 1605 1308 temporis.
1632 1236 1808 1310 ipsum
1836 1237 2120 1295 Dominum

551 1329 917 1384 Salvatorem.
955 1328 1029 1385 De
1077 1344 1184 1399 quo
1231 1333 1283 1385 in
1330 1333 1664 1401 octogesimo
1694 1341 1886 1386 octavo
1915 1329 2123 1398 psalmo

547 1424 765 1476 canitur
799 1436 814 1478 :
844 1420 1031 1477 Semen
1060 1423 1174 1493 ejus
1199 1425 1251 1478 in
1276 1433 1533 1478 wternum
1564 1434 1856 1495 permanet,
1887 1432 1933 1477 et
1973 1423 2123 1475 thro-

548 1530 649 1569 nus
682 1514 825 1567 illius
871 1515 1009 1568 sicut
1046 1518 1125 1569 sol
1171 1516 1227 1570 in
1267 1526 1544 1585 conspectu
1579 1533 1712 1570 meo.
1753 1515 1818 1568 Et
1852 1515 2046 1568 iterum
2106 1529 2121 1569 :

546 1605 751 1659 Ponam
791 1607 847 1658 in
888 1606 1138 1660 steculum
1190 1606 1372 1662 δαναιιὶ
1412 1622 1585 1662 semen
1621 1606 1759 1676 ejus,
1794 1617 1843 1660 et
1879 1607 2123 1659 thronum

2225 425 2457 495 quitales
2483 425 2775 480 multorum
2806 427 2920 496 ipse
2946 428 3183 494 portavit
3207 446 3222 483 :
3251 438 3515 498 propterea
3538 434 3729 489 diridam

2222 517 2269 569 ei
2298 516 2585 586 plurimos,
2611 527 2671 572 ut
2700 533 2797 587 pro
2828 530 2982 587 parte
3015 518 3228 575 Domini
3257 518 3439 586 Iacob,
3464 532 3511 578 et
3536 524 3731 580 funiculo

2227 607 2562 663 hacreditatis
2595 609 2738 663 illius
2768 609 2958 675 Israel,
2988 612 3216 667 credant
3243 612 3296 665 iu
3327 628 3442 667 eum
3472 614 3531 669 de
3553 614 3731 671 Oriente

2223 708 2279 751 et
2319 697 2619 755 Occidente
2652 702 2956 762 venientes.
2986 712 3042 759 et
3074 704 3389 759 recumbant
3415 705 3466 758 in
3495 721 3635 776 regno
3658 708 3731 761 Dei

2223 806 2347 843 cum
2381 790 2682 858 Abraham,
2707 792 2861 847 Isaac
2889 802 2941 847 et
2966 793 3131 849 Jacob
3163 793 3370 863 (Matth.
3390 796 3497 855 vnn)
3524 815 3536 850 :
3559 797 3735 865 impleto

2222 870 2316 935 illo
2348 883 2488 950 quod
2518 882 2783 951 scriptum
2819 893 2903 938 cst
2937 904 2951 940 :
2997 884 3217 939 Postulo
3258 903 3290 941 a
3318 903 3413 949 me,
3444 899 3486 941 et
3513 887 3628 941 dabo
3661 890 3733 943 tibi

2224 982 2400 1043 gentes
2435 972 2796 1029 ltwreditatem
2826 983 2994 1037 tuam,
3026 985 3074 1029 et
3106 978 3475 1042 possessionem
3505 985 3628 1030 tuam
3652 988 3732 1032 ter-

2225 1065 2394 1118 minos
2432 1074 2586 1120 terrte
2621 1064 2794 1136 (Psal.
2832 1080 2889 1132 tt,
2919 1067 2998 1136 8).
3046 1067 3120 1123 De
3151 1084 3261 1138 quo
3290 1079 3343 1124 et
3383 1071 3434 1125 in
3465 1070 3556 1124 hoc
3583 1072 3733 1124 eodem

2226 1155 2492 1226 Propheta
2523 1156 2744 1227 legitur.
2776 1155 2893 1210 Erit
2924 1157 3078 1211 radis:
3109 1158 3257 1213 Iesse
3288 1175 3307 1212 :
3353 1168 3402 1213 et
3437 1161 3518 1228 qui
3548 1169 3735 1227 resurget

2224 1258 2281 1300 ut
2307 1247 2633 1315 principetur
2662 1249 2913 1318 gentium,
2940 1250 2994 1302 in
3023 1251 3134 1317 ipso
3163 1257 3335 1319 geutrs
3356 1250 3608 1314 sperabunt
3631 1248 3736 1318 (Ira.

2226 1355 2302 1401 XI,
2337 1339 2447 1408 l0).
2488 1338 2580 1394 Isti
2617 1351 2795 1394 autem
2838 1340 3054 1409 plurimi
3093 1342 3366 1406 quondam
3399 1355 3426 1394 a
3458 1339 3658 1395 fortibus
3681 1352 3738 1394 te-

2225 1430 2537 1495 nebantur;
2572 1440 2626 1485 et
2659 1432 2759 1487 sub
2787 1433 2970 1497 specie
3001 1433 3167 1487 asina:
3198 1441 3250 1487 et
3279 1432 3427 1501 pulli,
3457 1434 3630 1487 multos
3664 1434 3736 1487 Ita-

2226 1521 2425 1575 bebant
2449 1522 2717 1583 dominos,
2744 1523 2943 1592 quibus
2965 1523 3223 1578 dixerunt
3249 1524 3469 1592 apostoli
3495 1542 3508 1577 :
3534 1523 3738 1577 Dominus

2226 1628 2313 1668 eos
2331 1613 2652 1669 necessarios
2678 1615 2832 1667 habet
2852 1612 3070 1685 (Matth.
3099 1631 3212 1682 XXI,
3239 1616 3317 1679 ὅ).
3337 1614 3433 1680 Qui
3458 1614 3602 1669 fortes
3622 1624 3739 1668 erant

546 1695 691 1751 illius
725 1698 860 1751 sicut
888 1699 1000 1752 dies
1031 1698 1169 1753 caeli.
1210 1698 1364 1765 Quod
1399 1699 1522 1753 aliis
1548 1699 1728 1752 vat'liis
1763 1699 1828 1751 ad
1847 1695 2123 1766 Virginem
2155 1693 2199 1750 Β
2232 1715 2522 1774 antequam
2557 1703 2810 1760 Christus
2852 1707 3148 1759 humanum
3176 1720 3371 1776 corpus
3395 1714 3674 1766 assumeret,
3699 1714 3740 1759 et

549 1786 764 1842 Gabriel
796 1791 1037 1858 loquitur
1070 1807 1085 1845 :
1122 1789 1253 1845 Ecre
1282 1791 1544 1859 concipies
1568 1790 1622 1842 in
1649 1800 1798 1843 utero
1834 1796 1881 1842 et
1906 1787 2080 1855 paries
2101 1799 2122 1839 :

547 1881 639 1949 qui
666 1879 841 1936 Filius
861 1882 1124 1937 Altissimi
1152 1883 1439 1937 vocabitur.
1480 1881 1546 1935 Et
1578 1881 1723 1934 dabit
1754 1880 1837 1934 illi
1870 1878 2126 1933 Dominus

548 1974 794 2025 thronum
839 1971 1008 2026 David
1046 1973 1214 2043 patris
1243 1973 1348 2037 sui,
1381 1982 1431 2026 et
1460 1972 1693 2041 regnabit
1728 1984 1885 2034 super
1914 1970 2125 2022 domum

550 2060 715 2116 Iacob
740 2065 797 2117 in
825 2065 1237 2131 sempiternum:
1280 2073 1329 2118 et
1371 2065 1516 2134 regni
1553 2064 1668 2134 ejus
1713 2078 1816 2117 non
1862 2061 1961 2113 erit
2000 2059 2125 2127 ﬁnis

552 2150 701 2221 (Luc.
754 2171 793 2220 t,
836 2153 1046 2223 51-55).
1114 2146 1239 2209 Vult
1285 2155 1430 2211 enim
1482 2154 1749 2210 Dominus
1798 2151 2015 2208 auferre
2057 2150 2126 2205 de

549 2245 734 2300 dolore
772 2245 1009 2299 animam
1042 2244 1183 2314 eius,
1212 2246 1302 2316 qui
1339 2246 1551 2319 dixerat
1583 2264 1598 2301 :
1628 2244 1817 2301 Tristis
1842 2252 1919 2299 est
1947 2246 2126 2298 anima

548 2352 667 2391 mea
703 2353 862 2399 usque
892 2339 960 2391 ad
999 2345 1219 2393 mortem
1265 2337 1480 2407 (Matth.
1515 2353 1659 2401 xxvi,
1697 2337 1811 2406 58),
1854 2347 1911 2391 ut
1947 2337 2130 2391 crucis

550 2431 880 2486 contumelia
917 2430 1338 2486 resurrectionis
1365 2430 1537 2498 gloria
1563 2437 1918 2499 temperetur.
1948 2427 2015 2482 Et
2045 2443 2129 2482 os-

549 2526 759 2579 tendere
800 2525 850 2579 ei
884 2524 1076 2590 tut-em,
1113 2532 1174 2577 ut
1201 2536 1393 2578 omnes
1425 2533 1522 2593 per
1550 2535 1612 2577 se
1642 2521 1822 2575 videat
1850 2519 2128 2575 illumina-

550 2625 656 2670 tos.
683 2614 753 2669 Et
779 2619 1015 2686 formare
1042 2612 1418 2684 intelligentia,
1443 2612 1766 2670 subauditur
1791 2627 1937 2675 eum,
1963 2625 2130 2682 super

547 2722 713 2778 quem
741 2706 1088 2762 descenderit
1126 2705 1290 2779 622
1324 2705 1551 2776 spiritus
1579 2703 1858 2774 sapientiai
1882 2711 1939 2760 et
1972 2704 2131 2760 intel-

548 2800 744 2856 lectus.
778 2796 849 2852 Et
874 2797 1174 2868 justiﬁcare
1194 2799 1425 2869 justum,
1470 2796 1562 2866 qui
1609 2797 1748 2852 bene
1793 2795 1977 2851 multis
2008 2811 2128 2850 ser-

549 2891 748 2957 vierit;
796 2905 904 2945 non
939 2889 1086 2945 enim
1111 2888 1262 2943 venit
1292 2896 1349 2942 ut
1384 2887 1792 2942 ministraretur
1825 2889 1898 2949 ei,
1933 2885 2029 2953 sed
2070 2895 2130 2940 ιιι

550 2983 887 3037 ministraret
911 2980 1128 3047 (Matth.
1151 2981 1266 3051 xx),
1284 2980 1336 3035 in
1355 2978 1500 3035 Petri
1524 2978 1752 3047 pedibus
1773 2977 1957 3048 (Joan.
1981 2977 2125 3047 xm),

550 3085 880 3129 cunctorum
929 3074 1301 3141 apostolorum
1348 3082 1568 3143 peccata
1612 3072 1858 3127 abluens.
1891 3070 1993 3151 Qui
2028 3085 2126 3140 ap-
2157 3042 2203 3106 ο

554 3168 732 3236 paruit
764 3167 815 3219 in
851 3181 1035 3228 carne,
1060 3166 1397 3236 justilicatus
1440 3175 1525 3219 est
1566 3165 1619 3216 in
1655 3163 1873 3232 spiritu.
1916 3164 1990 3217 De
2020 3178 2130 3233 quo

555 3268 608 3313 et
624 3257 794 3313 Judas
812 3258 1058 3328 proditor
1070 3258 1360 3312 conlitetur
1384 3272 1404 3311 :
1423 3254 1661 3317 Peccavi,
1681 3256 1893 3309 tradens
1911 3257 2133 3326 sangui-

552 3367 670 3407 nem
683 3348 1122 3418 justumxhlatth.
1142 3365 1312 3412 χχιιι,
1329 3350 1408 3415 4).
1422 3347 1487 3401 Ει
1504 3347 1811 3404 uxorPilati
1832 3365 1845 3401 :
1867 3347 2019 3401 Nihil
2036 3347 2131 3400 tibi

552 3452 620 3504 sit
641 3459 691 3504 et
706 3450 857 3520 justo
873 3449 957 3502 illi
977 3465 992 3503 :
1016 3449 1183 3502 multa
1206 3450 1342 3501 enim
1359 3463 1515 3516 passa
1539 3463 1652 3501 sum
1675 3446 1830 3499 hodie
1853 3445 1906 3498 in
1934 3443 2131 3497 somnis

552 3549 766 3613 propter
795 3556 911 3594 eum
938 3540 1102 3611 (Ibid.
1130 3539 1246 3608 19).
1280 3538 1348 3592 Ει
1379 3538 1674 3592 notandum
1706 3537 1849 3607 quod
1883 3551 1989 3590 non
2043 3535 2133 3605 jn-

554 3634 820 3689 stilicatus
854 3635 945 3699 sit,
982 3642 1039 3686 ut
1074 3631 1365 3701 deiuiquo,
1398 3631 1580 3700 justus
1613 3630 1785 3685 fieret.
1816 3628 1922 3685 Sed
1948 3629 2132 3698 justus

548 3725 899 3795 justillcatur,
926 3739 1033 3779 non
1063 3733 1121 3778 ut
1148 3724 1408 3792 inciperet
1427 3737 1550 3778 esse
1570 3723 1713 3792 quod
1739 3736 1842 3775 non
1865 3731 2012 3787 erat;
2039 3723 2132 3774 Sed

555 3828 611 3869 ιιι
644 3816 787 3887 quod
817 3825 933 3870 erat
960 3815 1214 3870 euntibus
1243 3826 1546 3885 appareret.
1571 3816 1674 3871 Iste
1707 3815 1885 3886 justus
1920 3812 2133 3882 proini-

556 3909 683 3978 quis
711 3923 908 3978 passus
934 3918 1036 3974 est,
1064 3918 1121 3960 ut
1149 3922 1338 3963 omnes
1365 3923 1462 3963 nos
1494 3907 1716 3964 offerret
1754 3908 1889 3962 Deo.
1917 3905 1993 3960 De
2025 3919 2135 3974 quo

557 4003 759 4055 dicitur
786 4001 851 4054 ad
882 3998 1097 4055 Iudaeos
1129 4017 1145 4054 :
1185 3998 1248 4052 Et
1281 4001 1512 4070 negastis
1543 4009 1783 4053 sanctum
1826 4008 1875 4051 et
1902 3998 2135 4067 justum,

554 4103 605 4147 et
635 4093 836 4161 petistis
876 4100 936 4145 ut
972 4092 1053 4144 vir
1082 4090 1345 4145 homicida
1386 4091 1671 4144 donaretur
1704 4093 1843 4143 vobis
1879 4089 2015 4150 (Act.
2055 4106 2133 4156 Ill,

558 4185 668 4252 Η).
707 4182 774 4236 Ει
809 4191 1045 4252 peccata,
1090 4182 1286 4251 inquit,
1317 4196 1498 4235 eorum
1530 4182 1641 4250 ipse
1667 4181 1940 4249 portavit;
1980 4181 2132 4247 quasi

561 4271 801 4326 medicus
832 4273 1117 4339 languores
1146 4270 1556 4340 aegrotandum.
1598 4283 1705 4338 quo
1749 4269 1865 4321 sani
1909 4284 2015 4324 nou
2055 4269 2137 4323 in-

560 4364 770 4429 tligent,
803 4361 897 4417 sed
931 4363 982 4415 bi
1018 4363 1110 4432 qui
1135 4362 1277 4416 male
1304 4376 1361 4415 se
1392 4363 1590 4415 habent
1619 4360 1771 4431 (Luc.
1806 4359 1858 4431 v)

632 4452 814 4525 (Vers.
850 4453 961 4524 12).
992 4470 1013 4505 ι
1054 4453 1179 4509 Ideo
1208 4454 1521 4522 dispertiam
1558 4453 1606 4508 ei
1642 4452 1922 4521 plurimos,
1949 4460 2004 4506 et
2028 4451 2138 4506 for-

560 4545 695 4599 tium
718 4545 922 4600 dividet
949 4545 1120 4611 spolia
1149 4562 1164 4599 :
1188 4559 1285 4612 pro
1311 4561 1374 4598 eo
1395 4546 1541 4614 quod
1566 4545 1785 4599 tradidit
1815 4546 1867 4598 in
1906 4554 2133 4600 mortem

561 4640 797 4692 animam
836 4649 1014 4701 suam,
1048 4643 1103 4691 et
1133 4652 1253 4691 cum
1281 4636 1565 4691 sceleratis
1599 4645 1883 4706 reputatus
1912 4645 1997 4691 est
2034 4651 2050 4689 :
2084 4643 2138 4688 et

561 4730 680 4795 ipse
711 4738 932 4798 per-cata
965 4727 1254 4781 multorum
1294 4727 1435 4792 tulit,
1476 4738 1526 4782 et
1574 4744 1673 4796 pro
1711 4727 2139 4796 trausgressori-

562 4822 667 4876 bus
701 4820 934 4891 rogavit.
975 4837 995 4872 ι
1034 4817 1178 4874 LXX
1217 4836 1232 4874 :
1274 4838 1293 4872 ι
1339 4818 1631 4890 Propterea
1678 4819 1796 4889 ipse
1842 4818 2141 4889 possidebit

559 4911 783 4975 multos,
825 4921 879 4964 et
919 4908 1141 4964 fortium
1186 4909 1394 4965 dividet
1438 4910 1611 4980 spolia
1667 4928 1681 4964 :
1737 4924 1837 4980 pro
1880 4925 1946 4964 eo
1994 4910 2136 4978 quod

560 5005 927 5080 contaminata
956 5011 1036 5056 est
1071 5005 1123 5057 in
1155 5015 1330 5057 morte
1362 5003 1542 5056 anima
1585 5001 1724 5071 ejus,
1770 5010 1824 5055 et
1866 5016 1987 5056 cmn
2033 5003 2135 5054 iui-

561 5095 685 5161 quis
715 5102 994 5164 reputatus
1023 5102 1130 5161 est,
1160 5104 1213 5148 et
1246 5093 1359 5161 ipse
1385 5102 1606 5163 peccata
1635 5092 1926 5146 multorum
1957 5106 2142 5148 susce-

562 5185 666 5254 pit,
715 5195 770 5239 et
817 5196 1039 5254 propter
1085 5185 1399 5255 iniquitates
1446 5200 1634 5262 eorum
1682 5185 1915 5239 traditus
1954 5195 2059 5241 est.
2114 5202 2135 5237 ι

562 5279 769 5332 Causas
813 5278 989 5332 reddit
1022 5293 1123 5334 cur
1155 5285 1281 5348 post
1310 5276 1625 5348 passionem
1674 5278 1840 5332 amita
1888 5277 2142 5333 Christus

562 5368 783 5440 praetuta
829 5379 1220 5439 consequatur.
1265 5367 1431 5436 Quia,
1474 5369 1672 5439 inquit,
1720 5385 1906 5440 passus
1945 5379 2043 5435 est,
2089 5378 2146 5425 et

638 5507 657 5541 ⁸
684 5503 818 5566 Pro,
854 5519 997 5573 reges
1028 5507 1171 5574 quod
1203 5520 1336 5562 mss.
1373 5507 1692 5564 restituunt.
1729 5506 1930 5562 lectum
1981 5514 2141 5561 antea

564 5589 652 5632 est
697 5584 899 5647 gentes,
956 5576 1417 5642 quemadmodum
1470 5577 1524 5631 in
1579 5578 1733 5633 nullo
1788 5579 1997 5647 uspiam
2048 5584 2146 5630 aut

572 5658 777 5716 gestus,
832 5653 927 5699 aut
971 5647 1283 5703 versionum
1337 5647 1691 5718 antiquarum
1752 5647 1887 5702 libro
1931 5647 2144 5702 scimus

2232 1797 2374 1852 forte
2405 1808 2681 1866 superato,
2712 1797 2971 1868 diriperet
2994 1798 3214 1852 domum
3241 1800 3374 1869 ejus.
3402 1798 3619 1853 Przedatn
3640 1811 3736 1866 ergo

2232 1888 2454 1944 fortium
2519 1889 2788 1961 apostolis
2836 1889 2951 1946 suis
2995 1890 3227 1946 tradidit
3274 1900 3437 1959 atque
3483 1888 3659 1949 divisit,
3694 1897 3736 1939 ut

2233 1979 2449 2046 Petrus,
2470 1978 2732 2045 Iacobus,
2757 1990 2811 2037 et
2825 1981 2985 2054 623
3004 1981 3268 2045 Joannes,
3291 1981 3577 2038 circumcisi
3596 1978 3736 2049 populi

2232 2073 2512 2143 principes
2535 2073 2748 2135 tierent.
2777 2084 2832 2129 et
2862 2073 3061 2130 Paulus
3085 2083 3142 2131 et
3170 2073 3441 2129 Barnabas
3463 2073 3739 2127 mitterentur

2233 2165 2299 2219 ad
2335 2176 2546 2235 gentes,
2584 2165 2739 2229 locis,
2781 2181 2890 2222 non
2934 2168 3115 2223 animo
3161 2168 3417 2237 separati,
3458 2174 3509 2220 et
3542 2164 3628 2218 sub
3658 2175 3738 2217 uno

2236 2255 2465 2309 Domino
2489 2257 2542 2310 in
2571 2256 2783 2313 diversa
2803 2265 3015 2311 starent
3037 2255 3183 2323 acie,
3207 2267 3262 2310 ut
3282 2254 3503 2327 agminis
3518 2252 3740 2320 utriusque

2234 2348 2484 2410 victoria,
2511 2347 2843 2417 triumphum
2870 2350 3146 2419 erigerent
3171 2346 3457 2402 Salvatori.
3481 2346 3548 2400 Ex
3569 2356 3658 2414 quo
3676 2339 3739 2409 qui

2233 2438 2687 2510 dispensatoriam
2719 2439 2863 2497 inter
2885 2437 3107 2495 Petrum
3146 2451 3204 2495 et
3238 2438 3460 2495 Paulum
3496 2433 3742 2491 contentio-

2235 2547 2358 2588 nem
2398 2531 2544 2601 (Act.
2593 2532 2710 2603 xv),
2753 2546 2883 2587 vere
2926 2531 3114 2586 dicunt
3155 2531 3398 2602 iurgium
3440 2527 3590 2584 fuisse
3623 2535 3742 2591 atque

2234 2629 2531 2686 certamen,
2564 2629 2623 2675 ut
2655 2619 3053 2692 blasphemanti
3087 2620 3394 2692 Porphyrio
3421 2617 3739 2676 satisfaciant:

2234 2720 2290 2769 et
2321 2711 2522 2768 veteris
2559 2711 2697 2781 legis
2738 2713 3097 2769 caeremonias
3137 2712 3196 2768 in
3245 2711 3478 2768 Ecclesia
3511 2705 3696 2769 Christi,
3717 2717 3741 2757 ι

2234 2804 2404 2873 stirpe
2433 2800 2705 2859 credentis
2734 2800 2902 2858 Israel
2933 2812 3191 2859 asserunt
3226 2817 3348 2859 esse
3377 2799 3654 2859 servandas,
3676 2793 3744 2848 deo

2235 2895 2365 2951 bent
2383 2904 2439 2952 et
2459 2908 2680 2949 auream
2707 2896 2762 2949 ln
2788 2894 2936 2949 mille
2964 2893 3128 2950 annis
3149 2902 3463 2964 exspectare
3481 2885 3742 2945 Jerusalem.

2235 2994 2296 3041 nt
2323 2986 2571 3041 victimas
2598 2985 2903 3051 immolent,
2926 2992 2980 3040 et
3004 2985 3490 3047 circumcidautnr,
3510 2991 3559 3034 ut
3580 2979 3623 3034 in
3643 2974 3745 3031 Sab-

2233 3080 2359 3133 bato
2388 3078 2635 3142 sedeant,
2673 3076 2968 3139 dormiant,
3002 3083 3346 3138 saturentur,
3376 3072 3684 3128 inebrientur,
3704 3070 3746 3115 et

2232 3179 2460 3237 surgant
2490 3169 2702 3229 ludere.
2731 3169 2824 3237 qui
2859 3167 3021 3222 ludus
3046 3166 3277 3221 olli-odit
3307 3164 3488 3219 Deum.
3516 3159 3613 3215 Iloc
3640 3152 3744 3208 dixi-

2232 3276 2354 3315 mus
2382 3269 2600 3329 propter
2630 3261 2679 3314 id
2715 3260 2859 3329 qund
2892 3274 3037 3315 nunc
3072 3260 3429 3328 prophetalur
3456 3273 3469 3307 :
3493 3252 3553 3304 Et
3574 3248 3742 3319 fortium

2231 3354 2427 3407 diuidet
2461 3353 2632 3423 spolia
2689 3352 2825 3421 (Isa.
2860 3367 2975 3417 LIII,
3030 3350 3140 3422 12).
3187 3349 3350 3406 Juxta
3395 3346 3515 3401 illttd
3555 3337 3741 3411 quodin

2234 3444 2341 3498 alio
2359 3444 2482 3498 loro
2498 3445 2756 3512 scriptum
2789 3454 2868 3497 est
2900 3461 2913 3497 :
2939 3442 3069 3498 Cum
3096 3443 3351 3498 divideret
3380 3435 3593 3493 Caelestis
3608 3427 3740 3500 τεθέν

2233 3542 2288 3590 in
2342 3552 2425 3590 ea.
2458 3535 2523 3589 Et
2567 3538 2762 3590 iterum
2799 3552 2814 3591 :
2849 3534 2958 3590 Rea:
3020 3535 3275 3590 virtutum
3312 3533 3506 3594 dilecti,
3535 3537 3577 3583 et
3606 3518 3743 3594 speciei

2233 3628 2419 3680 domus
2446 3627 2678 3680 dividere
2703 3625 2875 3696 spolia
2902 3625 3079 3695 (Psal.
3107 3642 3279 3686 van,
3314 3623 3417 3692 15).
3448 3620 3655 3683 Denique
3675 3625 3742 3662 δυ’

2233 3732 2335 3787 per
2377 3717 2543 3772 Paulo
2592 3718 2859 3785 apostolo,
2908 3717 2998 3787 qui
3044 3716 3113 3769 de
3160 3716 3310 3769 tribu
3357 3708 3605 3779 Beniamin
3640 3707 3743 3759 erat.

2230 3809 2384 3878 juxta
2431 3807 2755 3862 llebraicum
2802 3807 3006 3861 dicitur
3039 3825 3052 3862 :
3089 3805 3374 3877 Benjamiu
3404 3804 3549 3874 lupus
3573 3800 3744 3864 rapax:

2235 3917 2390 3955 mane
2418 3902 2649 3954 comedet
2685 3903 2730 3966 ',
2761 3911 2811 3953 et
2840 3903 2915 3953 ad
2942 3915 3209 3964 uesperum
3240 3897 3431 3952 dividet
3454 3891 3604 3965 spolia
3630 3883 3742 3957 (Cen-

2236 4010 2384 4058 xux,
2412 3993 2528 4060 27).
2574 3993 2649 4048 De
2690 3993 2889 4062 quibus
2918 4002 2973 4047 et
3006 3991 3272 4060 anteiam
3305 3990 3530 4045 diximus
3560 4000 3573 4037 :
3609 3978 3745 4033 Lata-

2238 4086 2434 4140 buntur
2463 4085 2516 4137 in
2546 4092 2823 4153 conspectu
2857 4092 2969 4148 tuo,
2998 4084 3130 4136 sicut
3162 4083 3256 4152 qui
3282 4081 3519 4135 lwtantrtr
3541 4075 3584 4126 in
3608 4079 3746 4121 messe.

2237 4184 2285 4229 et
2311 4177 2448 4230 sicut
2476 4177 2566 4245 qui
2597 4173 2838 4228 diuidunt
2863 4174 3031 4253 spolia
3064 4172 3203 4244 (Isa.
3233 4189 3307 4231 ιιι.
3333 4172 3409 4242 '5),
3460 4169 3505 4222 in
3532 4175 3627 4220 toto
3651 4158 3748 4253 urbe

2238 4268 2338 4323 sibi
2367 4266 2567 4321 Christi
2602 4264 2873 4321 Ecclesias
2894 4248 3229 4320 dividentes.
3258 4265 3533 4330 Propterea
3570 4248 3745 4316 accipi”

2166 4378 2214 4437 ι)
2241 4368 2429 4431 gentes
2472 4358 2758 4427 plurimas,
2805 4358 2894 4427 qui
2950 4358 3090 4411 venit
3130 4358 3424 4426 praedicare
3463 4344 3658 4417 captivis
3690 4353 3750 4437 tt-

2243 4451 2585 4514 missionetn,
2609 4461 2663 4505 et
2717 4448 2987 4522 captivam
3038 4450 3189 4520 prius
3220 4465 3248 4503 a
3283 4444 3485 4503 diabolo
3514 4450 3652 4506 atque
3674 4436 3743 4484 de»

2242 4542 2497 4597 monibus
2528 4543 2683 4596 duxit
2711 4543 3106 4613 captivitatem,
3133 4550 3189 4597 et
3218 4542 3366 4597 dedit
3387 4552 3497 4593 eam
3526 4533 3650 4586 dono
3675 4524 3751 4576 ht-

2243 4636 2487 4691 miuibus
2510 4643 2674 4704 atque
2702 4634 3073 4695 credentibus,
3101 4634 3227 4704 quia
3258 4630 3470 4687 tradidit
3498 4627 3545 4680 in
3572 4626 3748 4676 mortem

2241 4727 2479 4780 animam
2514 4740 2692 4787 suam,
2726 4735 2780 4779 et
2811 4741 2933 4781 cum
2971 4726 3252 4781 sceleratis
3283 4724 3397 4779 sive
3426 4716 3605 4789 iniquis
3632 4719 3751 4774 rt’P"‘

2245 4828 2389 4874 tatus
2403 4828 2507 4873 est.
2537 4817 2594 4873 Si
2625 4817 2770 4873 enim
2807 4818 3095 4888 Apostolus
3116 4818 3166 4887 ,‘I
3183 4817 3309 4873 Cor.
3342 4813 3415 4886 nt)
3450 4811 3558 4881 ejus
3592 4803 3660 4856 bis
3684 4790 3752 4863 qui

2244 4916 2403 4962 erant
2447 4908 2566 4963 sine
2599 4908 2735 4976 lege,
2776 4908 2952 4963 factus
2996 4918 3075 4963 est
3120 4909 3268 4976 quasi
3298 4902 3458 4978 624
3498 4900 3601 4954 siue
3638 4891 3751 4989 ιξεξκ

2244 5017 2365 5054 cum
2407 5016 2514 5055 non
2543 5012 2689 5055 esset
2719 5000 2837 5054 sine
2869 5000 3009 5071 lege,
3044 5000 3138 5056 sed
3166 5010 3311 5053 esset
3338 5001 3390 5052 in
3418 4997 3526 5063 lege
3548 4982 3752 5042 Christi:

2246 5108 2418 5163 quare
2446 5108 2556 5147 non
2592 5103 2645 5148 et
2677 5091 2930 5148 Christus
2964 5108 3084 5146 cum
3112 5091 3313 5168 iniquis
3337 5092 3593 5157 rcputatus
3616 5074 3753 5168 silit"

2247 5160 2460 5256 iniquos
2499 5185 2793 5241 redimeret
2815 5200 2844 5240 a
2877 5195 3124 5257 peccato,
3155 5160 3221 5239 et
3235 5180 3479 5238 omnibus
3506 5165 3659 5227 omnia
3682 5160 3749 5213 ﬁe-

2245 5288 2350 5341 ret,
2384 5290 2441 5332 ut
2478 5293 2668 5333 omnes
2708 5279 2884 5334 salvos
2917 5275 3162 5333 laceret?
3194 5274 3418 5332 Peccata
3445 5266 3574 5322 enim
3606 5260 3751 5341 "Oilia

2244 5339 2481 5444 Ρθίιδνίι
2504 5371 2560 5426 in
2593 5385 2824 5441 corpore
2852 5385 2951 5426 8υο
2976 5368 3029 5441 (1
3057 5367 3205 5424 Petr.
3235 5364 3318 5436 ιι),
3348 5361 3488 5434 ligno
3514 5349 3668 5411 crucis
3688 5339 3752 5395 Il-

2246 5522 2539 5634 l"‘;e'l‘tltllldit
2566 5572 2843 5634 Victorius
2867 5576 3102 5646 Pra‘dam
3135 5588 3198 5632 ex
3230 5586 3382 5631 sacro
3420 5573 3577 5624 textu-
