3902 6182
138 272 239 337 533

691 266 1192 329 COMMENTAR.
1232 265 1315 325 IN
1361 265 1626 325 ISAIAM
1667 264 2134 326 PROPHETAM
2174 265 2323 326 LIB.
2362 266 2489 337 XV,
2520 266 2673 327 CAP.
2720 267 2865 327 LIV.

3290 258 3423 354 επεὶ

134 387 307 456 ﬁgens
332 397 423 444 ea.
447 372 742 438 ut'deleret
766 370 1216 453 elfirograpbum,
1243 381 1389 452 quod
1423 380 1638 436 diabolo
1667 388 1722 435 et
1754 392 1795 447 Α
1825 381 1932 435 cit:
1958 379 2024 435 Et
2057 398 2184 435 cunt
2203 382 2399 451 iniquis
2423 394 2691 445 reputatus
2715 394 2789 437 est
2814 382 3007 450 (.llnrc.
3046 399 3133 450 xv,
3166 384 3255 448 27,
3286 386 3404 452 28).

132 475 337 546 angelis
374 475 522 532 illius
551 474 879 541 feceramus,
916 476 1180 544 scriptum
1215 474 1466 529 manibus
1499 475 1714 535 animm,

132 569 180 623 id
207 578 316 633 est,
350 570 615 640 Operibus
644 569 786 640 ejus.
819 567 895 624 De
939 568 1137 639 quibus
1184 565 1382 620 Paulus
1428 564 1714 633 apostolus

128 662 373 731 ioquitur
405 680 420 716 :
467 660 533 715 Et
570 678 659 717 vos
691 678 810 716 cum
842 662 1021 716 essetis
1059 660 1256 713 mortui
1286 659 1340 711 in
1375 658 1626 725 peccatis.
1669 664 1720 709 et

127 754 180 808 in
205 754 488 808 desideriis
516 755 716 819 carnis,
742 753 912 807 virere
939 751 1063 820 fecit
1096 767 1214 805 cum
1240 749 1475 813 Christo,
1506 748 1721 803 donans

130 845 283 900 nobis
316 846 496 899 omnia
526 858 763 914 peccata.
808 842 877 896 Et
911 843 1091 897 deleas
1131 843 1271 910 quod
1300 842 1579 895 adversum
1627 857 1725 895 nos

126 946 243 989 erat
275 937 714 1005 chirographum,
751 935 892 1004 quod
936 944 1051 989 erat
1092 934 1423 987 contrarium
1451 932 1633 996 nobis;
1668 943 1721 987 et

126 1030 307 1091 ipsum
345 1028 467 1081 tulit
501 1028 566 1081 de
593 1027 788 1092 medio,
825 1027 1037 1096 aﬂigens
1080 1025 1217 1079 illud
1252 1025 1396 1078 cruci
1431 1040 1451 1077 :
1485 1026 1718 1091 spoliant

127 1122 487 1190 principatus,
536 1129 586 1174 et
634 1127 918 1187 potestates
967 1118 1347 1182 dehonestauit,
1394 1118 1720 1187 conﬁdenter

128 1214 470 1279 triumphans
501 1210 565 1264 de
591 1212 664 1266 eis
685 1211 900 1280 (Ephes.
921 1228 980 1277 ll,
1003 1210 1128 1274 1.5;
1153 1209 1353 1264 Coloss.
1381 1225 1440 1275 tt,
1482 1210 1567 1271 H,
1603 1209 1712 1275 15).

128 1303 354 1371 luiquos
399 1311 580 1359 autem
621 1318 747 1358 cum
788 1304 984 1371 quibus
1031 1310 1313 1369 reputatus
1350 1310 1457 1364 est,
1502 1300 1715 1355 Marcus

129 1394 467 1463 evangelista
505 1394 745 1446 latrones
784 1390 1058 1460 intelligit,
1091 1390 1342 1444 scribens
1385 1405 1398 1440 :
1441 1388 1507 1441 Et
1539 1389 1708 1441 cruci»

128 1484 371 1553 ﬁxerunt
412 1502 530 1540 cum
561 1502 621 1540 eo
656 1487 790 1539 duos
820 1484 1055 1538 latrones
1094 1498 1112 1535 :
1148 1498 1308 1536 unum
1348 1499 1378 1534 a
1414 1480 1634 1544 dextris,
1663 1488 1714 1534 et

129 1577 367 1630 alterum
396 1595 429 1631 a
456 1578 710 1631 sinistris.
742 1574 806 1629 Et
838 1575 1054 1643 impleta
1080 1583 1155 1628 est
1185 1572 1464 1639 Scriptura
1492 1587 1607 1643 qua:
1636 1572 1719 1626 die

1813 474 1968 541 Quod
2011 486 2063 528 et
2095 475 2260 530 altius
2299 476 2523 545 intelligi
2555 487 2735 545 potest
2771 478 2787 509 ί
2842 477 3066 531 dicente
3104 478 3172 532 de
3205 491 3408 534 semet—

1816 567 1935 635 ipso
1966 568 2196 623 Domino
2230 587 2243 622 :
2277 567 2564 637 Repulattts
2598 587 2716 624 sum
2741 586 2860 624 cum
2889 570 3324 626 descendentibus
3352 573 3406 627 in

1816 659 1994 713 lacum
2030 677 2048 714 :
2079 660 2252 729 factus
2288 676 2403 713 sum
2434 661 2568 714 sicut
2607 662 2762 716 homo
2799 665 2914 717 sine
2956 663 3225 732 adjutorio
3275 664 3409 717 inter

1817 760 2054 805 mortuos
2089 751 2221 805 liber
2259 751 2435 818 (Psal.
2467 768 2714 818 Lxxxvn,
2753 754 2831 824 4).
2874 755 3018 810 Vere
3061 754 3208 809 enim
3252 770 3409 825 repu-

1820 852 1965 897 tatus
1989 852 2075 897 est
2103 843 2249 897 inter
2271 838 2585 913 peccatores
2607 855 2663 900 et
2686 847 2923 916 iniquos,
2950 858 3010 901 ut
3050 850 3409 903 descenderet

1827 936 1895 990 ad
1930 936 2240 1003 infernum;
2272 936 2363 1008 qui
2399 938 2453 993 in
2489 939 2679 994 multis
2713 936 3120 1008 Scripturarum
3147 940 3283 995 locis
3315 953 3409 991 vo-

1825 1036 1985 1082 catur
2011 1029 2182 1095 lacus,
2206 1038 2261 1084 et
2283 1029 2497 1087 vinctos
2520 1031 2572 1085 in
2599 1045 2825 1087 carcere
2848 1030 3127 1087 liberaret.
3154 1031 3256 1098 Qui
3291 1038 3406 1085 tra-

1825 1120 1974 1174 ditus
2004 1129 2088 1175 est
2124 1129 2352 1190 propter
2380 1130 2609 1191 peccata
2645 1131 2852 1186 nostra,
2877 1132 2931 1177 et
2961 1124 3261 1178 resurrexit
3286 1138 3410 1194 pro-

1824 1220 1948 1279 pter
1975 1212 2426 1279 iustiﬁcationem
2461 1223 2707 1269 nostram
2758 1214 2935 1286 (Rom.
2981 1215 3077 1283 tv).
3116 1213 3411 1284 Tautteque

1819 1302 2124 1357 clementiae
2154 1302 2277 1370 fuit,
2311 1312 2370 1357 ut
2405 1320 2507 1374 pro
2538 1306 3077 1376 .transgressoribus,
3133 1307 3244 1361 imo
3314 1320 3410 1375 pro

1819 1394 2263 1460 persecutoribus
2293 1396 2405 1450 suis
2440 1406 2659 1467 rogaret
2699 1398 2756 1451 in
2800 1409 2984 1459 cruce,
3030 1406 3085 1450 et
3125 1396 3337 1451 diceret
3382 1415 3398 1450 :

1821 1483 2004 1551 Pater,
2043 1487 2255 1556 ignosce
2291 1487 2399 1542 illis
2450 1504 2467 1545 :
2509 1490 2651 1560 quod
2688 1490 2830 1544 enim
2872 1488 3080 1558 faciunt
3106 1528 3122 1553 ,
3167 1488 3411 1544 nesciunt

1824 1572 1983 1643 (Luc.
2019 1591 2176 1643 mn,
2213 1577 2328 1647 34).

202 1692 221 1722 ¹
257 1690 420 1748 Unus
436 1690 817 1753 Ambrosiam,
845 1687 985 1756 quod
1021 1695 1071 1740 et
1099 1686 1240 1741 alias
1273 1684 1506 1755 intelligi
1532 1691 1723 1752 potest,
1765 1696 1872 1740 etc.

131 1819 3377 1845 “mm—Mm

950 1986 1310 2075 LIBER
1389 1980 1921 2073 DECIMUS
1997 1986 2577 2091 QUINTUS.

202 2278 579 2356 625-626
628 2275 863 2340 Crebro,
922 2273 1315 2338 Eustochium,
1377 2270 1583 2325 dixisse
1641 2281 1727 2322 me
1757 2268 1807 2330 Β
1832 2268 1977 2339 Agar
2022 2248 2232 2328 serviat
2260 2290 2385 2332 cum
2418 2277 2544 2334 liliis
2580 2280 2734 2347 suis;
2791 2297 3025 2353 sequens
3058 2299 3238 2342 autem
3271 2290 3410 2347 liber

137 2381 292 2440 novi,
326 2374 605 2444 apostolos
637 2380 691 2425 et
718 2368 1081 2439 evangelistas
1107 2367 1417 2432 ubicunque
1457 2364 1523 2416 de
1554 2360 1723 2416 veteri

141 2470 515 2524 lnstrumento
547 2473 759 2533 ponunt
787 2461 1123 2526 tesﬁmonia,
1150 2461 1192 2514 si
1222 2460 1369 2512 inter
1392 2455 1723 2511 ﬂebraieum

141 2572 197 2613 et
258 2554 621 2626 Septuaginta
655 2552 802 2607 nulla
847 2550 1137 2606 diversitas
1174 2549 1267 2611 sit,
1327 2547 1413 2602 vel
1467 2545 1607 2613 suis,
1639 2544 1725 2598 vel

143 2646 506 2717 Septuaginta
559 2645 924 2714 luterpretum
968 2642 1153 2698 verbis
1215 2640 1291 2695 uti
1347 2639 1561 2694 solitos.
1626 2635 1722 2690 Sin

144 2751 331 2795 autem
362 2739 524 2794 aliter
556 2739 609 2793 in
651 2736 939 2798 ilebraico,
969 2735 1131 2789 aliter
1171 2734 1225 2787 in
1269 2732 1439 2787 veteri
1486 2730 1726 2784 editione

144 2847 345 2889 sensus
387 2840 494 2893 est,
539 2829 869 2885 Hebraicum
926 2827 1122 2897 magis,
1162 2840 1325 2894 quam
1364 2823 1727 2894 Septuaginta

144 2923 485 2993 Iuterpretes
506 2921 684 2991 sequi.
712 2918 973 2990 Denique,
1000 2929 1173 2974 utnos
1190 2917 1362 2971 multa
1386 2913 1729 2971 ostendimus

144 3016 405 3085 posuisse
448 3025 546 3067 eos
575 3026 641 3066 ex
693 3009 944 3077 Hebraeo,
987 3023 1107 3078 quas
1139 3009 1194 3063 in
1237 3004 1593 3076 Septuaginta
1618 3018 1726 3058 uon

146 3106 454 3169 habentur;
482 3103 564 3159 sic
586 3101 766 3157 aemuli
794 3101 965 3155 nostri
989 3100 1222 3154 doceant
1246 3108 1523 3166 assumpta
1548 3094 1727 3163 aliqua

146 3195 214 3249 de
240 3193 605 3263 Septuaginta
627 3192 957 3259 testimonia,
987 3207 1106 3260 quae
1144 3204 1255 3244 non
1290 3197 1418 3244 sunt
1447 3186 1556 3259 [ΑΙ.
1591 3183 1727 3271 sint]

146 3288 201 3342 in
256 3286 609 3342 Helimrum
642 3284 798 3338 libris
829 3301 842 3337 :
877 3292 931 3338 et
962 3283 1115 3336 liuita
1150 3279 1427 3335 contentio
1470 3286 1574 3333 est.
1618 3275 1730 3331 Hoc

148 3377 418 3440 diximus,
460 3377 586 3445 quia
614 3388 853 3444 praesens
911 3371 1207 3441 capitulum
1265 3383 1390 3424 cum
1444 3368 1501 3422 in
1560 3381 1725 3422 sensu

147 3482 321 3521 unum
356 3468 450 3527 sit.
507 3467 561 3519 in
602 3465 786 3522 verbis
845 3462 1143 3533 discrepat.
1174 3461 1221 3515 Α
1266 3460 1421 3530 cujus
1470 3457 1731 3528 explana-

150 3559 298 3613 tione
329 3557 561 3627 quintus
584 3566 704 3626 post
729 3553 1003 3610 decimum
1030 3553 1085 3607 in
1115 3550 1314 3608 Isaiam
1350 3551 1488 3605 liber
1517 3549 1727 3618 incipit.

218 3654 409 3722 (Cap.
445 3650 581 3705 LIV.
608 3680 680 3690 —
713 3650 870 3704 Vers.
898 3649 972 3718 l.)
1016 3666 1036 3699 ι
1090 3646 1297 3712 Lauda,
1336 3644 1561 3710 sterilis,
1608 3656 1730 3712 quae

151 3760 259 3799 non
293 3745 447 3815 paris
480 3744 752 3798 :decauta
783 3740 1000 3796 laudem
1037 3749 1092 3794 et
1116 3739 1294 3805 hinni,
1324 3751 1446 3808 quae
1472 3750 1581 3790 non
1606 3749 1732 3804 par-

154 3840 402 3894 turiebas
429 3855 444 3891 :
471 3839 725 3905 quoniam
757 3836 942 3905 plures
962 3835 1056 3889 lilii
1084 3835 1330 3894 desertae,
1361 3830 1537 3900 magis
1567 3843 1728 3897 quam

150 3931 272 4000 ejus
315 3944 443 3996 qua:
474 3928 708 3983 habebat
743 3931 943 3992 virum,
975 3927 1109 3981 dicit
1158 3924 1436 3980 Dominus.
1485 3941 1503 3975 ι
1533 3919 1677 3976 LXX
1714 3935 1730 3975 :

155 4040 177 4072 ς
216 4021 453 4081 Laetare,
479 4020 698 4084 sterilis,
721 4035 839 4089 qua:
864 4034 969 4073 non
999 4018 1145 4086 paris
1171 4034 1186 4085 ;
1209 4031 1432 4084 erumpe
1451 4024 1505 4070 et
1532 4015 1729 4079 clama,

152 4129 275 4181 quze
309 4128 421 4167 non
457 4115 697 4182 parturis
730 4130 744 4164 :
784 4112 910 4178 quia
942 4110 1125 4178 plures
1152 4110 1246 4163 lilii
1274 4110 1525 4168 desertas,
1558 4106 1732 4176 magis

149 4220 317 4271 quam
352 4206 474 4274 ejus
504 4218 622 4272 quae
643 4204 807 4257 liabet
828 4204 1025 4256 virum.
1060 4200 1207 4255 Dixit
1235 4201 1378 4255 enim
1398 4198 1679 4253 Dominus.
1707 4213 1727 4247 ι

152 4295 583 4367 Syuunmacbus
640 4296 782 4349 liuuc
824 4294 1000 4348 locum
1057 4295 1130 4346 ita
1175 4292 1566 4359 interpretatus
1599 4297 1683 4343 est
1718 4304 1732 4338 :

150 4387 385 4453 Lirtare,
404 4388 624 4453 sterilis,
644 4403 758 4457 quae
793 4403 895 4440 non
923 4385 1186 4455 peperisti.
1219 4384 1401 4441 Gaude
1424 4383 1477 4436 in
1503 4381 1733 4435 exsulta-

156 4484 319 4541 tioae,
370 4490 420 4532 et
468 4479 636 4546 hinni,
690 4495 808 4548 qua:
857 4495 960 4531 non
1004 4476 1301 4545 parturisti.
1356 4473 1541 4527 Plures
1598 4472 1733 4525 enim

152 4574 258 4637 ﬁlii
307 4572 614 4640 dissipatce,
662 4571 828 4639 magis
855 4585 1012 4646 quam
1044 4570 1158 4638 ejus
1202 4583 1318 4636 qua:
1344 4576 1456 4619 erat
1482 4568 1578 4619 sub
1602 4566 1733 4619 viro.

156 4665 198 4719 Δ
238 4679 353 4733 quo
380 4661 683 4717 Theodotio
706 4672 761 4716 et
785 4661 976 4729 Aquila
1007 4668 1202 4730 prater
1230 4673 1399 4727 pauca
1428 4661 1588 4710 verba
1628 4671 1736 4709 non

159 4758 501 4823 discrepant.
535 4755 663 4809 Post
690 4754 1025 4807 nativitatem
1052 4750 1370 4812 Salvatoris,
1403 4757 1453 4802 et
1487 4749 1736 4803 ordinem

1829 2359 1920 2425 sit,
1956 2361 2024 2417 de
2051 2380 2159 2434 quo
2200 2367 2331 2423 dicit
2369 2366 2541 2428 Isaias
2575 2388 2591 2427 :
2625 2371 2861 2437 Lwtare,
2895 2377 3111 2440 sterilis,
3163 2398 3279 2448 quw
3311 2399 3413 2435 non

1827 2453 1974 2522 paris
2001 2470 2022 2518 ,'
2086 2471 2300 2526 erumpe
2350 2467 2399 2513 et
2429 2460 2627 2527 clama,
2668 2477 2787 2532 qute
2819 2479 2921 2515 non
2968 2470 3205 2533 parturis
3239 2485 3257 2519 :
3288 2469 3411 2537 quia

1828 2546 2009 2615 plures
2060 2548 2163 2615 ﬁlii
2212 2552 2457 2616 desertae,
2519 2555 2686 2625 magis
2716 2570 2879 2625 quam
2924 2557 3040 2627 ejus
3082 2575 3200 2629 qua:
3257 2561 3412 2613 habet

1828 2638 2047 2702 uirum;
2099 2650 2152 2694 et
2207 2643 2392 2696 statim
2454 2660 2470 2698 :
2521 2643 2634 2701 Nos
2682 2656 2880 2709 autem,
2940 2649 3136 2718 inquit,
3192 2652 3407 2720 fratres,

1830 2732 2115 2784 secundum
2151 2731 2315 2787 Isaac
2366 2736 2529 2806 627
2568 2738 2998 2805 repromissionis
3046 2740 3146 2808 ﬁlii
3200 2758 3408 2797 sumus.

1832 2821 1940 2877 Sed
1964 2824 2101 2877 sicut
2133 2834 2256 2879 tunc
2281 2829 2373 2888 qui
2438 2828 2723 2883 secundum
2751 2846 2964 2885 carnem
2982 2844 3136 2886 natus
3157 2845 3253 2899 est,
3293 2851 3412 2900 pera

1828 2921 2139 2986 sequebatur
2174 2935 2316 2983 eum,
2375 2920 2501 2990 quid
2526 2922 2813 2976 secundum
2868 2923 3112 2993 spiritum
3168 2939 3186 2975 :
3240 2927 3313 2978 ita
3360 2937 3410 2980 et

1832 3025 1993 3065 nunc.
2025 3009 2130 3065 Sed
2158 3014 2287 3082 quid
2331 3012 2461 3067 dicit
2506 3011 2830 3084 Scriptura?
2878 3014 3029 3085 Ejice
3070 3017 3321 3070 ancillam
3362 3030 3411 3073 et

1831 3100 2005 3171 ﬁlium
2039 3101 2172 3171 ejus.
2211 3101 2336 3156 Non
2359 3104 2501 3157 enim
2533 3104 2701 3159 haeres
2734 3105 2833 3159 erit
2865 3105 3012 3172 ﬁlius
3049 3105 3260 3160 ancillis
3294 3124 3411 3161 cum

1832 3192 1948 3261 ﬁlio
1999 3191 2195 3248 liberte.
2231 3192 2341 3248 Nos
2370 3204 2570 3256 autem,
2597 3195 2812 3263 fratres,
2852 3210 2955 3249 non
2981 3211 3161 3250 sumus
3190 3196 3290 3265 [ili
3319 3216 3413 3251 nn-

1831 3284 1992 3350 cillw,
2021 3286 2110 3339 sed
2127 3286 2302 3339 liberte
2328 3301 2347 3339 .'
2379 3303 2486 3354 qua
2518 3287 2761 3340 libertate
2787 3266 3005 3341 donavit
3040 3302 3135 3342 nos
3169 3286 3413 3342 Christus

1833 3375 2036 3447 (Galat.
2072 3391 2142 3443 tv,
2190 3376 2260 3430 27
2292 3377 2477 3446 seqq.).
2510 3376 2566 3431 Si
2599 3376 2764 3446 igitur
2796 3393 2894 3432 vas
2925 3377 3226 3444 electionis,
3262 3395 3411 3433 assu-

1833 3479 1986 3519 mens
2035 3465 2102 3518 de
2137 3462 2276 3519 lsaia
2314 3466 2710 3532 testimonium,
2765 3468 2909 3534 quod
2968 3482 3115 3522 nunc
3148 3467 3413 3523 habemus

1835 3557 1889 3610 iu
1930 3555 2203 3619 manibus,
2236 3557 2303 3611 ad
2343 3556 2788 3623 repromissionis
2827 3557 3016 3613 retulit
3051 3557 3210 3621 lilios,
3260 3566 3316 3612 et
3345 3562 3411 3611 all

1837 3646 2134 3701 Ecclesium
2163 3646 2231 3701 de
2258 3646 2529 3717 gentibus,
2562 3661 2660 3701 seu
2690 3662 2757 3703 ex
2801 3656 3032 3717 utroque
3055 3649 3254 3717 populo
3282 3663 3413 3703 cou-

1833 3748 2137 3810 gregatam,
2182 3752 2301 3809 quae
2328 3738 2544 3796 deserta
2575 3740 2629 3795 in
2669 3736 2873 3794 Iudaeis
2906 3738 3085 3793 inierat
3122 3749 3176 3795 et
3197 3739 3410 3803 relicta.

1831 3846 1951 3902 qua:
1976 3832 2153 3886 virum
2189 3845 2297 3885 non
2343 3831 2611 3886 habuerat
2639 3830 2831 3897 Deum,
2874 3846 2977 3886 nec
3023 3831 3219 3899 Legem
3253 3846 3413 3886 accc-

1832 3931 1986 3991 perat
2033 3937 2133 3977 nec
2163 3921 2486 3989 Prophetas,
2522 3921 2638 3990 ipsa
2671 3923 2884 3975 ratione
2917 3922 3300 3993 compellimur
3328 3936 3411 3975 se-

1833 4016 1924 4083 qui
1954 4014 2181 4084 vcstigia
2234 4013 2607 4083 praecessoris,
2642 4022 2699 4069 et
2728 4014 3001 4068 desertam
3037 4030 3160 4069 eam
3188 4002 3410 4078 'dicere,

1834 4108 1901 4161 dc
1927 4121 2031 4177 qua
2081 4120 2242 4175 supra
2294 4105 2434 4177 (cap.
2468 4120 2633 4160 xxx"
2670 4106 2923 4175 legimus)
2962 4126 2975 4162 :
3013 4106 3243 4171 Laetare,
3319 4110 3412 4162 de-

1835 4209 1999 4264 serta,
2045 4208 2095 4253 et
2132 4184 2340 4267 reliqua
2374 4197 2457 4252 ltls
2487 4182 2709 4253 similia.
2744 4196 2819 4252 De
2856 4215 2962 4266 qua
2994 4209 3048 4255 et
3087 4201 3138 4255 in
3176 4198 3411 4254 Jeremia

1835 4292 2096 4359 scriptum
2115 4298 2281 4346 estex
2303 4304 2530 4360 persona
2550 4291 2645 4345 Dei
2676 4310 2689 4346 :
2719 4290 2895 4344 Vacua
2923 4290 3065 4359 facta
3091 4302 3169 4347 est
3188 4308 3304 4357 qua:
3317 4308 3417 4362 pa-

1838 4383 2003 4439 riebat
2030 4392 2244 4451 septem,
2271 4384 2459 4453 defecit
2485 4382 2724 4437 etanima
2755 4383 2890 4451 ejus.
2918 4383 3126 4439 Occidit
3149 4386 3196 4439 ei
3223 4388 3303 4438 sol
3321 4386 3416 4438 ad-

1838 4477 1938 4528 huc
1964 4476 2179 4531 meridie
2200 4476 2418 4547 (Jerem.
2439 4492 2526 4542 xv,
2549 4476 2626 4545 9).
2646 4476 2712 4531 Et
2734 4476 2787 4530 in
2816 4478 3086 4533 Samuelis
3104 4478 3379 4533 volumine

1842 4566 2048 4622 Sterilis
2078 4570 2270 4636 peperit
2302 4580 2519 4638 septem,
2556 4578 2605 4620 et
2634 4584 2750 4637 qua:
2781 4568 3007 4622 habebat
3045 4569 3185 4637 ﬁlios
3219 4570 3415 4638 plures,

1840 4663 2113 4731 inﬁrmata
2148 4670 2225 4716 est
2266 4661 2321 4731 (1
2375 4660 2501 4731 Reg.
2550 4678 2613 4727 tt,
2659 4661 2735 4731 5).
2776 4660 2842 4715 Et
2885 4664 2939 4716 in
2986 4662 3217 4719 Psalmis
3266 4682 3278 4717 :
3315 4665 3421 4729 Qui

1844 4744 2082 4808 habitare
2116 4754 2241 4823 facit
2289 4751 2521 4806 sterilem
2571 4753 2627 4807 in
2681 4756 2861 4820 domo,
2918 4763 3139 4806 matrem
3186 4752 3420 4820 ﬁliorum

155 4849 287 4901 vita:
320 4855 490 4914 atque
532 4848 823 4908 virtutum,
872 4844 1184 4912 passionem
1217 4843 1418 4908 crucis,
1463 4853 1516 4896 et
1561 4855 1725 4894 resur-

1844 4847 2113 4900 la’tattlem
2150 4843 2329 4912 (Psal.
2382 4858 2513 4908 cm,
2550 4843 2628 4914 9).
2664 4843 2886 4915 Septem
2918 4852 3098 4898 autem
3146 4844 3284 4896 lilios
3331 4842 3416 4896 di-

159 4942 430 4996 rectionis
480 4940 727 5009 gloriam,
777 4941 996 5007 quando
1026 4952 1235 5008 ponens
1273 4936 1509 4989 animam
1559 4948 1737 4998 suam,
1775 4952 1820 5006 ο
1843 4938 1985 4992 citur
2011 4935 2263 5006 genuisse
2297 4934 2604 5006 Synagoga,
2631 4945 2851 5006 propter
2876 4933 3197 5005 mysterium
3226 4933 3425 4987 hebdo-

156 5032 297 5085 vidit
356 5046 546 5085 semen
595 5031 919 5100 longaevum,
980 5038 1036 5084 et
1084 5029 1151 5103 oin
1204 5026 1429 5082 scientia
1477 5039 1576 5080 sua
1625 5024 1741 5093 ipse
1847 5024 2023 5083 modis
2058 5035 2115 5082 et
2165 5025 2413 5094 Sabbati,
2462 5026 2548 5083 cui
2595 5026 2746 5095 prior
2799 5024 3032 5096 populus
3063 5022 3237 5077 fuerat
3282 5023 3425 5077 o‘bli-

152 5121 690 5194 justusjustiiicavit
728 5122 1012 5193 plurimos,
1043 5119 1345 5175 etiortium
1390 5116 1580 5173 divisit
1612 5130 1741 5184 spo-
1849 5132 2026 5192 gatus.
2064 5120 2193 5176 Sive
2244 5135 2344 5191 pro
2391 5128 2624 5190 septem,
2659 5119 2845 5188 plures
2895 5116 3231 5186 intelligendi
3276 5129 3423 5182 sunt,

158 5217 238 5268 lia
278 5254 295 5281 ,
358 5223 416 5268 et
471 5229 571 5282 pro
623 5212 1119 5281 transgressoribus
1176 5210 1407 5280 rogavit,
1469 5208 1608 5264 dans
1664 5209 1745 5262 lo-
1847 5209 1999 5282 juxta
2025 5210 2236 5266 Hebraei
2266 5214 2536 5266 sermonis
2562 5206 3124 5278 ambiguitatem,qtm
3146 5217 3200 5261 et
3226 5209 3426 5263 salibu-

155 5322 292 5362 cum
330 5307 692 5377 pteuitcntite,
732 5306 931 5360 transit
985 5306 1050 5359 ad
1086 5304 1425 5359 vocationem
1464 5302 1730 5374 gentium,
1856 5313 1968 5357 tum
2006 5302 2345 5372 signiﬁcatur
2372 5311 2429 5357 et
2459 5300 2656 5371 plures.
2692 5297 2768 5352 De
2796 5311 2903 5367 quo
2941 5296 2992 5349 iu
3028 5295 3423 5352 Ilebraicarum

156 5417 211 5461 et
269 5407 361 5474 qui
429 5406 483 5459 in
542 5403 634 5458 illo
681 5404 792 5457 siut
862 5399 1163 5467 credituri,
1241 5399 1400 5469 pleno
1486 5411 1742 5454 sermone
1851 5396 2219 5463 Quaestionum
2266 5394 2428 5459 libro,
2478 5406 2642 5463 quem
2682 5392 2737 5447 in
2789 5389 3044 5446 Genesim
3083 5386 3426 5462 scripsimus,

158 5495 455 5553 describit.
491 5494 663 5563 Quem
710 5493 928 5563 quidem
961 5492 1139 5546 locum
1174 5502 1230 5547 et
1264 5491 1547 5559 apostolus
1598 5489 1744 5546 Pau-
1854 5490 2062 5558 plenius
2102 5488 2304 5543 dictum
2351 5495 2457 5543 est.
2493 5484 2618 5541 Haec
2647 5498 2776 5555 ergo
2810 5499 2930 5554 quae
2963 5484 3206 5554 quandiu
3251 5482 3426 5536 virum

161 5590 250 5644 lus
303 5588 405 5644 sub
434 5588 658 5641 nomine
700 5586 852 5640 Sara:
909 5595 961 5640 et
999 5583 1167 5651 Isaac,
1233 5582 1400 5639 refert
1449 5585 1515 5637 ad
1547 5581 1742 5638 Eecle-
1855 5581 2089 5636 habebat
2123 5580 2312 5647 Deum,
2352 5593 2661 5637 sermonem
2690 5579 2963 5644 divinum,
2998 5586 3052 5633 et
3093 5576 3429 5647 Legijuncta

165 5686 350 5748 siam,
413 5682 559 5753 quod
624 5681 771 5751 prior
853 5679 1082 5750 populus
1141 5679 1206 5735 de
1265 5687 1445 5731 monte
1506 5674 1632 5730 Sina
1696 5693 1724 5727 ρ

1858 5683 1992 5739 erat,
2033 5672 2325 5742 generabat
2359 5674 2466 5728 Deo
2490 5672 2753 5743 plurimos
2785 5672 2923 5727 ﬁlios
2953 5690 2963 5724 :
2996 5670 3215 5737 ηιωιιςῐο
3248 5679 3429 5725 autem

810 5777 841 5806 .
1522 5772 1525 5775 .
