3856 6172
519 224 626 291 535

1686 234 1747 295 S.
1784 233 2093 298 EUSEBII
2138 239 2574 306 HIEBONYMI
3599 269 3679 334 ωδ

519 345 734 450 accepit
792 344 1381 450 libellum-reptnlii'Le-t
1405 350 1619 450 vocanti
1652 353 1768 407 viro
1801 353 1977 408 noluit
2007 368 2090 407 re-
2124 361 2168 417 Α
2198 359 2340 426 quod
2376 363 2659 432 sexaginta
2689 365 2868 420 cubita
2899 367 3130 423 habebat
3158 370 3210 424 in
3232 369 3455 442 longum,
3477 378 3680 450 etvlgind

517 445 808 509 spondere,
857 450 912 495 et
956 441 1157 495 audivit
1194 457 1210 494 :
1244 437 1392 494 Filia
1425 442 1612 496 matris
1646 452 1750 497 tua:
1781 453 1837 497 tu
1866 460 1943 509 es,
1978 459 2095 514 quae

521 536 843 603 dtzreliquisti
865 534 1034 587 uirum
1067 542 1214 585 tuum
1241 530 1454 599 (Ezeclt.
1479 548 1592 599 xvt,
1621 534 1734 602 45).
1766 535 1829 589 Ει
1853 534 2048 590 iterum
2075 551 2094 591 :

2199 450 2250 504 in
2278 451 2471 507 latum.
2505 452 2610 509 Sed
2661 456 2728 511 ad
2768 457 3049 514 dexteram
3087 469 3141 516 et
3171 461 3237 516 ad
3271 464 3517 522 sinistram
3544 471 3680 529 locum

2195 557 2392 611 capere
2419 559 2486 598 ne
2518 557 2692 602 cesset
2719 547 2916 617 (Exod.
2950 554 3147 619 xxvu).
3175 549 3254 608 Ac
3281 569 3345 609 ne
3367 566 3574 626 putemus
3604 561 3683 620 hoc

527 628 652 684 Non
687 639 741 682 ut
779 627 1056 679 Dominum
1101 640 1181 676 me
1215 624 1415 676 vocasti
1447 639 1464 677 :
1513 641 1676 694 neque
1717 638 1769 679 ut
1800 637 2006 696 patrem
2045 637 2094 682 et
2191 631 2343 700 juxta
2389 635 2641 692 frivolam
2695 639 3045 696 tlebrrcorum
3100 624 3476 703 contentionem
3513 650 3597 708 dici
3634 657 3683 710 de

524 724 810 788 principem
839 717 1152 786 virginitatis
1177 725 1280 768 tua:
1315 714 1531 784 (larem.
1566 732 1647 777 tu,
1673 717 1729 786 4)
1763 735 1776 770 :
1811 727 2096 787 propterea

523 811 575 864 iu
617 813 715 862 hoc
751 808 940 861 eodem
989 807 1248 873 prepheta
1281 805 1556 874 plangitur
1590 821 1605 862 :
1649 805 1921 870 Quomodo
1954 806 2097 874 facta

523 913 596 956 est
629 901 877 954 meretrix
902 899 1081 951 civitas
1103 897 1299 966 ﬁdelis,
1327 895 1455 950 Sion
1477 896 1636 966 plena
1658 898 1851 967 judicii
1871 913 1888 951 :
1909 897 1966 951 in
1994 915 2097 968 qua

526 994 730 1060 iustitia
762 991 1009 1044 dormivit
1037 991 1198 1056 inea,
1225 1005 1363 1042 nunc
1401 1002 1580 1043 autem
1615 989 1844 1044 latrones
1873 989 2012 1058 (lsa.
2055 1007 2094 1054 I,

523 1087 640 1153 91).
682 1085 788 1139 Sed
837 1094 892 1139 et
938 1084 1043 1138 hoc
1104 1085 1401 1138 notandum
1449 1084 1593 1151 quod
1654 1083 1874 1150 quando
1908 1082 2097 1147 dicit,

525 1178 712 1232 Plures
747 1176 851 1245 lilii
909 1179 1150 1242 desertas,
1211 1175 1380 1245 magis
1427 1191 1590 1245 quam
1619 1175 1758 1242 ejus,
1799 1189 1917 1242 qute
1946 1174 2096 1228 habet

524 1273 719 1333 uirum,
753 1284 860 1322 non
894 1268 1106 1337 penitus
1151 1267 1434 1337 Synagoga
1469 1267 1790 1321 excludatur
1824 1285 1853 1319 a
1903 1275 2098 1334 partu;

526 1363 621 1418 sed
658 1362 945 1416 multitudo
973 1361 1023 1414 ei
1061 1362 1302 1428 gentium
1339 1359 1683 1429 praeferatur.
1717 1357 1782 1412 Et
1809 1359 1926 1428 ipsa
1953 1358 2095 1411 enim

533 1455 588 1508 in
633 1453 913 1523 apostolis,
969 1461 1018 1506 et
1075 1466 1170 1521 per
1217 1451 1493 1521 apostolos
1547 1453 1782 1520 primum
1841 1449 2097 1520 populum

531 1547 720 1617 genuit
749 1547 816 1600 de
844 1543 1070 1600 Iudaeis.
1104 1543 1261 1599 Unde
1296 1546 1404 1599 duo
1428 1544 1797 1613 apostolorum
1829 1542 2100 1612 principes

529 1637 743 1706 agmina
773 1635 877 1690 sibi
913 1635 1254 1690 credentium
1291 1635 1346 1688 in
1376 1634 1615 1698 Christo,
1653 1631 2100 1688 Circumcisionis

2199 725 2354 792 Sion,
2378 743 2497 797 quae
2521 729 2573 784 in
2597 731 2878 799 antiquum
2899 742 3104 789 statum
3127 750 3156 789 a
3185 736 3401 793 Domino
3421 741 3686 801 restituenda

2198 819 2292 883 sit,
2321 821 2473 889 ponit
2499 821 2838 879 manifestius
2869 827 3009 892 quod
3045 826 3288 882 latebat:
3320 825 3384 881 Et
3415 846 3560 887 semen
3575 843 3685 890 tuum

2199 919 2376 980 gentes
2429 912 2784 970 litoreditabit.
2817 916 2984 987 629
3022 917 3098 972 De
3155 933 3263 988 quo
3305 930 3358 973 et
3387 920 3434 974 in
3463 923 3692 992 Evangelio

2199 1001 2429 1072 legimus
2463 1020 2477 1059 :
2513 1009 2768 1075 Egressus
2796 1017 2873 1061 est
2914 1009 3003 1078 qui
3030 1009 3688 1085 seminatseminarewttttlt.

2200 1109 2323 1157 xttt,
2359 1094 2450 1160 5);
2484 1105 2539 1150 et
2571 1098 2768 1151 iterum
2803 1115 2819 1154 :
2850 1102 3039 1155 Nonne
3070 1100 3263 1157 bonum
3289 1119 3450 1159 semen
3477 1108 3694 1163 seminatti

2201 1187 2254 1239 in
2285 1204 2414 1256 agro
2437 1199 2526 1242 tua
2551 1187 2600 1257 (l
2609 1191 2719 1244 bid.
2748 1192 2843 1260 27)
2863 1192 2889 1246 τ
2941 1192 3096 1258 Quod
3125 1208 3310 1248 semen
3332 1195 3478 1251 etiam
3501 1198 3691 1257 civitates

2202 1279 2446 1338 desertas
2478 1279 2639 1336 faciet
2689 1283 3004 1349 inhabitari,
3037 1293 3092 1337 ut
3143 1284 3394 1341 Ecclesia:
3419 1290 3620 1357 gentium
3655 1292 3693 1346 in

2203 1379 2316 1425 t0to
2349 1371 2481 1426 orbe
2536 1383 2897 1444 consurgant.
2939 1373 3036 1431 Vel
3061 1388 3212 1430 certe
3244 1392 3422 1432 semen
3469 1379 3694 1435 dicendum

2202 1471 2288 1516 est
2310 1463 2702 1532 apostolorum,
2730 1476 2786 1520 et
2818 1465 3027 1521 Judaici
3072 1455 3254 1538 populi
3285 1468 3522 1536 reliquiae.
3543 1469 3604 1526 De
3619 1487 3698 1540 quo

2204 1555 2258 1607 in
2305 1554 2409 1608 hoc
2454 1558 2646 1610 eodem
2703 1558 2963 1624 prepheta
3022 1559 3226 1613 dicitur
3279 1575 3293 1613 :
3354 1557 3469 1613 Nisi
3499 1560 3698 1616 Dominus

2203 1643 2434 1700 Sabaoth
2468 1647 2762 1716 reliquisset
2789 1649 2940 1703 nobis
2966 1665 3160 1714 semen,
3189 1650 3327 1703 sicut
3351 1649 3557 1707 Sodoma
3586 1667 3698 1707 esse-

524 1734 580 1781 et
627 1725 867 1794 gentium
911 1723 1232 1791 diviserunt,
1291 1734 1352 1778 ut
1390 1738 1455 1778 ex
1483 1733 1715 1790 utroque
1753 1720 1952 1792 populo
2004 1720 2099 1775 de-

2206 1753 2344 1801 mus,
2377 1746 2427 1792 et
2458 1706 2659 1794 similes
2706 1739 3013 1795 Gomorrhw
3042 1706 3325 1810 fuissemus
3355 1740 3481 1813 (Isa.
3510 1758 3545 1808 ι,
3568 1742 3703 1812 9).Et

521 1824 724 1870 sertam
775 1815 925 1885 prius
959 1823 1122 1886 atque
1163 1814 1542 1884 pauperculam
1570 1813 1739 1884 628
1769 1812 2102 1867 aediﬁcarent

522 1906 842 1962 Jerusalem.
899 1908 1056 1973 Quod
1122 1915 1302 1962 autem
1365 1903 1691 1961 Hebraicum
1741 1919 1842 1976 pro
1891 1903 2099 1969 laetitia,

525 2003 783 2056 hinnitum
822 2000 1027 2070 posuit,
1061 1999 1241 2070 gaudii
1272 1999 1544 2070 significat
1573 1997 2021 2070 magnitudinem,
2047 1998 2099 2051 in

526 2093 937 2148 similitudinem
967 2091 1262 2147 hinnientis
1289 2091 1413 2162 equi
1447 2091 1514 2146 ad
1545 2091 1850 2146 victoriam.
1888 2089 1964 2145 De
1991 2104 2101 2158 quo

525 2185 581 2239 in
616 2183 718 2241 Job
769 2183 980 2254 plenius
1010 2183 1271 2238 scribitur
1306 2183 1428 2256 (Job
1463 2185 1674 2255 xxxix).
1731 2183 1888 2238 Hunc
1920 2183 2098 2238 locum

527 2287 582 2331 et
611 2287 832 2341 caetera,
884 2292 1006 2347 quae
1038 2286 1359 2346 sequuntur,
1397 2277 1570 2336 Judaai
1608 2288 1661 2331 et
1714 2277 1885 2332 nostri
1920 2275 2094 2345 judai-

532 2385 719 2426 zantes
743 2373 808 2426 ad
833 2369 1136 2426 Jerusalem
1170 2370 1434 2436 referunt,
1469 2386 1634 2440 quam
1655 2370 1841 2424 dicunt
1868 2369 1922 2423 in
1952 2367 2102 2422 mille

529 2478 794 2518 annorum
821 2477 987 2532 regno
1023 2461 1454 2530 instaurandam,
1489 2471 1542 2517 et
1563 2463 1807 2516 eamdem
1840 2475 1960 2514 esse
1982 2473 2100 2528 qua!

533 2557 681 2624 prius
715 2555 901 2609 habuit
933 2554 1132 2618 virum,
1161 2563 1216 2609 et
1247 2562 1432 2624 postea
1465 2553 1666 2608 habere
1695 2553 1938 2618 desierit,
1966 2552 2104 2606 mul—

532 2661 691 2715 tuque
719 2649 901 2717 plures
928 2646 1176 2702 habitura
1197 2647 1269 2702 sit
1294 2647 1434 2701 ﬁlios
1455 2656 1573 2717 post
1603 2646 1908 2714 repudium,
1937 2658 2098 2715 quam

532 2743 683 2810 prius
716 2739 902 2793 habuit
927 2755 1024 2793 suo
1059 2739 1196 2795 viro.
1223 2739 1354 2792 Cum
1391 2740 1674 2807 perspicue
1709 2737 1941 2791 duarum
1980 2751 2098 2788 mu-

529 2831 719 2886 lierum
757 2839 992 2899 ponatur
1021 2831 1376 2900 comparatio,
1413 2829 1529 2897 ejus
1559 2844 1680 2898 qua
1703 2829 1878 2883 virum
1912 2827 2100 2882 habuit

527 2936 584 2979 et
645 2925 864 2977 dimissa
925 2931 1041 2993 est,
1078 2931 1131 2977 et
1180 2923 1296 2991 ejus
1350 2937 1470 2992 qua:
1528 2935 1741 2990 semper
1775 2920 1991 2978 deserta
2045 2927 2102 2976 et

2203 1829 2494 1899 Aposwlos
2522 1848 2537 1886 :
2569 1830 2843 1904 Reliquiae,
2870 1831 2967 1900 ait,
2996 1832 3154 1888 salute
3167 1835 3327 1905 facta
3347 1843 3462 1888 sunt
3491 1832 3630 1904 (Rom.
3658 1849 3702 1899 tt,

2207 1921 2288 1992 ὁ).
2320 1923 2436 1978 Hoc
2463 1923 2529 1978 de
2557 1922 2921 1978 Ecclesiarum
2949 1925 3348 1994 magnitudine,
3374 1941 3487 1995 quae
3521 1941 3603 1994 pro
3625 1940 3705 1981 uno

2202 2014 2406 2070 Judaaa:
2439 2015 2560 2069 loco
2589 2023 2646 2069 et
2671 2015 2788 2082 ipso
2819 2015 3231 2084 angttstissimo,
3262 2017 3316 2071 in
3357 2024 3463 2073 toto
3489 2017 3599 2073 orbe
3623 2028 3703 2071 ter-

2205 2118 2391 2159 rarum
2424 2118 2552 2159 suos
2577 2103 2840 2158 terminos
2879 2104 3205 2161 tlilatahunt.
3242 2105 3525 2164 Veniamus
3560 2106 3614 2161 ad
3646 2107 3708 2161 io-

2205 2195 2557 2266 telligentiam
2603 2196 2965 2265 spiritualem.
3012 2196 3114 2262 Qui
3165 2198 3218 2252 in
3270 2199 3590 2255 tabernaculo
3630 2206 3703 2264 est,

2205 2289 2419 2345 ﬁrmam
2456 2299 2616 2359 atque
2641 2299 2958 2358 perpetuam
2993 2305 3095 2344 non
3127 2292 3366 2360 possidet
3399 2290 3706 2356 mansionem;

2202 2381 2299 2436 sed
2339 2395 2555 2449 semper
2609 2391 2786 2435 mutat
2837 2373 2979 2444 loca,
3005 2390 3059 2437 et
3115 2382 3180 2437 ad
3211 2382 3465 2438 ulteriora
3516 2381 3705 2444 festinat,

2202 2473 2391 2529 dicens
2417 2473 2469 2528 in
2503 2473 2722 2528 Psalmo
2750 2490 2764 2528 :
2791 2473 3136 2530 Pet'transibo
3159 2476 3216 2529 in
3247 2477 3418 2530 locum
3447 2471 3708 2528 tabernaculi

2201 2566 2534 2621 admirabilis
2559 2566 2733 2637 (Psal.
2761 2582 2869 2632 xu,
2901 2567 2976 2639 5),
3003 2569 3399 2636 pt'tnteritorunt
3422 2567 3704 2626 obliviscetts,

2204 2668 2258 2715 et
2308 2658 2362 2712 in
2415 2658 2656 2714 futurum
2706 2675 2764 2714 se
2817 2663 3135 2728 extendens,
3179 2661 3354 2716 donec
3392 2656 3711 2730 perveniatul

2203 2751 2447 2806 brevium
2479 2766 2727 2821 superna:
2757 2753 3079 2808 vocationis.
3108 2753 3183 2808 De
3220 2755 3326 2807 hoc
3349 2751 3652 2808 tabernaculo
3670 2753 3711 2802 et

2203 2841 2258 2895 in
2285 2839 2392 2896 alio
2413 2841 2533 2896 loco
2566 2842 2797 2912 legimus
2829 2841 3029 2907 :Quam
3055 2843 3250 2898 dilecta
3285 2841 3605 2900 tabernacula
3627 2849 3710 2902 tuo,

2203 2934 2427 2989 Domine
2456 2935 2745 2988 virtutum!
2791 2937 3112 3004 concupiscit
3143 2946 3194 2992 et
3225 2937 3406 3008 deﬁcit
3441 2935 3598 2990 anima
3627 2945 3711 2984 mea

531 3019 736 3084 absque
789 3015 909 3069 viro
951 3015 1072 3068 fuit.
1114 3014 1223 3067 Nec
1276 3013 1579 3067 mirandum
1609 3017 1675 3068 de
1700 3010 1924 3075 Judteis,
1956 3026 2096 3082 quo-

2206 3027 2260 3081 in
2285 3028 2428 3080 atria
2465 3027 2676 3081 Domini
2709 3026 2884 3096 (Psal.
2917 3043 3150 3094 Lxxxttt,
3184 3029 3265 3100 1).
3297 3030 3524 3098 Postque
3545 3025 3711 3080 infert:

533 3108 821 3164 rumocnli
871 3123 1142 3176 auresque
1194 3114 1321 3161 sunt
1353 3106 1574 3168 clausae,
1629 3106 1674 3160 si
1719 3114 1958 3174 apertam
1992 3119 2102 3159 non

531 3200 754 3253 videant
811 3200 1117 3252 veritatem.
1181 3197 1256 3252 De
1314 3197 1638 3251 Christianis
1704 3197 1833 3264 quid
1889 3195 2100 3267 loquar,

531 3293 742 3349 nescio.
786 3290 875 3359 qui
929 3290 1141 3343 dicente
1207 3287 1482 3356 Aposmlo,
1513 3302 1630 3357 qute
1658 3295 1779 3341 sunt
1813 3285 2103 3356 allegorica

531 3393 587 3436 et
640 3383 705 3434 ad
740 3382 844 3434 duo
890 3379 1264 3444 Testamenta,
1326 3387 1482 3432 vetus
1529 3387 1583 3431 et
1642 3393 1859 3444 novum,
1908 3377 2100 3431 Saram

528 3479 784 3543 Agarque
835 3471 1125 3536 referente,
1172 3469 1372 3524 Judzeis
1409 3469 1631 3524 tradunt
1667 3484 1878 3534 manus,
1928 3477 2103 3524 terre-

531 3581 723 3633 narum
752 3565 802 3618 in
839 3565 984 3618 mille
1022 3564 1180 3620 annis
1209 3562 1484 3617 desiderio
1506 3562 1864 3629 voluptatum.

603 3655 780 3727 (Vers.
811 3657 866 3721 2,
900 3654 979 3725 5.)
1025 3672 1044 3706 ι
1076 3654 1247 3708 Dilata
1268 3655 1442 3706 locum
1468 3651 1680 3706 tentorii
1710 3651 1809 3715 tui,
1851 3658 1906 3705 et
1936 3649 2103 3720 pelles

530 3751 1003 3817 tabernaculorum
1029 3760 1242 3802 tuorum
1281 3747 1551 3802 extende:
1585 3760 1654 3800 ne
1685 3757 1877 3814 parcas
1911 3760 1925 3798 :
1963 3742 2085 3796 lou-

528 3859 626 3912 gos
658 3842 740 3897 fac
787 3841 1062 3895 funiculus
1112 3851 1251 3904 tuos,
1302 3848 1359 3892 et
1389 3839 1572 3892 clavos
1623 3845 1743 3889 tuos
1802 3833 2102 3888 consolida.

530 3937 611 3988 Ad
653 3935 932 3988 dexteram
973 3935 1118 3987 enim
1182 3940 1236 3985 et
1285 3930 1350 3983 ad
1408 3929 1597 3983 laevam
1656 3927 1994 3996 penetrabis,
2049 3932 2104 3980 et

534 4039 722 4079 semen
761 4032 913 4076 tuum
962 4030 1152 4092 gentes
1203 4019 1568 4085 haereditabit,
1619 4029 1673 4074 et
1725 4020 1975 4073 civitates
2005 4020 2102 4072 de-

531 4129 712 4172 sertas
739 4117 1085 4172 iubabitabit.
1125 4133 1143 4166 ι
1175 4113 1355 4168 LXX:
1392 4130 1410 4164 ι
1457 4113 1624 4166 Dilata
1650 4111 1826 4165 locum
1849 4111 2102 4164 taberna-

531 4211 635 4264 (“liii
671 4211 768 4274 tui,
806 4220 856 4264 et
885 4209 1050 4279 pelles
1078 4207 1369 4261 aulatorum
1396 4215 1608 4258 tuorum
1632 4203 1754 4274 ﬁge,
1783 4217 1852 4256 ne
1885 4217 2103 4270 parcas.

534 4301 802 4365 Protende
832 4299 1118 4363 funiculus,
1157 4310 1211 4352 et
1247 4297 1428 4351 clavos
1467 4307 1587 4349 tuos
1622 4293 1872 4348 conferta
1923 4293 2101 4348 adhuc

2209 3117 2360 3173 Beati
2391 3119 2481 3187 qui
2505 3117 2744 3172 habitant
2767 3120 2818 3172 in
2853 3122 3006 3174 domo
3029 3129 3143 3186 tua,
3165 3120 3220 3174 in
3246 3122 3442 3176 swcula
3463 3119 3715 3174 seculorum

2207 3205 2504 3270 latfdabunt
2527 3221 2576 3264 te
2603 3210 2766 3282 (Ibid.
2799 3211 2875 3281 5).
2927 3211 3077 3267 Finis
3100 3214 3246 3266 enim
3282 3209 3714 3267 tabernaculorum.

2207 3311 2425 3356 aeternae
2453 3301 2645 3357 dooms
2681 3302 2954 3370 possessio
2989 3312 3092 3369 est,
3124 3319 3246 3372 quae
3279 3305 3605 3359 fundamenta
3631 3314 3710 3352 non

2206 3401 2404 3459 mutat,
2427 3407 2527 3446 nec
2555 3391 2883 3447 transfertur
2917 3393 2983 3448 de
3015 3396 3122 3449 alio
3153 3395 3204 3448 in
3238 3397 3406 3449 alium
3444 3395 3618 3448 locum.
3639 3387 3714 3454 Qui

2205 3485 2350 3539 enim
2377 3485 2605 3554 plantati
2648 3485 2701 3538 in
2739 3487 2899 3540 domo
2939 3497 3065 3541 sunt
3089 3487 3328 3553 Domini,
3363 3487 3508 3556 prius
3535 3484 3581 3538 in
3605 3481 3717 3537 atriis

2205 3574 2352 3630 illius
2381 3576 2753 3642 emortterunt,
2781 3584 2842 3630 ut
2861 3579 2930 3632 de
2959 3577 3185 3633 ﬁoribus
3213 3578 3281 3632 ad
3309 3577 3512 3646 frugem
3530 3573 3715 3633 veniant,

2206 3671 2523 3740 possintque
2555 3670 2776 3725 dicere:
2807 3671 2914 3741 Ego
2940 3681 3116 3725 autem
3153 3672 3290 3726 sicut
3336 3673 3468 3726 oliva
3502 3664 3718 3738 fructifera

2205 3763 2263 3816 in
2311 3760 2465 3816 domo
2518 3760 2616 3816 Dei
2644 3762 2818 3832 (Psal.
2865 3778 2937 3829 Li,
2984 3763 3096 3828 10).
3132 3763 3377 3834 Denique
3431 3764 3508 3814 vir
3550 3765 3717 3812 sanctus

2207 3853 2560 3928 tabernacula
2619 3855 2897 3922 praeterire
2963 3853 3251 3918 festinans,
3305 3864 3360 3908 et
3401 3854 3598 3907 domum
3647 3842 3715 3900 Dei

2206 3942 2395 3997 videre
2423 3943 2761 4008 desiderans,
2784 3959 2951 3997 unum
2984 3956 3165 3998 votum
3196 3945 3403 4000 habere
3445 3958 3500 3998 se
3538 3938 3718 4013 dicit,ut

2207 4052 2500 4106 numquam
2558 4037 2625 4089 de
2687 4038 2847 4090 domo
2884 4037 2978 4090 Dei
3045 4047 3202 4091 exeat
3252 4053 3268 4093 :
3336 4035 3507 4091 Unum
3550 4028 3720 4100 petilia

2205 4125 2458 4189 Domino,
2518 4125 2616 4180 Itoc
2679 4127 2944 4194 requiram
2999 4141 3020 4181 :
3072 4137 3130 4180 ut
3198 4127 3482 4180 inhalitem
3521 4125 3569 4176 in
3605 4119 3720 4172 domo

2205 4217 2421 4272 Domini
2463 4217 2703 4271 omnibus
2756 4218 2937 4272 diebus
2978 4219 3096 4273 vita:
3123 4235 3249 4273 mete
3280 4217 3455 4290 (Psal.
3507 4227 3632 4273 xxvt.
3664 4205 3722 4272 θ’

2209 4310 2554 4366 Dilatandum
2605 4322 2687 4366 est
2716 4327 2844 4380 ergo
2899 4313 3333 4376 tabernaculum,
3374 4310 3604 4366 etaulasa
3642 4299 3724 4368 De"

537 4396 591 4448 in
629 4394 855 4458 dextris,
903 4403 956 4445 et
1005 4391 1058 4444 in
1111 4391 1351 4444 sinistris
1399 4388 1584 4451 dilata,
1620 4399 1674 4442 et
1724 4401 1910 4441 semen
1950 4396 2099 4440 tuum

2210 4403 2393 4466 lesque
2431 4403 2732 4466 tendendre,
2786 4414 2840 4455 et
2890 4402 3111 4456 funiculi
3167 4401 3540 4472 multiplicium
3587 4393 3725 4449 varios

538 4485 835 4553 possidebit
889 4493 1097 4549 gentes,
1159 4490 1213 4536 et
1261 4482 1510 4534 civitates
1564 4480 1809 4534 desertas
1855 4478 2102 4532 habitare

535 4577 722 4630 lacius.
774 4594 793 4627 ι
848 4575 944 4630 Cui
995 4577 1204 4628 dixerat
1257 4571 1512 4637 :Lauda,
1557 4572 1778 4635 sterilis,
1827 4587 1943 4640 qua:
1998 4585 2103 4623 non

532 4669 905 4736 paris;rumpe
933 4666 1165 4730 vincula,
1181 4665 1374 4736 quibus
1391 4667 1540 4734 prius
1555 4663 1826 4719 tenebaris
1856 4663 2100 4724 astricta,

538 4771 586 4815 et
617 4764 788 4814 clama
817 4761 867 4813 in
915 4759 1310 4814 confessionem
1355 4756 1590 4820 Domini,
1619 4772 1742 4823 qua:
1771 4754 1965 4808 liberos
1995 4767 2100 4807 non

535 4854 800 4916 habebas,
840 4865 982 4906 nunc
1031 4851 1207 4906 eidem
1244 4849 1551 4919 prmcipitur
1601 4848 1653 4902 itt
1691 4844 2101 4901 similitudinem

540 4945 876 5001 tabernaculi
909 4943 1103 5013 Moysi,
1148 4943 1292 5013 quod
1341 4943 1610 5010 quondam
1663 4940 1854 5001 habuit.
1903 4939 2103 5010 (Exod.

542 5043 727 5104 χχχιιι)
754 5038 808 5091 in
844 5039 1081 5101 deserto,
1122 5047 1180 5087 nt
1214 5036 1401 5089 dilatet
1450 5034 1740 5088 tentorium
1771 5047 1950 5095 Suum,
1991 5031 2106 5101 pel-

540 5130 727 5197 Iusque
774 5129 1074 5196 distentet;
1115 5137 1169 5185 et
1214 5127 1487 5181 funiculos
1517 5126 1680 5177 laciat
1723 5124 2017 5193 longiores,
2051 5130 2104 5190 et

538 5223 742 5284 clavos,
775 5222 971 5289 quibus
997 5221 1260 5286 formatur
1297 5234 1456 5272 omne
1492 5216 1807 5279 tentorium,
1846 5218 1896 5267 in
1935 5215 2100 5268 altum

533 5315 758 5382 deﬁgat,
787 5323 839 5366 et
864 5314 1104 5378 roboret,
1137 5327 1204 5366 ne
1226 5321 1508 5365 ventorum
1540 5308 1758 5364 ﬂatibus
1789 5307 2100 5375 dissipetur.

535 5409 614 5460 Ad
639 5407 996 5473 dextramque
1025 5415 1268 5471 penetret
1295 5413 1347 5457 et
1373 5405 1670 5461 sinistram,
1693 5412 1743 5454 ct
1769 5414 2104 5468 nequaquam

536 5498 745 5554 Judaiti
799 5497 1134 5550 tabernaculi
1179 5495 1421 5550 imitetur
1452 5492 1753 5560 angustias,
1795 5491 1935 5559 quod
1972 5507 2104 5544 cen-

540 5603 652 5653 ιιιιιι
680 5589 1030 5660 longitudinis
1057 5588 1389 5653 etzbitorum,
1414 5598 1468 5641 et
1503 5586 1892 5655 quinquaginta
1926 5585 2106 5636 latitu-

542 5682 686 5746 dinis
745 5682 1037 5747 atttbicbat,
1090 5695 1186 5736 nec
1242 5680 1423 5747 templi
1481 5679 1730 5734 lit‘cvitati
1799 5679 2102 5743 claudatur,

2211 4507 2440 4562 rumque
2487 4506 2805 4546 sermonum
2855 4491 3068 4560 longius
3120 4489 3482 4559 producendi,
3535 4495 3582 4540 et
3622 4478 3723 4535 elati

2217 4587 2428 4640 ratione
2465 4584 2710 4637 ﬁrmandi
2771 4585 2824 4636 in
2860 4583 3064 4636 dextris
3103 4592 3156 4637 et
3185 4583 3451 4648 sinistris,
3502 4589 3555 4633 nt
3581 4585 3724 4629 sentcn

2215 4677 2505 4737 sermonis,
2529 4675 2581 4729 id
2619 4684 2724 4739 est,
2755 4675 3017 4730 doctrinae
3051 4675 3166 4739 Dei,
3197 4685 3394 4745 gentes
3413 4675 3576 4726 valeat
3602 4663 3730 4736 possi-

2213 4768 2378 4832 dere;
2421 4775 2478 4821 et
2505 4766 2760 4820 civitates
2792 4766 3117 4821 habitabiles
3158 4766 3365 4830 facere,
3402 4779 3532 4835 quas
3568 4753 3732 4822 accepil

2213 4859 2302 4927 qui
2338 4873 2517 4910 mnam
2555 4857 2946 4924 duplicaverat.
2980 4857 3208 4911 Dextera
3240 4868 3428 4910 autem
3479 4865 3526 4907 et
3557 4849 3730 4905 sinistra

2217 4947 2268 5000 in
2299 4945 2597 5016 Scriptnris
2627 4949 2830 5001 sanctis
2853 4959 2979 5001 tunc
3010 4948 3062 5000 itt
3097 4948 3294 5001 bonam
3332 4957 3530 5017 partem
3567 4935 3732 5004 accipi-

2217 5049 2328 5101 tur,
2381 5040 2594 5105 quando
2633 5054 2726 5092 eas
2773 5047 2825 5092 et
2851 5039 3018 5108 'jnxta
3048 5040 3303 5107 spiritum
3336 5036 3672 5104 intelligimus,
3695 5035 3736 5078 et

2213 5134 2366 5202 juxta
2405 5132 2636 5185 litteram
2680 5148 2774 5200 per
2831 5146 2981 5185 arma
3013 5131 3240 5198 justitia:
3265 5146 3296 5184 a
3331 5129 3530 5184 dextris
3553 5134 3647 5179 et:
3674 5117 3733 5170 si-

2219 5221 2407 5275 nistris
2441 5220 2524 5288 (11
2555 5220 2680 5275 Cor.
2707 5224 2804 5289 vt),
2841 5231 2899 5274 ut
2925 5232 2978 5274 et
3003 5221 3257 5274 humilior
3281 5215 3618 5285 intelligentia
3641 5208 3738 5262 vim

2219 5321 2400 5366 teneat
2431 5313 2822 5366 institutionem
2865 5315 3217 5381 exemplaque
3248 5312 3540 5381 majorum,
3576 5315 3621 5359 et
3648 5298 3734 5366 δικί-

2216 5402 2428 5456 ritualis
2473 5413 2633 5471 atque
2675 5403 2838 5474 630
2884 5405 3130 5459 sublimis
3163 5405 3227 5457 de
3269 5401 3614 5473 praesentibus
3659 5403 3737 5445 ηοξ

2215 5495 2507 5550 transferat
2536 5495 2602 5546 ad
2627 5495 2824 5548 futura.
2856 5494 2967 5548 lloc
2994 5504 3078 5549 est
3103 5495 3248 5565 quod
3271 5503 3329 5549 et
3354 5491 3597 5547 Dominus
3619 5481 3733 5537 Pha~

2219 5588 2388 5642 risazis
2449 5587 2910 5656 interrogmtibus
2962 5588 3285 5656 loquebatur
3335 5605 3350 5640 :
3401 5583 3602 5639 Reddite
3645 5587 3738 5644 4"

2217 5690 2336 5732 sunt
2358 5676 2598 5748 Caesaris,
2638 5679 2835 5734 Ctt‘sari
2861 5693 2942 5744 ;et
2970 5696 3087 5751 qua:
3112 5690 3230 5750 sunt
3260 5679 3395 5751 Dei,
3427 5677 3526 5732 Deo
3553 5665 3732 5743 (Malli-
