3902 6182
281 241 380 310 53‘!

819 247 1027 310 COMM
1045 247 1322 312 ENTAR.
1369 247 1451 309 IN
1486 247 1752 308 ISAIAM
1797 247 2260 312 PROPHETAM
2318 252 2466 312 LIB.
2516 253 2638 322 XV,
2677 253 2836 314 CAP.
2876 254 3026 317 LIV.

3425 250 3538 312 538

279 376 417 424 xm,
442 358 536 430 2i)
569 373 587 416 :
627 364 688 414 ut
715 368 771 415 et
789 361 1146 429 potestatibus
1173 359 1335 414 istius
1370 358 1552 414 saeculi
1585 358 1843 429 subjicia-
1874 365 1923 422 Α
1952 359 2141 428 (lacn.
2174 378 2255 428 xi,
2296 362 2404 436 l0),
2436 362 2577 435 Ergo
2607 364 2661 419 in
2703 367 2940 420 adventu
2969 362 3180 419 Christi
3227 361 3430 419 dicitur
3458 363 3529 417 ad

283 469 432 518 mur,
466 467 586 522 qua:
617 467 720 506 non
748 452 951 521 injuste
976 460 1162 506 tenent
1191 452 1432 522 gladium
1463 453 1515 505 in
1549 450 1847 505 vindictam

276 559 470 600 eorum
506 544 596 615 qui
622 544 763 600 male
797 554 1044 617 egerunt,
1076 559 1198 614 quae
1221 544 1444 600 sinistra
1475 541 1795 609 intelligitur
1829 558 1846 595 :

273 644 332 690 et
376 635 486 691 Deo
531 635 823 691 reddamus
853 651 973 707 qua:
1003 636 1100 690 Dei
1143 645 1293 700 sunt,
1326 644 1386 690 ut
1429 635 1635 690 nullum
1681 633 1847 687 alium

276 728 591 792 timeamus,
615 726 719 781 nisi
751 741 898 792 eum,
934 729 1097 796 quiet
1123 729 1318 781 anima:
1337 727 1496 782 habet
1522 735 1578 781 et
1601 724 1850 793 corporis

274 827 625 888 potestatem,
663 816 882 887 (Matth.
917 819 997 888 x).
1035 817 1180 885 quod
1229 817 1284 872 in
1336 819 1556 872 dextera
1589 816 1853 886 accipitur

277 911 522 980 Denique
543 909 608 963 de
629 907 899 978 sapientia
921 909 1012 962 Dei
1035 909 1255 973 dicitur,
1277 909 1364 963 cui
1389 907 1522 962 nihil
1550 907 1848 974 pretiosum

273 999 582 1069 comparari
617 1009 816 1068 potest,
853 998 996 1069 quod
1026 999 1079 1052 in
1109 998 1328 1053 dextera
1370 1012 1466 1052 sua
1496 997 1621 1051 vita:
1649 996 1848 1051 habeat

274 1092 691 1160 longitudinem,
720 1101 775 1146 et
800 1105 972 1146 annos
999 1090 1297 1160 plurimos;
1327 1088 1378 1142 in
1411 1089 1632 1144 sinistra
1663 1097 1848 1142 autem

273 1184 498 1240 divitias
531 1195 583 1238 et
606 1183 856 1254 gloriam,
880 1192 940 1238 ut
979 1183 1182 1236 divitiae
1209 1181 1312 1236 illae
1340 1181 1696 1252 accipiantur,
1730 1193 1852 1248 qua

272 1276 327 1330 in
354 1277 614 1347 praesenti
641 1277 872 1332 scientia
896 1283 1022 1330 sunt
1039 1285 1094 1329 et
1112 1274 1270 1330 bonis
1286 1274 1570 1342 operibus,
1599 1281 1652 1328 et
1678 1271 1850 1342 gloria

271 1383 437 1438 quam
480 1369 680 1437 accipit
710 1369 776 1430 is,
813 1382 909 1437 per
943 1365 1100 1435 cujus
1141 1381 1305 1435 opera
1337 1365 1479 1420 Deus
1511 1363 1852 1433 glorificatur

271 1463 324 1515 in
349 1458 628 1531 gentibus,
665 1457 947 1529 longitudo
975 1467 1155 1511 autem
1181 1456 1304 1510 vita:
1333 1464 1388 1510 et
1433 1455 1559 1509 anni
1608 1453 1850 1523 plurimi,

269 1561 533 1606 aeternam
561 1550 730 1605 vitam
759 1549 1099 1619 significent,
1149 1565 1270 1622 quae
1318 1547 1610 1620 praesentia
1670 1546 1849 1618 negli-

269 1656 431 1713 gens,
459 1642 529 1698 ad
562 1641 748 1696 futura
776 1641 1019 1698 festinat.

341 1728 531 1801 (Vera.
571 1729 771 1801 ι,5.)’«
804 1728 924 1787 Noli
947 1732 1165 1796 timere,
1187 1730 1313 1802 quia
1335 1744 1442 1786 non
1473 1727 1845 1790 confunderis,

274 1835 456 1892 neque
481 1823 935 1879 erubescesmon
965 1822 1110 1878 enim
1132 1831 1184 1878 te
1210 1823 1453 1892 pudebit,
1484 1821 1614 1892 quia
1651 1818 1845 1876 confu-

271 1913 446 1968 sionis
482 1911 863 1969 adolescentia
905 1920 1018 1967 tuae
1073 1910 1435 1976 oblivisceris,
1479 1920 1536 1964 et
1568 1907 1846 1980 opprobrii

271 2005 558 2061 viduitatis
621 2013 733 2061 tua:
788 2019 896 2060 non
955 2003 1336 2060 recordaberis
1390 2001 1645 2073 amplius.
1708 1999 1847 2066 Quia

271 2097 648 2153 dominabitur
683 2096 758 2152 tui
795 2097 886 2166 qui
917 2095 1048 2153 fecit
1081 2107 1152 2162 te,
1198 2095 1460 2152 Dominus
1499 2093 1845 2150 exercituum

273 2205 479 2246 nomen
535 2189 701 2258 ejus:
734 2198 790 2244 et
843 2190 1155 2259 redemptor
1183 2198 1308 2244 tuus
1365 2187 1605 2243 Sanctus
1653 2184 1844 2252 Israel,

273 2281 416 2336 Deus
443 2280 630 2336 omnis
676 2290 838 2335 terra
890 2281 1198 2338 vocabitur.
1247 2299 1268 2334 ι
1297 2279 1440 2336 LXX
1480 2296 1547 2334 ει
1593 2277 1712 2334 Noli
1777 2280 1847 2334 ti-

273 2373 599 2442 mere,!quia
648 2374 875 2428 confusa
919 2388 1023 2428 es:
1056 2389 1234 2444 neque
1277 2371 1654 2439 confundat-is,
1715 2369 1848 2442 quia

275 2465 662 2534 exprobratum
686 2464 782 2519 tibi
821 2471 906 2520 est
944 2479 962 2520 :
993 2463 1369 2519 confusionem
1409 2463 1552 2518 enim
1585 2471 1848 2516 aeternam

276 2558 638 2624 obliviscaris,
657 2569 712 2612 et
733 2556 1008 2626 opprobrii
1034 2555 1309 2610 viduitatis
1336 2563 1442 2608 tua:
1499 2567 1709 2608 memor
1739 2567 1850 2607 non

275 2653 384 2708 eris
427 2669 443 2705 :
475 2653 600 2722 quia
633 2651 897 2706 Dominus
923 2651 1011 2718 qui
1050 2648 1180 2704 fecit
1218 2658 1293 2714 te,
1326 2647 1590 2703 Dominus
1619 2646 1849 2702 sabaoth

278 2762 474 2802 nomen
495 2745 543 2801 ei
579 2763 592 2799 :
623 2745 787 2815 etqui
822 2743 965 2798 eruit
988 2752 1062 2809 te,
1093 2743 1238 2798 Deus
1267 2741 1456 2808 lsrael,
1487 2741 1666 2796 omnis
1691 2750 1852 2795 terrae

277 2837 582 2891 vocabitur.
619 2853 639 2887 ι
678 2835 867 2891 Oritur
896 2834 1147 2903 quaestio,
1180 2835 1457 2902 quomodo
1483 2833 1531 2889 si
1575 2831 1641 2886 ad
1667 2829 1852 2887 Eccle-

281 2929 417 2983 siatn
459 2927 658 2982 dicitur
696 2927 766 2982 de
818 2926 1072 2997 gentibus
1115 2933 1502 2996 congregatam
1565 2921 1848 2989 :Lretare,

280 3019 501 3082 sterilis,
550 3033 666 3088 qua:
723 3032 827 3071 non
871 3015 1060 3108 paris;
1088 3026 1147 3108 et
1177 3031 1192 3070 :
1227 3014 1416 3070 Plures
1469 3015 1584 3108 ﬁlii,
1608 3014 1849 3082 deserta,
1879 3048 1923 3108 ο

280 3113 451 3182 magis
475 3127 632 3182 quam
671 3110 785 3179 ejus
835 3124 952 3180 qua:
1005 3107 1158 3162 habet
1199 3108 1393 3174 virum,
1440 3107 1590 3178 quod
1645 3108 1853 3162 scilicet

277 3205 458 3259 virum
484 3219 589 3258 non
625 3203 895 3268 habuerit,
924 3217 1044 3271 quae
1090 3212 1276 3273 postea
1308 3202 1492 3270 plures
1527 3199 1654 3256 fecit
1689 3199 1852 3264 filios,

277 3307 333 3352 et
362 3298 456 3352 illa
490 3297 546 3351 in
575 3295 916 3352 sterilitatem
955 3309 1112 3351 versa
1160 3295 1254 3362 sit,
1284 3308 1409 3366 qua:
1439 3293 1590 3363 prius
1613 3292 1853 3348 habebat

276 3392 454 3445 virum
491 3407 506 3444 :
544 3389 812 3458 quomodo
841 3403 988 3444 nunc
1026 3387 1243 3443 dicatur
1265 3388 1331 3441 ad
1357 3401 1499 3451 eam,
1527 3399 1646 3453 qua:
1671 3386 1852 3438 virum

277 3495 383 3536 non
426 3481 662 3535 habuit:
709 3478 1001 3534 νὶὀιιὶιαιὶε
1053 3487 1157 3534 tuae
1187 3493 1294 3531 non
1349 3474 1704 3531 recordaberis
1736 3489 1852 3528 am-

274 3574 440 3644 plius,
473 3581 523 3627 et
553 3571 882 3639 confusionis
937 3569 1304 3624 adolescentia:
1353 3577 1458 3623 tua:
1504 3564 1850 3620 oblivisceris.

277 3667 357 3722 Ex
383 3680 492 3735 quo
520 3663 747 3732 intelligi
785 3662 972 3719 volunt
1005 3659 1202 3727 Judaei,
1225 3659 1409 3716 omnia
1428 3673 1546 3728 quae
1574 3658 1850 3723 dicuntur,

277 3758 382 3814 dici
411 3757 478 3810 ad
502 3753 824 3818 Jerusalem,
855 3768 974 3823 qua:
1007 3755 1217 3808 deserta
1235 3766 1266 3806 a
1289 3751 1421 3816 Deo,
1453 3764 1667 3806 rursum
1694 3750 1762 3803 ab
1787 3763 1853 3803 eo

279 3848 631 3905 instauranda
657 3848 747 3902 sit.
769 3847 870 3912 Qui
890 3845 1046 3900 facile
1071 3844 1423 3915 repellentur,
1442 3857 1566 3898 cum
1581 3839 1850 3899 admoniti

278 3943 505 4004 fuerint,
539 3939 646 3994 dici
676 3955 743 3993 ex
775 3953 1003 4008 persona
1053 3934 1267 3990 Domini
1323 3936 1380 3990 in
1433 3933 1700 3988 Zacharia
1739 3935 1852 3987 :Et

279 4033 547 4105 assumpsi
582 4032 711 4086 mihi
743 4033 876 4086 duas
899 4034 1068 4101 virgas
1097 4046 1117 4085 :
1151 4044 1312 4082 unam
1360 4028 1540 4082 vocavi
1585 4027 1848 4092 decorem,

277 4135 328 4181 et
347 4127 576 4180 alteram
611 4124 788 4177 vocavi
814 4121 1114 4194 funiculum
1145 4134 1162 4172 :
1194 4129 1244 4174 et
1273 4121 1392 4190 pani
1426 4134 1634 4190 gregem
1659 4116 1852 4187 (Zarh.

278 4234 359 4284 si,
398 4218 474 4289 7).
496 4215 572 4270 De
603 4231 713 4286 quo
745 4215 797 4269 in
831 4229 931 4270 suo
956 4213 1075 4270 loco
1098 4213 1312 4283 plenius
1341 4211 1600 4277 diximus,
1623 4219 1677 4263 et
1705 4223 1854 4262 nunc

276 4326 343 4366 ex
415 4321 568 4379 parte
604 4308 842 4363 dicetur.
905 4307 1052 4362 Duas
1109 4305 1321 4374 virgas,
1380 4313 1678 4370 utrumque
1729 4315 1854 4356 esse

1956 452 2190 522 virgam,
2235 470 2356 525 quae
2418 456 2659 513 abscissa
2702 456 2886 513 fuerat
2931 453 3105 510 :Noli
3150 455 3378 518 timere,
3429 469 3532 509 nec

1951 545 2266 612 erubescas,
2297 561 2473 617 neque
2495 561 2590 603 ora
2620 549 2832 618 pudore
2853 547 3158 604 suffundas.
3179 547 3530 617 Nequaquam

1953 637 2101 691 enim
2136 639 2276 692 ultra
2308 640 2684 706 confttnderis,
2746 652 2807 694 ιιι
2838 642 2992 709 prius
3036 637 3266 694 confusa
3321 637 3529 700 fueras,

1952 743 2053 783 nec
2088 730 2421 786 confusionis
2469 732 2856 788 adolescentia:
2914 742 3019 786 tua:
3057 745 3265 785 memor
3298 730 3429 793 eris,
3477 737 3534 782 et

1951 821 2238 875 viduitatis
2272 833 2373 877 tute
2410 839 2519 878 non
2554 823 2952 889 recordaberis,
3010 837 3106 892 per
3135 836 3298 892 quam
3340 822 3531 875 relicta

1951 927 2012 967 es
2044 928 2072 966 a
2101 913 2212 968 Deo
2248 931 2262 972 ;
2292 915 2420 984 quia
2454 916 2632 970 factor
2669 926 2796 971 tuus
2853 917 2970 987 ipse
3002 915 3375 970 dominabitur
3425 915 3532 977 tui,

1951 1006 2108 1075 Cujus
2137 1021 2334 1062 nomen
2371 1007 2730 1079 Omnipotens
2765 1017 2874 1074 est,
2943 1010 3035 1080 qui
3089 1017 3307 1080 regnat,
3340 1023 3446 1062 non
3479 1007 3532 1060 in

1952 1113 2062 1152 una
2100 1107 2258 1166 gente
2285 1097 2492 1164 Iudaea,
2531 1101 2625 1154 sed
2659 1101 2710 1154 in
2747 1101 3007 1156 universo
3055 1103 3192 1155 orbe
3234 1110 3531 1154 terrarmn.

1954 1188 2200 1255 Denique
2233 1191 2484 1257 sequitur
2511 1208 2525 1244 :
2551 1190 2653 1254 Qui
2703 1198 2757 1244 te
2808 1190 3034 1255 fecerat,
3076 1191 3193 1259 ipse
3228 1199 3278 1244 te
3303 1190 3535 1243 redemit

1953 1279 2222 1349 sanguine
2275 1294 2376 1334 suo
2406 1320 2422 1334 .
2454 1279 2521 1333 Et
2554 1279 2711 1334 'Dests
2757 1282 2929 1334 amnis
2994 1289 3149 1334 teme
3198 1281 3473 1334 vocabitur
3514 1319 3530 1337 ,

1955 1385 2054 1440 pro
2085 1385 2155 1426 eo
2178 1371 2286 1442 qud
2319 1383 2425 1435 est,
2457 1373 2706 1428 omnium
2737 1373 2829 1443 qui
2861 1382 3148 1426 morantur
3171 1372 3222 1425 in
3259 1383 3426 1425 terra.
3454 1371 3534 1424 Ex

1953 1478 2062 1533 quo
2084 1463 2368 1534 perspicue
2387 1472 2556 1532 patet,
2593 1479 2941 1535 nequaquam
2979 1463 3087 1518 dici
3115 1465 3180 1516 ad
3208 1447 3534 1524 Jerusalem,

1952 1569 2074 1621 quae
2099 1567 2379 1623 nunquam
2429 1553 2484 1606 in
2527 1561 2641 1608 toto
2670 1555 2806 1609 orbe
2837 1553 3120 1608 dominata
3167 1563 3256 1608 est
3285 1570 3304 1621 ;
3339 1554 3433 1608 sed
3466 1553 3536 1607 ad

1954 1646 2252 1702 Ecclesiam
2271 1643 2501 1714 Christi,
2535 1647 2694 1718 cujus
2723 1647 3236 1714 haereditasmiundi
3263 1647 3538 1717 possessio

1951 1744 2056 1792 est.

2023 1826 2206 1900 (νοτε.
2261 1829 2318 1897 6,
2346 1832 2427 1901 7.)
2487 1849 2506 1884 ι
2545 1829 2678 1898 Quia
2707 1841 2767 1887 ut
2796 1833 3077 1888 mulierem
3111 1830 3427 1888 derelictam
3482 1835 3539 1882 et

1953 1931 2276 1978 manentem
2306 1923 2500 1993 spiritu
2535 1923 2752 1978 vocavit
2789 1932 2841 1980 te
2864 1923 3126 1993 Dominus
3150 1965 3166 1989 ,
3205 1930 3261 1976 et
3303 1935 3533 1976 uxorem

1953 2014 2023 2068 ab
2081 2013 2462 2069 adolescentia
2532 2015 2827 2082 abiectam,
2888 2015 3030 2069 dixit
3073 2014 3220 2070 Deus
3253 2022 3400 2068 tuus.
3455 2011 3538 2064 Ad

1953 2113 2214 2176 punctum
2243 2105 2298 2158 in
2314 2105 2528 2160 modico
2562 2106 2826 2177 dereliqui
2861 2114 2916 2161 te
2947 2145 2963 2170 ,
2995 2115 3052 2160 et
3082 2105 3136 2160 in
3169 2103 3542 2160 miserationi-

1953 2196 2057 2252 bus
2090 2197 2302 2266 magnis
2334 2200 2681 2268 congregabo
2713 2209 2787 2254 te.
2819 2199 2877 2254 In
2906 2208 3180 2254 momento
3209 2197 3538 2268 indignatio-

1954 2283 2040 2338 nis
2069 2283 2332 2339 abscondi
2361 2285 2554 2340 faciem
2604 2302 2778 2340 meam
2823 2302 3117 2357 parumper
3162 2303 3193 2342 a
3227 2297 3279 2342 te
3319 2326 3337 2353 ,
3365 2295 3421 2341 et
3478 2286 3536 2340 in

1954 2374 2332 2430 misericordia
2388 2378 2722 2447 sempiterna
2774 2377 3037 2433 misertus
3076 2394 3197 2432 sum
3240 2378 3339 2441 tui,
3391 2376 3534 2432 dixit

1954 2467 2267 2537 redemptor
2303 2476 2427 2524 tuus
2465 2468 2746 2524 Dominus.
2786 2489 2805 2522 ι
2852 2469 2995 2525 LXX
3025 2486 3041 2503 ο
3083 2489 3101 2522 ι
3143 2469 3260 2525 Non
3301 2479 3361 2525 ut
3412 2485 3537 2524 mu-

1954 2561 2142 2616 lierem
2207 2560 2520 2616 derelictam
2595 2571 2650 2616 et
2734 2562 3132 2632 pusillanimem
3197 2561 3413 2616 vocavit
3482 2569 3539 2616 te

1955 2648 2240 2716 Dominus,
2272 2666 2449 2720 neque
2479 2663 2537 2705 ut
2577 2651 2878 2717 mulierem,
2917 2667 3038 2723 qua:
3067 2653 3134 2706 ab
3161 2649 3534 2706 adolescentia

1956 2743 2145 2798 odiosa
2198 2753 2303 2811 est,
2358 2744 2496 2799 dixit
2561 2743 2708 2800 Deus
2777 2751 2924 2798 tuus.
2999 2743 3269 2814 Tempore
3323 2743 3540 2798 modico

1957 2834 2148 2905 reliqui
2183 2844 2236 2890 te
2271 2877 2287 2901 ,
2320 2847 2377 2890 et
2405 2850 2528 2890 cum
2557 2835 2934 2890 misericordia
2992 2851 3190 2906 magna
3221 2834 3529 2890 miserebor

1957 2927 2059 2982 tui.
2091 2925 2148 2981 In
2184 2926 2366 2982 furore
2404 2941 2574 2997 parvo
2610 2927 2780 2982 averti
2825 2927 3020 2982 faciem
3064 2941 3240 2981 meam
3283 2942 3314 2981 a
3339 2934 3396 2981 te
3433 2967 3449 2994 ,
3481 2933 3540 2982 et

1957 3015 2012 3072 in
2064 3017 2435 3074 misericordia
2493 3017 2824 3084 sempiterna
2876 3019 3178 3073 miserebor
3241 3017 3319 3071 Ini
3352 3017 3537 3080 ,dixit

1959 3111 2050 3176 qui
2101 3109 2244 3163 eruit
2306 3121 2359 3164 te
2423 3109 2703 3167 Dominus.
2767 3129 2786 3161 ι
2846 3109 2945 3165 Hic
3005 3111 3164 3165 amici
3215 3109 3532 3164 Judarorum

1959 3199 2236 3255 vivificant
2303 3200 2585 3256 mulierem
2654 3203 2972 3256 derelictam
3056 3212 3112 3256 et
3171 3215 3403 3256 uxorem
3466 3199 3537 3255 ab

1959 3293 2325 3348 adolescentia
2355 3293 2648 3359 abiectam,
2679 3309 2841 3362 quam
2904 3294 2972 3348 ad
3030 3303 3293 3363 punctum
3354 3302 3411 3348 et
3468 3293 3536 3346 ad

1958 3384 2232 3438 modicum
2293 3382 2580 3452 dereliquit
2651 3383 2951 3448 Dominus,
3010 3383 3312 3439 Jerusalem
3389 3397 3538 3448 esse,

1960 3476 2228 3533 dicentes.
2263 3475 2369 3543 Qui
2405 3476 2750 3530 abscondens
2784 3491 3081 3545 parumper
3135 3476 3330 3531 faciem
3379 3489 3536 3530 suam

1959 3569 2264 3638 susceperit
2323 3582 2444 3622 eam
2500 3568 2556 3622 in
2614 3567 3011 3622 misericordiis
3065 3567 3443 3637 sempiternis,
3473 3575 3531 3621 et

1959 3658 2202 3714 dolorem
2259 3657 2595 3728 prmteritum
2635 3695 2654 3724 ,
2728 3657 2925 3728 gaudio
2982 3655 3357 3712 connnntarit.
3429 3653 3541 3710 Hoc

1953 3750 2108 3821 juxta
2154 3747 2507 3806 Hebraicum.
2552 3749 2727 3805 Porro
2756 3750 2908 3819 juxta
2961 3748 3126 3819 G32
3178 3747 3540 3817 Septuaginta

1959 3857 2068 3896 non
2099 3856 2221 3896 eam
2261 3841 2396 3898 dicit
2433 3841 2590 3910 quasi
2622 3841 2938 3896 derelictam
2989 3841 3300 3904 mulierem,
3354 3848 3409 3894 et
3441 3852 3539 3906 pu-

1958 3934 2282 3991 sillanimem
2303 3943 2546 3989 vocatam
2565 3947 2595 3986 a
2628 3932 2856 3987 Domino
2915 3946 3090 4001 neque
3117 3931 3258 3986 sicut
3278 3942 3539 3993 uxorem,

1959 4042 2080 4096 quae
2114 4027 2187 4082 ab
2222 4025 2586 4082 adolescentia
2623 4023 2752 4080 odio
2799 4023 2979 4078 habita
3017 4023 3136 4090 sit;
3191 4023 3286 4077 sed
3334 4021 3539 4076 idcirco

1958 4134 2020 4177 se
2047 4132 2166 4174 eam
2197 4117 2264 4173 ad
2296 4118 2568 4172 modicum
2604 4114 2917 4185 reliquisse,
2949 4123 3005 4169 et
3048 4114 3314 4168 avertisse
3338 4111 3536 4167 faciem

1961 4228 2142 4278 suam,
2183 4220 2246 4267 ut
2297 4209 2634 4265 misereatur
2688 4207 2833 4262 illius
2867 4206 2923 4261 in
2977 4215 3262 4261 aeternum.
3297 4204 3356 4261 Si
3407 4219 3541 4274 ergo

1959 4312 2132 4368 Judaei
2177 4321 2231 4367 et
2262 4308 2440 4365 nostri
2465 4307 2833 4378 judaizantes,
2873 4305 3064 4358 dicunt
3119 4302 3287 4357 Israel
3319 4301 3387 4357 ad
3419 4316 3538 4356 mo-

276 4402 531 4472 popnlum
557 4400 796 4477 gentium
815 4407 869 4453 et
883 4395 1218 4458 Iudaeorum,
1238 4410 1466 4464 quorum
1488 4395 1640 4463 prior
1653 4400 1846 4448 vocata

1960 4407 2143 4459 dicum
2203 4402 2522 4455 derelictum
2556 4439 2573 4464 ,
2628 4399 2784 4452 utin
2849 4398 3085 4452 adventu
3139 4396 3341 4450 Christi
3419 4393 3540 4462 ejus

275 4494 344 4547 sit
382 4495 536 4546 turba
583 4490 887 4560 gentilium,
919 4503 1037 4558 qua:
1090 4487 1302 4556 accepit
1331 4485 1492 4557 631
1545 4485 1849 4539 naturalem

277 4586 450 4650 legem
485 4585 646 4636 lixam
677 4583 732 4636 in
773 4579 1035 4636 cordibus
1065 4579 1203 4644 suis,
1231 4578 1299 4631 de
1325 4593 1433 4646 qua
1465 4575 1665 4630 Paulus
1714 4577 1856 4630 scri-

277 4677 412 4731 bens
460 4675 528 4729 ad
569 4672 844 4728 Ruinanos
873 4710 892 4738 ,
935 4671 1234 4727 fortissime
1287 4669 1530 4738 disputat
1560 4665 1736 4738 (Rom.
1779 4667 1855 4734 t);

275 4784 382 4840 qua
432 4769 582 4840 virga
613 4767 747 4822 nihil
782 4765 1066 4836 pulchrius
1099 4772 1208 4826 est,
1259 4772 1319 4816 ut
1366 4761 1548 4814 otnnis
1604 4771 1856 4815 creatura

278 4855 562 4926 :cqualitet‘
592 4865 816 4911 vocetur
845 4853 912 4908 ad
937 4851 1146 4906 cultum
1162 4851 1440 4908 Creatoris
1463 4850 1572 4906 sui.
1601 4849 1855 4904 Secunda

280 4959 490 5015 autem,
517 4949 567 5002 id
603 4959 686 5002 est
712 4946 892 5017 populi
928 4944 1274 5010 Iudaeorum,
1299 4942 1582 5013 appellata.
1601 4952 1685 4996 est
1711 4941 1860 4994 funi-

281 5043 437 5096 culus
467 5059 484 5095 :
513 5056 632 5110 quae
700 5049 821 5109 post
867 5037 1132 5092 olfensam
1188 5037 1434 5103 gentium
1466 5043 1696 5088 vocatur
1726 5047 1855 5101 pars

284 5133 520 5199 Domini,
552 5140 607 5186 et
635 5130 910 5186 funiculus
952 5127 1288 5184 haereditatis
1319 5126 1438 5194 ejus
1469 5125 1636 5181 Israel
1669 5125 1854 5196 (Deut.

283 5225 482 5295 xxxii).
515 5224 756 5292 Denique
779 5231 1067 5294 postquam
1104 5221 1157 5273 in
1198 5218 1477 5273 Abraham
1510 5226 1738 5273 vocatus
1769 5225 1856 5272 est

283 5315 470 5381 Israel,
500 5317 651 5371 ’dicit
682 5314 944 5372 Dominus
974 5331 990 5370 :
1036 5313 1160 5368 Tuli
1213 5314 1417 5383 virgam
1465 5328 1636 5366 meam
1667 5351 1682 5376 ,
1741 5326 1860 5380 qua:

283 5411 569 5465 vocabatur
595 5411 750 5464 decus
776 5425 796 5474 ;
821 5416 871 5463 et
905 5407 1106 5462 abscidi
1136 5423 1276 5471 eam,
1304 5417 1358 5459 ιιι
1389 5405 1602 5459 irritum
1628 5403 1856 5474 facerem

285 5505 454 5573 [rudus
486 5518 653 5556 meum
683 5502 821 5572 quod
866 5502 1104 5567 percussi
1135 5516 1257 5553 cum
1304 5499 1548 5552 omnibus
1612 5497 1855 5567 gentibus

1961 4498 2283 4550 misereatur
2333 4492 2499 4558 Dens,
2551 4505 2609 4546 et
2665 4491 2938 4546 modicum
2997 4492 3430 4556 interpretantur
3466 4485 3535 4538 ad

1955 4578 2415 4656 comparationem
2444 4584 2608 4639 totius
2633 4581 2993 4637 aeternitatis:
3028 4594 3125 4636 cur
3155 4589 3209 4633 et
3232 4578 3392 4633 nobis
3428 4591 3536 4630 non

1958 4675 2301 4740 concedunt,
2357 4675 2631 4730 modicum
2666 4675 2852 4728 dicere
2905 4683 3136 4740 tempus,
3196 4685 3304 4739 quo
3346 4676 3536 4739 gentes

1953 4781 2084 4825 sunt
2111 4768 2386 4823 derelicta:
2419 4805 2436 4832 ,
2461 4775 2521 4820 ut
2547 4766 2770 4836 abjectze
2803 4766 2858 4820 in
2894 4765 3092 4823 medio,
3121 4761 3312 4831 quain
3351 4758 3537 4813 adole-

1955 4861 2162 4918 scentis
2184 4876 2282 4916 sua
2316 4860 2410 4914 Dei
2453 4859 2670 4914 fuerant
2697 4859 2735 4922 ⁸,
2768 4869 2952 4928 postea
2979 4856 3033 4910 in
3059 4861 3340 4908 senectute
3375 4860 3534 4905 aeter-

1957 4969 2087 5008 nam
2123 4951 2556 5008 misericordiam
2586 4947 3038 5017 consequantur?
3073 4945 3380 4999 Praesertim
3408 4959 3532 5000 cum

1960 5045 2015 5099 in
2051 5044 2339 5101 vocatione
2364 5044 2626 5114 temporis
2657 5041 2845 5102 Israel,
2891 5051 3170 5106 nunquam
3216 5035 3438 5090 exclusa
3462 5035 3536 5090 sit

1961 5139 2119 5194 turba
2172 5138 2496 5207 gentilium;
2553 5137 2648 5190 sed
2705 5145 2920 5200 semper
2974 5129 3056 5184 eis
3095 5143 3192 5197 per
3227 5127 3536 5197 proselytos

1955 5233 2119 5302 janua
2161 5231 2398 5300 patuerit
2460 5225 2790 5287 revertendi,
2847 5231 2904 5276 ut
2966 5221 3110 5274 sicut
3159 5234 3257 5273 nos
3317 5219 3530 5273 illorum

1958 5323 2249 5376 vocatione
2280 5333 2577 5391 parumper
2611 5315 2860 5371 videmur
2895 5312 3125 5374 exclusi,
3188 5310 3268 5366 sic
3316 5309 3531 5362 illorum

1964 5412 2277 5467 exclusione
2309 5419 2567 5478 perpetua
2612 5406 2768 5460 nobis
2799 5406 2865 5458 ad
2905 5405 3074 5459 Deum
3100 5401 3306 5457 reditus
3339 5413 3535 5452 cancer

1965 5506 2143 5556 datur.
2175 5498 2496 5567 Perpetuam
2552 5508 2732 5552 antem
2777 5495 3141 5549 exclusionem
3197 5489 3452 5551 diximus,
3487 5485 3534 5541 si

356 5617 372 5649 ⁸
404 5615 572 5668 Paulo
631 5615 924 5681 impeditus
979 5613 1266 5670 verborum
1310 5613 1443 5668 ordo
1495 5611 1572 5665 sic
1634 5607 1850 5667 videtur
1912 5611 2322 5670 restituendus:
2388 5607 2456 5663 Ut
2513 5624 2630 5679 qua:
2677 5610 2732 5662 in
2779 5605 3136 5661 adolescentia
3169 5617 3267 5657 sua
3315 5599 3538 5667 abiecta

288 5687 339 5742 in
362 5687 530 5744 medio
567 5686 792 5740 fuerant.
