3856 6172
356 202 461 268 S33

1538 200 1599 259 S.
1644 195 1953 258 EUSEBll
1998 192 2434 255 BIERONYMI
3487 184 3580 254 ξω

348 331 455 370 non
488 312 697 381 egerint
716 311 1117 382 pmnitentiam.
1142 309 1392 379 Alioquin
1420 309 1618 363 Paulus
1640 313 1923 379 apostolus
1953 310 2003 369 Α
2030 309 2083 358 in
2111 308 2381 375 baptismo
2412 303 2732 361 Salvator'is.
2788 276 3095 373 congerens
3145 298 3386 367 exempla
3412 314 3579 367 quam-

348 407 480 460 dicit
510 423 525 461 :
566 404 837 461 Conclusit
875 405 1011 459 Deus
1043 404 1221 459 omnia
1269 403 1366 456 sub
1397 411 1630 471 peccato,
1657 412 1716 454 ut
1748 402 1916 454 omni-

349 499 446 552 bus
483 497 794 551 misereatur
819 496 997 566 (Rom.
1034 511 1115 560 ιι,
1144 495 1260 561 '52).
1289 493 1422 560 Quae
1453 509 1554 548 nos
1583 495 1650 548 de
1672 493 1918 548 Ecclesia

350 606 414 645 ex
451 600 685 656 utroque
722 591 918 657 populo
949 596 1272 656 congregata
1302 588 1649 656 interpretati
1691 601 1919 650 sumus;

352 686 405 728 et
427 674 599 729 ,Ιυάςεὶ
629 676 693 728 tle
725 673 1021 730 Jerusalem
1062 675 1335 743 accipiunt
1363 692 1376 728 :
1407 674 1499 743 qni
1528 675 1699 728 solam
1740 685 1924 743 tropo-

352 768 551 836 logiatn
602 776 924 833 sequuntur,
985 775 1040 820 ct

357 857 741 924 disputationis
768 870 1023 917 excursu,
1062 865 1349 911 nascentes
1400 854 1610 925 fugiunt
1674 858 1929 926 quaestio-

357 962 473 1007 nes,
499 948 565 1000 ad
596 945 1109 1000 animachfernnt
1161 947 1538 1012 peccatricem,
1567 962 1685 1015 quae
1715 949 1925 1018 abjccta

356 1054 386 1090 a
416 1037 525 1092 Do'o
553 1039 645 1097 sit,
677 1054 781 1090 non
818 1039 887 1092 ob
914 1038 1121 1098 odium,
1149 1042 1242 1091 sed
1267 1038 1838 1105 obdispensationetn,
1871 1049 1932 1095 ut

358 1131 619 1183 malorum
639 1145 824 1199 pressa
848 1132 1104 1199 pomlere,
1134 1140 1441 1184 revertatur
1463 1132 1529 1186 ad
1555 1133 1729 1186 virum
1766 1150 1926 1189 suum

1112 768 1163 820 in
1199 767 1331 820 locis
1364 765 1588 821 dillicilli
1612 767 1718 821 mis
1750 767 1931 821 libera:

2032 400 2283 470 plurima,
2314 411 2367 451 ιιι
2404 408 2489 452 est
2529 397 2659 450 illud
2696 413 2709 452 :
2754 396 3008 449 Dominus
3083 394 3337 447 diluvium
3389 394 3580 447 inhabi-

2039 503 2153 545 tare
2187 491 2319 560 facit
2376 488 2557 557 (Psal.
2607 487 2942 554 xxvm,10l.
2991 487 3060 540 Et
3110 486 3324 539 iterum:
3409 484 3584 541 Suavis

2040 584 2300 637 Dominus
2354 581 2791 652 exspectantibus
2853 597 2906 634 se
2934 582 2986 634 in
3017 578 3101 632 die
3132 577 3471 631 tribulationis
3497 596 3515 642 ;
3541 588 3585 633 et

2039 678 2207 729 sciens
2241 676 2486 727 timentes
2511 690 2588 736 se,
2624 675 2678 726 in
2702 671 2902 725 diluvio
2959 671 3163 724 itineris
3193 673 3586 724 consummatio-

2039 783 2156 820 nem
2184 765 2315 835 facit
2349 766 2609 836 (Na/tum.
2641 780 2683 828 ι,
2706 765 2758 827 7,
2802 780 2908 818 sec.
2940 760 3112 831 LXX)
3145 779 3160 815 :
3208 762 3349 832 quod
3401 762 3591 815 scilicet

2017 858 2291 923 universa
2320 865 2543 923 peccata
2596 857 2647 909 in
2684 854 2954 922 baptismo
3001 854 3286 918 deleverit,
3320 853 3498 906 dicens
3542 855 3587 905 in

2042 952 2149 1004 alio
2176 950 2294 1003 loco
2332 951 2487 1018 :Ego
2514 965 2651 1009 sum,
2681 964 2772 1016 ego
2800 962 2939 1010 sum,
2989 947 3081 1014 qui
3117 943 3264 998 deleo
3312 944 3591 1012 iniquitates

2043 1054 2161 1097 tuas
2187 1039 2327 1103 (lsa.
2369 1055 2520 1099 thtt.
2539 1038 2653 1107 23).
2693 1036 2885 1092 Omnes
2908 1038 3048 1091 cnim
3079 1035 3490 1094 declinaverunt,
3514 1036 3590 1087 si-

2045 1134 2155 1187 mul
2186 1132 2397 1186 inutiles
2426 1132 2556 1200 facti
2581 1140 2731 1184 erant
2767 1128 2942 1197 (Psal.
2971 1143 3092 1191 xm,
3117 1128 3198 1193 5).
3236 1125 3350 1180 Non
3381 1135 3494 1178 erat
3511 1124 3591 1193 qui

357 1220 670 1290 pristinum,
729 1231 783 1273 ct
814 1222 1019 1287 perdita
1042 1222 1372 1284 substantia,
1398 1223 1465 1275 de
1497 1226 1669 1292 patris
1695 1224 1934 1280 clemen-

361 1312 432 1365 lin
475 1326 580 1366 non
633 1314 885 1380 desperet
910 1311 1061 1381 (Luc.
1100 1313 1212 1382 xv).
1249 1314 1442 1368 Annon
1474 1327 1553 1371 est
1584 1318 1805 1386 grandis
1833 1319 1936 1371 mi-

362 1403 661 1457 sericordia
695 1418 983 1457 occurrere
1039 1403 1150 1458 lilio
1213 1407 1527 1471 revertenti,
1593 1410 1851 1464 annulum
1879 1421 1935 1467 et

366 1495 582 1559 stolam,
612 1494 965 1563 osculumque
993 1496 1298 1564 porrigere,
1352 1507 1403 1550 et
1432 1498 1696 1553 invidenti
1749 1502 1932 1567 fratri,

363 1583 519 1653 juxta
566 1584 792 1638 alterius
851 1584 1123 1651 parabolae
1179 1586 1635 1651 similitudinem.
1688 1593 1927 1649 dicere:

365 1674 582 1736 Amice,
620 1678 665 1728 si
694 1692 785 1745 ego
843 1675 1032 1741 bonus,
1088 1694 1256 1749 quare
1312 1680 1495 1734 oculus
1545 1690 1668 1736 tuus
1714 1699 1940 1755 nequam

370 1763 591 1834 (Matth.
615 1782 705 1827 xx.
748 1767 879 1835 ιδῃ

440 1854 621 1921 (Vers.
654 1859 708 1924 9,
744 1860 858 1931 l0.)
888 1879 906 1913 t
939 1862 1097 1919 Sicut
1137 1863 1193 1917 in
1224 1864 1420 1919 diebus
1446 1864 1560 1919 Noe
1612 1866 1753 1921 istnd
1808 1869 1939 1924 milii

370 1957 477 2013 est,
502 1951 587 2009 cui
612 1949 818 2017 juravi,
847 1969 914 2006 ne
943 1954 1252 2010 inducerem
1286 1970 1454 2025 aquas
1477 1956 1747 2012 Noenltra
1778 1976 1946 2029 super

373 2047 573 2095 terram
611 2058 627 2094 ;
661 2045 739 2097 sic
771 2042 971 2112 iuravi,
1008 2053 1193 2101 utnon
1221 2047 1430 2101 irascar
1458 2048 1582 2111 tibi,
1613 2060 1666 2104 et
1706 2065 1814 2105 non
1863 2054 1945 2106 in-

371 2143 586 2196 Crcpctn
627 2142 698 2186 te.
733 2130 946 2188 Montes
966 2135 1112 2190 enim
1140 2138 1650 2205 commovebuntur,
1692 2150 1749 2195 et
1775 2142 1947 2198 colles

374 2225 837 2281 contremiscunt:
867 2211 1238 2285 misericordia
1283 2238 1462 2285 autem
1501 2247 1615 2285 mea
1656 2250 1762 2288 non
1798 2251 1950 2291 recc-

376 2315 467 2368 det
489 2329 609 2378 atc,
637 2327 689 2369 et
722 2318 898 2373 foedus
926 2321 1076 2386 pacis
1124 2337 1256 2374 mea:
1301 2337 1406 2375 non
1441 2324 1764 2388 movebitur,
1812 2327 1951 2382 dixit

2044 1225 2249 1281 faceret
2277 1223 2730 1284 misericordiam,
2761 1234 2864 1274 nec
2895 1219 3181 1274 veritatem
3221 1256 3238 1282 ,
3283 1231 3456 1283 neque
3489 1225 3597 1271 erat

2047 1319 2276 1373 scientia
2301 1315 2391 1371 Dei
2419 1329 2582 1384 super
2597 1323 2817 1369 terram.
2839 1302 3148 1366 'Maledictio
3175 1319 3231 1364 et
3253 1307 3595 1371 mendacium,

2052 1417 2106 1463 et
2169 1408 2544 1472 homicidium,
2577 1416 2633 1462 et
2690 1406 3042 1467 adulterium,
3068 1413 3123 1457 et
3169 1402 3373 1457 furtum
3424 1409 3597 1454 cuncta

2053 1511 2475 1571 occupaverant,
2524 1511 2579 1554 et
2633 1499 2955 1567 sanguinem
2986 1496 3235 1564 sanguini
3269 1495 3599 1548 miscuerant.

2050 1595 2201 1652 Unde
2229 1594 2467 1662 loquitur
2496 1606 2589 1660 per
2628 1592 2944 1660 prophetam
2978 1605 2992 1643 :
3029 1586 3147 1641 Heu
3176 1584 3305 1639 mihi
3329 1584 3348 1636 !
3375 1585 3495 1651 quia
3525 1598 3602 1651 pe.

2051 1688 2141 1740 riit
2166 1695 2423 1740 reuertens
2454 1698 2486 1735 α
2510 1691 2675 1736 terra.
2716 1678 2838 1733 Non
2875 1691 2948 1733 est
3004 1680 3094 1749 qui
3125 1679 3293 1745 facint
3344 1686 3528 1727 rectum
3557 1678 3602 1726 in

2052 1778 2376 1836 hominibus.
2403 1790 2582 1829 omnes
2603 1775 2659 1826 in
2683 1773 2937 1842 sanguine
2961 1786 3072 1823 meo
3089 1769 3424 1837 judicantur.
3450 1763 3604 1818 Unus-

2054 1873 2270 1941 quisque
2300 1868 2599 1937 proximum
2627 1881 2778 1918 suum
2804 1861 3021 1915 tribulnt
3047 1858 3410 1918 tribulatione,
3468 1867 3512 1908 et
3541 1857 3602 1909 ad

2054 1963 2251 2017 malum
2274 1977 2461 2015 manus
2521 1976 2645 2014 suas
2695 1965 3001 2025 prwparmtt
3054 1952 3242 2023 (Miclt.
3284 1968 3376 2013 vti,
3431 1950 3485 2007 2.
3516 1964 3604 2001 sec.

2058 2052 2205 2109 LXX
2233 2054 2252 2121 )
2285 2069 2300 2111 :
2330 2060 2385 2108 et
2413 2059 2611 2106 caetera
2649 2050 2732 2102 bis
2763 2047 2985 2102 similia.
3017 2044 3056 2097 Ε
3083 2044 3284 2112 quibus
3310 2042 3435 2095 illud
3485 2051 3601 2094 est:

2057 2148 2225 2203 Nemo
2278 2144 2505 2198 mundus
2531 2141 2697 2213 επ.
2731 2158 2764 2194 a
2810 2140 2985 2198 sorde,
3039 2152 3130 2189 nec
3157 2136 3203 2188 si
3228 2135 3387 2187 unius
3423 2131 3609 2198 quidem

2057 2245 2160 2297 diei
2184 2241 2342 2310 fuerit
2368 2241 2474 2292 vita
2499 2236 2611 2303 ejus
2637 2250 2793 2301 super
2815 2244 3011 2283 terram
3038 2226 3155 2295 (Job
3188 2240 3300 2285 xtv,
3319 2224 3373 2286 4.
3393 2221 3612 2292 5).Uude

2062 2334 2351 2389 Dominum
2414 2330 2609 2383 fecisse
2661 2322 3065 2391 diluvium,qui
3116 2319 3273 2390 juxta
3331 2316 3609 2385 apostolum

376 2408 664 2465 miserator
687 2419 813 2466 tuus
845 2412 1122 2469 Dominus.
1155 2433 1173 2466 ι
1221 2413 1365 2469 LXX
1397 2431 1414 2470 :
1448 2440 1464 2465 ι
1497 2415 1582 2471 Ab
1636 2433 1774 2487 aqua
1830 2435 1951 2490 quas

375 2496 476 2553 fuit
504 2502 605 2555 sub
637 2499 748 2556 Noe
781 2504 881 2558 hoc
906 2503 1033 2559 mibi
1089 2517 1171 2561 est
1207 2522 1222 2562 :
1264 2507 1602 2578 sicutjuravi
1653 2511 1701 2564 ei
1731 2510 1785 2565 in
1812 2523 1953 2567 tem-

376 2604 512 2658 pore
546 2591 660 2659 illo,
689 2604 848 2649 terra:
885 2611 1223 2665 nequaquam
1269 2601 1409 2652 ultra
1451 2601 1613 2656 irasci
1663 2616 1826 2669 super
1879 2614 1949 2669 te,

376 2696 555 2751 neque
606 2683 660 2735 in
708 2685 1136 2743 coiitminationo
1191 2696 1284 2742 tua
1340 2699 1554 2746 montes
1607 2692 1904 2748 transferre
1935 2733 1952 2761 ,

380 2786 557 2842 neque
575 2774 748 2831 colles
774 2777 850 2829 tui
883 2778 1305 2836 transferentur.
1333 2779 1425 2835 Sic
1455 2796 1554 2836 nec
1584 2782 1954 2839 misericordis

2057 2428 2283 2484 Petrum
2339 2423 2556 2479 occisus
2605 2429 2691 2473 est
2740 2430 2927 2479 carne,
2969 2411 3274 2466 viviﬁcatus
3316 2407 3534 2478 spiritu:
3563 2411 3611 2458 ct

2060 2515 2378 2590 praedicavit
2410 2513 2695 2583 spiritibus
2728 2510 2780 2562 in
2805 2521 3028 2562 carcere
3051 2503 3390 2563 constitutis,
3419 2498 3611 2566 quando

2062 2611 2154 2666 Dei
2184 2608 2443 2680 patientia
2478 2601 2898 2674 exspectabatur
2922 2599 2973 2652 iu
2998 2596 3189 2652 diebus
3213 2593 3353 2656 Noe,
3379 2590 3611 2644 diluvium

2064 2702 2249 2771 impiis
2309 2697 2579 2754 inferens.
2645 2696 2703 2749 lu
2767 2692 2928 2761 cujus
2988 2689 3299 2756 exemplum
3350 2697 3482 2753 aqua
3530 2693 3615 2734 nos

2064 2794 2347 2858 mundat,
2380 2804 2486 2845 non
2550 2788 2745 2843 sordes
2808 2783 2995 2840 carnis
3023 2780 3277 2844 abluens,
3329 2778 3424 2831 sed
3483 2774 3617 2825 bonae

379 2877 500 2917 mea
525 2865 761 2929 deﬁciet,
780 2880 881 2921 nec
912 2876 1297 2924 testamentum
1328 2873 1478 2939 pacis
1493 2885 1628 2927 meae
1657 2872 1934 2928 auferetur

2063 2884 2412 2943 conscientia
2444 2879 2800 2946 interrogatio
2829 2877 2880 2930 in
2911 2874 3079 2930 Deum
3113 2870 3161 2939 (l
3202 2868 3356 2924 Petr.
3403 2883 3484 2929 ιιι,
3535 2861 3615 2918 l8-

377 2952 519 3010 dixit
552 2957 817 3026 propitius
843 2959 1007 3030 333
1026 2961 1101 3014 tui
1129 2959 1413 3018 Dominus.
1449 2982 1468 3014 ι
1494 2962 1566 3019 Ut
1593 2965 1782 3020 credat
1827 2981 1958 3021 san-
1985 2969 2033 3031 α
2065 2981 2182 3050 21).
2217 2979 2430 3034 Montes
2461 2985 2642 3029 autem
2660 2980 2722 3028 et
2743 2970 2908 3026 colles
2925 2968 3015 3037 qui
3035 2981 3142 3022 non
3170 2967 3616 3019 conititoveantnr,

380 3057 596 3102 ctorum
620 3053 967 3121 congregatio
981 3051 1410 3108 misericordiam
1440 3055 1650 3111 Domini
1672 3059 1937 3128 sempiter‘

2070 3080 2125 3129 et
2155 3073 2207 3126 iu
2237 3066 2617 3138 hujuscemodi
2650 3062 2857 3119 diluvio
2886 3059 3121 3131 permoti
3151 3057 3389 3116 fuerant,
3423 3056 3619 3106 sanctos

385 3152 537 3202 nant,
569 3150 620 3192 et
644 3138 844 3196 ideoad
869 3151 1223 3211 punctum,et
1243 3144 1407 3201 breve
1430 3162 1530 3201 nos
1549 3163 1673 3203 esse
1693 3153 1959 3215 desertos,
2070 3164 2189 3219 vnn
2229 3159 2473 3229 inielligi,
2502 3168 2724 3227 accepto
2771 3155 2972 3210 fcedere
3017 3150 3361 3220 sempiterno
3391 3163 3407 3199 :
3446 3141 3531 3211 qui
3571 3138 3618 3191 in

385 3239 448 3284 ut
495 3233 548 3328 in
584 3233 880 3289 amicitiam
922 3236 1038 3303 Dei,
1078 3250 1284 3293 aeterno
1320 3237 1524 3297 findere
1577 3242 1957 3314 jungereutur,
2073 3258 2255 3328 ντεοιιο
2282 3252 2486 3308 ἀίιυνῖο
2521 3251 2648 3303 mou
2704 3246 2945 3309 fuerant,
2997 3252 3052 3298 et
3103 3254 3258 3296 suam
3314 3236 3620 3305 reliqueram

385 3325 540 3393 ponit
564 3327 812 3396 exempla
847 3329 1133 3398 majorum,
1162 3333 1353 3389 dicens
1383 3352 1398 3390 :
1431 3334 1714 3400 Quumodo
1744 3338 1936 3393 nniver

2072 3325 2410 3405 lirmitatem.
2440 3345 2579 3398 Dicit
2614 3351 2849 3404 montes,
2880 3347 2936 3391 et
2980 3338 3276 3397 dtemones,
3310 3341 3366 3387 et
3392 3332 3623 3383 adversa-

386 3430 451 3471 so
483 3417 615 3472 orbe
647 3430 930 3487 peccante,
968 3438 1065 3491 pos
1089 3438 1249 3493 quam
1299 3428 1544 3494 corrupit
1583 3429 1765 3485 omnis
1819 3440 1937 3484 terr:

2076 3441 2187 3495 rias
2228 3445 2544 3509 potestates,
2573 3433 2665 3503 qui
2710 3431 2962 3485 viderunt
2986 3427 3126 3482 ﬁlias
3171 3423 3477 3483 hominum,
3496 3415 3621 3486 quod

387 3509 532 3561 viam
602 3509 857 3579 Domini,
903 3515 1182 3568 inductum
1233 3527 1318 3571 est
1370 3518 1681 3585 diluvium;
1733 3529 1788 3574 et
1838 3537 1937 3573 cnu

2074 3538 2259 3586 essent
2288 3528 2553 3599 pulchrae,
2593 3533 2647 3580 et
2671 3522 2873 3577 amoris
2885 3520 3071 3589 iaculo
3091 3515 3383 3580 vulnerati,
3406 3522 3627 3578 sumpse-

391 3600 705 3657 auctoribus
721 3604 933 3658 cunctis
954 3618 1301 3674 peccatorum
1327 3620 1520 3663 cuncta
1546 3622 1766 3680 peccata
1787 3613 1962 3667 deleta
2074 3633 2201 3678 mm
2230 3622 2332 3675 sibi
2357 3636 2550 3675 uxores
2569 3632 2637 3672 ex
2666 3615 2922 3671 omnibus
2953 3628 3090 3682 quas
3114 3612 3419 3679 elegerunt,
3444 3614 3496 3660 et
3518 3616 3623 3671 per—

389 3700 539 3756 sunt,
567 3702 623 3748 et
658 3694 711 3748 in
745 3709 854 3752 uno
876 3698 1096 3753 nomine
1118 3698 1231 3754 Noe
1253 3701 1550 3756 humanum
1580 3712 1852 3758 servatum
1881 3715 1968 3759 est
2076 3716 2332 3770 macrum
2362 3711 2730 3767 fortitudinem
2764 3709 3050 3778 pristinam
3086 3748 3101 3772 ,
3137 3712 3193 3757 et
3220 3711 3550 3769 nequaquam
3576 3695 3622 3744 in

391 3797 563 3852 genus
597 3787 716 3849 ,cui
756 3787 933 3858 iuravi
986 3806 1331 3862 nequaquam
1394 3797 1555 3849 terris
1600 3795 1963 3852 inducendum
2079 3807 2182 3859 hoc,
2212 3803 2417 3858 diluvio
2442 3811 2569 3856 sunt
2606 3800 2772 3854 futuri
2815 3797 2971 3869 (Gen.
3004 3798 3109 3864 vt).
3138 3794 3256 3849 lloc
3293 3791 3384 3845 ille
3428 3784 3622 3845 dixerit,

388 3897 517 3939 esse
545 3882 837 3948 diluvium,
893 3890 949 3938 et
986 3884 1208 3952 sponsio
1261 3901 1379 3941 mea
1435 3889 1713 3959 hucusque
1754 3902 1964 3945 servata
2078 3895 2232 3964 cujus
2255 3893 2693 3961 explanationem
2728 3888 2949 3944 lectoris
2972 3884 3199 3939 arbitrio
3232 3882 3563 3947 derelinquo.

388 3983 501 4041 est,
548 3988 646 4030 nec
678 3988 912 4044 unquam
947 3975 1100 4029 irrita
1149 3976 1240 4031 flet
1266 3976 1421 4048 (Gen.
1482 3994 1577 4033 vnt
1611 3991 1659 4032 et
1719 3980 1831 4051 tx):
1865 3984 1945 4037 sic
2152 3988 2328 4054 (Vcrs.
2357 3987 2442 4047 ll.
2480 3983 2590 4050 l2.)
2629 4000 2647 4033 t
2684 3977 3012 4049 Paupercula
3042 3967 3625 4043 tempestatecqnvulsa

390 4067 518 4137 juro
561 4067 820 4122 Ecclesiae
850 4081 1003 4133 meae,
1044 4083 1206 4137 quam
1262 4070 1391 4123 mihi
1455 4070 1656 4125 redemi
1703 4078 1969 4142 sanguine
2080 4082 2284 4148 absque
2317 4072 2692 4132 consolatione
2721 4071 2763 4124 ¹.
2794 4069 2935 4125 Ecce
2963 4082 3063 4137 ego
3090 4075 3332 4120 sternam
3375 4077 3469 4132 per
3494 4056 3625 4113 ordi—

397 4175 542 4223 meo,
564 4173 903 4228 nequaquam
926 4173 1014 4214 me
1042 4159 1240 4213 iratum
1270 4160 1388 4214 fore
1410 4160 1494 4215 bis
1522 4176 1750 4230 quorum
1779 4165 1969 4219 miser-
2082 4189 2204 4228 nem
2222 4170 2432 4239 lapides
2457 4177 2579 4222 tuos
2607 4183 2621 4219 :
2647 4176 2699 4220 et
2725 4164 2962 4218 fuudabo
2990 4172 3040 4216 te
3066 4178 3116 4214 ιιι
3142 4157 3411 4228 sappliiris
3438 4171 3454 4207 :
3478 4162 3527 4206 et
3547 4165 3627 4219 po-

398 4257 495 4303 tus
522 4265 666 4310 sum.
709 4264 806 4303 nec
836 4264 1006 4304 meam
1041 4249 1388 4304 clementiam
1417 4251 1524 4305 ulla
1580 4252 1970 4322 increpatiouis
2007 4322 2040 4332 ᾗ
2080 4279 2204 4317 nam
2240 4260 2506 4332 jaspidcm
2547 4256 2949 4328 propugnacula
2988 4264 3101 4317 tua,
3135 4259 3191 4305 et
3230 4261 3414 4318 portas
3444 4257 3553 4299 tuas
3582 4242 3626 4293 in

397 4340 598 4395 duritia
630 4341 1086 4394 commutandam.
1122 4339 1359 4396 Facilius
1407 4343 1551 4395 enim
1589 4354 1800 4399 montes
1858 4362 1974 4400 mo-
2003 4322 2051 4379 θ
2079 4322 2286 4423 lapides
2312 4322 2578 4419 sculptus,
2611 4322 2667 4401 et
2698 4322 2888 4401 omnes
2920 4346 3180 4397 terminos
3213 4353 3331 4395 tuos
3366 4341 3417 4393 in
3450 4332 3629 4404 lapides

396 4432 671 4487 vebuntnr
703 4440 758 4485 et
789 4430 980 4497 colles,
1013 4447 1175 4499 quam
1205 4448 1325 4488 mea
1353 4436 1622 4488 sententia
1668 4448 1973 4492 commnta-
2075 4444 2464 4502 desidembiles
2500 4456 2515 4495 ε
2566 4441 2855 4495 universos
2891 4438 3031 4492 lilios
3075 4446 3195 4490 tuos
3229 4436 3418 4488 doctos
3466 4445 3493 4482 a
3540 4426 3628 4478 Do-

396 4527 565 4581 bitur.
598 4524 753 4580 Juxta
781 4527 923 4594 quod
955 4541 1004 4578 et
1035 4522 1090 4578 in
1128 4523 1417 4594 Evangelio
1447 4524 1688 4595 loquitur
1728 4527 1937 4582 :Cwlut

2078 4536 2246 4600 mino,
2274 4543 2328 4587 et
2360 4530 2763 4586 multitudinem
2789 4530 2938 4596 pacis
2970 4526 3096 4579 ﬁliis
3122 4524 3247 4588 tuis,
3276 4532 3333 4577 et
3362 4523 3415 4573 in
3440 4516 3629 4587 justitia

396 4632 448 4675 et
472 4616 1119 4682 terratransibunt,verba
1151 4627 1327 4670 autem
1351 4633 1467 4672 mea
1492 4634 1593 4671 non
1627 4620 1970 4687 praeteribunt
2076 4626 2415 4682 fundaberis.
2458 4644 2477 4676 ι
2512 4623 2649 4677 LXX
2683 4638 2696 4675 :
2745 4639 2764 4672 ι
2802 4617 3035 4673 Humilis
3059 4624 3116 4672 et
3144 4614 3416 4668 instabilis
3446 4613 3631 4675 absque

400 4710 624 4781 (Hau/1.
652 4727 798 4775 xxiv,
839 4711 959 4778 55).
1004 4709 1129 4764 Ha‘c
1188 4719 1275 4764 est
1303 4722 1507 4775 autem,
1575 4710 1772 4780 inquit.
1806 4713 1937 4766 mise

2077 4717 2473 4773 consolatione.
2521 4715 2657 4768 Ecce
2701 4727 2800 4783 ego
2839 4724 3086 4781 pra-paro
3124 4708 3220 4763 tibi
3266 4702 3629 4763 carbunculum

400 4805 636 4859 ricordia
668 4818 810 4863 Inoa.
840 4812 898 4856 ιιι
927 4802 1104 4857 fcedus
1128 4802 1298 4871 pacis,
1335 4817 1441 4870 quo
1495 4803 1625 4855 mihi
1661 4803 1977 4857 reconcilia-
2079 4810 2314 4878 lapidein
2376 4818 2551 4873 tuum,
2601 4819 2656 4863 ct
2710 4807 3061 4859 fundamenta
3120 4809 3209 4854 tua
3266 4796 3570 4866 sapphirum
3615 4805 3630 4841 :

404 4908 491 4952 tus
516 4909 602 4951 est
630 4897 888 4962 mundus,
947 4910 1053 4949 non
1099 4896 1293 4949 merito
1319 4909 1505 4947 eorum
1531 4894 1733 4963 quibus
1793 4895 1976 4950 datum
2081 4908 2136 4950 et
2173 4911 2364 4966 ponam
2406 4895 2806 4964 propugnacula
2844 4903 2933 4947 tua
2966 4890 3190 4961 jaspiui,
3228 4901 3282 4943 et
3316 4895 3493 4957 portas
3530 4891 3632 4934 tuas

400 4998 509 5052 est,
535 4989 629 5044 sed
663 5004 783 5042 mea
806 4987 1099 5043 clementia
1130 4994 1505 5041 conservetur.
1532 4984 1694 5039 Juxta
1740 4985 1977 5056 S--ptua-
2081 4989 2290 5058 lapides
2336 4989 2595 5060 crystalli,
2640 4997 2694 5042 et
2745 5000 2929 5040 muros
2978 4995 3098 5039 tuos
3140 4981 3346 5050 lapides
3389 4979 3576 5034 electos
3616 4988 3631 5023 ε

405 5080 553 5145 ginta
583 5078 844 5134 confusus
866 5089 1176 5144 estsensus,
1204 5084 1259 5130 et
1284 5076 1363 5129 sic
1394 5078 1604 5130 turbata
1622 5089 1748 5131 sunt
1778 5079 1984 5145 omnia,
2081 5089 2140 5133 et
2160 5094 2350 5134 omnes
2376 5080 2516 5135 filios
2547 5089 2668 5135 tuos
2690 5079 2988 5147 discipulos
3012 5077 3131 5140 Dei,
3152 5085 3207 5132 et
3234 5076 3402 5129 multa
3428 5084 3524 5139 pax
3543 5064 3633 5121 erit

408 5179 470 5222 ut
500 5170 629 5253 quid
666 5171 881 5225 dicatur
919 5168 1135 5224 diliicile
1183 5168 1610 5239 possitliutelligi
1639 5188 1654 5223 :
1711 5185 1818 5223 non
1874 5184 1984 5239 quo
2086 5170 2212 5226 [iliis
2240 5172 2368 5238 tuis,
2397 5180 2451 5227 et
2479 5173 2532 5226 in
2557 5171 2769 5241 justitia
2800 5170 3181 5225 aedificaberis.
3217 5186 3235 5219 ι
3269 5166 3368 5223 Ubi
3399 5177 3494 5219 nos
3515 5159 3631 5215 dixi-

412 5260 650 5331 ignorem
678 5262 809 5330 quid
861 5262 915 5315 in
982 5264 1083 5314 boc
1114 5262 1352 5329 capitulo
1388 5263 1470 5316 vir
1525 5262 1986 5329 prudentissimus
2087 5277 2211 5319 mus
2236 5280 2252 5319 :
2276 5265 2530 5320 Sternam
2553 5281 2646 5336 per
2664 5266 2902 5318 ordinem
2926 5263 3130 5329 lapides
3150 5273 3285 5326 tuos,
3316 5262 3368 5315 in
3395 5253 3633 5313 ﬂebraico

413 5354 631 5419 dixerit,
666 5353 759 5409 sed
790 5369 899 5423 quo
923 5369 1026 5409 non
1068 5355 1368 5409 satisfaciat
1415 5354 1601 5408 animo
1644 5370 1780 5409 tneo.
1829 5354 1989 5409 Ponit
2096 5356 2357 5423 scriptum
2389 5365 2472 5412 est
2519 5371 2825 5412 BAPaniCﬂ
2860 5355 3062 5425 (113:),
3086 5355 3232 5424 quod
3260 5364 3442 5408 omnes
3465 5353 3636 5415 printer

412 5444 558 5499 enim
587 5445 984 5516 tropologicum
1050 5446 1344 5507 diluvium,
1394 5445 1538 5515 quod
1591 5443 1987 5513 interpretatur
2098 5444 2448 5518 Septuaginta
2499 5450 2750 5504 similiter
2806 5448 3202 5504 transutlerunt
3249 5464 3263 5499 :
3320 5445 3552 5499 Sternunt
3589 5435 3634 5484 in

489 5563 507 5594 ¹
545 5562 893 5617 Atnbrosiani
921 5564 1106 5631 codd.,
1140 5561 1593 5632 quemadmodum
1658 5561 1711 5617 in
1774 5561 1936 5618 llicro

458 5631 531 5686 Ila
592 5633 973 5686 consolatione.

2049 5563 2197 5619 iiana
2271 5565 2386 5634 ipsa
2425 5566 2675 5620 versione
2728 5576 2781 5621 et
2844 5565 3060 5635 Vulgat.
3117 5563 3424 5631 interprete.
3467 5556 3635 5620 ιιιιετιιιε

417 5648 531 5686 tuta
592 5648 973 5689 consotattone.
