3902 6182
240 232 338 297 Sil

800 234 1301 298 COMMENTAR.
1340 236 1423 295 lN
1465 234 1730 299 ISAIAM
1771 231 2235 296 PROPHETAM
2274 233 2422 296 LIB.
2463 232 2588 308 XV,
2627 233 2787 295 CAP.
2825 234 2975 295 LIV.

3399 234 3502 300 542

228 347 391 402 stibio
428 345 630 403 (auide:
662 354 781 400 tuos
822 345 876 400 in
911 346 1322 400 similitudinem
1356 356 1586 415 compta:
1627 345 1820 399 mulie-
1849 345 1898 403 Α
1926 342 2161 408 tallinas,
2213 342 2328 398 sive
2373 338 2726 429 anaglyphas,
2788 353 2843 399 et
2899 358 3110 398 murum
3163 341 3215 395 in
3272 342 3507 399 circuitu

234 442 330 499 ris,
365 454 487 504 alue
511 437 698 489 oculos
729 436 903 505 pingit
932 437 1116 497 stibio,
1154 445 1213 490 ut
1249 437 1708 505 pulchritudinem
1744 436 1818 487 si-

229 530 453 598 gniﬁcet
492 530 750 583 civitatis.
796 528 860 582 Et
895 528 986 582 ubi
1046 542 1144 581 nos
1188 528 1479 597 jaspidem,
1532 536 1820 591 sequentes

229 618 403 677 LXX.
428 619 684 682 diximus,
715 620 766 671 in
792 618 1059 672 Hebraicn
1081 618 1341 684 scriptum
1366 616 1528 670 habet
1547 631 1821 670 cuoncuoo

231 714 439 775 (ml,
465 713 606 779 quod
638 710 786 762 solus
813 708 1173 778 Symmachus
1196 707 1553 777 Xa).xr;6'ZVtov
1578 717 1821 759 trans'u-

229 805 316 858 lit.
370 802 475 855 Pro
518 800 774 871 crystallo
814 814 1029 868 qunque
1069 800 1123 852 in
1174 799 1329 868 cujus
1375 800 1495 852 loco
1535 798 1674 864 apud
1721 794 1823 848 lle-

230 897 412 950 brteos
438 909 572 949 1:an
608 893 803 974 (rapte)
840 891 1057 959 legitur,
1091 890 1450 961 Symmachus
1485 898 1537 940 ct
1571 887 1824 941 Theodo-

234 991 333 1045 tin,
358 984 664 1051 scalptnrte,
693 984 744 1035 id
769 994 871 1039 est.
900 981 1134 1050 γλυφῆς,
1168 980 1358 1048 Aquila
1392 981 1407 1010 ¹
1440 978 1822 1048 τρυπανιςμοῦ

235 1077 419 1144 posuit
478 1094 493 1129 :
555 1075 696 1144 quod
757 1074 981 1126 verbum
1040 1072 1339 1126 [oratorum
1400 1074 1825 1129 ctelatarumque

232 1183 577 1237 gemmarum
633 1164 795 1237 635
875 1181 1092 1220 sensum
1140 1175 1316 1220 sonat.
1391 1163 1466 1218 De
1513 1163 1825 1216 diversitate

236 1259 615 1313 translationis
639 1260 879 1312 diximus
915 1258 1238 1312 :veniamus
1267 1257 1332 1309 ad
1356 1270 1599 1311 sensum.
1632 1252 1823 1306 Adhuc

233 1352 480 1416 loquitur
505 1351 571 1404 ad
596 1350 915 1412 Ecclesium,
943 1349 1201 1403 humilem
1229 1348 1378 1415 prius
1405 1356 1569 1414 atque
1593 1361 1827 1415 pauper-

232 1442 443 1502 culam,
475 1457 597 1511 qua:
620 1457 724 1494 non
756 1441 988 1495 habebat
1023 1440 1242 1510 Legem,
1277 1454 1375 1493 nec
1406 1438 1697 1506 Prophtas,
1730 1451 1827 1490 nec

233 1548 546 1587 sermonem
601 1532 695 1587 Dei
760 1549 775 1586 :
836 1542 889 1588 et
943 1541 1265 1601 tempestate
1326 1532 1640 1585 convulsam
1707 1532 1828 1583 sive

235 1626 572 1691 instabilem,
604 1641 721 1694 qua:
747 1624 950 1678 multos
973 1625 1151 1677 δωρειιὶ
1195 1624 1443 1676 turbines
1461 1623 1823 1684 sustinuerat,

1923 437 2290 504 pretiosorum
2341 436 2628 503 lapidum;

2716 450 3018 505 omnesque
3071 434 3165 488 lilii
3220 437 3336 504 ejus
3396 453 3504 491 non

1924 528 2157 582 habeant
2182 528 2468 597 magistros
2492 528 2762 590 homines,
2797 527 2893 582 sed
2927 526 3118 585 Deum,
3153 533 3205 579 et
3236 527 3510 596 appellen-

1926 630 2014 675 tur
2039 619 2283 686 discipuli
2313 619 2400 672 Ι)ρὶ
2429 635 2444 687 ;
2469 627 2523 673 et
2553 618 2624 671 sit
2653 618 2706 671 in
2741 634 2800 672 ea
2828 633 2929 686 pax
2956 625 3236 688 perpetua.
3261 626 3311 670 et
3343 615 3509 668 aedili-

1924 710 2327 779 catiojustitite.
2359 711 2430 762 Ex
2459 723 2566 777 quo
2591 708 2935 776 perspicuum
2967 717 3071 773 est,
3097 709 3198 762 sub
3224 707 3515 762 occasione

1921 802 2165 872 iustitiae,
2221 801 2364 868 quod
2409 799 2628 852 virtutis
2671 807 2753 853 est
2803 815 3020 859 nomen,
3069 803 3231 853 etiam
3290 812 3514 851 caeteras

1926 895 2155 946 virtutes
2191 893 2243 945 in
2271 892 2683 946 :cdilicationem
2716 892 2974 946 Ecclesia?
3004 892 3201 946 debere
3234 907 3334 944 nos
3365 907 3515 959 qum-

1926 999 2067 1050 rere,
2146 997 2247 1036 nec
2281 980 2504 1037 Judaica
2542 981 2901 1036 deliramenta
2961 984 3180 1036 sectari.
3233 982 3516 1053 Exponam

1925 1076 2066 1127 enim
2104 1072 2229 1142 quid
2267 1073 2335 1125 sit
2370 1072 2501 1125 illud
2536 1074 2679 1141 quod
2714 1073 2765 1126 in
2804 1071 3113 1127 Proverbiis
3147 1074 3211 1126 de
3247 1072 3515 1138 Sapientia

1927 1167 2159 1219 dicitur:
2191 1164 2477 1217 Pretiosior
2499 1175 2572 1217 est
2606 1166 2806 1220 cunctis
2840 1165 3101 1233 lapidibus
3125 1166 3516 1235 pretiosissimis

1929 1254 2112 1326 (Prov.
2156 1271 2239 1318 tu,
2277 1255 2391 1313 25).
2433 1256 2491 1309 Si
2533 1257 2674 1308 enim
2710 1255 2964 1310 Christus
3003 1256 3095 1309 Dei
3132 1256 3302 1309 virtus
3336 1266 3389 1308 et
3427 1255 3515 1308 Dei

1926 1347 2190 1414 Sapientia
2218 1358 2301 1401 est
2333 1344 2384 1415 (I
2417 1347 2540 1400 Cor.
2571 1346 2634 1415 ι).
2667 1346 2888 1399 Slllllllm
2918 1358 3000 1400 est
3027 1346 3303 1400 Christum
3342 1347 3514 1399 insen-

1928 1423 2174 1491 sihilibus
2212 1437 2481 1504 lapidibus
2517 1436 2846 1504 comparari.
2886 1435 3240 1502 Rursumque
3280 1437 3344 1488 de
3374 1435 3516 1503 judi-

1927 1521 2029 1575 ciis
2064 1520 2153 1572 Dei
2186 1520 2416 1587 legimus
2449 1538 2463 1573 :
2503 1520 2717 1575 Iudicia
2750 1520 2960 1574 Domini
3013 1532 3174 1582 recta,
3218 1520 3521 1589 justiﬁeata

1928 1613 1982 1664 in
2026 1614 2325 1677 semetipsa,
2368 1612 2742 1665 desiderabilia
2776 1629 2932 1677 super
2969 1628 3160 1665 aurum
3199 1622 3247 1665 et
3294 1611 3521 1678 lapidem
3572 1616 3575 1627 '

232 1729 287 1770 et
331 1718 479 1773 inter
516 1717 695 1772 varios
734 1718 1000 1770 idolorum
1039 1715 1332 1771 llttctttabat
1374 1728 1592 1768 errores
1630 1731 1644 1766 :
1705 1727 1825 1778 qua:

1931 1704 2212 1768 pretiosum
2242 1703 2465 1756 multum
2493 1704 2659 1775 (Psnl.
2681 1720 2840 1761 xvut.
2864 1706 2948 1765 10,
2976 1703 3082 1773 ll).
3116 1704 3189 1757 Ex
3210 1720 3318 1773 quo
3346 1702 3518 1771 palatii

233 1812 448 1864 nullum
499 1811 686 1864 habuit
748 1810 1169 1874 consolatorem,
1230 1818 1283 1861 et
1351 1809 1551 1860 frustra
1605 1821 1819 1859 munem

236 1900 603 1951 substantiam
644 1914 796 1952 suam
843 1899 897 1951 iu
942 1896 1168 1951 medicis
1213 1896 1478 1965 perdidit;
1523 1896 1664 1966 quod
1714 1894 1826 1962 ipse

234 1990 439 2054 veniat,
480 1989 594 2056 ipse
627 1987 945 2050 descendat,
983 1996 1036 2040 et
1071 1986 1301 2040 mitiﬁcet
1340 1987 1392 2039 in
1431 1986 1590 2039 terris
1628 1983 1827 2037 coales-

233 2093 344 2134 tem
369 2080 694 2145 Jerusalem,
731 2097 848 2149 quae
876 2081 927 2134 iu
950 2077 1273 2150 Apocalypsi
1305 2080 1445 2143 (cap.
1482 2095 1596 2141 ut,
1629 2075 1826 2145 10-20)

237 2173 468 2228 Joannis
499 2184 723 2227 vocatur
746 2189 942 2241 sponsa
978 2183 1031 2225 et
1065 2188 1204 2225 uxor
1227 2171 1389 2240 Agui,
1416 2171 1625 2224 habens
1647 2169 1825 2223 lumen

244 2267 428 2323 simile
458 2267 653 2336 lapidis
684 2266 927 2336 pretiosi,
959 2267 1100 2319 sicut
1130 2265 1360 2333 jzispidis
1389 2273 1443 2317 et
1471 2262 1735 2333 crystalli,
1778 2270 1857 2346 et.

242 2374 462 2413 murum
493 2374 771 2428 magnum,
795 2367 848 2411 et
880 2367 1061 2424 portas
1093 2356 1375 2409 duodecim
1411 2355 1699 2421 inscriptas
1732 2367 1830 2406 no—

240 2447 490 2503 minibus
544 2447 780 2500 tribuum
839 2445 1023 2505 Israel,
1084 2459 1315 2515 quarum
1380 2453 1489 2497 tres
1548 2453 1706 2497 erant
1760 2444 1829 2498 ab

237 2538 484 2602 Oriente,
518 2547 572 2590 et
608 2547 719 2592 tres
755 2539 823 2590 ah
855 2537 1146 2605 Aquilone,
1177 2544 1231 2590 et
1263 2545 1374 2593 tres
1404 2535 1472 2591 ab
1501 2535 1722 2599 Austro,
1775 2545 1829 2590 et

240 2639 354 2683 tres
389 2631 459 2683 ab
518 2628 726 2685 Occasu
765 2630 937 2699 solis;
1004 2644 1301 2699 murusque
1340 2626 1509 2683 fultus
1541 2627 1827 2684 duodecim

241 2721 634 2784 [-indamentis,
669 2720 826 2791 cujus
862 2722 1043 2776 omnis
1078 2718 1369 2777 adiﬁcatio
1403 2735 1471 2777 ex
1506 2719 1686 2792 lapide
1711 2721 1831 2791 ias-

238 2812 385 2882 pide.
436 2819 493 2867 et
548 2811 759 2882 singula
815 2811 1168 2867 fundamenta
1227 2828 1507 2868 murorum
1556 2814 1831 2870 habebant

238 2905 489 2975 singulos
518 2905 745 2971 lapides,
782 2905 1015 2972 primmn
1046 2903 1336 2975 jaSpidem,
1369 2909 1666 2962 secundum
1700 2923 1827 2978 sap-

1926 1803 2007 1848 est
2055 1796 2209 1857 illud,
2278 1794 2510 1864 lapidem
2574 1797 2786 1851 caeteris
2850 1796 3122 1863 lapidibus
3183 1796 3517 1863 compararit

1930 1889 1996 1940 de
2020 1903 2124 1954 quo
2154 1902 2317 1954 supra
2347 1889 2397 1941 in
2430 1889 2531 1941 hoc
2555 1890 2741 1943 eodem
2772 1890 3045 1953 Propheta
3070 1903 3133 1942 ex
3168 1903 3395 1956 persona
3426 1887 3516 1939 Dei

1927 1980 2128 2033 dicitur
2156 1995 2172 2031 :
2210 1977 2340 2032 Ecce
2371 1980 2650 2033 immittam
2679 1982 2730 2033 in
2757 1981 3099 2050 fundamenta
3132 1980 3262 2035 Sion
3294 1979 3520 2043 lapidem

1928 2070 2270 2141 angularem,
2324 2070 2548 2139 lapidem
2605 2073 2826 2126 electum
2863 2124 2879 2148 ν
2945 2074 3266 2139 pretiosum,
3328 2083 3375 2124 et
3432 2072 3522 2140 qui

1930 2162 2210 2215 crediderit
2237 2164 2290 2217 in
2325 2179 2407 2227 eo,
2442 2180 2543 2216 non
2576 2163 2928 2231 confundetur
2962 2163 3103 2231 (lsa.
3150 2176 3342 2223 xxvttt.
3404 2163 3518 2228 lli).

1930 2256 2087 2311 llunc
2153 2258 2386 2328 lapidem
2457 2259 2885 2326 reprobaverunt
2948 2259 3282 2313 :rdiiicautes
3349 2257 3523 2329 (Psal.

1928 2348 2121 2415 cvvn),
2164 2348 2371 2403 Scriba:
2410 2350 2682 2413 videlicet,
2726 2362 2780 2404 et
2815 2351 3098 2413 Phariuci,
3136 2363 3189 2403 et
3246 2351 3524 2418 principes

1928 2438 2266 2502 Judteormn,
2301 2444 2391 2511 qui
2427 2441 2603 2496 factus
2638 2453 2716 2497 est
2750 2442 2805 2495 in
2864 2449 3026 2507 caput
3072 2442 3253 2511 anguli
3309 2441 3522 2508 (Matth.

1930 2532 2068 2600 ut).
2126 2532 2198 2585 De
2245 2547 2355 2602 quo
2399 2543 2452 2587 et
2500 2534 2781 2601 apostolus
2815 2532 3011 2587 Petrus
3048 2531 3337 2601 disputans
3371 2534 3443 2585 ait
3504 2550 3523 2589 :

1933 2623 2101 2678 Nobis
2140 2639 2261 2692 ergo
2294 2623 2462 2677 honor
2495 2624 2587 2693 qui
2620 2624 2886 2679 credimus
2926 2624 3175 2695 augulari
3207 2634 3256 2677 et
3293 2625 3524 2691 pretioso

1928 2722 2188 2786 eiectoque
2217 2716 2402 2784 lapidi.
2440 2715 2743 2770 lncredulis
2778 2727 2953 2771 autem
2987 2725 3063 2769 est
3095 2716 3232 2784 lapis
3269 2718 3525 2785 offensio-

1929 2812 2011 2865 nis
2039 2820 2090 2865 et
2119 2819 2269 2882 petra
2290 2810 2530 2866 scandali
2560 2810 2612 2882 (I
2644 2808 2789 2866 Petr.
2820 2826 2881 2878 tt,
2919 2812 2973 2878 '7,
2998 2812 3076 2881 8).
3109 2810 3210 2879 Qui
3245 2822 3300 2867 et
3331 2813 3383 2867 in
3417 2811 3526 2867 Ac-

1930 2904 2073 2958 tibus
2089 2903 2457 2974 apostolorum
2482 2902 2551 2955 ad
2576 2902 2856 2974 principes
2876 2904 3118 2973 loquitur
3138 2905 3481 2959 sacerdotum
3504 2920 3521 2958 :

241 2999 487 3065 phirum,
536 3001 755 3053 tertium
805 2998 1246 3066 chalcedonium,
1285 3012 1543 3068 quartum
1587 3016 1823 3072 srnarag-
1855 3030 1904 3093 ο
1933 2982 2048 3050 Iste
2074 3005 2151 3049 est
2180 2993 2315 3063 lapis
2342 2994 2557 3059 electus,
2592 2993 2877 3063 pretiosus,
2914 3010 3062 3062 quem
3098 3010 3184 3048 vos
3212 2995 3523 3064 despexirtis

240 3093 395 3157 dum,
452 3093 698 3160 quintum
754 3090 1117 3152 sardonicem,
1162 3102 1375 3148 sextum
1425 3093 1667 3147 sardium
1717 3090 1828 3166 [ΑΙ.

241 3180 575 3255 sardinam],
599 3183 886 3252 septimum
919 3183 1336 3254 chrysolithum,
1362 3196 1614 3239 octavum
1647 3185 1830 3255 beryl—

240 3277 378 3337 lum,
447 3289 648 3327 nonum
706 3274 1003 3340 lepazium,
1062 3274 1333 3329 decimum
1393 3276 1828 3346 chrysoprasum,

239 3365 589 3420 undecimum
616 3365 993 3437 hyacinthum,
1027 3366 1404 3420 duodecimum
1440 3366 1827 3431 amcthystum,

238 3456 387 3517 quod
450 3455 707 3524 legentes,
764 3455 1134 3509 exclamamits
1188 3453 1358 3517 illud,
1414 3467 1467 3507 et
1513 3457 1757 3509 dicimus
1813 3471 1830 3509 :

240 3544 285 3598 0
309 3546 631 3614 profundum
661 3548 935 3612 sapientia:
963 3556 1010 3598 ct
1031 3547 1263 3599 scientia:
1297 3546 1409 3607 Dei,
1434 3563 1588 3614 quam
1620 3548 1828 3619 inseru-

241 3637 430 3689 tnbilia
458 3637 665 3704 judicia
696 3638 828 3706 ejus,
868 3649 913 3690 et
950 3636 1331 3701 inrestigabiles
1362 3638 1459 3691 via?
1492 3639 1606 3707 ejus
1624 3639 1645 3691 .'
1700 3637 1830 3704 Quis

237 3732 378 3781 enim
412 3730 646 3798 cognovit
686 3745 891 3783 sensum
932 3729 1166 3792 Domini,
1205 3740 1295 3783 aut
1335 3732 1453 3799 quis
1489 3734 1827 3786 consiliarius

239 3822 357 3885 ejus
400 3823 499 3890 fuit
539 3819 715 3890 (Rom.
756 3837 831 3886 XI,
869 3822 961 3884 33,
997 3822 1082 3889 54)
1110 3823 1134 3875 ?
1166 3822 1226 3875 Et
1259 3823 1452 3876 iterum
1499 3842 1513 3877 :
1553 3823 1684 3889 Quis
1735 3841 1827 3877 sa-

239 3915 411 3978 piens,
448 3921 493 3965 et
535 3912 785 3982 intelliget
820 3914 929 3968 haec
965 3929 985 3968 :
1022 3914 1342 3985 intelligens,
1377 3925 1427 3968 et
1460 3925 1732 3986 cognoscet
1764 3933 1826 3969 ea

249 4003 407 4064 (Osee
438 4020 545 4069 xlv,
580 4004 705 4074 10)?
733 4003 1119 4071 Respondeatit
1148 4015 1417 4061 amatores
1442 4016 1649 4061 tantum
1676 4007 1826 4062 occi-

248 4095 425 4146 dentis
468 4094 676 4155 litterze,
734 4107 788 4150 et
840 4098 891 4149 in
941 4097 1087 4150 mille
1127 4097 1286 4150 annis
1328 4098 1627 4165 exquisitos
1676 4099 1829 4153 cibos

249 4186 383 4251 gulae
411 4200 474 4238 ac
508 4185 733 4240 luxnria!
765 4197 1153 4256 przeparantes,
1189 4204 1415 4259 quorum
1471 4189 1607 4243 Deus
1650 4202 1827 4243 uenter

249 4288 341 4340 est,
358 4290 405 4330 et
435 4276 604 4345 gloria
634 4280 689 4331 in
722 4280 1027 4348 confusione
1067 4295 1250 4334 eorum
1301 4279 1556 4352 (Philipp.
1591 4297 1672 4347 tu,
1701 4283 1825 4352 18);

1932 3083 2266 3154 reprobantes
2295 3082 2434 3151 (Act.
2466 3096 2543 3144 tv,
2571 3081 2660 3153 l8)
2687 3101 2702 3149 ;
2734 3084 2825 3152 qui
2856 3081 3033 3137 factus
3055 3093 3136 3137 est
3163 3086 3215 3137 in
3242 3093 3404 3152 caput
3430 3100 3525 3137 au-

1932 3176 2064 3244 gnli,
2102 3185 2157 3228 et
2190 3176 2327 3228 duos
2368 3176 2595 3242 populos
2627 3176 2891 3237 continet,
2925 3177 3169 3245 gentium
3220 3185 3273 3228 et
3322 3176 3522 3238 Israel;

1931 3269 2022 3334 qui
2059 3267 2348 3320 tedilicavit
2381 3267 2682 3330 civitatem,
2719 3268 2876 3336 cujus
2913 3269 3108 3322 artifex
3165 3278 3218 3321 et.
3274 3283 3375 3322 cmi
3403 3270 3526 3322 litor

1931 3358 2073 3411 Deus
2106 3368 2190 3412 est
2221 3376 2235 3411 :
2269 3360 2336 3411 de
2365 3374 2467 3428 qua
2503 3368 2558 3414 et
2592 3360 2882 3429 Apostolus
2923 3363 3111 3414 scribit
3162 3361 3454 3415 Corinthiis
3504 3378 3521 3415 :

1929 3450 2026 3504 Dei
2062 3450 2346 3519 mdiﬁcatio
2375 3450 2519 3505 estis.
2557 3450 2619 3503 Et
2669 3469 2683 3506 :
2739 3451 2906 3517 Quasi
2956 3453 3268 3507 architectus
3313 3458 3526 3523 sapiens

1927 3542 2331 3610 fundamentum
2354 3543 2526 3609 posui,
2554 3543 2692 3597 alius
2716 3545 3126 3612 superwdiﬁcat.
3156 3543 3523 3616 Unusquisque

1927 3645 2103 3687 autem
2139 3633 2310 3688 videat
2342 3637 2597 3702 quomodo
2631 3637 2869 3704 tt'di/icct.
2916 3635 3339 3691 Fundamentum
3384 3641 3523 3692 enim

1931 3725 2079 3780 aliud
2100 3742 2252 3778 nemo
2280 3736 2445 3791 potest
2473 3743 2663 3795 ponere
2690 3739 2882 3794 pra'ter
2912 3746 3029 3781 eum
3065 3730 3154 3799 qui
3184 3731 3383 3798 positus
3424 3742 3521 3795 est,

1926 3813 2111 3870 Iesum
2130 3816 2395 3871 Christum
2421 3816 2472 3886 (I
2492 3803 2616 3873 Cor.
2638 3834 2717 3883 ιιι,
2738 3818 2791 3884 9,
2823 3819 2930 3888 10).
2952 3821 3006 3872 Si
3028 3823 3146 3889 quis
3166 3830 3343 3873 autem
3364 3836 3525 3889 super

1930 3906 2340 3961 fundamentum
2366 3909 2469 3962 hoc
2500 3908 2734 3962 aediﬁcat
2765 3925 2985 3971 aurum,
3016 3921 3069 3964 et
3092 3910 3297 3979 lapides
3322 3912 3525 3977 pretiu-

1929 4014 2040 4063 sos,
2094 4001 2263 4069 ligna,
2308 3999 2514 4064 fenum,
2561 4002 2814 4070 stipulam
2861 4021 2876 4056 :
2922 4004 3345 4074 ttltittSCttjusqttc
3388 4020 3523 4073 opus

1931 4091 2276 4146 manifestum
2313 4093 2436 4145 erit.
2477 4091 2551 4147 De
2584 4096 2683 4148 hoc
2726 4093 3077 4148 fundamento
3110 4107 3161 4147 et
3198 4097 3248 4148 iu
3285 4095 3520 4165 Epistula

1926 4183 2092 4237 altera
2116 4184 2384 4253 loquitur:
2406 4183 2686 4251 didi/icui
2706 4202 2861 4255 super
2881 4187 3286 4255 fundamentum
3310 4200 3522 4256 aposto-

1932 4276 2104 4328 lorum
2169 4284 2218 4328 et
2267 4278 2663 4345 prophetarum,
2719 4280 2829 4347 ipso
2877 4280 3127 4347 angulari
3183 4281 3359 4348 lapide
3395 4279 3524 4334 Jesu

248 4368 334 4433 qui
368 4377 490 4436 post
512 4375 805 4422 secundum
844 4371 896 4422 iu
931 4371 1109 4438 gloria
1151 4371 1462 4424 Salvator-is
1510 4372 1823 4436 adventum,

1933 4366 2143 4421 Christo
2174 4365 2390 4433 (Ep/tes.
2424 4384 2482 4429 ιι,
2502 4369 2634 4437 20);
2673 4379 2726 4421 et
2757 4369 2953 4424 iterum
2992 4388 3009 4425 :
3043 4370 3108 4424 In
3132 4372 3319 4437 quibus
3345 4389 3522 4426 omnes

248 4468 468 4525 sperant
506 4460 740 4527 nuptias,
778 4470 831 4514 et
866 4464 1125 4528 parvulos
1159 4475 1378 4516 centum
1432 4479 1723 4527 annorum,
1771 4476 1826 4521 et

247 4550 679 4605 rircnutcisionis
712 4552 989 4620 injuriatn,
1021 4565 1075 4607 ct
1115 4555 1454 4609 victimarum
1485 4559 1822 4626 sanguinem,

248 4653 297 4692 et
328 4650 644 4711 perpetuum
681 4639 978 4695 Sabbatum
1014 4658 1029 4696 :
1062 4643 1151 4709 qui
1181 4642 1371 4695 dicunt
1400 4658 1520 4711 cum
1556 4643 1717 4697 Israel
1771 4643 1826 4695 in

246 4746 557 4799 perversum
596 4733 811 4786 modum
850 4749 865 4786 :
906 4730 1289 4787 Manducemus
1327 4743 1375 4787 et
1411 4733 1673 4797 bibamus,
1710 4748 1830 4786 cras

245 4828 375 4877 enim
402 4824 906 4894 regnabimus’tlsa
939 4840 1075 4887 χχιι,
1100 4826 1190 4892 15)
1215 4837 1239 4891 ';
1272 4841 1390 4891 uitae
1420 4826 1491 4879 sit
1518 4825 1619 4879 ista
1665 4825 1832 4879 coele-

244 4918 341 4969 stis
370 4915 694 4979 Jerusalem,
724 4917 808 4969 cui
843 4933 983 4971 nunc
1005 4918 1036 4970 d
1060 4920 1200 4969 citur
1244 4933 1260 4971 :
1299 4915 1430 4987 Ecce
1459 4931 1551 4978 eqo
1599 4925 1831 4968 sternam

243 5022 331 5072 per
355 5007 596 5060 ordinem
627 5002 826 5074 lapides
861 5017 997 5075 tuos,
1030 5010 1144 5061 sive
1172 5011 1324 5075 juxta
1354 5006 1496 5060 LXX
1535 5024 1550 5061 :
1589 5006 1719 5061 Ecce
1738 5022 1831 5077 ego

245 5112 480 5164 pra-paro
517 5096 626 5169 [ΑΙ.
662 5099 996 5170 pra'parabo]
1036 5100 1128 5152 tibi
1164 5099 1570 5159 carbunculum,
1603 5099 1831 5166 lapidem

251 5198 390 5240 tuam
427 5225 443 5250 ,
531 5198 587 5242 ut
649 5199 760 5241 tota
809 5192 1001 5244 civitas
1050 5193 1123 5245 sit
1160 5190 1319 5258 plena
1370 5190 1739 5252 carbunculis,
1779 5198 1834 5242 et

255 5279 449 5332 habent
504 5276 853 5333 fundamenta
920 5281 1256 5350 εςψρὶιὶιὶιηι,
1319 5290 1372 5334 ιιι
1427 5283 1833 5353 propugnacula

247 5357 536 5439 iaspidem,
568 5372 683 5425 sive
711 5373 1149 5436 chalcedonium,
1182 5386 1233 5427 et
1266 5374 1433 5444 636
1463 5384 1648 5442 portas
1677 5389 1835 5444 cryso

323 5508 554 5564 ‘Vitiose
578 5508 827 5563 Martian.
844 5511 1210 5578 aliiqueediti,
1229 5510 1671 5579 τρππτανισμοῦ.
1700 5526 1838 5578 quos

261 5580 561 5649 rectissime
587 5582 818 5643 castigat
843 5582 1187 5635 Ambrosian.
1217 5584 1510 5649 ptwlet‘ctts
1536 5583 1837 5636 iniciahbus

261 5646 450 5705 litteris
480 5647 1010 5715 TPI'IIANICMOI‘,
1047 5652 1188 5717 quod
1218 5646 1325 5715 est,
1371 5650 1660 5706 rwlaturte.

1931 4457 2277 4526 wdiﬁcamini
2310 4456 2511 4525 lapides
2539 4459 2755 4511 virentes
2785 4459 2839 4513 in
2871 4461 3223 4514 sacerdotium
3253 4474 3522 4523 sanctum,

1930 4552 2117 4618 offerre
2146 4549 2445 4617 spirituales
2467 4548 2704 4603 victimas
2733 4548 2783 4619 (Ι
2817 4549 2961 4608 l’clr.
2996 4565 3059 4613 Il,
3093 4553 3166 4619 5).
3195 4552 3268 4605 De
3289 4552 3372 4604 his
3397 4552 3525 4619 lupi-

1932 4644 2089 4695 dibus
2149 4642 2372 4710 mystice
2429 4641 2629 4694 dicitur
2684 4657 2697 4696 :
2748 4641 2969 4710 Lapides
3020 4645 3194 4695 sancti
3241 4642 3524 4696 volvuntur

1931 4748 2087 4802 ,αρετ-
2113 4741 2311 4786 terram
2341 4729 2591 4799 (Zachar.
2627 4748 2704 4795 ιιι,
2736 4732 2845 4795 16).
2867 4733 3029 4803 63']
3067 4736 3263 4800 quibus
3290 4733 3523 4786 :edilicat

1932 4825 2184 4880 Christus
2215 4826 2509 4878 Ecclesium
2540 4840 2701 4893 super
2726 4830 3160 4894 petraiu,dicens
3186 4828 3237 4877 in
3272 4826 3518 4894 Esauge-

1934 4915 2010 4970 lio
2041 4934 2055 4968 :
2091 4915 2261 4983 Super
2289 4920 2424 4968 hanc
2448 4926 2651 4985 petram
2701 4916 2975 4986 wdi/icabo
3017 4914 3308 4968 Ecclesium
3348 4931 3518 4967 meam

1939 5007 2158 5077 (.llatth.
2193 5023 2306 5072 xw,
2340 5007 2451 5078 i8).
2482 5009 2652 5073 Quam
2681 5009 2955 5061 civitatem
2987 5011 3079 5075 qui
3134 5008 3392 5059 meruerit
3440 5008 3522 5059 in-

1939 5111 2104 5165 trare,
2146 5104 2388 5169 gaudens
2418 5102 2657 5167 loquitur
2681 5099 2910 5151 Domino
2943 5115 2956 5151 :
2994 5098 3142 5152 Sicut
3195 5098 3518 5164 audivimus,

1937 5195 2015 5246 ita
2054 5195 2280 5246 vidimus
2314 5195 2366 5245 in
2401 5194 2611 5246 civitate
2649 5192 2859 5245 Domini
2899 5194 3171 5253 virtutum,
3208 5192 3263 5246 in
3312 5193 3520 5246 civitate

1939 5287 2035 5340 Dei
2075 5288 2242 5340 nostri
2275 5304 2294 5342 .'
2332 5285 2471 5340 Deus
2505 5286 2740 5349 fundarit
2773 5302 2887 5337 eam
2940 5288 2992 5339 in
3041 5298 3293 5339 a’ternum
3340 5286 3517 5358 (Psal.

1940 5395 2110 5441 xcvu,
2133 5379 2209 5449 9).
2239 5377 2413 5446 Super
2443 5377 2722 5432 conditore
2748 5376 2911 5444 hujus
2933 5377 3188 5444 civitatis,
3223 5388 3275 5432 et
3307 5379 3362 5431 in
3410 5379 3517 5431 alio

2011 5509 2032 5541 ³
2067 5509 2212 5563 ldent
2247 5506 2624 5574 Ambrosiam,
2661 5510 2970 5563 moriemur.
3006 5507 3233 5565 Leviora
3270 5509 3520 5578 quadam

1942 5581 2080 5636 inira
2099 5581 2471 5633 emendainus.
