3902 6182
288 381 399 444 545

857 375 1352 439 COMMENTAR.
1405 376 1477 434 [Ν
1519 374 1776 434 ISAIAM
1825 373 1879 431 Pl

1984 364 2469 432 PllE’l‘AM'LlB.
2510 365 2633 438 XV,
2670 361 2826 427 CAP.
2862 362 3009 423 LIV.

3431 355 3539 422 546

285 502 442 550 tuum
469 488 683 554 similis,
702 500 758 543 et
779 489 1080 543 elemeuter
1113 486 1127 516 ¹
1155 487 1309 555 quasi
1333 487 1506 540 mixto
1525 499 1718 539 cruore
1743 484 1874 538 sub-
1902 491 1942 544 Α
1975 484 2172 544 mines,
2234 481 2327 535 sed
2388 479 2568 532 Dcuttr
2607 477 2820 537 timeas,
2883 474 3070 528 dicens
3129 486 3255 526 cum
3308 470 3491 542 Moyse
3525 488 3541 526 :

291 580 549 636 rutilans.
603 577 715 631 Hoc
737 577 972 631 diximus
996 586 1056 630 ut
1079 575 1365 630 universas
1391 575 1590 644 gratias
1612 573 1875 643 spiritua-

283 673 371 728 les
406 675 456 727 itt
493 670 750 724 Ecclesiae
796 668 1218 739 propugnaculis
1269 681 1694 736 cognoscamus;
1739 681 1873 734 quas

284 765 383 832 qui
423 761 695 826 habuerit,
749 773 918 813 vanos
963 760 1186 812 timores
1224 757 1394 828 fugat,
1441 769 1495 811 et
1528 766 1703 824 potest
1746 771 1871 810 cum

284 869 484 923 sponsa
514 854 696 907 dicere
731 868 746 908 :
774 850 1075 904 Fratruelis
1091 867 1234 904 meus
1254 850 1514 904 candidus
1545 861 1592 904 et
1623 851 1872 903 rubicun-

283 945 388 998 dus
415 944 598 1012 (Cant.
623 959 678 1005 v,
708 943 817 1012 10).
844 943 1020 996 Ροτιω
1045 952 1225 996 autent
1254 942 1411 996 istius
1440 941 1679 996 civitatis
1704 945 1771 994 de
1793 941 1873 994 la~

284 1041 414 1108 ptde
440 1047 570 1091 sunt
597 1035 873 1106 crystallo,
903 1035 993 1104 qui
1023 1035 1290 1101 scalpitur
1315 1034 1483 1088 variis
1522 1034 1720 1098 modis,
1765 1047 1873 1101 quo

285 1129 469 1198 lapide
506 1127 645 1181 nihil
705 1129 892 1196 purius
933 1134 1036 1180 est.
1081 1124 1324 1192 Denique
1375 1123 1874 1180 vehementissimis

283 1221 502 1287 Alpium
557 1216 866 1288 frigoribus,
897 1227 950 1270 et
980 1215 1276 1270 inaccessis
1297 1214 1397 1268 soli
1424 1214 1718 1284 speluncis,
1746 1227 1876 1266 con-

282 1321 537 1362 crescere
563 1321 717 1376 aquae
744 1307 999 1360 dicuntur
1023 1305 1422 1374 invcrystallum
1451 1341 1466 1366 ,
1496 1315 1550 1358 et
1586 1313 1730 1358 tactu
1757 1304 1876 1373 qui-

282 1402 408 1454 dem
447 1399 705 1468 lapidcm,
743 1399 863 1452 visu
897 1412 1092 1468 aquam
1119 1414 1261 1453 esse.
1296 1397 1400 1452 Per
1427 1412 1587 1465 quem
1631 1397 1874 1452 ostendi.

286 1503 394 1556 tur,
427 1507 524 1546 eos
551 1492 646 1561 qui
677 1491 732 1545 in
763 1491 968 1546 foribus
1000 1490 1257 1545 Ecclesia:
1292 1500 1441 1554 sunt,
1485 1491 1629 1543 nulla
1677 1490 1876 1544 debere

281 1589 451 1638 sorde
475 1584 760 1648 maculari,
789 1584 885 1638 sed
923 1584 1045 1638 fidei
1073 1599 1194 1638 esse
1219 1584 1547 1652 purissimae,
1597 1592 1653 1636 et
1695 1582 1876 1637 dicere

281 1691 412 1730 cum
452 1673 726 1744 Proliheta
803 1690 817 1731 :
876 1675 920 1728 Α
969 1675 1233 1728 mandatis
1275 1676 1381 1728 tuis
1423 1672 1658 1728 intellexi
1701 1672 1873 1743 (l’sal.

282 1781 477 1830 cxvnt,
536 1765 684 1838 104).
719 1765 785 1820 Et
817 1766 949 1820 illud
975 1767 1189 1835 audire,
1217 1765 1370 1821 Beati
1419 1771 1612 1824 mundo
1660 1771 1813 1825 corde
1856 1806 1874 1832 ,

1979 573 2223 628 Tremens
2262 588 2376 626 sum
2408 586 2501 639 ego
2535 579 2585 622 et
2622 568 2962 620 meticulosus
2995 565 3181 637 (Deut.
3219 579 3297 628 ιι,
3333 563 3458 631 19);
3495 575 3550 619 et

1975 684 2098 722 cum
2125 682 2230 720 nuo
2261 666 2558 718 amicorum
2584 661 2684 716 Job
2719 677 2732 715 :
2770 658 2979 712 Horror
2999 667 3048 711 et
3077 667 3274 710 tremor
3298 668 3549 709 venerunt

1974 775 2132 826 super
2167 775 2246 811 me
2278 796 2294 820 .
2338 769 2384 810 et
2417 755 2639 808 multum
2669 767 2780 806 mea
2823 768 2945 805 ossa
2985 750 3248 804 concussit
3280 748 3418 820 (Job.
3472 765 3549 814 tv,

1977 852 2099 919 ll);
2126 859 2180 904 et
2211 865 2334 903 cum
2369 849 2632 916 propheta
2668 861 2681 899 :
2723 845 2764 898 Α
2789 861 2905 898 voce
2938 845 3194 897 orationis
3227 859 3355 897 mea?
3385 846 3552 897 intra-

1975 945 2045 996 vit
2081 953 2276 995 tremor
2307 943 2361 992 in
2386 955 2504 992 ossa
2534 956 2648 991 mea
2676 937 2898 1005 (Jerem.
2927 951 3083 998 χχιιι,
3118 936 3172 1005 9)
3200 951 3215 1000 ;
3255 947 3307 991 et
3339 973 3356 999 ,
3382 935 3550 1004 Super

1974 1051 2127 1104 quem
2177 1032 2435 1086 Dominus
2491 1031 2790 1099 requiescit,
2846 1029 2949 1081 nisi
2984 1041 3156 1095 .super
3210 1025 3462 1080 humilem
3499 1035 3549 1078 et

1975 1129 2226 1198 quietum,
2243 1136 2289 1180 et
2309 1134 2609 1178 trementem
2630 1123 2786 1176 verba
2807 1121 2919 1189 ejus
2939 1119 3073 1190 (Isa.
3095 1135 3238 1185 va1,
3262 1118 3356 1186 2)?
3381 1119 3485 1172 Por
3515 1132 3548 1170 ο

1976 1221 2113 1275 alius
2153 1229 2236 1272 est
2276 1221 2566 1287 impiorum
2619 1225 2841 1278 tremor,
2880 1213 2972 1283 qui
3005 1227 3069 1264 es
3098 1221 3242 1266 metu
3282 1211 3547 1279 supplicii
3608 1206 3622 1214 ’

1976 1310 2242 1364 nascitur.
2275 1307 2352 1363 De
2373 1324 2478 1377 quo
2503 1307 2767 1376 scriptum
2794 1315 2877 1359 est
2905 1323 2919 1358 :
2964 1301 3180 1358 Tremor
3207 1303 3550 1370 apprehendit

1975 1405 2162 1470 impios
2197 1400 2370 1469 (Psal.
2402 1415 2564 1466 xum,
2598 1400 2674 1469 7).

2049 1493 2232 1564 (Vers.
2277 1493 2388 1563 15.)
2429 1510 2446 1544 ο
2473 1493 2610 1546 Ecce
2665 1491 2848 1544 accola
2895 1490 3096 1549 veniet,
3151 1486 3242 1556 qui
3285 1502 3390 1542 non
3433 1495 3553 1540 erat

1976 1598 2228 1638 mecum:
2287 1585 2495 1637 advena
2530 1583 2806 1652 quondam
2858 1591 2979 1634 tuus
3028 1579 3354 1648 adjungetur
3398 1578 3547 1632 tibi.)

1977 1673 2118 1728 LXX
2157 1691 2171 1730 :
2210 1692 2228 1725 ι
2258 1673 2393 1728 Ecce
2426 1673 2685 1745 proselyti
2724 1674 2992 1726 accedent
3022 1672 3088 1724 ad
3141 1680 3189 1724 te
3222 1684 3316 1737 per
3355 1684 3463 1732 me,
3499 1678 3556 1723 et

1978 1766 2157 1820 coloni
2184 1776 2344 1820 erunt
2376 1766 2476 1830 tui,
2505 1775 2560 1820 et
2591 1766 2658 1818 ad
2687 1774 2740 1818 te
2765 1763 3112 1832 confugient.
3143 1780 3165 1814 ι
3203 1761 3268 1815 Ει
3300 1761 3411 1814 haec
3453 1758 3554 1813 Ju-

283 1861 539 1930 quoniant
595 1861 695 1925 ipsi
745 1858 910 1912 Deum
955 1859 1194 1913 videbunt
1229 1858 1446 1928 (Matth.
1501 1877 1550 1913 v.
1603 1862 1681 1931 8).
1739 1861 1877 1916 Muri
1909 1857 1952 1914 Β
1981 1855 2082 1909 daei
2129 1863 2322 1923 putant
2349 1854 2416 1907 ad
2447 1852 2750 1908 Jerusalem
2804 1851 2934 1913 dici,
2961 1853 3104 1920 quod
3136 1851 3290 1905 multi
3322 1851 3389 1904 de
3422 1866 3555 1921 gett-

283 1966 472 2007 autetn
503 1954 758 2016 civitatis,
788 1952 905 2006 sive
935 1951 1148 2006 termini
1178 1961 1233 2005 et
1260 1952 1567 2020 περίϐολος,
1605 1954 1872 2021 lapidibus

232 2083 242 2090 -
283 2046 483 2100 electis
510 2052 886 2105 exstruuntur,
916 2058 1052 2112 quos
1084 2042 1548 2111 rcliquoslapnles
1577 2045 1876 2113 intelligere

285 2151 605 2204 possumus,
655 2143 708 2188 et
751 2150 944 2188 onmes
998 2135 1134 2186 lihos
1177 2136 1296 2201 ejus
1331 2149 1451 2188 esse
1502 2136 1712 2198 doctos,
1762 2136 1877 2190 sive

287 2227 594 2296 discipulos
648 2226 739 2278 Dei
805 2241 821 2280 :
886 2240 994 2292 quo
1049 2225 1357 2280 testimonio
1407 2224 1667 2280 Dominus
1711 2228 1878 2280 utitur

287 2317 340 2370 in
377 2317 675 2386 Evangelio
705 2315 952 2380 Joannis,
986 2317 1174 2372 dicens
1207 2333 1223 2373 :
1258 2316 1426 2371 Nemo
1474 2329 1641 2386 potest
1687 2320 1756 2372 ad
1799 2335 1878 2374 me

286 2409 488 2466 venire.
509 2409 609 2460 nisi
641 2407 801 2462 Pater
828 2426 969 2462 meus
995 2409 1086 2479 qui
1116 2410 1254 2462 misit
1284 2425 1384 2471 nte,
1411 2412 1636 2463 traxerit
1660 2427 1802 2474 eum,
1827 2419 1878 2465 et

289 2498 465 2547 omnis
493 2499 584 2564 qui
616 2497 847 2550 audierit
888 2507 936 2549 et
966 2498 1208 2550 didicerit
1246 2515 1277 2550 a
1307 2497 1490 2562 Patre,
1525 2501 1659 2553 venit
1696 2501 1764 2553 ad
1799 2516 1879 2554 me

289 2585 478 2642 tloan.
504 2602 577 2648 Vl,
606 2587 696 2649 44,
722 2588 834 2658 45).
872 2589 936 2641 Ει
956 2603 1074 2658 post
1098 2589 1396 2657 paululum,
1423 2592 1688 2660 scriptum
1716 2601 1799 2646 est
1824 2594 1878 2648 in

292 2677 580 2746 prophetis
612 2695 628 2737 :
667 2679 840 2732 Erunt
873 2697 1048 2734 omnes
1077 2682 1219 2734 docti
1248 2697 1279 2733 α
1309 2681 1420 2736 Deo
1456 2681 1592 2753 (Isa.
1626 2697 1736 2749 Liv,
1769 2685 1876 2750 l5;

289 2770 462 2824 Joan.
491 2787 564 2836 νι,
595 2771 708 2839 45).
737 2772 840 2836 Qui
872 2783 924 2826 et
948 2788 1043 2841 per
1061 2770 1348 2826 Jeremiam
1380 2765 1619 2843 loquitur
1667 2791 1684 2830 ι
1733 2774 1878 2828 bans

291 2867 434 2934 leges
465 2881 606 2918 meas
635 2866 688 2918 in
731 2865 984 2918 mentibus
1016 2881 1217 2930 eorum,
1257 2879 1303 2919 et
1341 2882 1499 2935 super
1531 2881 1621 2920 cor
1663 2867 1880 2920 illorum

294 2957 530 3008 scribam
547 2972 672 3020 eas;
695 2967 741 3010 et
766 2972 1094 3025 nequaquam
1118 2957 1257 3010 ultra
1274 2957 1528 3010 docebunt
1544 2958 1740 3026 singuli
1757 2973 1881 3024 pro—

293 3043 472 3095 ximos
506 3059 630 3096 suos
661 3053 711 3096 et
749 3043 942 3113 fratres
969 3046 1195 3097 dicentes
1233 3060 1248 3098 :
1290 3044 1550 3115 Cognosce
1578 3046 1877 3112 Dominum,

296 3133 405 3188 Sed
433 3149 610 3187 omnes
637 3137 798 3188 scient
824 3152 900 3188 me
931 3153 961 3186 a
992 3136 1208 3188 minimo
1239 3152 1402 3205 usque
1449 3136 1519 3189 ad
1566 3142 1876 3192 maximum.

296 3224 574 3293 Propitius
601 3228 738 3279 enim
761 3244 848 3281 ero
877 3230 1215 3298 iuiquilatum
1245 3245 1442 3295 eorum,
1471 3240 1516 3284 et
1543 3243 1876 3300 peccatorum

295 3335 483 3371 eorum
537 3336 640 3372 non
683 3322 996 3374 recordabar
1033 3321 1255 3394 (Jerem.
1301 3340 1447 3389 xxxi,
1497 3326 1587 3384 55.
1624 3326 1738 3388 54).
1779 3326 1882 3382 Do-

297 3413 478 3465 ctrina
509 3423 687 3466 autem
717 3413 1104 3483 discipulorum
1140 3415 1232 3469 Dei
1268 3416 1428 3470 habet
1481 3417 1880 3471 multitudinem

299 3504 476 3574 pacis,
512 3519 631 3573 quae
663 3506 742 3560 eis
773 3500 802 3559 a
833 3505 1060 3561 Domino
1087 3508 1343 3562 derelicta
1375 3518 1460 3563 est
1488 3510 1882 3579 aedilicatioque

300 3597 458 3652 urbis
479 3599 858 3666 pulcherrima:
871 3600 1171 3669 completur
1181 3597 1394 3668 justitia
1417 3616 1433 3666 ;
1457 3610 1516 3654 ut
1538 3616 1898 3672 nequaquam

300 3697 465 3749 unius
487 3693 682 3764 gentis.
703 3690 867 3763 65.0
889 3695 981 3746 sed
1012 3693 1175 3748 totius
1197 3693 1381 3748 mundi
1411 3693 1552 3749 Deus
1574 3693 1669 3758 sit,
1687 3708 1883 3749 vocan-

302 3788 369 3841 tis
410 3787 479 3841 ad
537 3785 694 3839 ﬁdem
749 3800 904 3839 suam
961 3799 1146 3839 servos
1184 3794 1238 3841 et
1290 3785 1513 3855 liberos,
1557 3786 1778 3844 (ἂι-εσσε
1824 3797 1881 3844 et

305 3876 598 3942 Barbaros,
628 3877 825 3933 divites
849 3885 905 3929 et
937 3889 1224 3945 pauperes,
1256 3876 1468 3933 nobiles
1492 3889 1550 3932 et
1594 3879 1880 3949 ignobiles,

303 3970 454 4024 viros
489 3978 542 4021 et
570 3966 844 4031 mulieres,
882 3967 1138 4037 parvulos
1175 3978 1230 4021 et
1259 3983 1439 4036 senes,
1470 3979 1526 4024 et
1551 3971 1730 4025 omnia
1761 3985 1884 4041 qua:

304 4063 358 4116 in
426 4061 628 4116 mundo
683 4061 934 4124 videntur
993 4074 1114 4116 esse
1168 4063 1445 4116 contraria
1500 4060 1680 4134 (Joan.
1742 4064 1880 4134 xiv).

304 4153 658 4209 Excessimus
686 4151 962 4206 brevitatis
985 4155 1225 4220 modum,
1245 4155 1336 4224 qui
1359 4154 1508 4208 utilis
1524 4164 1605 4208 est
1627 4155 1681 4208 in
1705 4157 1885 4209 omni-

307 4249 407 4302 bus
437 4263 558 4317 qute
585 4246 809 4301 dicenda
841 4257 970 4301 sunt
1003 4261 1019 4302 :
1054 4260 1394 4314 nequaquam
1440 4261 1538 4303 uos
1581 4247 1737 4316 juxta
1779 4247 1884 4303 lle-

305 4339 484 4392 brzos
508 4347 564 4392 et
587 4348 801 4392 nostros
832 4335 1187 4404 Semijudaeos
1217 4337 1272 4389 in
1313 4347 1480 4402 terra,
1504 4340 1599 4392 sed
1627 4341 1680 4392 in
1709 4339 1880 4405 ctelis,

306 4432 500 4485 urbem
531 4428 622 4484 Dei
649 4439 952 4500 quaerentes
976 4427 1092 4500 (Al.
1118 4428 1458 4502 quaerendo],
1485 4445 1604 4500 qua:
1624 4431 1676 4485 in
1719 4429 1884 4487 Chri-

305 4535 395 4578 sto
446 4532 628 4576 monte
652 4523 754 4576 sita
778 4523 945 4576 latere
975 4535 1080 4576 non
1110 4531 1306 4589 potest.

380 4613 565 4682 (γει-ε.
603 4612 716 4682 tl).
765 4628 787 4665 ι
816 4611 1028 4666 Recede
1092 4611 1280 4680 procul
1323 4627 1354 4665 a
1405 4613 1702 4679 calumnia,
1753 4616 1883 4686 quia

308 4723 418 4760 non
458 4705 714 4772 timebis;
747 4713 801 4758 et
831 4718 860 4757 a
880 4718 1102 4772 pavore,
1134 4706 1259 4771 quia
1291 4718 1396 4757 non
1428 4708 1885 4777 appropinquabit

311 4800 431 4855 tibi.
465 4816 485 4850 ι
521 4795 662 4851 LXX
688 4815 702 4850 :
737 4813 756 4848 ‹
779 4795 994 4850 Recede
1014 4796 1080 4848 ab
1110 4795 1318 4864 iniquo,
1349 4805 1403 4849 et
1437 4811 1542 4849 non
1576 4799 1810 4864 timebis,
1831 4809 1886 4855 et

311 4903 516 4948 tremor
539 4905 653 4944 non
688 4887 1145 4958 appropinquabit
1179 4887 1300 4940 tibi.
1328 4905 1347 4939 ι
1394 4887 1540 4942 Ordo
1574 4890 1884 4958 pulcherri-

309 4999 453 5038 mus.
501 4979 896 5050 Pauperculam
934 4987 990 5032 et
1021 4978 1280 5032 humilem
1317 4979 1498 5035 fuerat
1539 4984 1880 5047 consolatus,

312 5077 637 5146 promittens
677 5074 728 5128 ei
763 5073 964 5144 gratias
994 5071 1325 5142 spirituales.
1377 5070 1536 5128 Nunc
1565 5073 1722 5128 docet
1751 5077 1881 5144 quid

311 5170 492 5225 facere
548 5167 764 5230 debeat,
826 5167 872 5219 si
920 5165 1063 5243 nolit
1129 5165 1572 5220 adversariorum
1645 5166 1882 5236 impetus

314 5259 634 5316 formidare.
687 5257 750 5311 Et
775 5266 857 5311 est
885 5271 1119 5311 sensus:
1153 5255 1268 5309 Non
1297 5257 1377 5312 vis
1414 5257 1604 5310 timere
1635 5259 1886 5314 inimicos

315 5361 459 5416 tuos,
488 5352 571 5404 fac
609 5351 710 5403 ista
731 5364 850 5418 qua:
872 5347 992 5402 dico
1013 5386 1032 5412 ,
1089 5344 1288 5400 Recede
1314 5345 1501 5414 procul
1523 5363 1556 5400 a
1589 5346 1882 5414 calumnia,

315 5447 433 5498 sive
470 5444 538 5498 ab
574 5442 888 5511 iniquitate,
948 5441 1071 5509 quia
1102 5442 1282 5494 omnis
1310 5441 1570 5508 iniquitas
1605 5451 1659 5494 et
1691 5443 1883 5512 rapina

319 5537 385 5592 de
419 5535 682 5590 calumnia
713 5533 992 5598 nascitur;
1024 5542 1079 5587 et
1101 5547 1204 5586 non
1237 5533 1478 5598 timebis,
1506 5543 1810 5603 tremorque
1832 5543 1886 5589 et

320 5643 484 5698 pavor
515 5642 623 5682 non
663 5625 1172 5696 appropinquabunt
1199 5625 1314 5690 tibi,
1338 5633 1395 5679 ut
1418 5639 1757 5696 nequaquam
1793 5629 1890 5682 ho-

1983 1948 2127 2002 tibus
2154 1946 2410 2016 proselyti
2442 1947 2552 2001 sint
2577 1943 2772 2009 futuri,
2807 1952 2862 1998 et
2884 1943 3055 2012 legem
3093 1942 3263 2014 Moysi
3291 1957 3554 1997 cteremo-

1979 2039 2206 2108 niasque
2231 2037 2556 2106 suscipiant.
2608 2034 2764 2102 Quod
2796 2050 2897 2090 nos
2933 2034 3089 2102 juxta
3116 2043 3348 2103 coeptam
3387 2034 3557 2088 inter-

1981 2131 2344 2199 pretationem
2374 2128 2442 2182 ad
2472 2128 2774 2183 Ecclesiam
2804 2125 3114 2188 referimus,
3141 2141 3262 2194 quae
3297 2141 3392 2194 per
3421 2141 3556 2193 apo-

1979 2223 2151 2278 stolos
2181 2236 2248 2276 ex
2278 2231 2514 2290 utroque
2561 2219 2769 2290 populo
2801 2228 3123 2290 congregata
3155 2228 3258 2282 est,
3293 2232 3415 2286 quae
3445 2232 3555 2271 non

1980 2314 2144 2369 habet
2189 2314 2476 2378 maculam,
2527 2326 2703 2381 neque
2751 2326 2963 2381 rugam,
3011 2325 3135 2379 qua:
3185 2311 3321 2372 libet:
3367 2319 3470 2374 est,
3501 2317 3560 2364 et

1980 2415 2156 2460 mater
2186 2407 2429 2460 omnium
2484 2404 2821 2460 credentium
2877 2403 3092 2472 (Eplies.
3121 2418 3194 2470 v;
3239 2402 3411 2459 Calat.
3457 2402 3555 2469 tv).

1977 2497 2059 2553 Ad
2087 2514 2224 2569 quos
2258 2498 2418 2570 64],
2449 2496 2758 2567 proselytos
2787 2507 2839 2550 ct
2862 2499 3100 2549 advenas
3129 2495 3555 2564 congregandos,

1983 2591 2128 2645 misit
2156 2591 2420 2645 Dominus
2445 2589 2742 2658 discipulos
2772 2603 2921 2650 suos,
2947 2589 3133 2642 dicens
3163 2599 3178 2640 :
3210 2587 3403 2639 Docete
3440 2601 3556 2638 ont-

1982 2700 2072 2738 nes
2115 2693 2289 2754 gentes
2320 2681 2542 2752 (lfatth.
2582 2695 2778 2743 xxvnt,
2837 2677 2949 2748 l9).
3000 2689 3061 2731 ut
3115 2676 3424 2746 confugiant
3489 2677 3556 2728 ad

1983 2775 2360 2844 Evangelium,
2393 2783 2448 2828 ct
2486 2787 2682 2828 novam
2721 2771 2916 2842 Legem
2946 2770 3272 2840 suscipiant,
3315 2780 3372 2824 ut
3405 2769 3560 2823 babi-

1983 2877 2187 2922 tatores
2210 2867 2483 2936 quondam
2518 2865 2856 2930 idololatriae,
2889 2864 3021 2918 liaut
3050 2865 3232 2919 coloni
3275 2862 3555 2917 Ecclesia'.

1985 2956 2059 3012 De
2084 2959 2283 3028 quibus
2314 2959 2366 3011 in
2399 2956 2625 3028 psalmis
2655 2955 2862 3011 dicitur
2907 2972 2920 3008 :
2982 2953 3238 3008 Dominus
3295 2955 3556 3020 sapientes

1983 3051 2115 3120 facit
2153 3067 2335 3106 rtecos.
2370 3049 2500 3106 Sive
2539 3057 2597 3104 ut
2649 3049 2704 3104 in
2753 3047 2962 3103 Latinis
3004 3048 3283 3103 codicibus
3317 3047 3510 3116 legitur
3539 3085 3557 3102 .

1988 3145 2244 3198 Dominus
2286 3143 2553 3196 illuminat
2594 3157 2783 3206 (ωερε,
2835 3141 3091 3194 Dominus
3120 3141 3286 3209 diligit
3327 3143 3556 3194 advenas

1984 3235 2156 3305 (Psal.
2187 3251 2345 3303 oxuv,
2376 3237 2428 3302 8,
2457 3235 2511 3305 9)
2545 3253 2560 3291 :
2593 3243 2650 3288 ut
2682 3244 2968 3304 p05tquam
3006 3235 3133 3289 (τι)ρὶ
3168 3235 3352 3287 lumen
3405 3249 3556 3288 recc~

1983 3324 2162 3395 perint
2221 3327 2489 3387 veritatis,
2553 3333 2608 3379 et
2653 3323 2801 3378 stulti
2847 3325 3174 3392 Sapientiam
3235 3324 3554 3386 didicerint,

1984 3427 2112 3471 tunc
2131 3416 2197 3470 ad
2221 3415 2512 3469 Ecclesiam
2547 3424 2896 3469 transeuntes
2913 3416 3204 3483 diligantur
3243 3432 3268 3468 a
3300 3415 3552 3478 Domino,

1980 3517 2036 3562 et
2062 3509 2284 3562 audiant
2315 3521 2409 3576 per
2449 3506 2818 3576 prephctam:
2882 3507 3085 3561 Vocabo
3143 3523 3250 3561 non
3303 3507 3556 3576 populum

1980 3613 2174 3662 meum,
2209 3597 2459 3667 populum
2503 3613 2674 3651 meum
2706 3597 2864 3668 (Osee
2913 3613 2970 3657 ιι.
3006 3597 3132 3666 24);
3175 3612 3285 3666 quo
3323 3599 3559 3652 intrante

1981 3691 2262 3761 Templum
2299 3691 2416 3758 Dei,
2453 3689 2601 3746 zelus
2633 3689 2994 3760 apprehendit
3022 3689 3278 3761 populum
3317 3692 3559 3746 inerudi-

1981 3790 2118 3837 tum.

2052 3873 2228 3946 (Vers.
2257 3874 2345 3944 l6,
2377 3873 2489 3946 l7).
2520 3893 2539 3927 ι
2568 3873 2708 3930 Ecce
2741 3889 2844 3946 ego
2876 3875 3057 3931 creavi
3088 3875 3306 3932 fabrum
3339 3875 3558 3932 sumun-

1981 3975 2089 4021 tem
2138 3967 2191 4020 iu
2247 3965 2371 4035 igne
2425 3979 2651 4035 prunas,
2678 3977 2733 4019 et
2777 3964 3140 4034 proferentem
3193 3981 3288 4020 vas
3319 3968 3370 4019 iu
3421 3981 3559 4035 Opus

1981 4073 2141 4112 suum
2181 4077 2195 4113 :
2229 4066 2284 4111 et
2317 4072 2417 4127 ego
2446 4058 2627 4112 creavi
2665 4057 3079 4113 interfectorem
3117 4058 3185 4113 ad
3227 4059 3559 4127 disperden-

1983 4153 2151 4206 duma
2194 4148 2368 4206 Omne
2403 4165 2520 4214 vas,
2552 4148 2696 4218 quod
2749 4150 2931 4202 lictum
2969 4158 3052 4202 est
3103 4157 3290 4203 contra
3328 4157 3400 4212 te,
3451 4164 3556 4201 non

1983 4244 2251 4313 dirigetur
2286 4261 2301 4298 :
2353 4252 2408 4298 et
2436 4258 2654 4296 omnem
2689 4243 2930 4311 linguam
2966 4241 3312 4296 resistentem
3365 4241 3458 4295 tibi
3505 4243 3556 4294 in

1978 4333 2210 4404 judicio,
2231 4334 2525 4403 judicahis.
2553 4332 2676 4388 Htec
2701 4333 3284 4387 hzereditasservorum
3305 4332 3517 4386 Domini
3539 4371 3556 4394 ,

1983 4435 2038 4480 et
2065 4424 2277 4495 justitia
2312 4440 2500 4479 eorum
2529 4425 2672 4500 apud
2705 4439 2813 4489 me,
2841 4423 2976 4478 dicit
3011 4423 3330 4478 DOmittus.i
3370 4423 3509 4477 LXX
3541 4441 3559 4479 ζ

1912 4529 1961 4589 ι)
1993 4534 2012 4568 ι
2048 4516 2188 4572 Ecce
2219 4532 2321 4587 ego
2375 4517 2554 4571 creavi
2607 4527 2677 4583 te,
2731 4532 2839 4571 non
2893 4527 2952 4571 ut
2983 4518 3208 4571 aerarius
3241 4518 3466 4572 sulllans
3501 4518 3556 4570 in

1987 4609 2112 4678 igne
2144 4623 2367 4679 prunas.
2401 4618 2453 4662 et
2478 4608 2766 4678 proferens
2802 4624 2896 4663 vas
2935 4609 2990 4662 iu
3023 4624 3185 4679 opus.
3240 4609 3352 4679 Ego
3382 4620 3560 4663 autem

1986 4705 2169 4758 creavi
2206 4713 2255 4757 te
2273 4717 2380 4756 ttOu
2419 4707 2471 4756 lu
2499 4705 2859 4772 perditionem
2892 4703 3206 4760 interficere
3233 4716 3249 4755 :
3276 4718 3438 4758 omne
3465 4718 3563 4756 vas

1985 4795 2132 4864 quod
2164 4794 2368 4849 factum
2397 4806 2483 4850 est
2517 4806 2706 4850 contra
2751 4806 2822 4858 te,
2857 4811 2966 4849 non
3004 4796 3458 4864 prosperabitnr:
3506 4805 3562 4848 et

1986 4889 2163 4942 omnis
2207 4902 2312 4941 vox
2340 4896 2527 4958 surget
2579 4897 2766 4942 contra
2800 4896 2851 4940 te
2901 4889 2952 4940 in
3006 4887 3314 4955 judicium:
3368 4903 3563 4943 omnes

1985 4996 2084 5036 eos
2111 4981 2296 5036 vinces
2351 4996 2414 5039 -ι-
2475 4992 2530 5036 et
2557 4981 2780 5037 obnoxii
2837 4981 2913 5034 tui
2971 4988 3133 5034 erunt
3181 4981 3234 5036 in
3272 4995 3332 5032 ea
3364 4983 3419 5052 θ*
3472 4981 3565 5033 Est

1989 5076 2277 5130 hereditas
2321 5075 2681 5130 servientibus
2721 5072 2971 5137 Domino,
2999 5079 3055 5126 et
3101 5087 3197 5126 vos
3223 5073 3380 5128 eritis
3423 5075 3562 5129 mihi

1982 5166 2140 5236 justi,
2183 5167 2317 5223 dicit
2375 5168 2660 5222 Dominus.
2699 5186 2718 5217 ι
2786 5167 3041 5221 Dicamus
3107 5167 3345 5235 primum
3407 5168 3564 5238 juxta

1990 5258 2312 5314 Hebraicum
2343 5277 2358 5316 :
2387 5263 2442 5314 Si
2491 5261 2572 5316 vis
2603 5275 2710 5313 non
2738 5263 2952 5324 timere,
2997 5271 3050 5314 et
3078 5263 3268 5330 procul
3298 5277 3328 5314 a
3360 5269 3412 5315 te
3441 5277 3565 5316 esse

1989 5354 2366 5420 formidinem,
2403 5355 2490 5410 fac
2526 5371 2646 5425 qua:
2679 5355 2992 5422 praneritus
3035 5371 3218 5411 sermo
3274 5357 3514 5410 narravit
3543 5397 3562 5422 ,

1989 5461 2093 5516 ego
2121 5448 2264 5502 enim
2311 5461 2431 5499 sum
2469 5462 2564 5516 per
2613 5461 2772 5515 quem
2827 5445 3082 5501 habitura
3129 5463 3188 5503 es
3238 5451 3562 5518 proselytos.

1991 5540 2102 5607 Ego
2129 5540 2218 5606 qui
2253 5543 2433 5592 creavi
2485 5539 2695 5593 fabrum
2748 5537 3051 5594 sulllantem
3095 5539 3149 5594 in
3183 5541 3303 5610 iguu
3334 5556 3562 5611 prunas,

1994 5629 2096 5683 hoc
2133 5643 2235 5693 εει,
2261 5629 2531 5683 diabolum
2557 5631 2799 5685 omnium
2833 5630 3101 5686 malorum
3132 5633 3421 5702 artiﬁcem,
3457 5650 3565 5692 non

390 5808 406 5840 '
444 5806 547 5865 Pro
575 5821 622 5864 et
658 5809 956 5875 clementer,
1003 5808 1398 5866 Ambrosianus
1453 5813 1728 5883 antiquior
1760 5813 1880 5869 cod.
1924 5814 2086 5869 habet
2115 5830 2178 5867 ex
2211 5813 2406 5868 elemen
2433 5831 2481 5882 ο,
2517 5830 2670 5885 aquae
2697 5814 2923 5870 scilicet.
