3856 6172
386 387 487 450 547

1539 386 1601 445 S.
1656 386 1974 447 EUSEBII
2027 384 2469 448 HIERONYMI

3504 406 3587 469 ιλιι

386 495 720 553 necessitate
758 505 986 561 naturae,
1019 494 1113 550 sed
1143 493 1343 549 mentis
1364 483 1625 549 'arbitrio.
1650 496 1753 562 Qui
1785 497 1959 551 susei-
1988 499 2031 556 Α
2061 509 2256 564 aquas,
2296 505 2350 549 et
2383 497 2475 565 qui
2519 511 2624 552 non
2656 497 2870 555 habetis
2900 506 3185 571 pecuniam
3224 507 3400 583 (Vulg,
3431 529 3590 586 argen-
3674 540 3678 545 ~

387 589 523 645 tavit
562 588 834 652 incendia,
864 598 918 640 et
946 586 1185 656 proferet
1220 597 1412 640 contra
1447 597 1499 641 te
1530 603 1657 641 vasa
1696 604 1712 643 :

383 865 643 920 lectorem
674 878 866 916 eorum
896 861 986 927 qui
1020 861 1287 915 increduli
1325 873 1452 915 sunt
1480 862 1669 915 futuri.
1701 863 1817 916 Non
1848 879 1956 933 quo

379 974 478 1029 ego
502 959 603 1012 siin
641 971 800 1009 causa
838 954 1160 1024 perditionis
1203 969 1417 1020 eorum,
1471 956 1563 1008 sed
1595 970 1704 1025 quo
1735 969 1956 1012 creatus

380 1050 726 1104 adversarius
769 1048 834 1101 ad
882 1050 1252 1117 pugnandum,
1304 1058 1358 1102 et
1396 1049 1555 1103 victis
1599 1049 1848 1116 perditio.
1901 1061 1955 1105 et

376 1141 677 1196 victoribus
735 1155 897 1195 causa
952 1140 1023 1193 sit
1079 1138 1447 1208 prtemiorum.
1498 1137 1809 1209 Omnesque
1860 1143 1950 1211 qui

385 1244 579 1288 contra
614 1243 666 1285 te
700 1250 728 1284 ει
760 1233 914 1285 fabro
955 1231 1205 1285 sttlllante
1235 1245 1358 1285 sunt
1380 1231 1653 1299 fabricati,
1686 1252 1789 1287 non
1821 1236 1953 1288 diri-

376 1334 595 1389 gentur,
624 1326 717 1376 sed
749 1334 801 1378 et
832 1332 1128 1390 praesentes
1156 1337 1345 1393 poenas
1372 1325 1606 1379 sentient
1631 1337 1686 1380 et
1717 1326 1949 1381 futuras.

373 1412 637 1482 Quodque
673 1416 823 1482 prius
851 1415 1139 1468 videbatur
1169 1414 1475 1482 occultum,
1513 1416 1567 1470 in
1611 1432 1952 1487 consequen-

375 1506 519 1558 tibus
560 1504 760 1559 dicitur
811 1504 1158 1559 manifestius
1194 1525 1207 1559 :
1248 1504 1316 1558 Et
1362 1522 1563 1559 omnem
1604 1506 1835 1574 linguam
1867 1523 1949 1560 re-

368 1598 638 1649 sistentem
694 1578 866 1649 tibiin
918 1596 1125 1663 judicio
1176 1595 1475 1665 judicabis,
1522 1597 1686 1669 642
1721 1599 1948 1667 perdens

354 1686 700 1754 sapientiam
733 1687 1060 1754 sapientium
1086 1727 1101 1749 ,
1132 1696 1187 1741 et
1217 1688 1560 1756 prudentiain
1594 1689 1944 1758 prudentium

368 1776 686 1846 reprobans.
736 1775 1080 1846 Cant-tesque
1135 1777 1515 1832 luereticorum
1566 1779 1857 1846 principes,
1892 1790 1946 1832 et

366 1864 685 1920 Judaeorum
725 1869 1037 1935 magistros,
1070 1875 1126 1921 et
1158 1869 1345 1921 mundi
1390 1869 1763 1938 philosophos,
1810 1887 1948 1940 quos

364 1957 527 2012 faber
572 1958 661 2011 ille
711 1958 1068 2024 conﬂaverat,
1125 1967 1217 2013 tuo
1269 1959 1475 2028 judicio
1530 1963 1945 2017 condcmuabis.

367 2048 650 2114 Quomodo
677 2059 733 2103 et
784 2049 968 2119 regina
1004 2050 1145 2104 Saba
1189 2052 1579 2107 condemnabit
1613 2054 1943 2118 incredulos,

364 2154 418 2194 et
449 2140 746 2208 Ninivitze;
806 2152 860 2194 et
887 2158 916 2195 e
963 2146 1237 2198 cootrario
1280 2145 1665 2213 justitieabitur
1712 2145 1946 2203 Sodoma

364 2235 773 2301 eouiparatione
803 2232 1005 2302 pejoris
1027 2232 1333 2289 Jerusalem
1369 2235 1588 2306 (Matth.
1649 2239 1770 2311 xit).
1818 2238 1947 2296 Post

365 2324 480 2378 haec
506 2323 738 2377 infertur
771 2339 890 2393 qua:
913 2326 1024 2378 sint
1058 2330 1281 2395 praemia
1328 2326 1658 2399 futurorum,
1709 2347 1780 2386 ne
1819 2348 1943 2389 cas-

362 2434 481 2470 sum
525 2427 718 2486 putent
777 2430 897 2471 esse
960 2427 1262 2485 certamen,
1321 2431 1377 2475 et
1444 2423 1703 2490 praesenti
1764 2435 1943 2480 morte

364 2509 509 2563 finiri
544 2510 584 2562 ¹.
636 2506 763 2564 ιιωο
809 2520 893 2564 est
941 2509 1232 2565 hatreditas
1266 2526 1548 2568 servorum
1603 2514 1844 2583 Domini,
1890 2518 1941 2572 id

358 2613 462 2666 est,
499 2619 662 2672 regna
698 2601 983 2668 cmlorum,
1016 2619 1071 2659 et
1098 2605 1206 2658 vita
1241 2619 1521 2674 perpetua,
1566 2622 1619 2663 et
1656 2613 1942 2666 retributio

355 2698 627 2761 laborum,
675 2709 796 2763 qua:
835 2696 1026 2750 oculus
1060 2712 1169 2750 non
1219 2699 1375 2762 vidit,
1405 2709 1459 2753 et
1505 2702 1654 2756 auris
1696 2719 1802 2756 non
1840 2719 1942 2759 au-

356 2788 512 2854 divit,
552 2797 608 2842 et
636 2789 688 2843 in
713 2803 809 2841 cor
841 2789 1078 2844 hominis
1107 2805 1213 2845 non
1237 2790 1629 2858 ascenderunt,
1657 2810 1779 2864 quae
1806 2810 1945 2864 prae-

352 2880 569 2948 paravit
593 2878 733 2935 Deus
760 2879 1113 2950 diligentibus
1153 2895 1213 2937 se
1274 2879 1333 2952 (Ι
1360 2884 1483 2938 Cor.
1514 2899 1572 2951 ιι,
1608 2886 1686 2954 9).
1751 2884 1807 2941 Si
1841 2903 1941 2941 au-

352 2977 465 3022 tem
504 2966 882 3037 diligentibus,
927 2982 1057 3036 ergo
1080 2979 1136 3024 et
1176 2964 1565 3044 servientibus,
1602 2974 1695 3044 qui
1724 2975 1935 3031 nullum

349 3059 521 3112 alium
579 3056 783 3113 habent
827 3056 1142 3126 Dominum,
1183 3061 1288 3118 nisi
1335 3058 1528 3118 Deum.
1582 3063 1645 3119 Et
1704 3065 1822 3122 haec
1851 3075 1941 3123 est

1764 590 1957 657 quales

388 680 613 737 fuerunt
659 678 850 734 Simon
896 688 953 731 et
1009 675 1209 730 Elimas
1254 678 1417 744 magi,
1466 677 1628 732 l’elro
1684 689 1738 734 et
1790 679 1957 735 Paulo

385 772 645 842 apostolis
682 771 998 825 resistentes
1028 771 1169 836 (Act.
1209 769 1349 838 xm).
1394 768 1508 837 Ego
1560 771 1741 826 creavi
1792 773 1958 826 inter-

2063 581 2226 653 tuin],
2262 598 2577 654 properate,
2608 593 2773 643 emite
2803 600 2856 645 et
2888 596 3157 650 comedite
3190 616 3203 650 :
3234 581 3402 658 venite
3425 581 3591 663 :eiuite

2061 675 2272 744 absque
2305 689 2556 746 argento,
2606 687 2662 732 et
2693 683 2901 751 absque
2942 685 3050 739 ulla
3100 694 3497 749 commutatione
3526 699 3592 750 vi-

2060 779 2191 816 num
2232 775 2285 819 et
2313 766 2417 820 lac.
2451 766 2635 832 Quare
2665 774 2971 837 appenditis
2996 784 3277 843 argentum
3311 795 3409 835 non
3435 783 3482 839 in
3510 802 3591 854 pa-

2060 856 2241 921 nibus,
2292 868 2347 911 et
2383 859 2622 914 laborem
2665 873 2909 918 vestrum
2962 882 3067 920 non
3122 871 3175 922 in
3238 875 3537 932 saturitate?
3570 900 3586 933 ι

2055 946 2218 1018 643
2251 947 2391 1002 LXX
2416 966 2430 1005 :
2470 969 2489 1002 ι
2514 950 2615 1017 Qui
2651 954 2836 1018 sititis,
2876 957 2949 1012 ite
2976 959 3041 1011 ad
3062 976 3276 1030 aquam,
3304 976 3353 1018 et
3372 977 3596 1037 quotquot

2059 1052 2164 1091 non
2204 1041 2418 1095 habetis
2450 1047 2761 1110 pecuniam,
2815 1059 3008 1103 euntes
3035 1054 3219 1118 emite,
3253 1063 3307 1108 et
3336 1059 3593 1126 comedite,

2056 1140 2109 1183 et
2142 1131 2438 1196 ambulate,
2498 1142 2553 1187 et
2601 1139 2767 1191 emite
2800 1138 3007 1206 absque
3055 1146 3285 1212 pecunia
3330 1157 3385 1202 et
3415 1148 3595 1220 absque

2056 1222 2232 1284 pretio
2260 1221 2443 1274 vinum
2478 1232 2530 1276 et
2557 1224 2793 1292 adipem.
2813 1226 2994 1292 Quare
3025 1234 3209 1288 einitts
3238 1237 3468 1303 pecunia
3495 1242 3530 1301 ',
3553 1248 3596 1293 et

2054 1309 2298 1365 laborem
2360 1324 2603 1368 vestrum
2641 1332 2744 1371 no.i
2775 1317 2830 1372 in
2899 1324 3286 1379 saturitatem?
3329 1345 3349 1379 ι
3386 1325 3594 1386 Verbum

2055 1401 2382 1458 llebrairuin
2412 1422 2464 1459 ot
2493 1414 2644 1476 (nn),
2673 1409 2741 1462 de
2771 1425 2878 1477 quo
2905 1426 3068 1481 supra
3098 1415 3150 1469 in
3187 1421 3456 1488 prophetia
3487 1436 3597 1477 con-

2056 1502 2137 1547 tra
2176 1496 2323 1551 Ariel
2349 1497 2592 1553 dixeram
2629 1500 2770 1572 (cap.
2798 1501 2913 1573 29),
2952 1509 3097 1575 quod
3122 1521 3265 1565 esset
3290 1514 3593 1583 ambiguum,

2051 1598 2105 1639 et
2129 1586 2213 1640 vel
2245 1587 2681 1655 interiectionem
2727 1597 2992 1662 vocantis,
3030 1600 3113 1654 vel
3140 1617 3238 1667 vir,
3275 1605 3592 1672 significaret,

2053 1679 2138 1733 hic
2172 1680 2225 1734 in
2256 1684 2521 1751 principio
2552 1685 2774 1754 capituli
2806 1691 3071 1757 positum,
3101 1709 3432 1765 nequaquam
3466 1698 3597 1768 plan-

2050 1773 2228 1839 gentis
2286 1773 2505 1843 legitur,
2573 1776 2669 1831 sed
2729 1782 2982 1837 vocantis
3046 1785 3270 1839 atiectu.
3333 1790 3457 1853 Quia
3485 1808 3594 1860 ergo

2052 1878 2215 1917 omne
2239 1879 2336 1919 vas
2384 1865 2567 1921 tictuin
2615 1882 2807 1926 contra
2837 1871 3138 1929 Ecclesium
3179 1879 3392 1933 dixerat
3439 1893 3598 1936 conte-

2054 1955 2303 2020 reudum,
2332 1967 2387 2011 et
2413 1974 2632 2013 omnem
2664 1977 2849 2016 vocent
2882 1964 3252 2037 linguamque,
3300 1986 3415 2040 qua:
3443 1987 3496 2027 se
3519 1988 3597 2026 ar-

2053 2058 2297 2101 maverat
2347 2060 2536 2103 contra
2573 2052 2858 2107 scientiam
2892 2056 3004 2122 Dei,
3039 2074 3165 2113 esse
3206 2064 3587 2129 superandam,

2051 2149 2307 2207 provocat
2355 2143 2642 2199 credentes
2681 2146 2745 2200 ad
2804 2146 3026 2204 ﬂuvium
3085 2152 3204 2218 Dei,
3240 2155 3333 2224 qui
3386 2157 3595 2226 repletus

2048 2244 2134 2285 est
2166 2232 2344 2300 aquis,
2380 2245 2434 2288 et
2465 2237 2625 2304 cujus
2648 2238 2881 2308 impetus
2908 2240 3157 2298 laetiﬁcat
3195 2248 3465 2301 civitatein
3489 2248 3591 2313 Dei,

2048 2334 2108 2378 ut
2134 2323 2324 2379 bibant
2345 2341 2511 2396 aquas
2546 2327 2613 2382 de
2642 2329 2887 2388 fontibus
2914 2335 3237 2402 Salvatoris,
3259 2342 3349 2410 qui
3385 2341 3597 2409 loquitur

2045 2416 2123 2469 ad
2138 2415 2539 2471 Sautaritanam
2585 2435 2599 2473 :
2627 2418 2690 2475 Si
2712 2422 2875 2477 scires
2896 2427 3126 2495 gratiam
3158 2429 3272 2497 Dei,
3302 2444 3348 2485 et
3375 2434 3483 2502 quis
3508 2450 3593 2498 est,

2044 2507 2134 2575 qui
2168 2508 2292 2562 dicit
2321 2511 2437 2575 tibi,
2467 2508 2555 2561 Da
2588 2512 2719 2567 mihi
2748 2516 2953 2572 bibere:
2992 2527 3045 2572 tu
3067 2525 3287 2589 petisses
3319 2525 3381 2578 ab
3407 2541 3483 2591 eo,
3505 2536 3545 2577 et
3576 2524 3596 2556 ⁸

2043 2602 2272 2655 dedisset
2304 2604 2398 2657 tibi
2423 2621 2641 2670 aquam.
2693 2609 2846 2677 Aqua
2890 2626 3050 2681 quam
3082 2630 3177 2684 ego
3207 2617 3396 2670 dedero
3428 2619 3490 2680 ei,
3520 2617 3595 2687 ﬁet

2044 2696 2177 2748 ineo
2201 2694 2317 2763 {om
2354 2712 2509 2767 aqua:
2541 2699 2781 2755 salientis
2820 2703 2870 2756 in
2917 2706 3080 2760 vitam
3128 2721 3387 2764 internum
3435 2711 3593 2783 (Juau.

2043 2801 2117 2852 iv,
2149 2787 2237 2854 10,
2276 2787 2386 2859 14).
2436 2789 2514 2845 De
2557 2792 2649 2848 bis
2684 2796 2839 2863 aquis
2867 2798 3140 2854 clamabat
3170 2800 3225 2855 in
3256 2801 3472 2873 Tuntplu
3500 2823 3515 2863 :
3542 2803 3594 2860 Si

2040 2876 2161 2946 quis
2216 2878 2351 2943 sitit,
2395 2882 2568 2934 veniat
2609 2882 2678 2936 ad
2724 2900 2827 2951 me,
2859 2894 2910 2941 et
2954 2889 3120 2943 bibat.
3166 2890 3275 2957 Qui
3323 2894 3498 2949 biberit
3540 2901 3593 2950 de

2041 2978 2204 3039 aqua,
2250 2987 2413 3040 quam
2439 2988 2533 3043 ego
2576 2976 2771 3031 dedero
2814 2979 2886 3042 ei,
2928 2981 3164 3051 ﬂumina
3207 2988 3274 3039 de
3305 2999 3468 3040 ventre
3496 2989 3591 3057 ejus

2036 3061 2206 3131 fluent
2230 3080 2383 3149 aquae
2400 3068 2531 3123 vim
2548 3068 2716 3125 (Ibid.
2736 3071 2827 3139 37,
2848 3071 2968 3143 58),
2996 3075 3317 3143 signiﬁcans
3347 3077 3587 3149 Spiritum

348 3150 559 3223 iustitia
590 3164 779 3204 eorum
801 3150 892 3220 qui
928 3151 1070 3221 apud
1101 3151 1270 3208 Deum
1297 3164 1441 3223 sunt,
1474 3155 1609 3212 dicit
1636 3157 1926 3224 Dominus,
1954 3183 2000 3242 ο
2039 3145 2314 3222 sanctum,
2359 3173 2524 3227 quem
2552 3160 2844 3220 credentes
2875 3168 3159 3237 accepturi
3216 3145 3399 3238 erant,
3424 3179 3475 3227 et
3521 3172 3581 3227 de

350 3256 413 3298 ut
456 3258 696 3314 praesens
736 3243 1013 3299 tribulatio
1060 3243 1246 3300 futuro
1279 3248 1475 3318 gaudio
1519 3261 1926 3321 compensetur.

349 3340 522 3394 Porro
543 3338 695 3408 juxta
730 3337 1086 3411 Septuaginta
1113 3342 1218 3398 iste
1260 3343 1388 3398 mihi
1428 3359 1623 3402 sensus
1673 3348 1925 3402 videtur:

351 3430 464 3501 Ego
482 3429 712 3484 Creator
744 3440 871 3486 tuus
901 3448 1005 3487 non
1036 3442 1088 3488 te
1120 3434 1192 3489 ita
1231 3434 1335 3491 feci
1367 3439 1640 3506 quomodo
1675 3439 1927 3494 diabolus

355 3524 509 3577 faber
541 3522 810 3593 pessimus
860 3522 1142 3579 immundo
1174 3525 1367 3593 spiritu
1415 3527 1615 3582 confiat
1652 3543 1781 3584 vasa
1823 3530 1929 3583 iiii-

350 3615 596 3683 qnitatis,
663 3624 716 3669 et
743 3613 952 3685 profert
1000 3632 1062 3670 ea
1104 3616 1156 3670 in
1201 3618 1560 3685 perditionem
1599 3637 1614 3674 :
1653 3623 1745 3689 qui
1780 3622 1924 3677 scire

348 3705 515 3761 debet
551 3708 693 3778 quod
741 3707 1117 3776 hujuscemodi
1152 3724 1283 3765 vasa
1318 3725 1641 3781 prosperum
1676 3715 1777 3768 iter
1811 3730 1917 3767 nou

354 3800 607 3865 habeant,
656 3799 750 3855 sed
801 3800 1056 3855 incursu
1105 3801 1283 3857 medio
1310 3803 1745 3871 confringantur.
1790 3805 1922 3873 Quae

350 3891 460 3942 sint
486 3899 664 3942 autem
712 3904 860 3955 vasa,
890 3891 1137 3955 sequenti
1172 3906 1424 3948 sermone
1455 3895 1825 3950 demonstrat:
1857 3896 1923 3949 Et

350 3982 521 4034 cuiuis
556 3999 654 4037 vos:
690 3999 807 4052 qua:
843 3994 1017 4052 surget
1043 3997 1230 4038 contra
1268 3992 1315 4040 te
1351 3987 1710 4055 injudirium,
1746 4005 1922 4042 omnes

344 4088 433 4124 eos
461 4076 649 4127 vinces.
690 4072 826 4127 Vasa
860 4073 1165 4143 iniquitatis
1194 4092 1380 4131 vocem
1422 4080 1645 4143 habent,
1671 4097 1791 4151 quae
1817 4097 1919 4134 vox

348 4162 522 4230 surgit
555 4174 741 4217 contra
763 4163 1087 4231 Ecclesium,
1109 4166 1326 4234 quando
1359 4180 1568 4236 ponunt
1594 4169 1833 4224 lmretici
1865 4171 1919 4225 in

348 4254 622 4309 excelsum
658 4268 720 4306 os
745 4270 927 4320 suum,
968 4266 1023 4311 et
1060 4257 1243 4328 lingua
1275 4274 1465 4314 eorum
1512 4262 1814 4330 pertransit
1850 4266 1918 4318 ad

346 4356 571 4398 terrain.
616 4344 877 4415 Quodque
924 4351 1170 4418 sequitur
1212 4393 1228 4419 ,
1273 4350 1341 4404 Et
1381 4353 1593 4408 obnoxii
1639 4359 1718 4410 tui
1762 4366 1917 4410 erunt

341 4438 398 4490 in
430 4454 513 4502 ea,
561 4437 719 4491 obelo
766 4443 1207 4508 praenotavimus,
1242 4446 1386 4513 quod
1430 4461 1534 4499 non
1571 4456 1678 4500 tam
1715 4464 1741 4500 a
1776 4447 1916 4503 LXX

2035 3260 2146 3316 quo
2185 3246 2459 3317 Propheta
2510 3254 2744 3322 mystico
2775 3269 3031 3313 sermone
3064 3266 3406 3322 resonabat:
3439 3262 3591 3320 Sitivit

2033 3342 2217 3396 anima
2242 3359 2361 3398 mea
2387 3345 2456 3398 ad
2501 3344 2672 3401 Deitas
2714 3348 2972 3404 visentem
3026 3351 3207 3422 (Psal.
3251 3372 3364 3422 ιιι,
3393 3359 3489 3427 2);
3532 3366 3580 3412 et

2034 3434 2242 3488 iterum
2280 3450 2298 3492 :
2338 3437 2496 3505 Apud
2537 3449 2589 3493 te
2636 3439 2756 3507 fons
2787 3450 2866 3497 est
2907 3443 3025 3498 sitm
3062 3444 3243 3514 (Psal.
3293 3464 3458 3512 sur,
3490 3449 3590 3515 l0).

2032 3524 2137 3589 Qui
2176 3525 2294 3595 ipse
2325 3526 2393 3580 de
2428 3542 2486 3581 se
2517 3528 2843 3598 loquebatur
2873 3548 2888 3589 :
2945 3532 3033 3589 Me
3068 3538 3459 3609 dereliquerunt
3486 3542 3591 3611 [on-
3642 3605 3648 3611 η

2030 3626 2132 3668 teut
2170 3633 2322 3685 aquw
2355 3620 2483 3673 vitta:
2504 3636 2523 3674 :
2547 3630 2595 3675 et
2623 3621 2873 3690 [oderunt
2903 3627 3003 3679 sibi
3024 3628 3178 3684 lucus
3206 3636 3481 3697 contritas,
3512 3632 3589 3703 qui

2030 3712 2133 3758 non
2163 3721 2381 3775 possunt
2424 3724 2592 3780 aquas
2622 3715 2885 3768 continere
2932 3715 3154 3788 (Jerem.
3216 3739 3278 3791 tt,
3320 3725 3425 3791 15).
3488 3723 3581 3778 llas

2029 3815 2199 3869 aquas
2253 3812 2519 3871 Spargunt
2583 3808 2773 3871 nubes,
2814 3812 2879 3861 ad
2928 3826 3064 3881 quas
3094 3819 3347 3881 pervenit
3399 3820 3580 3873 veritas

2029 3892 2147 3946 Dei.
2184 3892 2338 3948 Sicut
2364 3897 2625 3965 scriptum
2666 3908 2791 3954 est:
2837 3900 2905 3954 Et
2955 3906 3115 3960 nubes
3146 3922 3399 3980 spargant
3445 3912 3589 3979 justi-

2028 3982 2158 4035 tiam
2185 3980 2324 4055 (Isa.
2357 4000 2482 4052 XLV,
2512 3990 2565 4054 8,
2588 4004 2697 4045 sec.
2732 3988 2925 4063 LXX).
2958 3993 3388 4070 Praecipiturque
3421 4004 3589 4057 sitien-

2032 4074 2197 4138 tibus,
2226 4085 2281 4129 ut
2305 4092 2649 4147 nequaquam
2679 4081 2871 4138 bibant
2900 4100 3067 4156 aquas
3102 4089 3231 4145 Sior
3270 4095 3522 4159 turbidas,
3541 4103 3589 4146 ct

2028 4172 2298 4222 tumentes
2315 4171 2554 4240 gurgites
2573 4167 2922 4245 Assyriorum
2946 4197 2960 4243 ;
2990 4180 3082 4233 sed
3107 4195 3339 4252 pergant
3358 4185 3421 4239 ad
3437 4198 3588 4254 aquas

2025 4256 2194 4321 Siloe,
2225 4274 2345 4328 qua:
2378 4261 2580 4317 vadunt
2612 4279 2735 4319 cum
2769 4267 2986 4323 silentio
3013 4286 3029 4335 ;
3092 4288 3195 4327 nec
3239 4278 3458 4329 timeant
3489 4279 3584 4331 elo-

2026 4349 2138 4416 quii
2171 4362 2568 4421 paupertatem,
2605 4357 2649 4408 si
2699 4369 2985 4426 argentum
3036 4361 3181 4418 forte
3223 4383 3330 4420 ltUll
3364 4367 3582 4423 habeant

2027 4437 2166 4509 (Isa.
2203 4456 2343 4508 itu;
2396 4441 2599 4498 Jerem.
2635 4447 2716 4516 tt),
2781 4453 2873 4502 Sed
2913 4452 3137 4507 audiant
3166 4458 3480 4525 Apostolum
3509 4460 3583 4512 di-

342 4546 505 4596 quam
550 4545 580 4583 a
614 4529 767 4584 malis
810 4532 1170 4598 scriptoribus
1208 4535 1422 4590 videtur
1456 4538 1723 4593 additum.
1775 4538 1913 4595 Cum

2039 4545 2237 4589 tentem
2269 4551 2284 4589 :
2344 4533 2540 4591 Gratia
2571 4538 2705 4594 solri
2749 4541 2884 4610 facti
2911 4546 3035 4599 estis
3072 4545 3292 4616 (Ephes.
3326 4569 3387 4615 tt,
3414 4552 3497 4623 8);
3533 4564 3581 4607 et

343 4634 526 4676 autem
551 4637 767 4677 omnem
806 4637 990 4677 vocem
1023 4637 1336 4695 surgentem
1373 4629 1662 4685 adversum
1704 4648 1764 4688 se
1813 4631 1916 4687 Ec-

334 4715 508 4769 clesia
573 4714 782 4777 vicerit,
845 4725 973 4770 tunc
1004 4717 1373 4775 servientibus
1424 4722 1650 4776 Domino
1694 4733 1749 4777 et
1783 4724 1914 4780 obe-

339 4805 617 4862 dientibus
641 4806 746 4861 erit
774 4807 1085 4872 hzereditas,
1130 4820 1334 4864 aitet-na
1372 4815 1667 4880 possessio.
1702 4814 1776 4870 De
1806 4832 1913 4885 qua

340 4898 394 4951 in
429 4897 662 4953 Jcrcnria
698 4898 822 4953 aliis
855 4899 1039 4954 verbis
1072 4901 1293 4965 dicitur;
1387 4901 1484 4958 Est
1520 4922 1711 4960 merces
1741 4911 1915 4975 operi-

334 4990 435 5041 bus
461 4991 563 5042 tuis
590 4989 808 5060 (Jcrem.
833 5007 988 5055 xxxi,
1011 4991 1126 5062 ⁸56).
1159 4992 1613 5066 llabitatoresque
1643 4997 1903 5053 Ecclesiae

328 5080 466 5149 justi
496 5081 918 5137 eruntDomino.
946 5083 1143 5140 Omnis
1169 5089 1311 5139 enim
1337 5088 1427 5156 qui
1457 5089 1587 5142 iacit
1611 5089 1903 5167 justitiam,

328 5175 403 5224 de
447 5169 555 5224 Deo
612 5185 770 5225 natus
835 5188 940 5229 εει.
1003 5174 1218 5243 Quibus
1281 5179 1522 5247 loquitur
1577 5179 1839 5235 Dominus
1887 5195 1902 5237 :

332 5258 522 5315 Estote
562 5262 753 5326 sancti,
785 5265 1032 5331 quoniam
1059 5283 1149 5337 ego
1193 5279 1407 5321 sanctus
1435 5285 1551 5322 sum
1580 5268 1770 5338 (Leuit.
1813 5284 1906 5335 xx,

331 5353 450 5423 se).
786 5408 793 5412 .

396 5446 536 5516 Cap.
572 5446 756 5502 LV.—
781 5447 934 5502 Vers.
967 5449 1095 5502 Lis
1131 5451 1332 5509 Omnes
1359 5455 1607 5511 sitientes
1641 5457 1817 5512 venite
1841 5457 1907 5511 ad

360 5570 509 5662 ξἸιι
547 5584 830 5639 v'etustiori
887 5585 1268 5654 Ambrosiauo,
1327 5608 1444 5661 quia
1498 5596 1604 5647 sint
1681 5598 1904 5662 pra'miu

324 5652 653 5733 futurorum,
736 5666 1207 5737 ne‘ea‘pularettt
1256 5652 1575 5719 suatt’ttentes
1604 5652 1897 5737 certamen,

322 5725 573 5791 praesenti
604 5736 769 5778 morte
795 5726 963 5793 ﬁniri.

406 5793 425 5822 ³
461 5795 623 5846 Addit
681 5797 970 5866 Victorius,
1008 5814 1107 5851 non
1155 5801 1212 5853 iu
1246 5803 1493 5873 panibus,
1535 5808 1599 5861 ad
1624 5804 1898 5874 Graecum,

2020 4625 2312 4680 Dominum
2357 4630 2425 4683 ad
2473 4631 2770 4700 discipulos
2807 4652 2821 4690 :
2870 4634 3386 4710 Ct‘atis,accepistis,
3425 4647 3578 4715 gratis

2020 4716 2143 4769 date
2194 4716 2414 4786 (Matth.
2456 4735 2511 4785 χ,
2545 4723 2622 4789 8).
2682 4721 2987 4795 Mirumque
3046 4731 3096 4783 in
3142 4736 3363 4787 modum
3398 4746 3579 4788 emunt

2021 4824 2193 4878 aquas
2221 4812 2427 4881 absque
2454 4815 2686 4880 pecunia
2718 4832 2734 4883 ς
2792 4827 2847 4871 et
2878 4835 2983 4873 non
3019 4823 3205 4878 bibunt
3240 4841 3352 4891 eas,
3386 4830 3473 4882 sed
3498 4843 3578 4881 co-

2022 4903 2265 4956 mcdunt.
2328 4901 2448 4973 Ipse
2506 4907 2651 4960 enim
2708 4918 2763 4963 et
2794 4925 2935 4979 aqua
2983 4923 3037 4967 et
3072 4917 3229 4985 panis
3271 4931 3371 4987 est,
3406 4919 3491 4988 qui
3521 4926 3577 4973 de

2019 4997 2158 5048 ρωιο
2177 4995 2454 5050 descendit
2473 4994 2775 5070 (Joan.vi).
2813 5000 2955 5073 Ergo
2987 5009 3130 5073 quod
3167 5010 3218 5061 itt
3254 5012 3567 5078 quibusdam

2018 5086 2419 5155 exemplaribus
2448 5089 2646 5158 legitur
2687 5130 2703 5155 ,
2745 5091 2943 5160 Emite,
2969 5107 3016 5150 et
3049 5099 3225 5164 bibite,
3272 5103 3339 5155 ab
3370 5104 3574 5172 imperi-

2020 5176 2089 5231 tis
2123 5178 2485 5245 scriptoribus
2517 5194 2859 5239 immutatum
2893 5199 2997 5253 est,
3028 5190 3192 5265 644
3226 5196 3316 5263 qui
3363 5206 3570 5264 putave—

2018 5282 2141 5322 runt
2158 5285 2277 5325 esse
2299 5277 2743 5342 consequentius,
2785 5278 2830 5332 si
2865 5281 3177 5338 biberentur
3198 5289 3379 5354 potius
3404 5302 3566 5358 aque,

2015 5377 2179 5431 quam
2216 5365 2649 5423 coniederentur.
2713 5373 2803 5424 Est
2832 5387 3014 5427 autem
3044 5388 3096 5431 et
3132 5382 3360 5446 prcnnia
3390 5382 3553 5450 pessi~

2014 5472 2125 5518 tua,
2171 5458 2283 5511 sive
2316 5466 2621 5530 argentum,
2657 5472 2802 5533 quod
2865 5473 3120 5539 reprobat
3161 5472 3457 5546 Scriptura,
3490 5475 3561 5525 di-

2011 5597 2110 5646 οὑκ
2141 5597 2199 5647 ἐν
2226 5595 2431 5661 ἄρτοις.

2083 5665 2445 5746 ξιιιιβευιξυιιι,
2475 5671 2696 5726 dedisset
2760 5676 2853 5727 tibi
2892 5694 3084 5746 aquam
3136 5679 3401 5734 virentem.
3461 5676 3553 5742 Qui

2007 5736 2145 5877 inim
2178 5738 2357 5791 biberit
2390 5740 2453 5795 de
2491 5760 2654 5811 aqua,
2683 5762 2838 5813 quam
2875 5736 2966 5816 ego
3012 5753 3195 5803 dedero
3224 5754 3293 5818 ei,
3324 5754 3407 5820 [iet
3436 5736 3560 5803 ideo

2037 5824 2151 5872 ous,
2183 5819 2269 5864 etc

2037 5824 2151 5872 ous,
2183 5819 2269 5864 etc
