3902 6182
277 362 390 427 549

825 366 1321 427 COMMENTAR.
1361 370 1435 427 IN
1476 369 1740 430 lSAlAM
1789 370 2257 430 PROPHETAM
2300 369 2445 430 LIB.
2487 368 2612 439 XV,
2642 368 2802 432 CAP.
2845 364 2968 431 LV.

3428 368 3537 437 550

280 490 416 529 reus
448 492 463 528 :
499 472 753 537 Pecunia,
798 492 915 544 qua:
962 476 1123 530 datur
1150 494 1272 532 cum
1309 480 1457 543 dolo,
1509 489 1662 551 quasi
1721 492 1854 537 testa
1886 490 1930 545 Α
1961 482 2165 546 audite,
2194 492 2247 536 et
2282 481 2426 537 vivet
2468 481 2648 535 anima
2680 490 2882 535 vestra.
2920 478 2983 533 Et
3026 477 3216 534 feriam
3255 479 3535 535 vobiscum

277 567 611 637 reputabitur
643 565 824 631 (Prov.
866 584 1013 633 ιιινι,
1042 570 1135 633 23,
1166 587 1269 625 sec.
1308 572 1472 642 LXX)
1506 590 1521 639 ;
1576 586 1629 628 et
1660 574 1715 628 in
1749 575 1856 628 alio

277 656 449 712 loco:
491 660 780 728 Argentum
800 671 1026 714 vestrum
1052 669 1325 729 reprobum
1359 662 1581 729 (Jerem.
1615 682 1689 730 vt,
1734 664 1849 732 30).

278 751 345 804 Et
391 758 475 802 est
526 763 809 818 argentum
842 754 983 819 quod
1017 752 1112 806 Dei
1172 754 1401 824 eloquiis
1433 766 1782 825 comparatur
1830 774 1844 810 :

276 841 513 911 Eloquiu
547 841 780 911 Domini,
814 845 1021 912 eloquia
1043 856 1195 899 casta
1234 886 1251 911 ,
1288 858 1570 918 argentum
1593 850 1710 920 igne
1729 866 1857 902 exa-

275 935 534 986 minatum
571 944 745 1000 terra,
778 947 1058 1005 purgatum
1094 939 1391 1007 septuplum
1423 938 1594 1010 (Psal.
1647 958 1721 1007 vi,
1769 943 1850 1011 7).

277 1028 479 1093 Spreto
505 1028 671 1096 igitur
702 1028 792 1082 illo
816 1040 1041 1096 argento
1064 1041 1118 1085 et
1154 1034 1427 1100 pecuniis,
1452 1035 1651 1103 quibus
1684 1050 1854 1103 aquas

279 1119 494 1171 Domini
547 1135 730 1173 emere
790 1136 896 1174 non
946 1136 1256 1191 possumus,
1284 1140 1575 1194 pergamus
1603 1128 1668 1179 ad
1700 1143 1852 1194 eum,

277 1211 372 1276 qui
427 1220 620 1263 tenens
661 1212 884 1264 calicem
922 1213 1285 1279 Sarrameuti,
1321 1216 1606 1285 discipulis
1670 1219 1855 1288 loque-

282 1305 443 1353 b.~.tttr
476 1321 491 1358 ;
534 1305 768 1373 Accipite
794 1314 842 1357 et
873 1306 1055 1371 bibite,
1099 1307 1180 1360 hic
1211 1318 1287 1360 est
1320 1312 1535 1379 sanguis
1559 1328 1726 1376 meus,
1764 1315 1856 1383 qui

276 1410 372 1461 pro
436 1395 581 1447 vobis
630 1397 926 1464 eﬂ'tmdetur
996 1401 1052 1451 in
1102 1400 1463 1454 remissionem
1521 1416 1854 1470 peccatorum

276 1485 498 1550 (Matth.
536 1502 681 1551 xxvr,
728 1486 820 1549 27,
866 1487 981 1556 28).
1025 1488 1182 1555 Quod
1217 1494 1403 1545 vinum
1436 1496 1654 1548 miscuit
1686 1506 1741 1550 et
1770 1513 1857 1551 sa-

274 1578 479 1643 pientia
508 1576 562 1628 in
598 1589 807 1631 cratere
836 1593 955 1642 suo,
1010 1594 1203 1635 omnes
1235 1583 1434 1636 stultos
1466 1585 1651 1640 saeculi
1683 1602 1847 1640 mun-

274 1668 441 1735 dique
482 1667 806 1737 sapientiam
856 1685 963 1723 non
998 1670 1285 1737 habentes,
1320 1689 1622 1742 provocans
1654 1678 1717 1730 ad
1770 1679 1855 1731 bi-

275 1760 515 1812 bendum
555 1780 566 1813 :
600 1769 658 1813 et
693 1769 750 1813 ut
792 1778 896 1815 non
940 1762 1115 1817 solum
1158 1764 1344 1819 vinum
1375 1782 1643 1832 eluamus,
1677 1770 1768 1823 sed
1798 1778 1852 1824 et

1959 583 2177 642 pactum
2201 575 2593 643 sempiternum
2617 591 2632 627 :
2654 573 3061 627 misericOrdias
3084 572 3250 627 David
3277 573 3479 627 ﬁdeles.
3508 589 3531 625 ι

1958 660 2099 716 LXX
2132 680 2145 716 :
2183 679 2201 713 ι
2235 662 2433 717 Audite
2466 679 2573 727 me,
2601 671 2657 715 et
2687 663 2952 716 comedite
2979 663 3118 718 bona
3147 663 3189 728 ³,
3219 672 3274 717 et
3305 664 3539 718 delecta-

1959 756 2104 809 bitur
2146 757 2199 809 in
2232 757 2391 811 bonis
2418 755 2598 809 anima
2628 766 2827 809 vestra.
2858 754 3139 810 Attendite
3177 755 3398 810 auribus
3446 772 3539 809 vc-

1957 847 2120 911 stris,
2160 856 2213 898 et
2248 846 2539 913 sequimini
2592 847 2707 899 vias
2745 862 2894 903 meas
2936 857 3037 902 :et
3085 848 3272 902 audite
3322 864 3442 912 me,
3479 858 3532 902 et

1958 938 2093 991 vivet
2130 938 2181 989 in
2219 938 2378 992 bonis
2414 939 2593 992 anima
2640 950 2837 993 vestra.
2878 939 2941 992 Et
2994 943 3320 993 constituam
3370 942 3526 995 vobis

1960 1035 2341 1080 testamentum
2389 1035 2676 1092 mternnm,
2707 1039 2895 1081 sancta
2946 1030 3112 1082 David
3165 1029 3360 1082 lidelia.
3398 1047 3416 1079 ι
3448 1028 3529 1082 Ne

1957 1119 2079 1186 quis
2110 1127 2325 1188 putaret
2359 1120 2602 1175 auditum
2644 1122 2826 1175 carnis
2874 1135 3013 1184 esse,
3050 1136 3153 1173 non
3208 1122 3425 1183 mentis,
3459 1120 3529 1175 ad

1956 1225 2115 1278 quem
2146 1213 2467 1265 cohortatur
2495 1213 2778 1266 audituros
2805 1227 2987 1267 sermo
3010 1214 3241 1277 divinus,
3274 1227 3380 1266 non
3408 1227 3531 1266 caro

1958 1302 2042 1355 nis
2070 1301 2173 1357 illis
2198 1304 2362 1367 bona,
2388 1304 2482 1358 sed
2505 1304 2700 1359 anima:
2723 1306 3033 1374 pollicetur.
3065 1306 3128 1361 Si
3145 1310 3304 1369 enim,
3329 1308 3529 1375 inquit,

1957 1393 2233 1446 audieritis
2259 1409 2358 1458 me,
2385 1395 2518 1447 bona
2549 1406 2703 1448 terra:
2730 1397 3009 1450 comedetis
3036 1396 3169 1468 (ἔδει.
3199 1414 3236 1463 ι,
3269 1398 3374 1470 l9).
3404 1400 3532 1454 Sive

1957 1482 2167 1547 bonum,
2218 1484 2306 1552 qui
2356 1485 2533 1548 dicit,
2570 1484 2682 1555 Ego
2733 1503 2849 1540 sum
2897 1499 3081 1555 pastor
3126 1493 3293 1544 bonus
3340 1489 3526 1559 (Joan.

1957 1589 2006 1636 ι,
2052 1575 2159 1644 ll).
2197 1573 2260 1627 Et
2307 1577 2663 1632 delectabitur
2706 1581 2759 1632 iu
2808 1580 2963 1635 bonis
2992 1590 3047 1634 et
3085 1581 3138 1634 in
3171 1581 3531 1637 crassitudine

1957 1668 2137 1719 anima
2189 1679 2389 1721 vestra.
2426 1666 2567 1735 Ergo
2614 1670 2776 1733 bona,
2815 1684 2936 1740 qua:
2970 1671 3164 1725 anima:
3201 1674 3527 1742 repromissa

1956 1769 2105 1819 sunt,
2141 1774 2245 1811 non
2299 1759 2521 1823 divitias,
2563 1769 2619 1813 et
2668 1762 2913 1828 corporis
2964 1763 3195 1827 sanitas,
3245 1773 3299 1816 et
3341 1765 3527 1819 δεηθείη

272 1852 377 1915 lae,
420 1852 568 1920 quod
609 1854 884 1920 signiﬁcat
930 1854 1299 1909 innocentiam
1351 1859 1721 1927 parvulorum,
1758 1878 1827 1931 qu

1959 1849 2267 1915 dignitates,
2301 1863 2421 1917 quae
2450 1847 2614 1902 etiam
2660 1849 2961 1919 philosophi
3009 1853 3284 1921 appellant
3318 1852 3532 1907 indide-

275 1958 391 1994 mos
419 1961 484 1995 ac
521 1955 675 2016 typus
705 1946 757 1999 iu
793 1944 1109 2002 Occidentis
1140 1948 1400 2005 Ecclesiis
1428 1956 1442 1983 ¹
1477 1952 1641 2006 hodie
1674 1970 1849 2024 usque

270 2045 548 2100 servatur,
602 2048 659 2089 ut
711 2041 917 2093 renatis
945 2041 999 2092 itt
1029 2039 1247 2096 Clu-isto
1309 2044 1491 2096 viuum
1529 2045 1722 2114 lacqne
1758 2050 1851 2101 tri-

269 2127 498 2182 buatur.
559 2125 631 2182 De
687 2144 795 2197 quo
862 2131 1002 2186 lacte
1056 2132 1273 2188 dicebat
1335 2145 1391 2189 et
1445 2134 1688 2191 Paulus:
1741 2140 1849 2193 Lac

268 2223 413 2273 vobis
447 2232 630 2287 potum
669 2223 811 2285 dedi,
844 2240 946 2276 non
976 2225 1201 2279 solidum
1230 2228 1401 2282 cibum
1428 2229 1478 2300 (1
1512 2230 1633 2286 Cor.
1658 2249 1740 2298 ιιι,
1769 2234 1847 2302 2),

272 2312 333 2364 Et
372 2312 575 2367 Petrus
611 2329 627 2365 :
660 2312 826 2379 Quasi
868 2318 1023 2369 modo
1058 2320 1172 2370 nati
1202 2320 1439 2387 parvuli,
1474 2322 1737 2377 rationale
1766 2324 1848 2378 lac

267 2404 566 2458 desiderate
597 2404 647 2474 (Ι
684 2405 827 2461 Petr.
863 2423 920 2471 ll,
945 2406 1024 2477 ἓ).
1071 2408 1221 2463 Unde
1250 2422 1305 2463 et
1331 2409 1543 2482 Moyses
1574 2414 1759 2465 vinum
1793 2424 1848 2472 et

271 2495 355 2547 lac
383 2494 445 2546 in
477 2493 681 2549 Christi
715 2497 1026 2564 intelligens
1060 2501 1315 2566 passione
1348 2502 1389 2562 ².
1450 2503 1681 2572 mystico
1728 2519 1848 2558 ser-

271 2599 433 2638 tnone
466 2595 691 2641 testatur
718 2605 732 2641 :
765 2587 1001 2642 Gratiosi
1027 2590 1169 2642 oculi
1194 2591 1310 2655 eius
1338 2609 1370 2645 α
1393 2593 1534 2656 vino,
1565 2603 1614 2647 et
1633 2595 1848 2649 candidi

268 2677 453 2731 dentes
508 2677 623 2746 eius
672 2696 704 2732 a
757 2679 894 2735 lacte
946 2681 1101 2750 (Gen.
1148 2698 1290 2747 xm,
1322 2683 1434 2755 12).
1466 2684 1572 2741 Pro
1612 2687 1753 2742 lacte
1791 2688 1844 2742 in

270 2772 532 2838 praesenti
571 2773 691 2825 loco
730 2770 867 2826 LXX
920 2774 1132 2843 adipem
1167 2778 1594 2832 transtulerunt.
1629 2779 1705 2835 De
1737 2795 1846 2849 quo

270 2871 499 2916 sanctus
538 2861 703 2917 David
728 2863 780 2916 in
808 2863 1024 2921 Psalmo
1055 2882 1070 2920 :
1101 2866 1249 2921 Sicut
1276 2868 1429 2936 adipe
1455 2879 1503 2923 et
1531 2871 1845 2942 pinguedine

268 2954 544 3024 repleatur
567 2955 747 3008 animo
767 2970 880 3008 mea
906 2955 1080 3025 (Psal.
1110 2972 1247 3023 ι.ιιιι,
1275 2959 1329 3028 6)
1355 2975 1370 3024 ;
1392 2968 1446 3014 et
1470 2960 1523 3015 in
1553 2961 1661 3016 alio
1677 2962 1796 3017 loco
1824 2978 1839 3017 :

267 3047 481 3101 Cibavit
510 3062 600 3101 eos
621 3049 684 3102 de
714 3047 873 3118 adipe
899 3048 1180 3116 frumenti,
1208 3059 1260 3105 et
1280 3052 1345 3105 de
1381 3062 1531 3121 petra
1571 3053 1725 3107 melle
1755 3071 1845 3109 sa-

264 3135 464 3194 turavit
493 3155 581 3195 eos
607 3137 782 3210 (Psal.
813 3155 978 3204 Lux,
1006 3140 1120 3212 i7).
1167 3141 1274 3209 Qui
1310 3144 1497 3213 adipes
1547 3160 1653 3199 nou
1689 3144 1837 3201 aliud

264 3245 434 3299 quam
486 3232 772 3301 mysticam
808 3246 1031 3287 carnem
1068 3243 1289 3290 sonant.
1334 3235 1414 3289 Ad
1453 3252 1618 3306 quam
1661 3235 1844 3293 Domi-

266 3337 365 3377 nus
404 3321 710 3391 discipulos
734 3323 1078 3389 hortabatur,
1116 3324 1305 3380 dicens
1338 3342 1356 3381 :
1391 3324 1517 3382 Nisi
1549 3330 1843 3384 comederi-

264 3411 330 3465 tis
358 3428 581 3466 carnem
609 3429 801 3476 meam.
835 3425 884 3469 et
913 3415 1146 3471 biberitis
1180 3419 1490 3487 sanguinem
1515 3436 1709 3487 meum,
1737 3438 1841 3477 non

263 3503 522 3559 habebitis
554 3506 718 3559 vitam
750 3507 806 3560 in
841 3508 981 3562 uobis
1012 3507 1199 3579 (Joan.
1243 3524 1316 3575 vt,
1353 3509 1469 3580 54).
1513 3509 1671 3568 Unde
1700 3525 1754 3568 et
1786 3516 1837 3570 in

268 3594 611 3650 (iethsemani
672 3600 900 3655 traditus
957 3611 1062 3665 est,
1120 3601 1262 3669 quod
1324 3601 1597 3671 signiﬁcat
1646 3606 1835 3661 vallem

266 3688 538 3757 adipeatn,
569 3687 685 3743 sive
712 3691 1131 3759 pinguissimam.
1163 3690 1446 3763 Simulque
1473 3695 1714 3767 increpat
1744 3715 1839 3755 eos

261 3780 349 3845 qui
399 3789 709 3848 sequuntur
739 3782 1064 3851 sapientiam
1102 3784 1421 3841 saecularem
1447 3795 1502 3840 et
1548 3804 1833 3855 perversas

261 3867 642 3924 haereticorum
681 3872 1072 3942 simulatasque
1091 3875 1392 3943 doctrinas,
1436 3889 1492 3933 et
1529 3877 1838 3938 Phariswo-

262 3970 376 4010 rum
407 3959 748 4025 traditiones,
775 3976 1101 4031 omnemque
1124 3964 1245 4018 falsi
1272 3967 1509 4021 nominis
1526 3969 1831 4037 scientiam,

258 4064 375 4117 qua:
431 4050 676 4104 elevatur
724 4064 914 4107 contra
967 4055 1156 4120 Deum,
1191 4066 1247 4111 et
1279 4060 1491 4129 magnis
1540 4063 1733 4130 pretiis
1771 4077 1835 4117 ac

260 4138 445 4195 labore
477 4142 735 4197 continuo
762 4144 1077 4212 appendnnt
1128 4158 1414 4217 argentum
1446 4165 1547 4219 pro
1580 4160 1640 4205 ea
1674 4154 1835 4207 disci-

258 4230 419 4298 plina,
470 4233 524 4285 in
582 4247 687 4300 qua
738 4248 847 4289 non
896 4234 1062 4306 645
1114 4245 1243 4291 sunt
1300 4254 1492 4314 panes,
1541 4250 1597 4295 et
1631 4243 1830 4296 sudant

256 4336 354 4390 pro
384 4323 473 4379 bis
531 4324 689 4388 cibis,
749 4325 805 4378 in
859 4328 1064 4395 quibus
1121 4329 1266 4383 nulla
1316 4332 1575 4388 saturitas
1609 4341 1716 4390 est.
1749 4333 1827 4389 Ex

253 4428 359 4481 quo
384 4415 690 4468 ostenditur
704 4430 822 4469 eam
844 4419 1157 4473 sectandam
1190 4436 1313 4476 esse
1326 4423 1673 4493 sapientiam,
1703 4441 1823 4494 qua:

1956 1940 2150 2003 rentia,
2185 1940 2234 1991 id
2262 1949 2369 2005 est,
2403 1955 2503 1994 nec
2538 1942 2699 2006 bona,
2730 1957 2829 1996 nec
2858 1942 3015 2007 mala,
3046 1951 3100 1997 et
3135 1960 3233 2011 pro
3258 1946 3522 1999 utentium

1953 2028 2212 2093 qualitate
2241 2030 2554 2096 variantur;
2583 2031 2677 2085 sed
2714 2032 2800 2085 illa
2833 2033 3102 2086 credenda
3138 2044 3282 2099 sunt,
3310 2036 3375 2089 ad
3404 2052 3525 2106 quae

1954 2133 2053 2172 nos
2078 2122 2401 2176 cohortatur
2432 2123 2573 2178 Deus
2599 2164 2614 2187 ,
2653 2122 2868 2177 Declina
2897 2142 2930 2178 a
2960 2126 3124 2190 malo,
3152 2137 3201 2179 et
3225 2129 3312 2197 [ac
3335 2129 3525 2184 bonum

1955 2210 2130 2281 (Psal.
2162 2228 2345 2279 χχχιιι,
2375 2213 2491 2286 27).
2527 2213 2623 2269 Sin
2649 2225 2827 2270 autem
2860 2216 2998 2271 bona
3029 2220 3242 2285 animm,
3272 2220 3529 2277 honestas

1951 2305 2288 2374 virtutesque
2316 2307 2602 2373 dicuntur;
2630 2323 2759 2375 ergo
2793 2320 2848 2364 et
2887 2311 3046 2372 mala,
3078 2326 3181 2364 non
3214 2324 3523 2381 paupertas,

1950 2405 2004 2449 et
2038 2398 2324 2453 inﬁrmitas
2352 2401 2617 2468 corporis,
2651 2412 2703 2456 et
2734 2403 3045 2472 ignobilitas
3075 2408 3408 2473 accipienda,
3430 2409 3522 2463 sed

1948 2489 2128 2542 omnia
2157 2490 2306 2556 vitia,
2333 2508 2450 2559 qua:
2477 2509 2603 2548 vere
2636 2495 2771 2548 mala
2804 2505 2950 2550 sunt.
2978 2495 3218 2567 Denique
3245 2499 3519 2554 Abraham

1950 2594 2055 2633 non
2090 2581 2213 2637 ideo
2245 2583 2380 2637 bona
2414 2584 2625 2651 habuit,
2653 2589 2777 2656 quia
2810 2587 2962 2643 dives
2994 2588 3113 2653 fuit,
3158 2591 3251 2645 sed
3282 2592 3407 2662 quia
3438 2593 3521 2647 di-

1948 2672 2092 2728 vitiis
2142 2673 2280 2729 bene
2314 2692 2444 2732 osus
2491 2686 2572 2731 est
2626 2677 2780 2749 (Gen.
2834 2680 2979 2752 stu).
3031 2681 3099 2735 Et
3144 2682 3384 2740 Lazarus
3429 2688 3521 2755 qui

1945 2774 2132 2833 postea
2184 2767 2452 2837 requievit
2488 2769 2537 2822 in
2591 2770 2710 2824 sinu
2760 2770 2912 2841 ejus,
2963 2787 3068 2826 non
3122 2771 3324 2829 idcirco
3378 2776 3517 2830 mala

1946 2856 2227 2924 sustinuit,
2274 2859 2400 2928 quia
2430 2873 2554 2915 cum
2598 2870 2840 2932 egestate
2886 2877 3078 2932 passus
3110 2876 3193 2919 est
3242 2873 3516 2922 tormenta

1947 2947 2280 3015 morborum,
2326 2952 2422 3005 sed
2454 2951 2613 3008 malis
2659 2967 2779 3022 quae
2826 2953 3159 3023 palabantur
3203 2956 3257 3010 iu
3295 2959 3521 3029 sarculo,

1945 3056 2069 3095 vera
2102 3041 2238 3095 bona
2273 3053 2355 3097 est
2386 3054 2735 3100 consecutus.
2769 3044 2923 3101 Unde
2966 3055 3020 3101 et
3065 3047 3216 3103 dives
3250 3048 3341 3104 ille
3387 3065 3518 3118 pur-

1945 3145 2173 3204 puratus
2212 3138 2416 3207 recepit
2466 3138 2602 3193 bona
2657 3153 2754 3193 sua
2808 3141 2861 3194 in
2916 3138 3025 3195 vita
3079 3155 3213 3208 sua,
3266 3157 3387 3212 qua:
3440 3143 3519 3198 illi

1944 3238 2100 3279 erant
2132 3226 2296 3293 bona,
2326 3229 2416 3297 qui
2446 3244 2509 3283 ea
2546 3229 2912 3285 arbitrabatur
2941 3232 3078 3287 bona
3111 3230 3260 3302 (Luc.
3298 3233 3433 3307 xw),
3463 3245 3520 3290 et

1943 3319 2011 3373 de
2036 3317 2241 3374 Lazaro
2292 3337 2398 3377 non
2437 3336 2468 3376 θ
2506 3323 2781 3377 contrario
2830 3323 3031 3379 dicitur
3060 3365 3075 3387 ,
3105 3323 3327 3390 [tet-epit
3374 3328 3513 3383 mala

1942 3425 2038 3465 sua
2076 3412 2128 3465 in
2164 3412 2270 3468 vita
2300 3428 2428 3478 sua;
2462 3414 2558 3470 sed
2586 3416 2781 3484 recepit
2813 3418 2954 3471 mala
2983 3420 3038 3470 in
3063 3421 3167 3472 vita
3198 3420 3363 3491 646
3390 3438 3509 3484 sua,

1941 3518 2063 3572 quae
2098 3506 2241 3560 mala
2291 3522 2396 3561 non
2444 3506 2545 3574 illi,
2587 3507 2679 3578 qui
2722 3509 3046 3577 patiebatur,
3080 3514 3173 3566 sed
3219 3514 3338 3569 aliis
3368 3514 3517 3567 vide-

1941 3598 2159 3653 bantur.
2190 3600 2482 3671 Utriusque
2521 3603 2596 3657 rei
2641 3603 2943 3672 exemplum
2979 3604 3133 3657 nobis
3168 3604 3356 3658 tribuit
3390 3608 3515 3660 hc..-

1943 3704 2028 3748 tus
2057 3693 2180 3761 Job,
2209 3696 2298 3763 qui
2328 3710 2430 3751 nec
2459 3696 2511 3750 iu
2540 3696 2694 3752 bouis
2724 3712 2820 3750 nec
2854 3698 2904 3749 in
2942 3696 3096 3750 malis
3125 3699 3305 3751 swculi
3336 3700 3511 3754 victus

1939 3795 2056 3853 est,
2117 3790 2212 3842 sed
2268 3790 2445 3842 omnia
2503 3790 2617 3860 pari
2680 3789 2877 3844 mentis
2934 3788 3189 3843 ﬁrmitate
3251 3790 3512 3844 sustinuit

1940 3877 2064 3950 (Job
2112 3880 2196 3953 tt).
2243 3880 2605 3948 Quamobrem
2661 3882 2915 3935 Salomon
2979 3891 3232 3952 precatur
3291 3884 3454 3937 Deum
3490 3926 3504 3949 ,

1936 3973 2168 4026 Divitias
2209 3982 2259 4027 et
2289 3982 2650 4042 paupertatem
2683 3988 2746 4025 ne
2788 3973 2993 4027 dederis
3042 3975 3188 4026 mihi.
3238 3972 3508 4028 Constitue

1936 4071 2113 4118 autem
2140 4064 2271 4117 mihi
2305 4081 2421 4134 qua:
2460 4077 2578 4118 sunt
2612 4066 2772 4118 victui
2813 4082 2924 4118 meo
2965 4067 3260 4120 necessaria
3292 4077 3339 4119 el
3369 4069 3506 4138 stt/fi-

1934 4154 2148 4218 cientia,
2181 4170 2244 4206 ne
2263 4164 2534 4209 saturatus
2559 4158 2781 4208 mendax
2805 4156 3021 4223 e/Iiciar,
3050 4164 3099 4209 el
3127 4159 3296 4209 dicam
3325 4174 3343 4211 :
3371 4158 3506 4223 Quis

1934 4259 2017 4297 me
2038 4242 2176 4297 videt
2195 4244 2222 4296 ?
2252 4256 2342 4298 aut
2371 4261 2521 4313 egeas
2546 4248 2692 4313 [urer
2719 4256 2766 4301 et
2788 4245 3049 4315 perjurem
3078 4263 3263 4301 nomen
3296 4248 3504 4303 Domini

1932 4334 2115 4408 (Prov.
2164 4351 2219 4400 Χ,
2251 4335 2304 4401 8,
2351 4337 2425 4406 9).
2479 4336 2535 4391 Si
2579 4349 2755 4391 autem
2790 4339 2891 4393 hoc
2935 4340 3275 4408 deprecatur,
3311 4352 3365 4395 ut
3405 4359 3504 4397 nec

1930 4428 2151 4483 divitias
2178 4428 2396 4493 habeat,
2425 4444 2524 4482 nec
2554 4440 2941 4498 paupertatem,
2973 4435 3065 4486 sed
3094 4443 3297 4487 tantum
3325 4436 3501 4489 victus

254 4518 360 4556 non
387 4513 477 4558 est
514 4503 567 4556 in
603 4504 748 4560 foliis
781 4519 847 4560 ac
871 4507 1006 4561 tlore
1048 4510 1370 4577 verborum,
1397 4516 1491 4569 sed
1524 4514 1576 4568 in
1609 4515 1821 4569 tucdul-
1860 4531 1903 4584 ι)
1931 4520 2259 4585 necessaria,
2294 4523 2358 4573 de
2389 4519 2583 4589 quibus
2616 4532 2671 4574 et
2700 4521 2988 4589 Aposmlns
3031 4524 3161 4578 dicit
3188 4564 3202 4588 ,
3232 4525 3497 4579 Habentes

253 4595 316 4649 lis
338 4610 405 4650 ac
430 4597 703 4652 fructibus
730 4613 1029 4665 sensuum;
1061 4616 1185 4670 qua:
1216 4618 1322 4658 ιιοιι
1365 4621 1552 4660 aurem
1596 4617 1824 4677 printer-

250 4686 416 4752 volat,
451 4689 547 4741 sed
569 4688 809 4742 animum
837 4689 1034 4745 reﬁcit.
1073 4691 1250 4758 Quam
1284 4706 1340 4749 ut
1378 4697 1679 4761 discamus,
1716 4718 1823 4756 non

251 4781 547 4835 transimus
577 4782 772 4846 maria,
799 4798 901 4838 nec
923 4799 1134 4854 magnis
1156 4788 1464 4857 sumptibus
1490 4791 1819 4860 indigemus,

249 4872 342 4926 sed
370 4888 540 4942 prope
588 4887 672 4930 est
697 4876 923 4930 verbum
978 4876 1034 4931 ιιι
1070 4892 1168 4933 ore
1221 4891 1436 4949 nostro,
1472 4890 1528 4938 et
1561 4882 1617 4937 in
1653 4886 1820 4939 corde

247 4976 460 5021 llOSll'O.

315 5055 499 5126 (νει-ιι.
536 5057 589 5126 2,
621 5059 699 5125 3.)
734 5078 755 5112 ι
786 5061 988 5116 Audite
1032 5062 1308 5117 audientes
1358 5079 1485 5130 me,
1534 5074 1589 5120 et
1637 5081 1821 5123 eome-

246 5147 356 5203 dite
388 5150 586 5204 bonum
628 5163 683 5206 et
713 5153 1072 5208 delectabitur
1136 5154 1188 5208 iu
1234 5156 1598 5213 crassitudine
1633 5161 1815 5216 anima

245 5250 447 5293 vestra.
484 5239 745 5297 Inclinate
772 5258 958 5297 aurem
990 5253 1250 5313 vestram,
1280 5255 1337 5300 et
1364 5247 1542 5302 venite
1574 5250 1642 5303 ad
1677 5264 1767 5304 me
1798 5268 1813 5305 :

317 5442 333 5472 ⁸
360 5440 678 5498 Adnotanda
719 5459 783 5499 ex
828 5443 930 5500 hoc
966 5447 1087 5501 loco
1118 5444 1331 5501 Veteris
1362 5443 1621 5505 Ecclesiae
1673 5467 1810 5506 cou-

241 5513 501 5579 suetudo,
547 5523 600 5565 et
650 5516 798 5569 varia
846 5515 1274 5571 Occidentalium
1323 5519 1392 5571 ab
1443 5519 1813 5578 Orientalibus

240 5582 540 5650 disciplina.
574 5580 810 5655 orientis
837 5590 1039 5655 quippe
1066 5587 1325 5641 Ecclesiae
1359 5589 1445 5642 lac
1487 5600 1542 5643 et
1578 5591 1682 5645 mel
1722 5610 1810 5647 re-

239 5667 370 5725 cens
397 5654 680 5725 baptizatis
714 5654 1085 5725 porrigebaut,
1115 5656 1428 5711 Occidentis
1457 5673 1584 5712 vero
1620 5663 1808 5717 viuum

238 5732 290 5773 et
319 5723 420 5773 lac.
450 5723 651 5777 Confer
680 5740 799 5794 qua:
828 5723 970 5779 docti
1001 5729 1098 5779 viri
1135 5726 1188 5780 iu
1223 5725 1518 5793 Epistulam
1547 5728 1811 5787 Barnabas

237 5803 646 5861 «ingesserunt,
693 5806 745 5850 et
781 5796 1123 5853 Rosweidum
1174 5796 1241 5850 ad
1279 5794 1455 5853 Vitam
1491 5799 1549 5855 S.
1593 5800 1806 5859 Pachu-

1926 4614 2122 4667 uictttm
2146 4624 2193 4667 et
2216 4615 2483 4677 vestitum,
2504 4615 2586 4667 his
2608 4615 2837 4669 contenti
2859 4632 3039 4670 sumus
3068 4617 3117 4687 (1
3139 4616 3251 4670 Tim
3304 4634 3375 4681 vt,
3401 4619 3454 4687 8)
3480 4658 3498 4685 ,

1928 4705 2272 4773 perspicuum
2305 4716 2387 4760 εει
2416 4705 2635 4760 divitias
2667 4717 2720 4759 et
2760 4718 3075 4777 egestatem,
3109 4708 3395 4762 sanitatem
3440 4720 3494 4762 ct

1926 4793 2263 4865 languorem,
2298 4795 2631 4866 voluptatem
2679 4807 2840 4868 atque
2880 4800 3173 4863 cruciatus,
3222 4814 3320 4850 nec
3356 4800 3493 4852 bona

1925 4901 2046 4943 esse
2091 4903 2191 4944 nec
2237 4889 2414 4951 mala,
2471 4891 2563 4943 sed
2601 4905 2698 4959 pro
2739 4888 3123 4945 sustinentium
3178 4890 3494 4948 diversitate

1925 4977 2065 5033 bona
2096 4990 2147 5035 et
2183 4983 2321 5034 mala
2353 4981 2493 5036 ﬁeri.
2527 4981 2669 5052 Ergo
2696 4999 2798 5035 non
2820 4981 2975 5051 juxta
2997 4980 3301 5049 χιλιαστὰς,
3326 4999 3490 5053 opum

1923 5071 2335 5137 abundantiam,
2369 5081 2422 5124 et
2464 5071 2726 5125 delicatos
2767 5073 2940 5134 cibos,
2970 5080 3027 5124 et
3070 5073 3488 5128 crassitudinem

1922 5163 2188 5233 corporis,
2224 5164 2581 5233 phasidesque
2611 5173 2662 5217 ct
2697 5162 2862 5217 fartos
2893 5175 3127 5219 turtures
3157 5167 3199 5229 ⁸,
3235 5167 3489 5233 mulsum,

1921 5272 2155 5323 tnerntn,
2209 5270 2438 5312 uxorum
2473 5257 2952 5328 pulchritudinem,
2987 5257 3235 5311 examina
3286 5260 3490 5313 libero-

1920 5458 2035 5522 tuii,
2067 5466 2122 5512 et
2151 5452 2491 5512 Edmundum
2527 5457 2782 5521 Maricae,
2814 5456 2907 5512 lib.
2941 5474 2953 5511 I
2981 5456 3044 5511 de
3076 5456 3307 5511 Ritibus.

1990 5530 2367 5582 ’Atnbrosian.
2404 5532 2682 5591 vetustior,
2716 5543 2847 5583 sane
2880 5532 3243 5582 cohaerentius
3281 5541 3481 5596 propo-

1917 5598 2057 5679 sitp,_
2074 5601 2394 5665 possessione
2427 5599 2589 5679 habet
2615 5613 2709 5666 pro
2732 5601 2995 5679 passione.
3179 5667 3210 5679 η
3340 5667 3372 5679 7.

1986 5668 2007 5699 ³
2038 5667 2096 5721 in
2127 5672 2313 5739 eodem
2339 5668 2707 5739 Ambrosiam,
2734 5667 3013 5739 comeditis
3044 5682 3063 5720 :
3089 5667 3266 5721 malim
3300 5667 3491 5739 utique

1916 5739 2196 5791 comedetis
2232 5737 2384 5807 juxta
2412 5738 2654 5793 Graecum
2692 5738 2956 5807 φάγεσθε.

1987 5808 2009 5839 ⁸
2042 5809 2208 5875 Idem,
2243 5824 2461 5879 avesque
2488 5809 2732 5877 phasitles
2763 5821 2809 5864 et
2855 5824 3057 5863 crassos
3090 5818 3341 5875 turtures,
3372 5817 3484 5864 etc.
