3902 6182
363 361 466 424 551

1537 362 1595 423 S.
1644 363 1738 422 EU
1757 361 1959 420 SEBll
2009 361 2058 420 l-l
2073 358 2452 419 [ERON’YMI

3509 370 3622 433 552

359 491 507 540 rum,
545 472 808 530 Dominus
839 475 1034 531 anima:
1065 477 1368 548 pollicetur,
1403 477 1496 533 sed
1540 479 1660 532 illas
1690 477 1933 537 delicias,
1967 488 2008 544 Α
2034 474 2150 528 tum
2185 473 2520 540 Judteortnn,
2548 480 2606 526 ut
2635 473 2960 530 inclinarent
2989 490 3170 532 aurem
3205 494 3382 544 suam,
3409 492 3462 538 et
3527 502 3626 556 pa-

359 568 429 620 ad
462 582 597 636 quas
646 583 743 621 nos
795 569 1023 638 mystice
1061 579 1319 638 provocat
1363 569 1594 625 dicens:
1633 568 1930 630 Delectare,

358 659 478 714 sive
502 657 702 712 deliciis
732 659 907 728 fricare
934 663 987 713 in
1020 659 1263 725 Domino,
1290 670 1342 714 et
1366 661 1510 714 dabit
1539 661 1633 714 tibi
1659 661 1936 729 petitiones

359 750 535 803 cordis
580 751 656 804 tui
699 749 874 819 (Psal.
915 767 1096 815 xxxvr,
1131 752 1220 821 4);
1251 763 1306 806 et
1343 754 1511 818 alibi,
1542 752 1712 809 Credo
1759 754 1938 806 uidere

360 843 496 894 bona
526 840 735 894 Domini
764 844 816 894 in
843 852 985 895 terra
1021 844 1296 896 viventium
1331 844 1508 913 (Psal.
1545 861 1693 909 xxv't,
1727 845 1849 912 l5);
1884 855 1938 900 et

364 933 415 986 in
470 934 578 986 alio
622 933 829 1000 psalmo
857 971 873 996 ,
906 932 1160 996 Benedic,
1217 936 1398 988 anima
1436 952 1572 1000 mea,
1611 936 1854 1000 Domino,
1888 943 1937 989 et

358 1027 538 1083 onmia
563 1025 822 1080 interiora
849 1042 964 1078 mea
989 1041 1171 1080 nomen
1202 1035 1444 1080 sanctum
1469 1029 1602 1094 ejus.
1633 1027 1735 1092 Qui
1759 1025 1936 1094 implet

357 1121 415 1172 in
446 1120 593 1171 bonis
629 1117 947 1170 desiderium
992 1127 1141 1170 tuum
1177 1117 1349 1185 (Psal.
1391 1134 1488 1184 cu,
1522 1119 1546 1171 1
1584 1129 1632 1172 et
1665 1120 1742 1188 ὃ).
1778 1117 1938 1172 Deni-

361 1223 467 1276 que
535 1207 701 1262 infert
733 1248 748 1272 ,
789 1209 987 1262 Audite
1042 1225 1164 1273 me,
1215 1218 1262 1262 et
1317 1211 1449 1264 uiuet
1505 1211 1685 1263 anima
1736 1221 1935 1265 vestra.

355 1298 610 1356 Omnium
692 1300 953 1356 bonorum
1029 1302 1374 1369 promissio,
1479 1303 1588 1356 vita
1653 1309 1938 1357 estsem-

358 1394 593 1460 piterua.
629 1393 782 1458 Quod
814 1393 858 1446 si
891 1393 1168 1447 volueritis
1193 1395 1401 1459 audire,
1437 1401 1492 1448 et
1534 1392 1715 1447 anima
1752 1403 1936 1448 vestra

359 1485 561 1538 vixerit
596 1484 649 1538 in
679 1494 966 1549 aeternum,
1001 1483 1190 1538 feriam
1225 1485 1499 1540 vobiscum
1533 1493 1750 1554 pactum
1797 1499 1940 1538 sem-

361 1578 662 1648 piternum,
717 1575 1120 1631 misericordias
1162 1575 1333 1629 David
1383 1575 1588 1631 fideles.
1625 1575 1700 1629 De
1731 1576 1936 1645 quibus

360 1669 504 1723 idem
536 1668 822 1723 Psalmista
868 1672 1122 1723 cantabat
1165 1685 1179 1722 :
1213 1667 1606 1722 Misericordias
1639 1668 1853 1721 Domini
1883 1670 1936 1721 in

361 1769 615 1814 attentum
651 1759 898 1814 cantabo.
932 1757 994 1811 In
1029 1760 1365 1822 generatione
1395 1769 1441 1812 el
1470 1759 1802 1828 generatione
1841 1777 1937 1813 att-

2039 577 2187 620 ctmn
2220 565 2528 634 acciperent
2562 567 2970 636 sempiternum,
3000 572 3139 636 quod
3173 571 3428 627 Dominus
3449 575 3625 630 David

2043 657 2454 726 repromiscrat,
2486 668 2540 712 et
2572 657 2868 722 Abraham,
2897 675 2960 713 ac
2988 663 3182 716 semini
3215 665 3351 734 ejus,
3388 669 3582 722 dicens
3609 707 3627 732 ,

2040 747 2106 802 In
2149 749 2344 825 semine
2383 759 2472 803 tuo
2507 749 2878 803 benedicentur
2909 763 3084 820 gentes
3131 755 3284 824 (Gen.
3330 773 3468 822 xx",
3507 759 3627 827 18).

2039 823 2196 907 Quod
2227 840 2508 909 apostolus
2537 839 2735 896 Paulus
2766 843 3076 900 edisserens
3103 888 3119 911 ,
3142 823 3273 899 Non
3310 850 3471 908 dixit.
3520 853 3628 916 ait,

2039 931 2094 982 in
2146 930 2430 984 seminibus
2469 945 2489 984 :
2527 931 2618 984 sed
2644 971 2660 996 ,
2705 932 2762 985 in
2801 935 3030 1000 semine,
3074 937 3214 1004 quod
3259 948 3336 990 est
3375 938 3630 996 Christus

2039 1021 2243 1093 (Galat.
2275 1039 2356 1087 ιιι,
2394 1022 2506 1091 16).
2539 1024 2603 1077 Ει
2636 1023 2760 1094 quia
2801 1027 3029 1090 sciebat,
3065 1027 3170 1082 illis
3201 1044 3309 1082 non
3339 1031 3630 1086 credenti—

2037 1115 2162 1174 bus.
2201 1114 2513 1168 credituros
2546 1129 2667 1169 esse
2717 1116 2941 1184 populos
2992 1119 3292 1185 nationum,
3324 1123 3527 1177 transit
3561 1124 3631 1177 ad

2039 1215 2258 1275 gentes;
2291 1215 2343 1261 et
2374 1207 2504 1261 dicit
2554 1207 2764 1262 misisse
2793 1223 2852 1263 se
2888 1208 3080 1264 Filium
3115 1227 3269 1265 suum
3307 1222 3504 1268 testem
3545 1214 3633 1268 vel

2041 1297 2414 1352 testimonium
2471 1309 2792 1352 cunctarum
2850 1301 3129 1369 gentium,
3199 1303 3290 1371 qui
3344 1317 3627 1374 praecepta

2038 1387 2183 1443 illius
2239 1397 2405 1457 atque
2462 1390 2714 1441 mandata
2766 1389 2979 1457 populis
3037 1394 3344 1457 nuntiaret,
3400 1398 3499 1464 qui
3562 1397 3633 1451 de

2038 1477 2218 1544 seipso
2249 1477 2488 1546 loquitur
2511 1517 2526 1543 ,
2554 1475 2769 1546 Oportet
2795 1482 3077 1546 praedicari
3100 1481 3444 1555 Evangelium
3473 1488 3631 1541 istud

2038 1570 2092 1623 in
2146 1569 2287 1622 omni
2352 1569 2506 1635 orbe,
2567 1571 2623 1623 in
2682 1573 3036 1625 testimonium
3108 1579 3308 1630 cunctis
3367 1581 3628 1648 gentibus

2041 1655 2258 1726 (Matth.
2308 1673 2454 1723 xxiv,
2507 1659 2616 1727 i4).
2670 1657 2912 1730 Denique
2947 1665 3348 1731 superbientem
3385 1665 3631 1723 Pilatum

2039 1747 2144 1802 hoc
2174 1763 2424 1804 sermone
2457 1751 2702 1805 conlutat
2729 1793 2744 1818 ,
2780 1750 2846 1805 1n
2880 1753 2976 1806 hoc
3017 1767 3174 1809 natus
3207 1774 3345 1822 sum,
3382 1769 3439 1812 ut
3475 1764 3633 1814 testi-

361 1849 619 1903 mmn'abo
652 1849 924 1901 veritatem
959 1858 1105 1901 mam
1141 1847 1316 1918 (Ρεαι,
1362 1863 1626 1911 unm],
1665 1850 1717 1912 1,
1759 1848 1838 1914 2),
1871 1847 1938 1902 Et
1971 1855 2010 1909 Β
2043 1840 2270 1894 monium
2305 1841 2567 1909 prwbeam
2604 1846 2808 1898 ueritati
2849 1845 3029 1917 (Joan.
3064 1865 3220 1915 svnt,
3253 1851 3365 1921 57).
3403 1853 3480 1908 De
3516 1872 3635 1920 quo

366 1949 424 1992 ιιι
471 1939 709 1992 Sciamus
743 1953 861 2007 quae
909 1938 1014 1991 sint
1066 1938 1182 1992 istm
1233 1940 1641 2005 misericordiae,
1692 1942 1936 2010 sequenti

367 2045 622 2085 sermone
650 2030 987 2084 demonstrat
1017 2049 1031 2086 :
1065 2028 1240 2106 Semel
1259 2032 1444 2100 juravi
1472 2033 1526 2086 in
1557 2042 1741 2086 sancto
1776 2050 1886 2087 meo
1916 2045 1938 2086 :

364 2122 412 2174 si
444 2120 608 2173 Dauid
645 2124 892 2185 mentiar,
925 2137 1096 2175 semen
1128 2126 1240 2190 ejus
1272 2125 1327 2176 in
1363 2125 1732 2192 sempiternum
1760 2115 1938 2178 mane-

365 2212 461 2278 bit,
499 2221 547 2264 et
596 2211 815 2264 thronus
852 2211 996 2266 illius
1027 2213 1166 2267 sicut
1206 2215 1284 2268 sol
1318 2216 1370 2268 in
1405 2229 1680 2285 conspectu
1717 2233 1852 2280 meo,
1889 2225 1938 2272 et

359 2306 499 2356 sicut
529 2304 658 2366 luna
699 2303 927 2372 perfecta
974 2306 1030 2358 in
1076 2319 1366 2374 teternum,
1406 2319 1451 2361 et
1508 2310 1652 2363 testis
1704 2311 1759 2362 in
1809 2310 1937 2364 caelo

359 2394 556 2462 ﬁdelis.
587 2394 688 2460 Qui
738 2395 939 2451 idcirco
985 2409 1211 2453 vocatur
1260 2399 1454 2463 fidelis,
1498 2403 1623 2471 quia
1669 2401 1936 2472 promissa

365 2487 767 2556 compleverit.
827 2486 934 2543 Pro
990 2489 1186 2558 quibus
1265 2491 1405 2546 LXX
1490 2495 1884 2550 transtulerunt
1919 2535 1936 2560 ,

362 2587 549 2632 sancta
608 2577 778 2632 David
839 2579 1020 2649 ﬁdelia
1101 2597 1120 2636 :
1180 2585 1346 2656 quod.
1370 2594 1550 2655 potest
1603 2602 1698 2656 pro
1765 2587 1937 2642 lirmis

364 2668 534 2736 accipi
569 2667 730 2739 647
762 2677 924 2738 atque
974 2671 1230 2728 robustis.
1265 2672 1336 2727 Ut
1381 2687 1466 2730 est
1517 2675 1690 2731 illud:
1722 2675 1936 2730 Fidelia

359 2761 538 2812 omnia
570 2763 821 2814 mandata
851 2760 962 2830 ejus
995 2778 1013 2816 :
1042 2764 1355 2832 conﬁrmata
1386 2768 1440 2820 in
1470 2769 1724 2822 saxulum
1751 2769 1936 2824 sa'cttli

358 2846 529 2916 (Psal.
549 2861 774 2915 cx,vttt,
803 2850 879 2920 8).
901 2851 1038 2906 Etin
1054 2851 1158 2906 alio
1179 2853 1299 2909 loco
1325 2872 1340 2910 :
1375 2856 1509 2911 Deus
1537 2857 1730 2927 ﬁdelis,
1753 2869 1802 2913 et
1833 2877 1937 2916 non

357 2950 436 2994 est
486 2943 741 3010 iniquitas
796 2943 850 2996 in
895 2959 955 2997 eo
1009 2943 1190 3014 (Deut.
1243 2963 1418 3016 χχχιι,
1451 2951 1528 3019 4).
1562 2951 1628 3004 Ει
1662 2953 1938 3022 apostolus

358 3031 606 3087 Paulus:
643 3033 704 3087 Si
754 3037 1136 3105 negaverimus,
1187 3038 1385 3110 inquit,
1430 3059 1570 3107 eum,
1603 3045 1715 3112 ipse
1760 3045 1935 3114 ﬁdelis

357 3138 532 3182 manet
565 3145 582 3182 :
617 3145 806 3200 negare
836 3132 1061 3200 seipsum
1110 3149 1210 3188 non
1243 3147 1412 3205 potest
1445 3136 1528 3207 (Il
1558 3138 1696 3194 Tim.
1727 3156 1788 3205 ιι,
1821 3141 1932 3210 15).

360 3217 425 3272 Ει
476 3220 530 3274 itt
585 3221 692 3276 alio
744 3222 862 3278 loco
907 3225 1155 3281 scribens
1200 3231 1266 3282 ad
1307 3227 1693 3297 Timotheum,
1729 3231 1932 3288 Fidelis

357 3325 550 3377 sermo,
596 3321 646 3366 et
697 3314 842 3366 omni
895 3316 1192 3384 acceptione
1244 3318 1434 3389 dignus
1476 3320 1528 3390 (Ι
1557 3321 1696 3376 Tim.
1746 3324 1929 3397 1,15).

360 3400 473 3455 Hoc
499 3411 679 3456 autem
719 3415 959 3471 pactum,
989 3407 1129 3475 quod
1160 3407 1422 3464 Dominus
1468 3412 1774 3482 pollicetur,
1825 3432 1932 3471 non

356 3495 464 3547 erit
492 3493 653 3548 breve
684 3504 733 3550 et
783 3497 946 3552 unius
973 3501 1255 3569 temporis,
1289 3503 1434 3558 sicut
1476 3504 1581 3560 fuit
1627 3506 1808 3576 populi
1840 3506 1935 3562 Ju-

357 3588 619 3653 daaorum,
655 3588 750 3642 sed
785 3589 1029 3644 manebit
1054 3589 1108 3644 in
1141 3601 1430 3661 aeternum,
1466 3602 1526 3650 ut
1557 3599 1740 3652 veniat
1772 3611 1934 3653 verus

360 3673 553 3743 David,
601 3686 658 3732 et
708 3679 760 3733 in
808 3678 1101 3753 Evangelio
1149 3684 1527 3753 compleantur
1559 3703 1679 3758 quae
1725 3703 1790 3743 ex
1837 3688 1932 3744 Dei

359 3781 592 3836 persona
648 3779 778 3824 sunt
833 3773 1160 3841 repromissa
1203 3815 1222 3844 ,
1272 3774 1458 3832 Inveni
1508 3778 1678 3834 David
1726 3797 1932 3836 servum

357 3875 570 3925 meum,
625 3862 681 3915 in
735 3864 1104 3920 misericordia
1155 3878 1342 3923 sancta
1395 3872 1526 3926 anxi
1571 3888 1691 3926 sum
1742 3871 1930 3943 (Psal.

357 3967 621 4016 Lxxxvnt,
654 3952 771 4019 21).
803 3954 970 4026 Cujus
1006 3974 1223 4014 manuni
1260 3962 1438 4031 posuit
1491 3964 1546 4017 in
1594 3964 1756 4029 mari,
1788 3975 1844 4020 et
1878 3967 1931 4020 in

360 4042 673 4100 ﬂuminilnis
717 4045 1000 4102 dexteram
1055 4049 1219 4107 illius.
1255 4051 1427 4117 Quem
1458 4053 1610 4121 juxta
1655 4054 1928 4123 Ezechiel,

361 4151 456 4202 per
507 4140 672 4190 multa
709 4136 819 4204 jam
872 4140 1069 4195 saecula
1121 4143 1423 4198 dormiente
1475 4144 1667 4210 David,
1700 4148 1935 4215 appellat

361 4240 575 4279 servum
625 4241 784 4282 suum
842 4239 1005 4298 atque
1052 4243 1324 4302 pastorem
1373 4235 1602 4304 dicens,
1653 4237 1933 4294 Suscitabo

361 4315 503 4370 vobis
533 4327 794 4384 pastorem
830 4337 1014 4390 unum,
1059 4341 1265 4380 servum
1299 4343 1470 4383 meum
1511 4329 1684 4386 David
1719 4335 1930 4404 (Ezech.

359 4423 540 4474 xxxiv,
568 4408 686 4476 23).

2041 1928 2315 1998 apostolus
2345 1927 2550 1985 Paulus
2596 1934 2786 1988 scribit
2815 1935 3102 1994 Timotheo
3127 1980 3143 2004 ,
3183 1940 3328 1996 Unus
3355 1947 3636 2000 inediutor

2041 2015 2141 2070 Dei
2176 2027 2224 2072 et
2264 2021 2556 2088 hominum,
2587 2025 2740 2078 homo
2768 2023 3010 2082 Christus
3036 2027 3213 2097 Iesus,
3257 2033 3348 2101 qui
3389 2035 3544 2088 dedit
3576 2053 3636 2092 se

2040 2110 2450 2178 redemptionem
2480 2130 2575 2181 pro
2599 2117 2859 2185 omnibus,
2893 2121 3248 2176 testimonium
3277 2125 3448 2198 648
3490 2138 3637 2184 tens-

2037 2203 2250 2269 poribus
2286 2207 2514 2275 propriis
2543 2223 2561 2262 :
2589 2208 2644 2262 in
2689 2226 2791 2276 quo
2825 2228 2916 2281 ego
2957 2217 3160 2282 positus
3201 2234 3317 2272 sum
3349 2236 3529 2288 prceco
3576 2231 3636 2278 et

2041 2292 2324 2359 Apostolus
2353 2293 2403 2365 (Ι
2429 2295 2562 2350 Tim.
2584 2313 2645 2364 ll,
2664 2299 2720 2352 5-
2735 2299 3021 2371 7).Omnia
3052 2320 3180 2375 ergo
3198 2323 3316 2376 quae
3331 2309 3633 2378 dicuntur,

2040 2386 2105 2439 ad
2133 2401 2257 2440 eum
2293 2387 2573 2446 referenda
2607 2405 2757 2460 sunt,
2784 2395 2874 2465 qui
2907 2398 3064 2466 quasi
3095 2399 3212 2456 ovis
3239 2402 3304 2455 ad
3337 2405 3632 2461 victimam

2038 2475 2232 2532 ductus
2277 2487 2399 2546 est,
2445 2491 2499 2536 et
2548 2486 2703 2553 quasi
2749 2501 2922 2556 agnus
2967 2504 3149 2544 coram
3201 2494 3459 2550 tondente
3512 2513 3634 2552 non
3699 2513 3709 2522 ‘

2040 2573 2251 2641 aperuit
2282 2588 2344 2629 os
2391 2589 2571 2629 suum.
2619 2575 2694 2632 De
2729 2593 2838 2648 quo
2879 2596 3040 2650 supra
3091 2584 3288 2638 dicitur
3317 2627 3332 2652 ,
3377 2585 3632 2644 Vidimus

2037 2678 2179 2727 eum,
2217 2672 2266 2717 et
2301 2680 2404 2717 non
2452 2665 2674 2720 habebat
2724 2670 2941 2737 speciem
2995 2688 3157 2742 neque
3201 2676 3439 2730 decorem
3475 2677 3660 2749 (lsa..

2039 2769 2159 2820 Llll,
2206 2754 2296 2825 2);
2352 2765 2457 2824 et,
2496 2759 2618 2830 Ipse
2650 2771 2868 2826 peccata
2916 2773 3097 2819 nostra
3130 2770 3381 2836 portavit,
3431 2782 3479 2824 et
3522 2787 3630 2840 pro

2038 2849 2183 2904 nobis
2209 2849 2366 2906 dolet.
2395 2851 2475 2906 Ad
2503 2852 2650 2908 hunc
2679 2857 3060 2925 conlugerunt,
3088 2861 3203 2914 sive
3228 2876 3626 2933 cucurrerunt,

2039 2941 2132 3011 qui
2180 2957 2304 2996 eum
2353 2954 2511 2999 antea
2558 2945 2894 3012 nesciebant,
2926 2948 3213 3016 dicentes,
3251 2952 3391 3008 Deus
3437 2971 3628 3011 noster

2039 3034 2298 3104 refugium
2334 3045 2381 3088 et
2421 3037 2586 3090 virtus
2631 3037 2807 3104 (l’sal.
2841 3055 2962 3105 XLV,
3004 3043 3085 3110 l);
3121 3056 3175 3097 et
3221 3045 3414 3099 iterum
3445 3087 3462 3112 ,
3511 3048 3627 3102 Do-

2040 3127 2202 3194 mine,
2236 3129 2493 3199 refugium
2547 3129 2722 3198 factus
2769 3147 2822 3186 es
2877 3132 3023 3188 nobis
3075 3137 3129 3188 in
3185 3143 3521 3207 generatione
3568 3154 3624 3198 et

2038 3223 2369 3290 generatione
2389 3221 2562 3291 (Psal.
2579 3240 2799 3292 LXXXIX,
2822 3226 2894 3298 1).
2926 3228 2998 3283 De
3016 3246 3242 3299 quorum
3265 3234 3367 3289 [ide
3383 3248 3435 3291 et
3453 3254 3624 3306 supra

2039 3312 2266 3382 legimus
2299 3355 2314 3380 ,
2351 3314 2552 3379 Quibus
2602 3333 2708 3372 non
2753 3327 2829 3372 est
2879 3321 3231 3389 pra’dicalunt
3263 3328 3326 3379 de
3354 3345 3438 3391 eo,
3475 3332 3626 3386 vids-

2039 3401 2167 3458 bunt
2199 3443 2215 3469 ,
2245 3415 2293 3458 et
2326 3407 2416 3476 qui
2464 3423 2569 3462 non
2619 3409 2922 3479 audierant,
2955 3413 3270 3484 intelligent.
3325 3417 3429 3474 Iste
3464 3423 3624 3478 testis

2039 3505 2124 3552 est
2153 3498 2420 3564 omnium,
2468 3513 2592 3568 qua:
2624 3497 2791 3556 Pater
2842 3506 3042 3559 mundo
3081 3512 3366 3577 spopondit
3395 3527 3450 3568 et
3480 3531 3624 3582 pra:-

2035 3589 2194 3655 stitit,
2243 3590 2403 3660 cujus
2446 3592 2770 3660 mysterium
2805 3594 2958 3650 brevi
3009 3596 3209 3656 Paulus
3253 3605 3319 3657 ad
3352 3606 3624 3675 Ephesios

2035 3695 2290 3736 sermone
2337 3683 2810 3752 comprehenderis
2838 3729 2854 3754 ,
2903 3688 3084 3756 Deus,
3143 3693 3352 3764 inquit,
3401 3698 3626 3758 Domini

2036 3774 2206 3828 nostri
2240 3773 2372 3828 .lesu
2403 3773 2602 3830 Christi
2637 3775 2794 3832 Pater
2841 3781 3024 3850 gloriae
3068 3785 3288 3856 (Ephes.
3323 3807 3362 3852 ι,
3394 3792 3452 3861 5)
3481 3835 3496 3858 ,
3556 3797 3626 3851 de

2035 3882 2145 3937 quo
2174 3878 2230 3922 et
2258 3885 2402 3924 nunc
2430 3869 2692 3936 scriptum
2723 3883 2808 3928 est
2832 3913 2849 3940 ,
2879 3874 3107 3946 Propter
3134 3880 3414 3939 Dominum
3450 3887 3624 3944 Deum

2037 3969 2204 4026 tuum,
2248 3970 2295 4014 et
2329 3959 2584 4016 Sanctum
2630 3962 2827 4034 Israel,
2858 3971 2946 4038 qui
2989 3972 3308 4042 gloriﬁcarit
3351 3989 3416 4036 te.
3451 3993 3504 4034 ct
3555 3999 3621 4035 ea

2035 4051 2227 4119 gloria,
2264 4068 2427 4120 quam
2462 4053 2652 4110 habuit
2697 4059 3018 4130 priusquam
3067 4068 3301 4122 mundus
3333 4071 3502 4123 lieret.
3541 4073 3622 4129 De

2035 4155 2137 4208 qua
2166 4152 2220 4195 et
2250 4141 2522 4214 Propheta
2556 4155 2786 4202 testatur
2815 4167 2829 4204 :
2861 4155 3148 4221 Apparebit
3189 4158 3363 4228 gloria
3395 4161 3492 4217 Dei
3525 4168 3622 4232 qui

2035 4241 2118 4286 cst
2174 4233 2423 4302 splendor
2478 4238 2714 4306 gloriae,
2773 4251 2822 4294 et
2901 4244 3073 4312 forma
3131 4250 3439 4308 substantiw
3496 4259 3620 4325 ejus

2036 4323 2223 4390 (Hebr.
2257 4325 2319 4396 ι).
2351 4329 2570 4396 quando
2617 4334 2784 4387 omnis
2822 4333 3007 4405 lingua
3053 4341 3412 4412 conﬁtebitur,
3473 4323 3622 4417 quod

2036 4413 2292 4470 Dominus
2321 4417 2470 4472 Jesus
2500 4420 2556 4473 in
2583 4420 2756 4491 gloria
2799 4427 2956 4478 Patri
3003 4429 3071 4481 sit
3111 4429 3366 4503 (Philipp.
3397 4413 3617 4508 ll).qui

425 4497 608 4571 (Vers.
640 4502 693 4568 4,
745 4502 820 4574 5.)
861 4523 881 4557 ι
923 4506 1061 4563 Ecce
1113 4516 1304 4566 testem
1343 4514 1556 4581 populis
1608 4517 1732 4571 dedi
1780 4535 1928 4584 eum,

2039 4511 2322 4577 respondit
2353 4509 2488 4564 Filio
2535 4513 2785 4582 gloriam,
2818 4530 2979 4585 quam
3017 4497 3166 4588 prius
3201 4497 3484 4590 habiterai,
3515 4497 3617 4597 po-

359 4591 550 4648 ducem
604 4608 670 4649 ac
722 4608 1114 4668 praeceptorem
1163 4604 1433 4673 gentibus.
1486 4606 1628 4662 Ecce
1677 4620 1926 4677 gentem,

358 4699 520 4754 quam
557 4687 855 4759 nesciebas,
892 4691 1110 4747 vocabis
1141 4733 1155 4759 ,
1187 4705 1243 4750 et
1273 4705 1484 4766 gentes,
1517 4713 1638 4768 quze
1687 4715 1795 4754 non
1831 4717 1927 4756 co-

355 4788 658 4849 gnoverunt
706 4789 790 4844 te,
825 4780 891 4836 ad
947 4792 998 4838 te
1053 4797 1301 4853 current,
1360 4801 1581 4858 propter
1641 4790 1928 4846 Dominum

354 4869 526 4926 Deum
561 4879 708 4925 tuum
742 4880 796 4927 et
829 4872 1091 4929 Sanctum
1125 4875 1312 4943 Israel,
1346 4879 1470 4949 quia
1502 4878 1610 4952 [AL
1641 4880 1759 4954 qui]
1806 4883 1927 4953 glo-

352 4962 589 5018 riﬂcavit
622 4973 694 5019 te.
733 4981 751 5016 ι
787 4961 927 5018 LXX
962 4981 978 5021 :
1015 4986 1032 5016 ‹
1074 4965 1212 5022 Ecce
1262 4971 1629 5037 testimonium
1667 4973 1719 5025 in
1755 4974 1933 5043 genti-

353 5054 453 5108 bus
499 5055 622 5109 dedi
672 5072 816 5121 eum,
855 5059 1151 5129 principem
1188 5072 1242 5116 et
1295 5065 1699 5132 praecipientem
1753 5067 1928 5136 genti-

351 5146 456 5201 bus
488 5188 503 5213 ,
539 5157 726 5215 gentes
762 5152 801 5217 ¹,
830 5168 951 5221 qua:
984 5156 1298 5210 nesciebant
1329 5167 1402 5220 te,
1452 5159 1782 5215 invocabunt
1829 5171 1879 5218 te
1910 5203 1926 5230 ,

353 5244 410 5292 et
455 5238 676 5308 pepuli,
709 5241 803 5309 qui
856 5243 1180 5314 ignorabant
1229 5256 1315 5312 te,
1349 5247 1420 5302 ad
1467 5259 1520 5304 te
1568 5250 1882 5320 confugient
1911 5290 1928 5316 ,

353 5342 574 5402 propter
609 5332 894 5390 Dominum
929 5337 1094 5392 Deum
1139 5351 1289 5396 tuum
1322 5343 1581 5400 Sanctum
1624 5343 1810 5410 Israel,
1837 5348 1928 5417 qui

350 5422 674 5494 gloriﬁcavit
708 5433 779 5479 te.
820 5443 840 5477 ι
877 5425 1269 5486 Provocaverat
1299 5433 1366 5488 ad
1399 5434 1725 5490 credendum
1755 5452 1929 5508 popu-

1473 5539 1516 5556 ο

423 5648 448 5724 ‘_
474 5648 743 5724 errponit
773 5651 961 5707 Vit-tor
1010 5656 1236 5710 alterunt
1271 5658 1403 5714 Ecce
1435 5676 1500 5716 ex
1531 5660 1721 5719 Graeco
1777 5662 1924 5724 cod.,

355 5716 466 5769 ἰδοὺ
497 5716 646 5788 ἔθνὴ.
683 5722 774 5775 Sic
805 5740 924 5776 Inttx
960 5741 1134 5778 omnes
1166 5731 1312 5781 addit
1345 5734 1411 5786 ad
1443 5716 1641 5788 Cenes.
1671 5716 1927 5788 btestituo;

350 5788 522 5854 nium,
550 5788 918 5845 benedicentur
951 5811 1127 5847 omnes
1161 5807 1360 5864 gentes.

2034 4602 2258 4655 stulanti
2287 4619 2300 4654 :
2328 4599 2393 4654 Et
2422 4602 2735 4674 gloriﬁcavi,
2759 4616 2807 4660 et
2827 4607 3134 4679 gloriﬁcabo
3157 4612 3338 4685 (Joan.
3369 4633 3466 4685 xu,
3494 4620 3611 4688 28).

2037 4697 2112 4746 De
2140 4707 2246 4762 quo
2272 4706 2325 4748 et
2351 4693 2589 4750 Joannes
2615 4701 2889 4766 apostolus
2918 4719 2932 4753 :
2965 4700 3218 4766 Vidimus,
3252 4708 3346 4773 ait,
3379 4711 3607 4776 gloriam

2031 4785 2166 4853 ejus,
2202 4785 2428 4855 gloriam
2454 4790 2606 4857 quasi
2640 4790 2894 4860 unigeniti
2925 4809 2958 4846 a
2977 4791 3161 4858 Putre,
3183 4796 3393 4864 plenum
3419 4808 3609 4869 gratias

2030 4889 2078 4932 et
2111 4881 2348 4934 veritatis
2385 4881 2568 4952 (Joan.
2606 4899 2647 4949 t,
2674 4884 2785 4954 14).
2820 4885 2956 4955 Ergo
2987 4889 3206 4957 quando
3234 4891 3302 4944 de
3328 4907 3396 4946 eo
3435 4893 3614 4964 lodui-

2042 4984 2152 5036 tur,
2213 4976 2307 5044 qui
2356 4976 2409 5029 in
2459 4977 2728 5046 principio
2761 4981 2903 5048 apud
2941 4981 3106 5034 Deum
3139 4995 3258 5038 erat
3303 4984 3449 5041 Deus
3481 4987 3614 5042 Ver-

2032 5066 2183 5130 bum,
2219 5067 2520 5137 appellatur
2554 5068 2719 5126 Pater
2765 5072 2951 5142 gloriae
2996 5079 3264 5146 :quando
3314 5093 3495 5136 autem
3546 5085 3614 5139 de

2032 5171 2098 5210 eo
2133 5157 2223 5224 qui
2267 5158 2400 5212 dicit
2447 5158 2503 5212 in
2554 5157 2888 5230 Evangelio:
2923 5165 3064 5230 Quid
3114 5185 3194 5222 me
3243 5176 3615 5241 persequimini

2031 5249 2315 5315 hominem,
2347 5251 2437 5320 qui
2466 5253 2738 5307 veritatem
2773 5257 2913 5328 vobis
2945 5259 3133 5329 loquor
3163 5260 3346 5330 (Joan.
3378 5279 3496 5331 vm,
3524 5267 3614 5333 ιη
3641 5317 3651 5326 ,

2033 5353 2260 5396 vocatur
2290 5341 2430 5398 Deus
2460 5343 2672 5399 Domini
2709 5351 2874 5402 nostri
2909 5347 3037 5404 Jesu
3065 5351 3289 5406 Christi.
3325 5355 3440 5410 Non
3471 5361 3614 5426 quod

2032 5432 2170 5489 alter
2207 5443 2261 5488 et
2308 5435 2442 5488 alter
2491 5438 2564 5492 sit
2596 5436 2612 5466 ί
2643 5438 2756 5507 (qui
2789 5440 3081 5496 multorum
3116 5457 3273 5500 error
3305 5457 3391 5502 est
3435 5452 3612 5518 pessi-

2034 5732 2056 5787 ῐ
2103 5661 2132 5742 ’θ
2163 5661 2394 5720 Voculas
2431 5677 2476 5719 et
2514 5668 2674 5734 alter,
2707 5684 2824 5738 quae
2851 5675 3101 5739 deerant,
3125 5671 3472 5733 Ambrosian.
3497 5678 3616 5734 sut-

2054 5745 2181 5787 θαι.

2054 5745 2181 5788 θςιι.
