3902 6182
207 282 311 348 553

806 280 1294 343 COMMENTAR.
1331 280 1412 342 IN
1449 281 1710 343 ISAIAM
1751 281 2211 347 PROPHETAM
2239 277 2385 344 LIB.
2417 272 2537 352 XV,
2574 276 2735 345 CAP.
2770 279 2888 342 LV.

3330 274 3434 344 551

198 398 361 467 mus),
390 396 487 454 sed
522 410 633 467 quo
660 411 800 452 unus
849 405 1010 467 atque
1044 398 1184 453 idem
1235 396 1404 453 Filius
1448 396 1565 465 Dei,
1615 415 1761 456 nunc
1789 409 1837 468 Α
1864 417 2064 455 versum
2092 417 2245 472 quem
2268 400 2493 456 resistite
2515 399 2800 468 confortnti
2822 396 2923 465 ﬁde
2949 392 3010 466 (l
3034 392 3177 451 Petr.
3204 410 3259 463 v,
3287 396 3340 463 8,
3359 394 3441 466 9).

196 490 490 546 divinitatis
523 504 640 545 sum
665 489 871 558 gloriae,
904 504 1048 545 nunc
1094 499 1292 545 nostra:
1338 498 1567 558 natura,
1602 506 1764 561 quant

193 581 470 651 suscipere
494 580 748 650 dignatus
779 589 865 635 est
892 581 934 647 ⁸,
972 579 1227 649 loquatur
1251 579 1556 637 aﬂ‘ectibus.

261 670 444 740 (Vere.
476 671 533 736 6,
554 671 632 739 'l.)
668 688 689 724 ι
745 670 982 737 Quaerite
1015 672 1327 738 Dominum,
1350 673 1482 728 dum
1535 674 1769 729 inveniri

194 771 405 832 potest:
454 763 703 817 invocato
755 761 1052 825 eum.dum
1103 762 1771 835 propeest.Dere|inquat

191 857 397 925 impius
417 857 562 911 viam
593 870 774 920 suam,
803 865 859 911 et
887 857 970 911 vir
993 857 1210 927 iniquus
1236 860 1596 929 cogitationes
1618 874 1770 926 suas,

191 961 244 1003 et
271 957 622 1007 convertatur
671 948 737 1004 ad
785 947 1093 1015 Dominum,
1137 959 1195 1005 et
1238 950 1589 1007 miserebitur
1630 951 1770 1022 ejus,

188 1049 245 1096 et
274 1042 345 1095 ad
376 1040 548 1095 Deum
573 1049 817 1096 nostrum
848 1058 863 1096 :
895 1041 1153 1110 quoniam
1177 1042 1380 1097 multus
1396 1052 1479 1098 est
1503 1044 1570 1098 ad
1616 1044 1775 1113 igno-

190 1132 473 1186 scendum.
510 1150 531 1183 ι
594 1130 737 1185 LXX
768 1148 785 1186 :
819 1149 839 1182 α
901 1130 1143 1197 Quaerite
1177 1132 1508 1189 Dominum:
1546 1144 1602 1189 et
1649 1148 1771 1188 cum

192 1222 515 1276 inveneritis
543 1236 691 1286 eum,
724 1223 994 1278 invocate.
1037 1223 1105 1277 Et
1154 1233 1442 1294 postquam
1476 1225 1632 1280 vobis
1678 1240 1774 1295 ap-

189 1310 655 1380 propinquaverit,
687 1310 960 1380 relinquat
981 1311 1184 1380 impius
1218 1314 1335 1367 vias
1358 1327 1489 1369 suas
1514 1324 1568 1369 et
1609 1313 1777 1385 649

190 1401 272 1453 vir
303 1399 533 1469 iniquus
558 1400 913 1470 cogitationes
940 1415 1069 1457 suas
1096 1410 1149 1458 et
1178 1413 1528 1460 convertatur
1557 1410 1621 1460 ad
1665 1409 1774 1463 Do-

191 1492 405 1546 minuto
447 1499 542 1545 :et
567 1490 999 1547 misericordiam
1028 1505 1390 1565 consequetur
1421 1514 1436 1551 :
1471 1500 1600 1568 quia
1635 1500 1779 1554 mul-

194 1592 301 1637 tum
329 1581 575 1637 dimittet
603 1592 828 1651 peccata
861 1590 1068 1640 vestra.
1106 1603 1127 1638 ι
1160 1588 1298 1654 Quia
1325 1589 1512 1661 igitur,
1543 1601 1602 1647 ut
1652 1602 1777 1648 ante

186 1673 295 1745 jam
330 1674 597 1739 diximus,
631 1673 877 1729 noluistis
927 1684 1145 1745 pactum
1193 1680 1440 1750 recipere
1483 1683 1775 1753 sempiter-

1868 494 1979 550 Nec
1995 494 2128 550 satis
2153 502 2234 548 est
2266 506 2512 563 quaerere
2536 488 2850 554 Dominum,
2877 498 2930 543 et
2946 487 3075 542 dum
3104 488 3441 558 pmniteutize

1869 592 2079 652 teinpus
2092 594 2197 647 est,
2222 584 2487 648 invenire,
2507 590 2673 651 atque
2700 581 2955 635 invocare
2976 590 3102 635 eum
3127 580 3252 634 dum
3277 593 3447 649 prope

1868 678 2113 743 cstTnisi
2165 675 2445 745 reliquerit
2498 674 2697 745 impius
2750 673 2863 727 vias
2898 686 3027 729 suas
3077 673 3360 743 pristinas,
3394 682 3451 726 et

1868 773 2227 843 cogitationes
2274 771 2528 840 antiquas
2574 768 2771 840 quibus
2823 785 2851 824 a
2891 769 3118 826 Domino
3144 768 3452 827 declinave-

1870 872 1975 917 rat.
2011 861 2171 918 Tunc
2203 864 2346 918 enim
2383 872 2719 917 revertemur
2737 862 2802 915 ad
2833 861 3147 928 Dominum,
3169 860 3259 929 qui
3290 861 3452 916 mise-

1872 954 2082 1013 rebitur
2105 954 2275 1009 nostri
2303 970 2321 1021 ;
2346 963 2399 1010 et
2422 955 2489 1009 ad
2514 953 2992 1010 clementissimum
3013 948 3182 1025 650
3216 964 3448 1020 patrem,

1872 1048 1964 1116 qui
1999 1047 2196 1101 multus
2226 1058 2311 1102 est
2348 1048 2402 1101 in
2427 1042 2840 1112 misericordiis,
2867 1058 2921 1101 et
2978 1039 3150 1101 facilis
3181 1048 3246 1100 ad
3295 1047 3450 1115 igno-

1871 1139 2158 1203 scendum,
2189 1153 2309 1193 cum
2333 1138 2688 1209 cogitationes
2712 1147 2765 1194 et
2792 1139 2910 1193 vias
2943 1137 3199 1208 pristinas
3223 1136 3455 1206 relique-

1875 1229 2067 1294 rimus,
2108 1239 2164 1284 ut
2199 1239 2381 1299 postea
2417 1246 2723 1286 mereamur
2753 1231 2943 1285 audire
2973 1246 2988 1285 :
3052 1228 3205 1283 Beati
3232 1245 3453 1297 quorum

1873 1323 2108 1376 remissae
2122 1332 2243 1375 sunt
2263 1322 2588 1391 iniquitates,
2611 1332 2660 1376 et
2688 1337 2908 1391 quorum
2936 1329 3069 1375 tecta
3082 1329 3207 1375 sunt
3234 1330 3450 1389 peccata

1878 1414 2049 1484 (Psal.
2084 1430 2237 1480 sui,
2273 1413 2348 1480 1).

1949 1504 2131 1577 (Vers.
2159 1506 2213 1571 8,
2248 1506 2326 1576 9.)
2360 1525 2380 1559 ι
2409 1505 2525 1560 Νοιι
2555 1504 2698 1560 enim
2718 1504 3075 1575 cogitationes
3105 1519 3257 1570 meai,
3308 1505 3456 1574 cogi-

1880 1596 2117 1651 taliones
2145 1606 2341 1650 vestra:
2375 1610 2587 1664 :neque
2626 1593 2727 1649 viae
2765 1602 2985 1657 vestra),
3012 1594 3115 1649 viae
3141 1608 3300 1659 meis,
3325 1594 3456 1648 dicit

1880 1685 2159 1742 Dominus.
2193 1685 2347 1740 Sicut
2399 1686 2543 1739 enim
2598 1684 2909 1740 exaltantur
2935 1684 3057 1740 cmli
3087 1699 3119 1739 a
3185 1694 3350 1746 terra.
3378 1684 3458 1739 sic

196 1782 342 1831 num,
386 1776 446 1820 et
501 1766 901 1823 misericordias
945 1765 1114 1825 David
1177 1770 1385 1838 ﬁdeles,
1416 1787 1576 1842 quas,
1622 1776 1779 1831 vobis
1811 1762 1854 1817 Β
1882 1779 2132 1832 eraltatae
2155 1785 2280 1832 sunt
2309 1778 2406 1830 viae
2439 1790 2570 1830 mea:
2603 1791 2634 1829 a
2662 1776 2765 1830 viis
2817 1777 3034 1840 vestris,
3066 1786 3121 1829 et
3168 1776 3456 1845 cngitatio-

194 1859 519 1915 nolentibus
577 1861 879 1931 suscipere,
953 1863 1195 1932 suscepit
1246 1868 1407 1921 turba
1465 1868 1775 1936 gentilium,

194 1965 395 2005 moueo
430 1964 531 2006 vos
574 1950 858 2019 populares
902 1965 1055 2009 meos
1109 1970 1208 2025 ego
1262 1956 1553 2027 PrOpbeta,
1615 1969 1782 2030 atque

194 2051 500 2108 contestor,
528 2044 654 2098 dum
686 2052 899 2111 tempus
917 2056 1022 2111 est,
1048 2045 1189 2115 agite
1210 2048 1608 2115 pmtiiteutiam.
1632 2051 1780 2107 Con-

193 2134 484 2191 vertimiui
512 2135 580 2189 ad
606 2151 756 2200 eum,
788 2136 882 2205 qui
908 2138 1063 2192 vobis
1093 2151 1240 2193 nunc
1262 2140 1502 2208 loquitur
1531 2156 1629 2211 per
1660 2157 1783 2211 pro-

192 2228 419 2296 pbetas,
452 2229 545 2298 qui
576 2237 762 2298 postea
791 2228 1078 2285 locuturus
1107 2241 1195 2286 est
1224 2247 1485 2299 praesens.
1544 2236 1783 2300 Quaerite

193 2334 318 2374 eum
345 2322 489 2374 dum
507 2320 734 2374 inveniri
759 2329 961 2390 potest,
984 2322 1113 2377 dum
1139 2324 1272 2379 estis
1300 2324 1352 2378 in
1375 2340 1621 2395 corpore,
1650 2328 1780 2383 dum

193 2412 356 2466 datur
394 2414 550 2466 locus
581 2413 931 2481 paenitentia,
985 2424 1041 2469 et
1067 2416 1293 2483 quaerite
1344 2431 1451 2471 non
1498 2417 1639 2484 loco,
1686 2419 1781 2474 sed

193 2505 319 2561 title.
353 2504 644 2571 Quomodo
672 2512 850 2558 autem
881 2514 1159 2573 quaeratur
1205 2504 1370 2572 Deus,
1407 2507 1459 2560 in
1504 2507 1610 2561 alio
1665 2508 1784 2562 loco

191 2600 414 2667 plenius
452 2596 655 2652 dicitur
688 2612 707 2652 :
735 2592 922 2667 Sapite
950 2600 1014 2651 de
1057 2597 1283 2653 Domino
1312 2601 1367 2653 in
1429 2598 1683 2668 bonitate,
1732 2609 1783 2654 et

192 2690 247 2744 in
272 2690 629 2760 simplicitate
660 2690 833 2746 cordis
859 2694 1078 2762 quaerite
1127 2708 1247 2748 eum
1270 2709 1289 2748 :
1343 2696 1470 2765 quia
1516 2696 1782 2750 invenitur

194 2782 259 2835 ab
281 2784 366 2836 Itis
407 2782 506 2850 qui
535 2798 636 2836 non
663 2792 863 2837 tentant
890 2800 1009 2838 eum
1032 2800 1052 2839 :
1080 2794 1130 2840 et
1160 2796 1376 2854 apparet
1406 2787 1514 2851 Itis,
1556 2789 1647 2858 qui
1678 2802 1782 2841 non

192 2880 313 2923 sunt
337 2871 391 2922 ei
424 2869 681 2923 increduli
705 2873 724 2902 ³
758 2870 900 2941 (lsa.
926 2888 964 2938 ι,
1000 2874 1052 2939 1,
1103 2876 1178 2943 9.).
1216 2873 1368 2929 Unde
1395 2885 1450 2929 et
1481 2890 1580 2933 nos
1606 2878 1783 2933 scien-

195 2971 277 3019 tes
301 2962 446 3017 illud
473 2962 674 3016 dictum
700 2962 767 3019 de
788 2968 1168 3034 peccatoribus
1192 2984 1206 3021 :
1234 2967 1339 3033 Qui
1361 2968 1514 3038 longe
1534 2970 1780 3023 recedunt

192 3071 226 3108 α
257 3066 330 3120 te,
360 3053 637 3124 peribunt,
679 3055 967 3125 loquamur
1023 3059 1092 3112 ad
1143 3058 1471 3115 Dominum:
1524 3060 1640 3126 Quo
1688 3061 1846 3157 iboc

189 3165 225 3202 a
254 3150 467 3219 spiritu
493 3154 603 3213 tuo,
631 3157 678 3201 et
698 3164 730 3201 a
754 3147 891 3217 [acie
922 3158 1015 3202 tua
1042 3166 1144 3219 quo
1191 3152 1392 3221 fugiam
1422 3152 1448 3205 Ρ
1473 3152 1535 3208 Si
1584 3168 1771 3209 ascenc

189 3239 316 3293 dero
344 3240 406 3293 in
423 3237 634 3303 calum,
674 3249 730 3292 tu
750 3240 823 3292 ibi
855 3256 907 3293 es
937 3255 956 3293 :
990 3240 1038 3293 si
1049 3238 1362 3295 descendere
1392 3244 1449 3296 in
1490 3243 1779 3312 internum,

189 3332 318 3387 ades
377 3330 559 3403 (Psul.
602 3346 864 3398 cxxxviti,
911 3332 965 3398 7,
1010 3332 1091 3402 8).
1143 3333 1212 3390 Et
1261 3337 1575 3391 invocemus
1633 3351 1779 3403 eum,

189 3424 319 3478 dum
358 3428 533 3493 prOpe
580 3435 683 3489 est,
739 3439 809 3479 ne
880 3427 1084 3480 nostris
1108 3426 1256 3483 vitiis
1311 3436 1483 3499 atque
1537 3430 1781 3499 peccatis

188 3520 384 3587 procul
424 3515 667 3570 recedat.
698 3516 1120 3588 Appropinquat
1153 3519 1297 3573 enim
1340 3522 1779 3590 appropinquan-

190 3612 340 3664 tibus
366 3611 502 3676 sibi,
550 3620 605 3664 et
664 3611 775 3666 lilio
825 3611 989 3681 longo
1038 3621 1161 3682 post
1207 3622 1447 3682 tempore
1488 3613 1778 3668 revertenti

187 3701 350 3756 latus
379 3702 646 3756 occurrit.
684 3703 1048 3768 Quamobrem
1074 3712 1296 3759 sanctus
1334 3705 1389 3759 in
1447 3706 1655 3774 psalmo
1691 3720 1782 3760 ca-

188 3795 305 3848 nit:
344 3791 485 3847 Mihi
517 3800 696 3845 autem
766 3793 1035 3848 adhcrere
1088 3794 1220 3860 Deo,
1253 3796 1445 3849 bonum
1492 3807 1567 3849 est
1594 3795 1778 3866 (Psal.

187 3899 372 3949 usit,
404 3884 521 3951 28).
555 3884 617 3936 Et
653 3884 861 3956 Moyses
890 3887 1037 3941 solus
1080 3888 1547 3957 appropinquabat
1570 3890 1638 3943 ad
1677 3890 1784 3944 Do-

190 3981 407 4031 minum
425 3975 627 4045 (Exod.
653 3983 768 4046 xx).
795 3978 864 4032 Et
886 3992 980 4047 per
1013 3977 1308 4033 Jeretniam
1331 3979 1575 4048 loquitur
1603 3979 1779 4037 Deus:

187 4069 307 4143 Ego
344 4070 491 4123 Deus
511 4072 964 4140 appropinquans,
985 4081 1035 4126 et
1061 4086 1165 4124 non
1191 4071 1255 4124 de
1281 4073 1435 4142 longe
1460 4072 1592 4141 (Jcr.
1622 4089 1780 4141 xxiii,

185 4163 309 4233 55).
368 4163 825 4232 Appropinquans
874 4163 974 4230 eis,
1020 4164 1113 4232 qui
1156 4164 1292 4218 mibi
1346 4166 1786 4235 appmpinquant

186 4256 320 4318 lide,
358 4266 419 4309 et
447 4256 613 4324 longe
642 4256 897 4309 recedens
933 4256 1002 4309 ab
1034 4255 1120 4312 his
1155 4258 1247 4326 qui
1303 4271 1333 4309 a
1382 4272 1469 4312 me
1494 4258 1681 4326 procul
1710 4259 1785 4312 in-

185 4349 467 4402 ﬁdelitate
491 4347 794 4402 discedunt.
828 4346 1056 4416 Propter
1092 4362 1213 4417 quae
1235 4348 1437 4403 dicitur
1462 4351 1529 4401 ad
1550 4349 1783 4403 creden-

186 4451 271 4497 tes
305 4458 324 4498 :
362 4441 795 4511 Appropinquate
846 4439 976 4505 Deo,
1021 4450 1071 4495 et
1124 4440 1563 4511 appropinquabit
1615 4441 1781 4496 vobis.
1816 4445 1862 4503 Β
1891 4440 2248 4510 Quodcunque
2302 4439 2525 4493 inierilis
2599 4438 2897 4504 consilium,

179 4538 263 4590 Ac
292 4549 371 4589 ne
396 4534 503 4588 hoc
535 4543 852 4602 putaremus
896 4546 1058 4604 posse
1104 4533 1372 4601 sumcere,
1409 4535 1596 4590 statim
1649 4534 1781 4588 sub-

175 4628 376 4699 iungit
396 4625 422 4658 ³
451 4642 469 4680 :
502 4623 753 4680 Resistite
774 4623 1007 4688 diabolo,
1024 4632 1074 4677 et
1099 4623 1267 4695 fugiet
1297 4640 1331 4677 a
1356 4625 1495 4678 vobis
1539 4623 1675 4696 (lac.
1705 4639 1780 4690 tv,

178 4724 263 4783 8).
306 4718 395 4771 De
422 4730 533 4785 quo
567 4730 729 4783 supra
767 4716 975 4769 dixerat
1010 4730 1028 4768 :
1060 4715 1410 4770 Adversarius
1440 4725 1605 4771 uester
1655 4716 1781 4769 dia-

177 4812 339 4865 bolus
373 4810 519 4863 sicut
547 4808 627 4862 lea
648 4807 979 4874 circumiens,
1011 4808 1199 4877 quaerit
1224 4824 1377 4879 quem
1407 4810 1639 4863 devoret.
1667 4809 1779 4863 Ad-

252 5020 273 5051 ⁸
306 5015 489 5070 Addit
515 5014 658 5070 idem
688 5014 966 5079 Ambros.,
991 5022 1042 5070 et
1083 5029 1315 5068 servare.

250 5089 274 5119 ²
318 5088 451 5141 Duo
481 5101 635 5147 mss.,
692 5085 782 5153 qui
816 5100 917 5138 non
943 5093 1063 5137 sunt
1103 5086 1183 5138 ori
1216 5086 1327 5151 eius
1358 5084 1635 5141 increduli.

252 5159 276 5189 ³
299 5156 509 5211 Statim
534 5154 829 5223 subjungit.
859 5154 938 5208 lla
959 5156 1142 5223 legunt
1164 5170 1351 5223 omnes
1383 5172 1515 5211 mss.
1560 5159 1777 5214 codices

169 5229 367 5285 nostri
397 5239 462 5278 ac
477 5227 641 5278 editio
659 5221 995 5289 Erasmiana,
1021 5221 1473 5294 quamblarianus
1510 5225 1777 5282 Victorius

171 5302 434 5367 castigat
464 5295 676 5363 absque
707 5296 1029 5367 auctoritate
1064 5296 1322 5367 librorum
1380 5299 1773 5367 manuscripto-

171 5365 436 5430 rumfet
465 5367 563 5418 hoc
601 5366 761 5419 modo
797 5366 1082 5431 legendum
1115 5365 1343 5417 statuit:
1384 5382 1401 5415 ι
1448 5368 1525 5420 Ac
1558 5383 1624 5420 ne
1663 5365 1777 5422 ‘boc

171 5451 517 5511 putaremus
558 5449 717 5511 pusse
740 5435 1004 5511 subicere,
1028 5437 1209 5511 statim
1237 5449 1410 5511 supra
1426 5436 1612 5511 jungit
1631 5455 1645 5492 ;
1679 5438 1776 5492 Re-

168 5503 368 5563 sistrte
401 5505 635 5568 diabolo,
663 5514 708 5557 et
750 5505 912 5573 [ugiet
962 5521 993 5556 a
1042 5505 1201 5556 vobis.
1237 5503 1310 5557 De
1342 5503 1448 5572 quo
1477 5503 1553 5559 eli
1579 5505 1772 5562 Petrus

171 5586 421 5635 dixerat
449 5591 462 5627 :
496 5579 1043 5645 Adversarius‘rester
1072 5573 1333 5637 diabolus,
1367 5592 1385 5624 ι
1438 5584 1546 5629 etc.
1578 5576 1773 5645 Hujus-

174 5654 341 5704 ntodi
410 5649 799 5700 restitutionem
850 5642 1148 5713 Scripturis
1198 5660 1493 5699 consonam
1540 5642 1773 5715 repet-iet

170 5720 452 5792 quisquis
482 5716 824 5771 contenderit
863 5716 1171 5769 testimonia
1201 5715 1423 5770 recitata
1456 5730 1472 5779 ;
1510 5720 1603 5775 sed
1646 5734 1767 5773 υιιω

534 5814 809 5871 Ps'rnos.
850 5810 1068 5873 XXIV.

1886 1883 1983 1924 nes
2011 1884 2145 1923 mea:
2165 1884 2191 1921 a
2241 1867 2658 1937 cogitationibus
2684 1868 2897 1921 vestris.
2933 1887 2951 1918 ι
2984 1865 3123 1921 LXX
3150 1884 3166 1922 :
3197 1883 3217 1918 ι
3273 1866 3460 1935 Neque

1882 1960 2024 2016 enim
2051 1967 2178 2015 sunt
2205 1958 2568 2029 cogitationes
2598 1973 2752 2021 meae,
2787 1958 2929 2012 sicut
2958 1958 3318 2028 cogitationes
3368 1974 3459 2011 ve-

1881 2061 2040 2108 strm:
2067 2067 2163 2108 nec
2189 2055 2328 2107 sicut
2356 2051 2455 2106 via:
2484 2065 2637 2116 mete,
2662 2053 2761 2106 vite
2789 2060 3003 2117 vestrae,
3020 2051 3152 2106 dicit
3177 2049 3458 2107 Dominus.

1882 2145 1988 2201 Sed
2019 2154 2285 2215 quantum
2318 2144 2482 2200 distat
2517 2143 2712 2198 cwlum
2746 2157 2777 2197 a
2811 2153 2975 2210 terra,
3040 2153 3245 2198 tantum
3297 2143 3461 2198 distat

1881 2236 1967 2289 via
2000 2250 2118 2290 mea
2145 2253 2172 2287 a
2199 2236 2302 2290 viis
2332 2235 2554 2300 vestris,
2582 2242 2639 2288 et
2688 2233 3041 2303 cogitationes
3101 2245 3295 2288 vestra:
3314 2246 3347 2288 a
3374 2248 3464 2289 co-

1883 2325 2142 2394 gitatione
2174 2340 2313 2379 mea.
2357 2343 2377 2377 ι
2410 2322 2491 2379 Ne
2544 2325 2769 2393 putetis,
2819 2325 3018 2394 inquit,
3069 2324 3285 2380 difﬁcile
3337 2340 3461 2381 esse

1880 2415 2028 2485 quod
2050 2417 2314 2485 spondeo,
2338 2423 2389 2468 et
2416 2414 2569 2470 vobis
2594 2413 2913 2469 incredibile
2940 2413 3207 2479 videatur,
3236 2415 3459 2484 impium

1880 2516 1935 2560 et
1971 2506 2214 2574 iniquum
2271 2518 2429 2577 posse
2454 2504 2672 2573 salvari,
2722 2504 2807 2560 vel
2836 2505 3097 2575 populum
3126 2505 3459 2573 Iudaeorum,

1880 2597 1965 2650 vel
1991 2612 2180 2653 omnes
2209 2598 2380 2668 quiin
2427 2597 2681 2669 gentibus
2723 2597 3038 2653 nesciebant
3092 2595 3306 2657 Deum:
3357 2598 3461 2653 hoc

1880 2691 2248 2757 considerate,
2274 2690 2417 2758 quod
2442 2691 2611 2745 multa
2643 2691 2789 2746 inter
2818 2705 2939 2745 mea
2964 2699 3252 2759 vestraque
3280 2691 3461 2745 consi-

1878 2783 1952 2839 lia
1972 2785 2041 2839 sit
2072 2782 2397 2849 dill‘erentia,
2426 2793 2481 2839 et
2505 2792 2708 2852 quanta
2739 2768 2969 2851 naturai,
2997 2793 3144 2837 tanta
3167 2782 3463 2838 voluntatis

1881 2874 2192 2931 diversitas.
2218 2873 2397 2930 Multa:
2415 2876 2558 2930 enim
2580 2874 2996 2946 cogitationesin
3014 2875 3167 2929 corde
3192 2874 3308 2938 viri,
3336 2890 3461 2928 con-

1880 2967 2060 3022 silium
2083 2976 2262 3021 autem
2305 2966 2517 3022 Domini
2561 2967 2615 3021 in
2646 2967 3017 3036 sempiternum
3057 2965 3461 3036 mattet.(l’rov.

1882 3057 2065 3123 ιιι,21
2083 3059 2126 3129 .)
2149 3056 2625 3122 Vos,utbomines,
2647 3073 2790 3128 saape
2802 3058 3051 3128 promissi
3076 3060 3403 3129 pcnnitentes
3417 3058 3459 3124 ⁸,

1880 3160 2123 3206 veterem
2171 3152 2504 3206 voluntatem
2542 3150 2755 3205 novella
2787 3150 3061 3205 voluntate
3090 3151 3460 3206 subvertiStis.

1881 3243 2139 3298 Dominus
2171 3243 2316 3298 enim
2347 3243 2576 3312 dissipat
2616 3241 2838 3297 consilia
2877 3243 3131 3312 gentium,
3152 3253 3201 3297 et
3224 3243 3463 3312 reprobat

1880 3337 2221 3408 cogitationes
2278 3337 2619 3404 populorum,
2671 3344 2721 3389 et
2764 3336 2946 3388 irritas
2989 3336 3117 3405 facit
3164 3335 3460 3390 voluntates

1880 3430 2174 3499 principum
2229 3427 2402 3498 (Psal.
2489 3442 2659 3489 sxxii,
2704 3427 2816 3497 10).
2871 3427 3242 3495 Cogitationes
3280 3438 3462 3481 autem

1882 3519 2064 3575 cordis
2109 3518 2228 3589 ejus
2282 3533 2310 3571 a
2366 3518 2713 3586 generatione
2770 3516 2826 3570 in
2900 3516 3350 3586 generationem;
3410 3530 3465 3571 et

1882 3608 2144 3681 quidquid
2194 3609 2519 3673 decreverit,
2576 3624 2684 3664 non
2716 3616 2894 3679 potest
2943 3608 3242 3663 immutari.
3289 3608 3465 3663 Vultis

1882 3703 2025 3758 scire
2050 3701 2415 3757 diversitatem
2444 3701 2547 3756 mei
2574 3700 2848 3771 vestrique
2896 3700 3108 3755 consilii
3140 3699 3164 3754 ἳ
3192 3696 3461 3765 Quantum

1848 3818 1859 3826 -
1885 3793 2084 3848 calum
2114 3792 2216 3846 loci
2243 3792 2414 3847 distat
2444 3805 2473 3845 a
2508 3803 2676 3855 terra,
2702 3800 2757 3846 et
2779 3790 2922 3845 aliud
2955 3789 3294 3860 angelorum,
3319 3790 3462 3842 aliud

1886 3886 2168 3942 hominum
2197 3885 2565 3941 habitaculum
2614 3894 2717 3948 est,
2749 3894 2956 3938 tantum
3020 3897 3154 3938 mea:
3184 3881 3464 3952 cogitatio-

1887 3975 1983 4032 nes
2009 3993 2038 4031 a
2072 3977 2267 4031 vestris
2304 3975 2551 4031 consiliis
2600 3984 2951 4044 separantur.
3004 3972 3081 4028 De
3124 3973 3260 4028 meis
3318 3973 3468 4025 cnim

1884 4069 2301 4137 cogitationibus
2329 4067 2569 4122 dicitur:
2606 4066 2990 4121 lnscratabilia
3006 4065 3218 4134 judicia
3251 4064 3385 4131 eius,
3415 4073 3465 4118 ct

1885 4159 2263 4232 inuestigabiles
2321 4160 2418 4214 uia:
2476 4158 2622 4213 illius
2677 4156 2859 4229 (Rom.
2894 4172 2974 4223 XI,
3008 4158 3121 4226 53).
3176 4155 3346 4211 Porro
3399 4168 3466 4211 de

1886 4255 2127 4309 vestris:
2178 4252 2555 4323 Cogitaverunt
2616 4251 2895 4304 consilium
2957 4257 3092 4321 quod
3129 4265 3231 4302 non
3286 4261 3467 4319 potuc-

1887 4358 2011 4402 runt
2094 4346 2334 4402 stabilire
2374 4345 2563 4414 (l’sal.
2615 4360 2706 4411 xx,
2762 4343 2873 4414 12).
2920 4343 2986 4398 Ει
3036 4344 3089 4398 in
3141 4344 3251 4400 alio
3300 4343 3465 4403 loco:

2971 4437 3336 4505 dissipabitur,
3416 4447 3466 4492 et

1883 4531 2135 4603 quidquid
2157 4530 2321 4585 locuti
2341 4530 2574 4598 fueritis,
2604 4545 2707 4582 non
2737 4527 3059 4597 permanebit
3084 4527 3136 4581 in
3154 4527 3298 4582 vobis
3329 4524 3460 4595 (Ita.

1886 4639 2001 4688 vni,
2034 4623 2144 4694 10).
2181 4622 2473 4693 Perspicua
2532 4622 2984 4689 interpretatione
3033 4636 3138 4674 non
3198 4621 3464 4690 indigent,

1883 4718 2089 4774 idcirco
2111 4716 2448 4785 stringuntur
2470 4715 2670 4783 potius,
2710 4727 2870 4783 quam
2887 4712 3250 4767 disseruntur.

1955 4810 2131 4880 (Vers.
2161 4807 2252 4873 10,
2286 4808 2398 4878 11.)
2440 4824 2459 4859 t
2501 4808 2566 4861 Et
2596 4806 2866 4877 quomodo
2897 4804 3173 4861 descendit
3218 4803 3391 4858 imber
3413 4812 3466 4855 ct

1880 5013 2013 5068 nibil
2037 5013 2345 5067 inveniatur
2385 5012 2439 5065 in
2474 5028 2605 5066 mss.
2634 5009 2913 5066 codicibus
2939 5007 3085 5077 quod
3119 5007 3270 5075 juvet
3318 5006 3462 5061 illam

1883 5084 2293 5144 lectionem,res
2317 5084 2568 5150 antiquas
2593 5082 2864 5137 noluimus
2886 5082 3194 5150 immutare.
3216 5080 3463 5137 contenti

1880 5154 2137 5208 lectorem
2171 5149 2523 5208 admonuisse
2557 5164 2664 5204 tam
2701 5149 3133 5218 depravationis,
3155 5163 3320 5218 quam
3376 5164 3465 5204 re-

1880 5223 2179 5277 stitutionis
2212 5224 2554 5278 necessarias.
2591 5222 2852 5275 Maurus.

1952 5293 2042 5346 Sic
2070 5291 2185 5347 fere
2239 5292 2442 5346 habent
2466 5303 2518 5344 et
2547 5294 2712 5345 nostri
2747 5304 2877 5343 inss.
2910 5288 3000 5358 qui
3024 5288 3125 5345 hoc
3170 5307 3276 5347 uno
3302 5291 3468 5346 verbo

1870 5362 2048 5432 jungit
2072 5374 2169 5429 pro
2189 5363 2455 5430 subjungit
2498 5362 2782 5415 abludunt.
2840 5360 3110 5432 Victorius
3159 5363 3318 5431 paulo
3346 5363 3467 5432 qni-

1878 5430 1999 5486 dem
2030 5434 2418 5492 cohaerentius,
2457 5435 2550 5484 sed
2585 5447 2688 5484 non
2721 5432 2787 5485 ad
2823 5447 2958 5484 mss.
3015 5430 3200 5494 ﬁdem,
3253 5431 3467 5499 reponit

1876 5505 2059 5556 statim
2082 5516 2245 5569 supra
2269 5499 2447 5569 jungit
2479 5516 2496 5553 :
2530 5511 2639 5555 tum
2668 5502 2732 5556 de
2765 5517 2865 5571 quo
2897 5511 2943 5555 et
2992 5502 3184 5556 Petrus
3230 5503 3462 5563 dixerat,

1878 5573 2235 5633 adversarius,
2270 5583 2380 5624 ctc.

1946 5642 2055 5695 ἐιη
2077 5644 2284 5695 duobus
2309 5640 2657 5694 Ambrosian.
2722 5658 2877 5708 mss.,
2925 5642 3178 5696 Promissi
3230 5642 3461 5711 paenitet.

1874 5723 1922 5767 et
1950 5722 2166 5768 veteran
2201 5712 2515 5767 voluntatem
2585 5716 2785 5769 novella
2832 5715 3100 5768 voluntate
3150 5712 3463 5775 subvenitis,

3040 5804 3108 5864 18
