3902 6182
507 323 616 384 5:5
1675 321 1733 382 s.
1773 319 2090 384 EUSEBII
2157 315 2599 379 HIERONYMI
2935 270 2944 275 ’
2981 271 3103 278 ’λ
3131 274 3159 279 ”
3606 316 3693 380 556

501 439 595 494 uix
621 435 689 490 de
718 434 880 503 cmlo,
907 443 962 491 et
1009 433 1138 490 illuc
1185 435 1324 489 ultra
1367 448 1474 489 non
1529 446 1834 490 revertetur
1887 434 2077 507 [Vulg.
2109 448 2155 504 Α
2183 449 2408 504 corpora
2443 432 2783 495 nutriuntur,
2819 426 3006 484 oculos
3046 427 3254 498 aperire
3296 428 3528 496 debeant,
3567 443 3613 486 et
3635 434 3703 488 sic

499 524 820 599 revertitur]
857 545 872 592 ;
906 527 1000 582 sed
1031 527 1267 582 inebriat
1309 534 1534 592 terram,
1566 537 1620 580 et
1654 529 1891 582 infundit
1933 543 2075 590 eam,

499 633 557 678 et
587 620 900 692 germinare
943 633 1066 674 eam
1123 619 1277 685 facit,
1311 628 1368 675 et
1401 619 1492 674 dat
1537 633 1723 675 semen
1776 621 2002 680 serenti,
2028 629 2083 672 et

499 725 696 783 panem
723 709 1022 766 comedenti
1058 725 1073 765 :
1109 710 1188 766 sic
1222 709 1328 764 erit
1383 709 1610 765 verbum
1668 724 1870 775 meum,
1919 709 2081 780 651

503 804 646 875 quod
670 803 979 873 egredietur
1002 802 1070 857 de
1096 815 1189 856 ore
1211 815 1334 857 meo
1359 816 1376 868 ;
1412 815 1520 856 non
1552 810 1856 856 revertetur
1897 803 1964 854 ad
2002 814 2088 855 me

503 910 762 961 vacuum,
789 896 886 950 sed
915 893 1078 950 faciet
1103 906 1441 963 quiscunque
1496 891 1662 957 volui,
1694 900 1749 947 et
1801 905 2088 962 prospera-

501 988 648 1044 bitur
678 987 734 1042 in
772 988 878 1055 bis,
926 987 994 1042 ad
1027 988 1169 1057 {quae
1202 985 1325 1042 misi
1368 984 1521 1040 illud.
1564 1003 1584 1038 ι
1622 983 1761 1038 LXX
1793 1000 1808 1044 ξ
1847 1002 1866 1036 ‹
1939 982 2088 1050 Quo-

505 1083 668 1137 modo
699 1082 742 1136 si
766 1079 1066 1135 descendat
1098 1078 1302 1149 pluvia,
1324 1086 1418 1134 aut
1448 1075 1545 1132 nix
1599 1076 1667 1134 de
1719 1076 1876 1142 caelo,
1904 1085 1958 1131 et
1982 1089 2088 1132 non

503 1181 836 1237 revertetur,
878 1174 1050 1226 donec
1100 1170 1335 1225 inebriet
1383 1177 1610 1234 terram,
1675 1177 1729 1224 et
1757 1176 1979 1238 generet
2038 1175 2093 1221 et

501 1263 734 1327 oriatur,
780 1272 834 1316 et
865 1262 956 1314 det
987 1275 1173 1315 semen
1219 1259 1532 1323 seminanti,
1571 1268 1624 1312 et
1655 1273 1847 1328 panem
1881 1257 1946 1310 ad
2000 1271 2092 1311 co-

504 1352 876 1416 medendum;
923 1352 1008 1407 sic
1043 1351 1147 1406 erit
1199 1351 1420 1404 verbum
1455 1365 1656 1412 meum,
1709 1348 1850 1417 quod
1901 1346 2097 1403 exierit

505 1447 572 1498 de
608 1459 701 1496 ore
731 1459 850 1498 meo
885 1459 900 1497 :
935 1459 1038 1496 non
1081 1450 1386 1496 revertetur
1423 1441 1593 1495 donec
1647 1439 1918 1508 coinpleat
1973 1452 2092 1506 quae

510 1536 684 1600 volui,
720 1547 774 1589 et
819 1548 1107 1605 prosperas
1160 1532 1358 1587 faciam
1412 1533 1526 1585 vias
1559 1531 1675 1602 ejus
1709 1537 1763 1585 et
1823 1537 2094 1600 praecepta

506 1642 644 1682 mea.
687 1645 707 1679 ›
746 1625 988 1681 Pendent
1035 1639 1100 1679 ex
1143 1623 1516 1693 superioribus
1561 1637 1682 1690 quae
1729 1620 2009 1685 dicuntur,
2039 1625 2096 1672 et

504 1721 740 1776 breviter
769 1720 856 1774 hic
883 1732 1076 1773 sensus
1092 1723 1176 1772 est
1205 1733 1220 1770 :
1249 1714 1365 1770 Non
1421 1715 1490 1770 sit
1533 1711 1844 1768 incredulus
1870 1709 2098 1781 populus

2186 523 2418 578 saturari
2451 521 2700 590 panibus,
2728 534 2866 590 quos
2885 519 2937 572 in
2960 517 3209 574 Habacuc
3247 518 3380 588 (cap.
3405 522 3479 589 tu)
3513 523 3708 576 comedit

2186 626 2386 682 pauper
2413 610 2750 666 abscondite.
2772 607 2878 664 Sed
2901 607 2969 662 ad
3003 621 3193 676 panem
3220 607 3468 662 doctrina
3491 610 3704 665 cohorta-

2185 711 2274 758 tur
2301 702 2418 765 Dei,
2444 717 2629 772 quem,
2670 700 2778 754 nisi
2841 698 3218 770 aperuerimus
3241 697 3421 753 oculos
3459 700 3613 754 cordis
3631 716 3710 754 no-

2189 795 2311 860 stri,
2352 794 2639 848 comedere
2684 808 2789 846 non
2837 805 3146 861 possumus.
3179 789 3256 844 De
3288 805 3394 859 quo
3413 805 3541 860 saepe
3559 793 3712 846 scribit

2186 895 2242 940 et
2273 883 2471 939 Paulus
2499 883 2604 950 his,
2630 883 2720 953 qui
2745 876 2874 938 ﬁdei
2903 890 2958 938 et
3000 882 3247 937 veritatis
3296 883 3606 939 sermonibus
3631 900 3710 938 n-

2190 977 2431 1031 triuutur
2467 975 2549 1046 (II
2582 975 2706 1030 Cor.
2742 975 2840 1046 ix).
2866 973 3292 1044 Praecipiturque
3325 974 3536 1038 doctori,
3573 986 3619 1031 ut
3638 994 3710 1046 pa-

2190 1082 2314 1124 nem
2347 1069 2610 1124 doctrina
2641 1081 2752 1122 suae
2781 1067 2964 1122 mittat
2991 1082 3155 1136 super
3185 1081 3400 1121 omnem
3441 1081 3633 1138 aquam,
3670 1077 3713 1124 et

2191 1159 2404 1215 cunctis
2430 1157 2682 1214 infundat
2720 1159 2951 1228 gratiam
2975 1157 3334 1228 spiritualem,
3366 1167 3416 1211 et
3437 1162 3559 1214 sciat
3600 1163 3712 1230 quod

2193 1252 2236 1306 si
2270 1251 2460 1306 fecerit
2500 1267 2618 1318 qua:
2643 1261 2909 1320 pra-cepta
2938 1263 3084 1315 sunt,
3118 1251 3172 1303 in
3207 1251 3491 1304 novissimo
3520 1261 3712 1320 tempore

2195 1345 2267 1400 sit
2295 1347 2512 1412 praemia
2536 1355 2877 1412 recepturus.
2901 1343 3154 1412 Satisque
3177 1343 3444 1395 videbitur
3473 1343 3710 1409 iniustum,

2197 1436 2375 1505 utqui
2411 1436 2615 1506 praebet
2658 1439 3078 1502 eleemosynam,
3124 1434 3191 1487 de
3240 1435 3418 1503 iniquo
3455 1448 3711 1487 mammona

2197 1529 2361 1584 faciat
2393 1528 2496 1583 sibi
2528 1528 2752 1593 amicos,
2785 1528 2876 1597 qui
2905 1541 3028 1581 eum
3051 1527 3312 1593 recipiant
3346 1527 3399 1581 in
3445 1539 3620 1580 aeterna
3653 1535 3714 1579 ta-

2199 1621 2490 1681 bernacula
2530 1618 2683 1690 (Luc.
2711 1617 2822 1690 xvi)
2853 1635 2868 1673 :
2900 1626 2956 1673 et
2981 1619 3072 1687 qui
3097 1617 3406 1688 Spirituales
3433 1618 3628 1688 largitur
3651 1617 3711 1672 ci-

2202 1714 2320 1778 bos,
2353 1711 2558 1781 datque
2590 1710 2874 1766 conservis
2907 1708 3109 1765 cibaria
3143 1710 3197 1763 in
3235 1718 3470 1777 tempore
3499 1724 3603 1772 suo,
3631 1723 3712 1763 non

505 1810 807 1876 nationum,
837 1808 985 1879 quod
1017 1816 1138 1879 post
1167 1815 1317 1861 tanta
1373 1804 1587 1860 scelera
1633 1803 1842 1870 impius
1871 1809 2094 1870 repente
2125 1791 2171 1848 Β
2198 1805 2441 1860 inveniat
2466 1817 2560 1859 eos
2598 1811 2721 1874 post
2763 1802 2932 1857 multa
2981 1802 3202 1865 saecula,
3247 1815 3366 1871 quae
3415 1799 3712 1856 Ecclesiastes

505 1901 763 1957 salvetur.
823 1896 944 1953 Non
975 1899 1118 1952 enim
1173 1906 1299 1952 sunt
1326 1896 1681 1966 cogitationes
1711 1909 1845 1948 meae
1869 1902 1926 1947 ut
1944 1892 2093 1961 cogi~

508 1987 742 2045 taliones
773 1990 1078 2053 hominum,
1099 1998 1152 2042 et
1175 1998 1437 2057 quantum
1464 1987 1661 2042 ctelum
1684 1986 1895 2041 distata
1926 1994 2091 2050 terra,

505 2090 711 2136 tantum
749 2094 881 2134 meae
897 2079 1257 2148 c0gitationes
1286 2093 1314 2130 a
1374 2074 1791 2146 cogitationibus
1813 2074 2091 2129 hominum

508 2180 768 2238 separata:
817 2178 967 2225 sunt.
1019 2168 1130 2240 Ego
1161 2169 1306 2222 enim
1353 2166 1812 2222 clementissimus
1850 2179 1994 2229 sum,
2042 2170 2096 2218 et

508 2263 711 2317 multus
743 2261 808 2315 ad
863 2260 1272 2330 ignoscendum.
1325 2257 1503 2313 Vultis
1533 2266 1587 2313 et
1630 2257 1792 2312 aliam
1843 2256 2095 2320 accipere

507 2353 922 2409 similitudinem
949 2353 973 2407 ?
1003 2352 1284 2418 Quomodo
1315 2351 1490 2406 imber
1519 2358 1576 2405 et
1600 2349 1688 2403 nix
1731 2346 2009 2402 descendit
2029 2347 2096 2400 de

509 2447 668 2513 cmlo,
705 2455 758 2500 et
793 2447 922 2500 illuc
972 2447 1111 2500 ultra
1166 2461 1271 2499 non
1323 2453 1644 2509 revertetur,
1703 2442 1799 2496 sed
1862 2439 2096 2494 inebriat

510 2551 737 2603 terram,
765 2549 821 2593 et
861 2536 1099 2593 infundit
1135 2551 1281 2602 eam,
1314 2547 1365 2591 et
1398 2537 1547 2591 varia
1587 2535 1800 2590 semina
1843 2533 2094 2605 pullulat,

512 2645 568 2685 ut
599 2631 772 2700 plenis
798 2631 1074 2700 segetibus
1099 2643 1272 2699 panes
1325 2627 1380 2684 in
1445 2642 1578 2682 usus
1623 2625 1904 2681 hominum
1973 2638 2097 2694 pro-

511 2732 765 2778 creentur
797 2739 813 2781 :
846 2722 927 2776 sic
951 2719 1389 2790 repromissionis
1406 2733 1538 2774 mea:
1557 2718 1803 2782 verbum,
1842 2715 1982 2786 quod
2010 2728 2097 2770 se-

511 2815 619 2870 mel
675 2814 943 2884 pollicitus
973 2826 1115 2876 sum,
1174 2819 1230 2866 et
1275 2809 1419 2880 quod
1472 2824 1748 2880 egressum
1774 2815 1859 2864 est
1907 2806 1974 2863 de
2001 2818 2098 2863 ore

517 2923 661 2975 meo,
699 2907 914 2961 irritum
948 2920 1053 2960 non
1083 2905 1190 2960 erit
1222 2921 1239 2972 ;
1291 2905 1385 2960 sed
1428 2903 1606 2957 omnia
1655 2915 1818 2972 opere
1861 2901 2099 2970 comple-

513 3000 742 3056 buutur.
786 2996 956 3052 Juxta
1011 3010 1288 3066 anagogen
1345 2995 1545 3060 duplex
1595 2991 1944 3062 intelligentia
1989 3001 2095 3057 est,

516 3095 660 3162 quod
698 3092 921 3144 verbum
954 3086 1164 3142 Domini
1193 3087 1277 3140 vel
1311 3087 1401 3140 ille
1431 3086 1522 3152 sit,
1573 3084 1642 3139 de
1675 3098 1784 3154 quo
1834 3082 2096 3152 scriptum
2122 3123 2167 3186 ο

517 3193 622 3240 est:
651 3179 718 3234 In
745 3179 1002 3250 principio
1039 3188 1150 3232 erat
1194 3175 1438 3240 Verbum,
1461 3185 1509 3229 et
1565 3173 1790 3230 Verbum
1813 3181 1925 3228 erat
1954 3174 2095 3242 apud

519 3275 710 3339 Deum,
734 3287 779 3327 et
829 3272 970 3327 Deus
1021 3281 1135 3324 erat
1187 3269 1408 3325 Verbum
1439 3267 1625 3337 (Joan.
1660 3284 1700 3334 t,
1739 3267 1814 3338 1).
1850 3267 1950 3332 Qui
1990 3281 2098 3322 non

518 3374 824 3424 revertetur
872 3364 939 3420 ad
998 3379 1123 3419 eum
1154 3378 1380 3426 vacuus,
1414 3363 1518 3416 nisi
1573 3360 1756 3416 Patris
1789 3360 1979 3415 fecerit
2003 3374 2100 3414 vo-

519 3461 780 3517 luntatem
811 3499 827 3525 ,
874 3469 928 3514 et
977 3460 1225 3513 universa
1294 3455 1650 3526 compleverit
1705 3465 1924 3524 pr0pter
1982 3469 2101 3524 qua:

520 3555 698 3606 fuerat
737 3560 1082 3621 corporatus.
1118 3561 1171 3603 ct
1197 3550 1459 3602 mundum
1494 3547 1919 3603 reconciliaverit
1971 3545 2099 3600 Deo.

519 3645 619 3710 Qui
643 3643 708 3696 de
737 3658 830 3696 ore
849 3640 1142 3710 procedere
1171 3640 1392 3712 dicitur,
1424 3645 1478 3692 et
1520 3638 1585 3692 de
1630 3647 1784 3691 utero
1814 3650 1878 3690 ac
1907 3634 2102 3692 vulva:

521 3753 626 3789 nou
657 3735 798 3804 quod
830 3735 970 3786 Deus
1006 3731 1121 3784 haec
1148 3728 1388 3782 membra
1421 3725 1638 3793 habeat,
1686 3725 1780 3780 sed
1832 3723 1979 3794 quod
2007 3737 2104 3778 nos

523 3840 771 3882 naturam
822 3824 1035 3877 Domini
1088 3835 1183 3891 per
1237 3828 1421 3875 nostra
1484 3819 1647 3872 verba
1671 3816 1965 3872 discamus.
2012 3813 2105 3869 Vel

529 3931 674 3976 certe
703 3919 805 3972 hoc
831 3915 1138 3978 dicendum,
1177 3913 1321 3982 quod
1379 3911 1703 3980 evangelica:
1751 3923 1932 3964 sermo
1980 3908 2108 3961 doc-

528 4018 683 4068 trinae
709 4009 881 4065 imber
914 4007 1236 4078 appelletur,
1265 4013 1319 4058 et
1352 4003 1545 4073 pluvia:
1568 4017 1702 4072 quas
1745 4001 1977 4055 fundunt
2018 4015 2108 4053 su-

524 4120 621 4175 per
644 4114 840 4157 terram
871 4101 1094 4162 bonam,
1125 4097 1294 4152 nubes
1324 4093 1654 4163 spirituales,
1706 4093 1774 4146 ad
1809 4107 1944 4160 quas
1988 4105 2108 4160 per-

527 4201 676 4254 venit
706 4197 907 4250 veritas
958 4191 1072 4246 Dei.
1105 4189 1274 4255 Quem
1309 4187 1560 4249 imbrem,
1602 4195 1656 4239 et
1717 4199 1852 4252 quas
1899 4183 2110 4253 pluvias

531 4291 742 4361 Moyses
771 4291 825 4341 in
853 4283 1261 4340 Deuteronomii
1289 4279 1519 4335 Cautico
1567 4278 1855 4348 pollicetur
1877 4296 1891 4333 :
1913 4277 2109 4332 Audiat

532 4395 672 4437 terra
697 4379 850 4434 verba
868 4378 973 4433 oris
988 4376 1086 4430 mei
1106 4391 1123 4432 .'
1147 4383 1472 4441 exspectetur
1490 4371 1624 4424 sicut
1647 4369 1827 4438 pluvia
1845 4369 2112 4438 eloquium

2195 1894 2430 1966 appellat
2457 1895 2664 1950 dierum
2701 1892 3101 1948 multitudinem
3161 1889 3361 1953 (Eccle.
3390 1891 3479 1961 xi).

2266 1984 2446 2058 (Vera.
2476 1985 2568 2051 12,
2606 1985 2718 2056 l3.)
2754 2002 2771 2037 ι
2829 1983 2966 2050 Quia
2992 1984 3047 2038 in
3070 1983 3258 2038 laetitia
3301 1983 3638 2053 egredieniini,
3672 1993 3712 2038 et

2196 2077 2249 2131 in
2292 2089 2424 2147 pace
2470 2076 2832 2132 deducemini.
2894 2075 3103 2131 Montes
3158 2085 3214 2130 et
3249 2074 3409 2130 colles
3470 2076 3712 2130 cantabunt

2195 2183 2378 2224 coram
2415 2169 2570 2225 vobis
2602 2169 2845 2231 laudem,
2887 2177 2942 2223 et
2966 2168 3148 2222 omnia
3184 2167 3326 2238 ligna
3355 2167 3569 2238 regionis
3595 2165 3712 2236 plan.

2193 2261 2323 2313 dent
2353 2275 2540 2315 manu.
2575 2259 2682 2315 Pro
2723 2260 3025 2315 salittncula
3058 2258 3321 2314 ascendet
3360 2258 3520 2325 abies,
3551 2268 3597 2312 et
3641 2271 3714 2326 pro

2196 2353 2370 2407 urtica
2399 2364 2606 2409 crescet
2635 2361 2867 2424 myrtus.
2901 2351 2968 2405 Et
3016 2351 3121 2407 erit
3184 2350 3441 2407 Dominus
3463 2348 3714 2404 nominatus

2195 2447 2252 2502 in
2305 2448 2520 2516 signum
2574 2456 2862 2510 aeternum,
2899 2443 3041 2514 quod
3069 2458 3180 2498 non
3207 2444 3496 2500 auferetur.
3523 2462 3542 2496 ι
3573 2442 3710 2497 LXX:

2201 2555 2220 2590 ι
2258 2536 2316 2591 In
2349 2537 2532 2590 laetitia
2565 2537 2943 2608 egrediemini,
2979 2544 3034 2590 et
3067 2536 3121 2590 in
3159 2537 3362 2606 gaudio
3406 2531 3708 2590 deducemini.

2196 2628 2409 2685 Montes
2424 2639 2479 2684 et
2496 2629 2661 2684 colles
2678 2628 2948 2696 exsilieut,
2965 2639 3344 2699 exspectantes
3368 2642 3455 2684 vos
3475 2627 3520 2682 in
3542 2626 3714 2696 gaudio,

2196 2729 2251 2776 et
2275 2721 2455 2777 omnia
2475 2720 2617 2790 ligna
2647 2721 2759 2790 agri
2781 2721 3108 2790 spplaudent
3133 2721 3324 2776 ramis.
3357 2719 3419 2774 Et
3439 2735 3526 2788 pro
3561 2715 3710 2786 στοισὴ

2197 2811 2272 2882 (id
2306 2821 2390 2868 est
2406 2811 2683 2867 vilissimis
2709 2813 2989 2881 stipitibus
3011 2810 3120 2884 [ΑΙ.
3147 2811 3426 2884 stirpibus]
3452 2811 3470 2882 )
3508 2808 3714 2865 ascendet

2197 2907 2508 2977 cyparissus
2540 2923 2555 2960 :
2587 2916 2641 2960 et
2675 2920 2773 2975 pro
2800 2920 3006 2977 conyza
3029 2909 3290 2963 ascendet
3333 2915 3540 2978 myrtus.
3562 2901 3616 2957 Et
3633 2901 3713 2955 erit

2198 3000 2459 3056 Dominus
2488 3001 2552 3070 in.
2579 3015 2774 3056 nomen
2824 3011 2878 3056 et
2927 3003 2980 3056 in
3012 3002 3228 3073 signum
3280 3003 3650 3072 sempiternum,
3669 3003 3713 3048 et

2199 3109 2305 3152 non
2336 3095 2573 3152 deticiet.
2611 3112 2630 3146 ›
2667 3094 2925 3158 Verbum,
2957 3094 3156 3162 inquit,
3210 3108 3388 3148 meum
3433 3107 3529 3147 non
3575 3100 3714 3142 rever-

2199 3197 2343 3244 tetur
2376 3201 2625 3253 vacuum,
2667 3186 2762 3240 sed
2797 3194 3079 3255 postquam
3104 3185 3452 3254 compleverit
3493 3182 3711 3241 universa,

2199 3293 2320 3350 quae
2351 3277 2519 3344 volui,
2553 3286 2608 3332 et
2644 3291 2816 3330 meam
2869 3277 2922 3329 in
2978 3277 3140 3330 terris
3175 3277 3364 3330 fecerit
3423 3275 3714 3331 voluntatem,

2202 3380 2330 3428 tunc
2358 3370 2425 3425 ad
2457 3384 2541 3424 me
2573 3369 2755 3422 veniet
2788 3385 2803 3434 ;
2841 3379 2896 3422 et
2927 3368 3242 3436 implebitnr
3276 3368 3423 3429 illud,
3454 3364 3577 3434 quod
3614 3360 3716 3416 srri-

2203 3472 2352 3532 ptum
2372 3471 2488 3515 est:
2518 3459 2664 3512 Dixit
2684 3457 2941 3512 Dominus
2967 3457 3191 3511 Domino
3216 3473 3348 3522 meo,
3378 3455 3499 3510 Sede
3515 3471 3542 3506 α
3561 3449 3714 3505 demit

2205 3550 2334 3606 meis
2360 3594 2376 3618 ,
2431 3552 2594 3604 donec
2638 3565 2832 3618 ponam
2859 3549 3100 3602 inimicos
3124 3559 3243 3603 tuos
3271 3549 3536 3603 scabeilum
3571 3543 3716 3612 pedum

2208 3652 2419 3696 tuorum
2441 3641 2615 3711 (l’sal.
2644 3655 2755 3706 crx,
2783 3639 2929 3708 1,2).
2958 3639 3012 3692 In
3047 3639 3234 3694 laetitia
3276 3642 3412 3694 enim
3431 3629 3714 3706 egredimini

2207 3734 2275 3788 de
2309 3733 2632 3789 idololatriae
2659 3731 2944 3798 sanguine,
2975 3741 3029 3783 et
3057 3730 3396 3786 deducemini
3427 3730 3475 3782 in
3506 3740 3616 3795 pace
3641 3740 3653 3787 ;
3675 3728 3717 3772 ut

2209 3825 2438 3896 audiatis
2461 3825 2528 3877 ab
2556 3822 2848 3891 Apostolo:
2870 3821 3230 3876 Gratia‘vobi.
3258 3835 3302 3876 et
3321 3836 3424 3890 pax
3445 3812 3715 3886 (Rom.i.'l).

2213 3915 2339 3972 Sive
2377 3915 2431 3972 in
2459 3915 2655 3985 gaudio
2686 3914 3030 3970 deducemini
3063 3931 3079 3968 :
3111 3923 3172 3967 ut
3199 3925 3317 3984 post
3347 3911 3575 3968 umbram
3597 3906 3715 3973 Legit

2211 4007 2434 4064 dissatis
2467 4006 2745 4077 Evangelii
2790 4006 3098 4060 veritatem.
3122 4003 3332 4060 Montes
3350 4005 3486 4058 enim
3510 4010 3556 4054 et
3574 3997 3716 4054 colles,

2212 4113 2350 4169 quos
2375 4097 2596 4168 angelos
2644 4095 2945 4164 intelligere
2997 4110 3302 4165 possumus,
3355 4103 3410 4149 et
3463 4097 3717 4147 sanctorum

2214 4189 2441 4254 animas,
2471 4187 2634 4259 653
2661 4203 2782 4260 quae
2820 4202 2918 4258 pro
2948 4187 3214 4242 varietate
3244 4186 3514 4245 virtutum,
3553 4185 3719 4234 montes

2215 4281 2556 4352 appellantur
2575 4291 2628 4334 et
2652 4279 2841 4347 colles,
2861 4278 3172 4349 gaudebunt
3194 4292 3356 4348 super
3377 4267 3716 4345 paenitentibus.

2217 4384 2269 4428 et
2319 4373 2513 4428 mentis
2560 4371 2802 4426 laetitiam
2849 4371 3076 4426 saltibus
3133 4369 3456 4424 indicabunt.
3513 4359 3641 4428 Quod
3681 4362 3717 4404 el

533 4471 1118 4536 meum,etdescendant
1137 4470 1270 4522 sicut
1296 4482 1382 4520 ros
1411 4465 1564 4518 verba
1583 4479 1697 4516 mea
1719 4461 1895 4534 (Deut.
1922 4476 2099 4526 xxxtt,
2133 4459 2184 4520 D
2211 4464 2467 4517 Dominus
2499 4463 2735 4531 loquitur
2761 4463 2813 4516 in
2845 4461 3136 4530 Evangelio
3163 4481 3176 4515 ε
3230 4459 3550 4514 ιωιαὸωειυτ
3588 4445 3720 4514 angeli

537 4571 587 4635 1,
617 4568 671 4636 2)
702 4584 716 4632 ;
753 4576 811 4620 ut
839 4564 928 4631 qui
957 4560 1344 4617 seminaverint
1373 4559 1426 4611 in
1486 4555 1758 4623 lacrymis,
1802 4554 1854 4608 iu
1913 4553 2110 4622 gaudio

537 4669 740 4716 metant
766 4655 942 4728 tl’sal.
967 4653 1154 4719 ειη).
1190 4652 1254 4706 Et
1295 4649 1386 4720 qui
1412 4645 1868 4704 seminaverintin
1901 4644 2111 4712 iustitia

535 4761 590 4805 et
619 4749 832 4818 spiritu,
869 4755 1072 4799 metant
1125 4741 1358 4798 fructum
1399 4741 1525 4792 vita:
1547 4737 1906 4806 sempiternae,
1964 4735 2109 4788 acci—

537 4841 795 4911 piantque
841 4851 1031 4907 panem
1091 4833 1350 4888 doctrinae
1402 4829 1746 4902 evangelicae,
1795 4828 1860 4882 de
1886 4843 1992 4896 quo
2057 4828 2111 4880 in

540 4931 844 4985 Proverbiis
879 4937 930 4983 et
988 4928 1041 4981 in
1099 4925 1262 4996 652
1318 4922 1642 4979 Ecclesiaste
1696 4922 1954 4989 scriptum
1987 4929 2111 4974 est:

537 5026 695 5092 Aperi
724 5023 900 5076 oculos
925 5031 1062 5083 tuos,
1089 5029 1136 5074 et
1159 5017 1376 5085 implere
1401 5015 1624 5084 panibus
1647 5013 1835 5082 (Prov.
1859 5028 1950 5079 xx,
1984 5011 2070 5080 15)
2095 5026 2108 5074 ;

538 5131 592 5171 ct
621 5119 814 5170 iterum
846 5131 862 5169 .'
889 5112 1038 5168 Mitte
1069 5126 1258 5182 partem
1283 5118 1430 5162 tuum
1458 5123 1615 5176 super
1637 5123 1848 5176 aquam,
1891 5107 2014 5176 quia
2060 5108 2114 5159 in

541 5207 871 5259 multitudine
892 5205 1093 5257 dierum
1115 5212 1325 5254 tuorum
1347 5199 1571 5253 invenies
1589 5214 1705 5251 eum
1727 5195 2009 5266 (Eccle.xl.
2039 5197 2112 5266 l).

544 5296 726 5364 Neque
757 5294 896 5346 enim
930 5292 1258 5347 credendum
1311 5301 1415 5356 est,
1447 5289 1587 5357 quod
1638 5286 1977 5356 praecipiatur
2026 5302 2115 5337 ve-

544 5391 921 5450 scentibus,ut
969 5387 1034 5438 ad
1087 5385 1478 5440 comedendum
1529 5382 1671 5435 hunc
1735 5395 1952 5448 panem,
2009 5393 2116 5447 quo

618 5508 629 5535 '
681 5502 828 5554 lianc
889 5495 1171 5550 lectionem
1231 5496 1502 5549 Victorius
1580 5493 1786 5562 pridem
1859 5493 2112 5554 restituit,

547 5593 673 5632 inst.
727 5568 891 5624 nostri
947 5569 1102 5632 plane
1151 5571 1497 5620 COIllll'lll'Jltl.
1547 5564 1884 5614 Munitainniis
1936 5574 2112 5614 tamen

550 5670 609 5699 η
654 5647 773 5696 aliis
812 5647 990 5704 inepto
1017 5653 1177 5688 sensu
1207 5639 1416 5697 maluit,
1442 5636 1609 5685 elixus
1651 5650 1833 5683 cantes
1862 5635 2116 5699 sttiiguitte

554 5742 569 5770 ι
589 5719 843 5768 _)t.';._‘.’.'ltllf.

621 5816 688 5825 νο·-
728 5784 828 5833 5:4."
856 5787 990 5833 ῖεέέγιίῖ
1043 5781 1336 5829 Γιόῇιιῐίίξᾱηί,
1473 5774 1658 5823 ιιξάιιπ
1714 5790 1816 5823 ,υζξη
1980 5775 2114 5820 ’μιτίμ

2220 4557 2273 4610 in
2294 4555 2420 4609 caelo
2439 4571 2592 4624 super
2611 4570 2712 4606 uno
2737 4563 3006 4622 peccatore
3028 4553 3384 4621 paenitentiam
3411 4553 3577 4619 agente
3604 4537 3720 4609 (ιιιεο

2222 4663 2311 4713 xv,
2350 4647 2424 4716 7).
2457 4646 2650 4701 Omnia
2689 4660 2907 4716 quoque
2957 4645 3102 4715 ligna
3146 4645 3260 4714 agri
3299 4641 3534 4714 plaudent
3580 4644 3721 4692 manu.

2218 4741 2334 4796 sive
2359 4740 2542 4802 ramis,
2565 4753 2686 4807 quat
2708 4738 2946 4808 plantata
2977 4747 3102 4793 sunt
3133 4752 3292 4792 secus
3335 4737 3575 4790 decursus
3596 4735 3725 4791 aqua'

2222 4847 2360 4896 rmn,
2399 4848 2514 4900 quae
2544 4830 2776 4886 fructum
2810 4847 2968 4884 suum
2995 4831 3201 4884 dabunt
3229 4829 3281 4884 in
3315 4836 3540 4895 tempore
3564 4830 3661 4880 suo,
3682 4818 3724 4864 οι

2223 4925 2405 4979 folium
2428 4938 2739 4980 eorumnon
2756 4923 2952 4979 dcﬂuet
2978 4921 3148 4994 (Psal.
3179 4923 3239 4990 t).
3272 4920 3342 4974 De
3379 4917 3559 4988 quibus
3591 4915 3721 4962 mlum

2221 5018 2421 5089 lignum
2448 5018 2766 5087 loquebatur
2791 5017 2844 5070 in
2870 5016 3078 5085 psalmo
3103 5031 3120 5070 ι
3151 5013 3261 5084 Ego
3282 5024 3448 5067 autem
3468 5007 3586 5061 sicut
3617 4995 3723 5051 oliva

2221 5110 2500 5180 fructifera
2525 5113 2579 5164 in
2607 5110 2762 5164 domo
2793 5108 3005 5162 Domini
3038 5107 3206 5178 (Psal.
3244 5123 3314 5170 ιι,
3344 5103 3445 5173 10).
3476 5099 3723 5156 Interrogo-

2224 5220 2343 5259 mus
2361 5205 2580 5272 eos,qui
2602 5204 2899 5273 simplicem
2930 5209 3136 5253 tantum
3157 5207 3445 5269 sequuntur
3469 5184 3722 5246 historiam.

2223 5305 2275 5349 et
2341 5295 2509 5350 ellvas
2559 5310 2749 5348 carnes
2775 5295 2897 5364 agni
2950 5295 3240 5354 comedunt
3283 5293 3320 5344 ¹.
3388 5288 3560 5344 Utrum
3612 5279 3722 5364 lii“?

2225 5387 2483 5457 plaudunt
2511 5388 2694 5454 ramis,
2732 5396 2786 5441 et
2817 5362 3155 5456 concrepant
3185 5401 3360 5446 manu,
3393 5392 3441 5436 et
3467 5373 3577 5432 illud
3610 5362 3719 5438 quod

2226 5501 2434 5562 locum;
2478 5499 2600 5567 legit
2646 5501 2787 5552 enim
2820 5510 2869 5552 et
2915 5500 3082 5552 elixus
3120 5513 3300 5552 carnes
3330 5493 3452 5562 Agni
3479 5480 3720 5567 conteritur

2225 5572 2352 5635 Quae
2397 5545 2554 5623 1.2m?)
2616 5545 2878 5636 optimum
2917 5545 3550 5636 vlivttwlietvseiisumhlqttp
3573 5545 3724 5636 ρῇδξῖ

2230 5612 2392 5693 Γυιιόιι
2430 5641 2476 5691 vi
2505 5612 2719 5696 :erettir.
2753 5641 2797 5693 si
2846 5641 3196 5710 manuscripti
3228 5612 3431 5691 codices
3460 5612 3610 5684 eidem
3635 5612 3725 5670 sul-

2230 5711 2307 5760 l'2a
2333 5725 2391 5774 ζα·
2420 5721 2525 5763 tur.
2559 5709 2814 5763 MABTIAN.
