3902 6182
222 275 320 343 557

736 269 1231 335 COMMENTAR.
1272 269 1355 333 IN
1400 266 1665 331 ISAIAM
1705 268 2168 335 PROPHETAM
2216 269 2361 331 LIB.
2401 270 2527 341 XV,
2566 266 2922 334 CAP.-LV[.

3360 272 3464 335 ιδι
3530 260 3533 267 ’

221 399 288 452 de
335 387 651 449 ﬂuminibus
707 387 955 447 dicitur:
1006 385 1252 443 Flumina
1321 386 1577 457 plaudettt
1624 401 1787 439 manu
1818 390 1859 446 Α
1892 384 1999 440 fine
2053 386 2366 450 mutabitur,
2430 384 2523 439 sed
2572 386 2639 449 de
2717 386 2968 455 praesenti
3046 390 3462 445 conversatione

222 482 397 557 (Psal.
425 496 591 546 xum,
628 480 707 551 8),
757 495 867 549 quo
896 493 1057 537 sensu
1119 479 1494 550 accipiendum
1549 478 1640 532 sit.
1688 474 1797 530 Nec

221 574 391 631 solum
426 580 643 627 montes
690 578 745 626 et
778 569 947 625 colles
976 569 1228 626 exsiliunt
1257 579 1418 638 atque
1449 568 1749 623 cantabunt
1777 582 1794 632 ;

222 677 277 723 et
301 666 491 723 omnia
524 664 670 734 ligna
697 664 838 733 agri,
881 663 967 717 cui
1001 664 1278 719 benedixit
1329 663 1610 726 Doutinus,
1645 662 1798 731 plau-

221 755 350 810 dent
393 754 581 813 ramis,
639 760 694 811 et
745 751 999 806 manibus
1060 751 1512 820 concrepabunt:
1577 751 1675 806 sed
1740 760 1798 805 et

223 844 408 915 σωισή
447 856 665 914 quoque
698 852 755 898 et
791 841 995 910 κονύζη
1028 841 1142 901 sive
1176 842 1477 899 saliuneula
1501 851 1556 898 et
1598 842 1795 904 urtica,

221 936 273 991 in
304 936 539 995 abietem
573 943 855 999 vertentur
906 932 1034 1006 [AL
1077 934 1407 1007 vertuntur],
1453 949 1519 991 ac
1562 946 1795 1007 myrtum

220 1041 271 1082 et
296 1026 664 1098 cyparissum.
703 1026 902 1096 Στοιϐή
952 1025 1112 1096 juxta
1147 1025 1530 1096 Symmachum
1574 1037 1629 1082 et
1659 1026 1799 1082 LXX

220 1119 276 1175 in
313 1118 538 1173 llebrato
570 1118 829 1177 scribitur
876 1133 1040 1175 assus
1089 1118 1343 1204 (ma):
1404 1133 1565 1189 quem
1602 1121 1796 1191 Aquila

221 1220 275 1265 et
322 1207 627 1267 Theodotio
666 1209 901 1279 κονύζην
948 1210 1288 1282 interpretati
1310 1219 1457 1271 sunt.
1489 1209 1587 1267 Est
1614 1222 1795 1266 autem

224 1301 434 1366 κονύζη
464 1300 632 1361 herba
654 1300 913 1357 vilissima
931 1308 985 1355 et
1010 1316 1217 1363 amara,
1242 1302 1532 1372 aderisque
1556 1302 1795 1370 pessimi.

227 1389 327 1447 Ubi
362 1403 545 1447 autem
584 1389 941 1462 Septuaginta
982 1392 1373 1447 transtulerunt
1417 1389 1643 1462 κονύζη.
1675 1408 1798 1463 quae

224 1485 273 1538 iu
311 1483 583 1538 Hebraico
625 1483 825 1537 dicitur
871 1497 1106 1539 ssnrnon
1165 1484 1380 1555 (ΊΞὋ).
1444 1482 1799 1554 Symmachus

224 1571 405 1634 vertit,
441 1571 681 1633 urticam.
711 1568 998 1639 Utcunque
1047 1588 1108 1638 se
1158 1573 1318 1627 habet
1342 1574 1619 1627 nominum
1673 1588 1798 1642 pro-

224 1661 448 1732 prietas,
513 1661 619 1714 hoc
642 1660 933 1723 dicendum
985 1671 1089 1728 est,
1141 1663 1285 1731 quod
1342 1661 1481 1716 mala
1513 1672 1796 1718 vertantur

1902 478 2129 532 transiet
2166 479 2220 531 in
2259 475 2519 532 futurum.

1917 602 1921 605 -
1971 565 2285 637 (Cap.LVl.
2320 598 2391 608 -—
2420 566 2578 622 Vers.
2618 564 2695 639 l.)
2737 584 2755 619 t
2807 564 2933 622 Haec
2974 566 3108 622 dicit
3154 567 3463 623 Dominus:

1898 657 2177 713 Custodite
2203 656 2492 726 judicium,
2520 666 2573 711 et
2613 658 2773 713 facite
2796 657 3066 727 justitiam
3103 673 3118 711 :
3149 658 3278 728 quia
3309 658 3464 727 juxta

1898 759 1981 803 est
2013 750 2164 807 salus
2202 763 2317 803 mea
2363 759 2422 804 ut
2458 749 2659 814 veniat,
2696 758 2751 804 et
2772 748 2984 818 justitia
3021 765 3138 805 mea
3163 760 3221 804 ut
3256 751 3467 806 revele-

1899 849 2006 896 tur.
2051 858 2072 893 ο
2098 838 2263 905 LXX,
2314 854 2413 910 pro
2450 840 3145 910 justitianmisericordians
3176 843 3469 898 transtuleo

1903 941 2055 993 runt,
2077 942 2274 986 caetera
2301 932 2575 986 similiter.
2604 930 2858 987 Gentium
2887 933 3137 988 vaticinio
3156 934 3467 999 terminate,

1897 1036 2019 1091 qua
2070 1021 2125 1077 in
2190 1021 2431 1079 adventu
2496 1023 2763 1080 sermonis
2814 1023 2908 1078 Dei
2952 1024 3022 1080 de
3071 1024 3373 1085 saliuncula
3416 1035 3473 1080 et

1900 1114 2077 1171 urtica
2132 1114 2187 1170 in
2238 1116 2575 1186 cyparissum
2621 1123 2971 1187 myrtumque
3018 1117 3287 1172 mutandae
3320 1124 3470 1180 sunt,

1900 1208 2144 1275 loquitur
2168 1205 2335 1263 Isaias
2375 1207 2443 1261 ad
2486 1206 2630 1263 illius
2674 1208 2940 1278 temporis
2964 1208 3266 1271 auditores,
3297 1217 3354 1262 ut
3384 1207 3470 1261 fa-

1899 1297 2046 1351 ciant
2072 1305 2293 1362 cuneta,
2315 1311 2436 1366 qua
2458 1307 2604 1353 recta
2632 1306 2781 1360 sunt.
2807 1308 2865 1354 et
2892 1307 3085 1370 parent
3118 1314 3177 1353 se
3212 1297 3468 1352 adventui

1898 1386 2216 1449 Saluatoris,
2257 1388 2385 1457 quia
2441 1388 2558 1458 ipse
2605 1398 2695 1447 est
2731 1388 2947 1458 iustitia
2983 1398 3040 1444 et
3093 1388 3503 1445 misericordia.

1900 1478 2016 1535 Dei.
2053 1478 2109 1533 Si
2135 1480 2282 1535 enim
2317 1480 2671 1550 cogitationes
2705 1490 3021 1538 sanctorum
3069 1480 3273 1552 judicia
3300 1489 3468 1535 sunt:

1898 1578 1953 1625 et
2012 1571 2338 1627 exercitatos
2388 1587 2583 1627 sensus
2641 1574 2662 1606 ι
2713 1573 2781 1639 ad
2831 1574 3217 1632 discretionem
3255 1571 3380 1629 boni
3412 1588 3475 1626 ac

1900 1662 2030 1715 mali
2077 1661 2275 1717 habere
2303 1661 2589 1729 debemus,
2626 1676 2727 1717 cur
2772 1677 2879 1719 non
2927 1664 3075 1718 omni
3114 1674 3355 1731 tempore
3381 1677 3477 1716 cu-

224 1751 275 1806 in
303 1750 556 1815 bona,'et
586 1765 683 1820 pro
711 1751 859 1809 vitiis
888 1763 1179 1808 nascantur
1209 1754 1457 1818 virtutes,
1492 1752 1545 1808 id
1565 1761 1669 1818 est,
1708 1766 1805 1821 pro
1837 1740 1881 1798 Β
1909 1753 2215 1809 stodiamus
2274 1753 2579 1823 judicium,
2636 1766 2705 1807 ne
2775 1752 3141 1822 despiciamus
3191 1768 3476 1822 personam

226 1844 535 1912 iniquitate,
570 1841 779 1911 justitia
813 1859 829 1907 ;
866 1856 963 1915 pro
991 1843 1315 1906 temeritate,
1344 1844 1607 1900 fortitudo
1634 1858 1651 1910 ;
1706 1857 1805 1913 pro

228 1935 465 2001 luxuria,
502 1936 902 2005 temperantia;
939 1950 1038 2005 pro
1072 1935 1326 1998 stultitia,
1350 1935 1656 2006 prudentia.
1704 1934 1805 1991 Dc-

228 2042 354 2083 mus
379 2026 625 2096 exempla
679 2025 985 2094 majorum:
1034 2024 1320 2082 Mattbatus
1368 2036 1424 2082 et
1464 2024 1721 2081 Zacbzeus
1753 2035 1809 2080 et

228 2117 530 2186 publicani,
567 2115 869 2171 saliuneula
918 2125 1096 2181 erant,
1146 2125 1201 2171 et
1251 2115 1467 2186 στοισή,
1497 2127 1553 2172 et
1607 2118 1806 2187 stirpes

232 2206 471 2271 inutiles,
499 2216 555 2261 et
586 2207 789 2278 κονύζη
813 2207 984 2261 amari
1029 2208 1262 2277 saporis,
1312 2218 1368 2263 et
1410 2208 1594 2265 odoris
1645 2217 1809 2263 teter-

233 2299 380 2359 rimi,
412 2298 697 2353 dicentes:
738 2294 1181 2367 Computruerunt
1213 2308 1261 2353 et
1284 2311 1546 2370 corrupta:
1573 2309 1694 2355 sunt
1736 2303 1810 2354 ci-

232 2392 457 2444 catrices
490 2406 638 2456 mete,
677 2407 711 2444 a
746 2391 883 2459 facie
915 2392 1229 2462 insipientia:
1254 2409 1380 2447 mea?
1402 2390 1574 2464 (Psal.
1604 2411 1809 2461 xxxv",

234 2484 311 2553 6).
354 2482 453 2538 Isti
483 2484 537 2537 in
578 2484 855 2553 apostolos
886 2495 1111 2555 repente
1141 2486 1353 2552 mutati,
1385 2486 1516 2541 facti
1549 2500 1675 2543 sunt
1722 2503 1812 2559 cy-

235 2577 482 2647 parissus
514 2584 569 2631 et
594 2576 769 2642 abies,
801 2587 856 2630 et
888 2586 1118 2648 myrtus,
1155 2577 1340 2633 odoris
1396 2580 1608 2648 optimi,
1651 2590 1704 2634 et
1754 2581 1811 2637 in

237 2670 386 2722 varia
416 2682 580 2738 opera
624 2669 944 2725 necessarii.
999 2668 1202 2725 Paulus
1244 2685 1462 2743 quoque
1500 2683 1814 2742 persecutor

238 2756 513 2818 Ecclesiae.
540 2758 758 2827 quando
783 2758 1038 2813 audiebat
1068 2773 1096 2812 a
1122 2759 1387 2815 Domino:
1414 2758 1595 2821 Saule.
1625 2759 1812 2826 Saule,

236 2850 362 2917 quid
386 2865 467 2901 nte
492 2848 806 2918 persequeris
827 2850 853 2902 .’
878 2848 1081 2903 Durum
1104 2860 1180 2905 est
1203 2862 1387 2906 contra
1408 2853 1681 2907 stimulum
1704 2853 1816 2907 cal-

239 2941 444 2993 citrare
479 2940 622 3010 (Act.
652 2956 727 3007 ιι,
759 2940 814 3003 4,
847 2940 929 3011 5),
966 2941 1139 2997 urtica
1171 2951 1312 3007 erat,
1371 2943 1575 2999 habens
1629 2958 1817 3013 perse-

238 3032 474 3085 cutionis
507 3030 747 3085 aculeos.
781 3029 1009 3097 Quando
1038 3031 1204 3105 654
1228 3043 1408 3089 autem
1448 3034 1502 3089 in
1532 3042 1644 3089 toto
1681 3036 1813 3090 orbe

240 3121 589 3193 Evangelium
629 3124 962 3191 praedicavit,
1007 3133 1061 3179 et
1108 3108 1289 3181 dicere
1331 3135 1579 3196 poterat:
1616 3125 1811 3182 Christi

243 3216 409 3268 bonus
440 3215 569 3267 odor
596 3230 783 3271 sumus
816 3214 898 3281 (II
920 3214 1042 3271 Cor.
1076 3231 1139 3279 ιι,
1168 3216 1277 3287 i5),
1309 3227 1454 3274 recte
1502 3217 1817 3292 cyparissus

236 3309 570 3378 appellatur,
604 3316 658 3361 et
688 3317 919 3379 myrtus.
941 3308 1254 3368 Meretrices
1278 3321 1330 3366 et
1353 3311 1633 3379 publicani
1684 3317 1820 3380 pra:-

240 3398 473 3453 veniunt
500 3397 804 3453 Pltarisacos
829 3400 884 3452 in
914 3412 1082 3468 regno
1110 3398 1226 3461 Dei,
1259 3408 1312 3455 et
1349 3399 1491 3456 latro
1545 3401 1612 3454 de
1658 3413 1818 3453 cruce

244 3490 445 3544 transit
478 3489 531 3542 in
563 3488 874 3557 paradisum
909 3488 1128 3559 (Matth.
1156 3490 1294 3561 ut).
1323 3490 1460 3559 Ergo
1499 3490 1629 3544 illud
1673 3489 1819 3559 quod

244 3584 298 3636 in
336 3581 630 3651 Evangelio
660 3581 893 3636 dicitur:
931 3579 1048 3636 Non
1070 3590 1238 3649 potest
1279 3583 1437 3637 arbor
1470 3584 1604 3637 bona
1649 3584 1820 3653 facere

244 3678 447 3742 [ructus
479 3671 645 3724 malos
683 3670 835 3743 (Luc.
859 3688 933 3736 Vt,
963 3674 1073 3740 45;
1110 3673 1301 3730 Matth.
1336 3691 1431 3743 VII,
1462 3676 1570 3745 18),
1613 3691 1820 3744 nequa»

245 3778 408 3833 quam
445 3762 679 3818 refertur
702 3765 767 3819 ad
800 3776 1005 3820 naturae
1028 3769 1432 3837 proprietatem,
1473 3777 1530 3823 ut
1583 3768 1821 3823 lueret-lci

246 3858 459 3921 volunt,
484 3857 579 3911 sed
607 3857 673 3911 ad
700 3859 898 3912 mentis
929 3860 1239 3914 arbitrium.
1272 3861 1509 3930 Denique
1543 3862 1775 3917 infertur
1803 3876 1817 3917 :

247 3949 347 4002 Aut
378 3948 539 4019 facile
567 3952 803 4002 arborem
831 3950 1036 4013 bonam,
1066 3960 1114 4005 et
1145 3951 1345 4020 fructus
1373 3953 1487 4021 ejus
1524 3955 1701 4007 bonos.
1744 3954 1824 4009 Ex

249 4054 354 4107 quo
385 4042 730 4109 perspicuum
763 4047 868 4103 est,
902 4054 1338 4110 unumquemque
1373 4041 1589 4111 propria
1638 4041 1825 4096 volun-

250 4138 360 4183 tate
388 4130 565 4184 facere
595 4130 831 4183 animam
860 4144 1010 4184 suam
1044 4128 1152 4202 [ΔΙ.
1204 4134 1398 4186 anima
1450 4131 1579 4204 suae]
1632 4132 1826 4186 bonam

250 4224 333 4278 vel
354 4224 550 4277 malam
574 4224 844 4292 arborem,
878 4224 1029 4291 cujus
1049 4225 1257 4280 fructus
1285 4226 1415 4281 varii
1442 4238 1590 4282 sunt.
1637 4224 1829 4296 Sequi-

254 4327 381 4371 tur:
422 4316 487 4370 Et
519 4317 617 4369 erit
652 4317 905 4370 Dominus
934 4317 988 4370 in
1018 4334 1205 4372 nomen
1241 4329 1290 4373 et
1334 4320 1388 4373 in
1436 4321 1645 4390 signum
1693 4335 1831 4374 sem-

1904 1844 2163 1913 psuperis
2187 1843 2239 1901 in
2268 1842 2497 1912 judicio,
2532 1857 2599 1896 ne
2631 1843 2818 1897 divitis
2851 1843 3097 1910 potentia
3130 1852 3475 1897 terreamur:

1906 1934 2003 1991 sed
2036 1935 2109 1990 ita
2163 1948 2422 2005 magnum
2476 1934 2785 2004 judicemus
2842 1943 2901 1991 ut
2947 1949 3193 2005 parvum,
3240 1935 3479 1992 scientes

1902 2028 2055 2097 juxta
2081 2024 2327 2098 Moysen,
2359 2028 2505 2097 quod
2552 2026 2761 2085 Domini
2792 2026 3057 2094 judicium
3100 2024 3191 2090 sit,
3217 2025 3311 2094 qui
3336 2023 3483 2093 judi-

1906 2125 1996 2171 cat
2039 2116 2351 2185 judicantes
2395 2114 2580 2186 (Deut.
2614 2122 2693 2184 t);
2738 2113 2905 2187 655
2950 2114 3107 2184 juxta
3149 2114 3294 2184 quod
3340 2113 3480 2169 etin

1908 2207 2123 2263 Psalmo
2168 2207 2362 2277 legitur
2410 2223 2426 2262 :
2466 2207 2608 2267 Deus
2634 2209 2777 2262 stetit
2822 2210 2875 2261 in
2924 2223 3190 2277 synagoga
3215 2206 3429 2273 deorum
3462 2219 3481 2257 :

1910 2293 1964 2345 in
2010 2293 2179 2349 medio
2234 2301 2411 2347 autem
2468 2297 2597 2357 deos
2650 2296 2918 2360 diiudicat
2968 2293 3142 2363 (Psal.
3176 2310 3362 2359 unt,
3405 2294 3478 2365 1).

1912 2382 2048 2439 Huic
2102 2388 2244 2454 quod
2297 2400 2446 2441 nunc
2500 2388 2734 2444 dicitur:
2771 2385 3047 2451 Custodite
3099 2387 3394 2457 judicium,
3433 2398 3483 2440 et

1913 2478 2069 2548 facite
2113 2477 2403 2547 justitiam,
2439 2479 2567 2539 illud
2627 2480 2805 2535 simile
2853 2490 2936 2541 est
2970 2495 2985 2533 :
3017 2481 3172 2536 Beati
3196 2481 3287 2551 qui
3307 2490 3487 2534 custo-

1912 2572 2062 2623 diunt
2101 2571 2387 2638 judicium,
2430 2580 2483 2631 et
2530 2571 2736 2639 faciunt
2773 2573 3043 2643 justitiam
3090 2574 3143 2629 in
3184 2576 3328 2628 omni
3357 2584 3485 2627 tem-

1912 2675 2038 2727 pore
2068 2661 2240 2731 (Psal.
2271 2677 2358 2729 cv,
2399 2664 2455 2732 ὅ)
2478 2701 2496 2729 ,
2535 2674 2594 2719 ιιι
2635 2664 2778 2732 iuste
2813 2668 2955 2735 quod
2992 2665 3193 2737 justum
3230 2676 3333 2731 est,
3364 2680 3488 2736 per-

1914 2763 2236 2824 sequantur.
2276 2753 2593 2824 Quanquam
2636 2757 2690 2812 iu
2739 2758 2958 2816 nomine
3010 2757 3258 2827 justitiac,
3305 2758 3484 2812 omnis

1918 2844 2051 2899 mibi
2097 2846 2346 2903 videatur
2401 2848 2694 2915 signiﬁcari
2742 2850 2929 2918 lacus,
2979 2853 3124 2922 quod
3177 2851 3270 2920 qui
3324 2865 3485 2911 unam

1910 2935 2181 3005 justitiam
2218 2936 2433 3005 fecerit,
2458 2950 2686 2999 cunctas
2728 2943 2962 3006 virtutes
2994 2943 3247 3013 implesse
3275 2941 3490 2997 dicatur

1918 3045 2039 3102 qua:
2072 3031 2302 3087 invicem
2333 3047 2394 3088 se
2433 3044 2756 3104 sequuntur,
2784 3045 2837 3089 et
2881 3036 2984 3091 sibi
3020 3034 3226 3090 harent
3265 3051 3281 3091 ;
3320 3035 3392 3091 ita
3431 3042 3491 3089 ut

1918 3123 2012 3193 qui
2049 3139 2210 3179 unam
2252 3125 2521 3192 habuerit,
2558 3141 2748 3184 omnes
2776 3128 2995 3199 habeat,
3038 3141 3095 3191 et
3138 3130 3229 3199 qui
3259 3144 3366 3185 una
3397 3142 3492 3184 ca~

1919 3216 2110 3281 ruerit,
2141 3216 2352 3272 cunctis
2400 3229 2604 3281 careat.
2644 3218 2777 3279 Tale
2827 3218 2960 3286 quid
3007 3228 3062 3274 et
3089 3228 3315 3287 quartus
3342 3218 3488 3273 deci—

1917 3321 2041 3371 mus
2072 3305 2315 3375 psalmus
2343 3316 2501 3362 sonat
2532 3322 2549 3363 :
2586 3305 2689 3371 Qui
2729 3307 2967 3361 ambulat
3015 3310 3415 3375 inmaculatus,
3438 3316 3490 3375 et

1918 3407 2171 3465 operatur
2192 3395 2465 3464 justitiam
2496 3397 2673 3466 (Psal.
2702 3414 2811 3465 xxv,
2854 3399 2933 3468 2).
2982 3398 3048 3453 Et
3073 3400 3199 3461 alibi
3227 3402 3487 3470 scriptum

1918 3484 2347 3541 estzlustitiaut
2394 3488 2578 3545 discite
2638 3491 2727 3559 qui
2790 3490 3048 3544 habitatis
3104 3508 3260 3562 super
3286 3501 3488 3546 terram

1924 3577 2064 3652 (Isa.
2111 3595 2279 3643 xxvr,
2328 3578 2404 3650 9).
2447 3580 2600 3648 Quod
2653 3590 2831 3639 autem
2879 3583 3143 3651 Salvator,
3192 3589 3285 3655 qui
3316 3586 3491 3645 factus

1922 3683 2006 3727 est
2028 3674 2190 3737 nobis
2215 3672 2448 3741 justitia,
2476 3681 2531 3737 et
2563 3676 2847 3738 sanctitas,
2876 3684 2932 3731 et
2953 3678 3251 3747 redemptio
3274 3678 3326 3748 (ι
3359 3679 3489 3747 Cor,

1919 3766 1987 3833 ι),
2022 3766 2140 3833 ipse
2171 3765 2242 3818 sit
2283 3764 2655 3821 misericordia
2705 3765 2820 3831 Dei,
2868 3778 3181 3823 sanctorum
3220 3771 3383 3825 verba
3408 3781 3493 3827 te-

1924 3865 2139 3912 stantur
2176 3871 2193 3912 ε
2232 3853 2302 3911 Ει
2364 3858 2507 3910 misit
2559 3856 2698 3911 Deus
2758 3858 3180 3917 misericordiam
3230 3876 3401 3928 suam,
3440 3872 3490 3918 et

1926 3948 2200 4005 ueritatem
2234 3963 2385 4001 suam
2415 3945 2587 4017 (Psal.
2624 3962 2735 4011 Lvt,
2766 3947 2845 4017 4).

1978 4036 2181 4107 '(Vers.
2207 4037 2286 4109 ἓ.)
2321 4056 2340 4091 ι
2379 4037 2580 4095 Beatus
2622 4041 2807 4109 virqui
2844 4039 2967 4095 facit
2992 4040 3187 4108 boc,et
3222 4041 3363 4111 ﬁlius
3395 4043 3494 4097 bo-

1930 4132 2094 4186 minis
2118 4130 2213 4199 qui
2241 4130 2606 4200 apprehendat
2638 4131 2820 4188 istud:
2845 4133 3153 4188 custodiens
3176 4134 3494 4201 Sabbatum,

1929 4239 1999 4278 ne
2028 4223 2235 4293 polluat
2266 4222 2399 4289 illud
2433 4237 2448 4278 :
2492 4223 2808 4278 custodiens
2840 4240 3033 4282 manus
3068 4242 3216 4293 suas,
3249 4243 3314 4287 ne
3340 4227 3501 4285 faciat

1932 4330 2096 4371 omne
2122 4316 2349 4381 malum.
2389 4334 2408 4367 ι
2449 4315 2629 4373 LXX:
2669 4335 2688 4369 ι
2724 4315 2922 4375 Beatus
2944 4321 3024 4373 vir
3042 4322 3134 4390 qui
3166 4319 3329 4376 faciet
3364 4322 3498 4387 haec,

249 4410 541 4476 piternum,
562 4407 699 4474 quod
734 4423 836 4460 non
857 4409 1097 4476 deﬁciet.
1126 4409 1243 4474 His,
1277 4410 1366 4478 qui
1399 4410 1469 4463 de
1489 4410 1633 4464 mulo
1680 4424 1826 4464 com-
1853 4412 1911 4477 ι)
1932 4417 1987 4462 et
2013 4408 2173 4462 homo
2206 4408 2296 4477 qui
2349 4407 2546 4463 retinet
2600 4409 2725 4474 ista,
2780 4421 2836 4465 et
2881 4412 3120 4468 custodit
3150 4413 3407 4477 Sabbata,
3446 4426 3502 4467 ut

252 4506 445 4555 mutati
479 4501 680 4554 fuerint
713 4503 764 4551 in
802 4501 1025 4566 bonum,
1059 4503 1163 4555 erit
1213 4501 1475 4556 Dominus
1527 4503 1581 4555 in
1630 4516 1829 4557 nomen
1930 4514 2038 4555 nou
2070 4499 2322 4569 profanet
2359 4515 2443 4563 ea,
2472 4510 2527 4554 et
2574 4515 2758 4554 servat
2805 4517 3001 4557 manus
3044 4519 3195 4572 suas,
3230 4521 3299 4560 ne
3338 4506 3503 4560 faciat

252 4597 310 4642 et
340 4589 393 4641 in
429 4590 641 4657 signum
668 4598 955 4657 aeternum,
986 4602 1044 4645 ut
1074 4606 1140 4644 ex
1173 4590 1344 4659 ipsius
1371 4593 1708 4661 appellentur
1735 4606 1834 4645 no-
1933 4596 2298 4663 iniquitatem.
2335 4614 2355 4647 ι
2391 4594 2493 4661 Qui
2536 4613 2657 4651 cum
2698 4599 2946 4665 apostolo
2998 4600 3162 4655 Paulo
3198 4612 3374 4669 potest
3420 4599 3501 4651 ui-

254 4683 403 4735 mine
433 4680 749 4746 CltriStiaui,
782 4692 835 4736 et
866 4684 1047 4738 crucis
1077 4685 1194 4754 ejus
1230 4685 1516 4738 iuurantur
1564 4685 1828 4739 cauterio.

258 4772 332 4826 De
366 4789 474 4843 quo
488 4775 645 4842 signo
669 4771 891 4828 Simeon
921 4785 1110 4829 tenens
1133 4774 1277 4829 ulnis
1298 4775 1601 4844 parvulum,
1630 4774 1833 4845 loque—

257 4870 418 4920 batur
446 4881 465 4925 :
500 4865 598 4919 Hic
626 4868 725 4920 erit
745 4869 798 4921 in
830 4867 1041 4921 ruinam
1064 4874 1113 4921 et
1147 4869 1198 4920 in
1229 4868 1658 4921 resurrectionem
1706 4868 1836 4921 mu!-

256 4969 456 5018 torunt,
485 4967 531 5010 et
559 4960 613 5009 in
638 4958 872 5027 signant,
900 4960 985 5012 cui
1010 4956 1581 5028 contradicetur(Luc.
1612 4974 1674 5023 tt,
1702 4959 1788 5029 Ἠ)
1816 4974 1836 5024 ί

258 5049 327 5101 de
353 5062 459 5116 quo
500 5058 554 5101 et
575 5049 945 5117 supradictum
977 5060 1062 5104 est
1094 5065 1111 5106 :
1139 5049 1298 5103 Dabit
1327 5051 1464 5105 vobis
1491 5051 1741 5105 Dominus
1764 5053 1835 5105 si-

257 5153 419 5205 gnum
449 5136 589 5204 (Isa.
621 5153 717 5201 νιι,
755 5137 842 5207 14)
880 5156 894 5203 ;
940 5147 994 5191 et
1029 5151 1247 5194 sanctus
1273 5149 1458 5194 cantat
1491 5142 1544 5192 in
1579 5139 1789 5208 psalmo
1817 5152 1832 5189 :

260 5223 368 5279 Fat:
442 5241 642 5278 mecum
725 5229 931 5296 signum
989 5230 1043 5281 in
1105 5236 1297 5281 bonum
1362 5229 1569 5300 (Psal.
1638 5245 1835 5295 Lxuv,

262 5317 377 5383 i7).
414 5318 478 5372 Et
510 5321 624 5386 ipsc
671 5321 763 5388 qui
824 5321 1036 5390 signum
1068 5332 1193 5385 est,
1249 5321 1382 5375 Cum
1429 5324 1684 5389 uideritis,
1738 5326 1833 5388 ait,

261 5414 472 5480 signum
508 5411 632 5464 Filii
662 5412 904 5480 hominis,
931 5417 1074 5483 quod
1111 5430 1218 5470 non
1280 5415 1510 5481 deficiet,
1564 5433 1663 5472 nec
1728 5417 1836 5472 ullo

348 5606 367 5637 ί
403 5605 519 5690 Duo
574 5609 919 5667 Ambrosian.
980 5627 1112 5669 mss.
1141 5628 1155 5666 :
1184 5613 1394 5669 Iudicia
1438 5626 1582 5682 sunt,
1624 5634 1742 5687 qua:
1769 5619 1837 5672 ad

267 5688 579 5733 exercitatos
603 5696 807 5747 sensus,
837 5692 943 5738 etc.

1933 4701 2099 4743 cere:
2135 4686 2367 4752 Quando
2418 4704 2565 4742 eram
2630 4692 2901 4759 paruulus,
2935 4691 3185 4762 loquebar
3222 4703 3276 4746 ut
3314 4708 3505 4759 paruu—

1934 4779 2014 4835 lus
2043 4796 2061 4833 :
2087 4790 2142 4832 ut
2170 4781 2417 4848 parvulus
2450 4781 2741 4848 sapiebam,
2783 4796 2838 4837 ut
2878 4784 3133 4853 part-alus
3179 4785 3501 4852 cogitabam;

1932 4887 2209 4942 postquam
2235 4874 2405 4943 factus
2439 4891 2555 4929 sum
2598 4878 2700 4940 uir,
2755 4877 2992 4930 destruxi
3025 4893 3106 4939 ea,
3153 4891 3271 4947 qua:
3296 4878 3502 4943 parvuli

1931 4976 2053 5020 sunt
2086 4985 2108 5018 ι
2152 4965 2203 5037 (1
2239 4967 2367 5023 Cor.
2396 4982 2518 5035 xui,
2548 4968 2678 5036 li):
2715 4970 3163 5039 isteprzuseutem
3215 4969 3504 5037 consequi-

1937 5068 2023 5112 tur
2062 5058 2478 5122 beatitudinem,
2525 5061 2923 5130 praeteritorum
2972 5060 3321 5133 oblisiscens,
3357 5070 3411 5114 et
3450 5061 3506 5115 in

1937 5148 2179 5209 futurum
2232 5162 2291 5203 se
2337 5149 2643 5204 extendens
2672 5152 2691 5182 ⁸
2721 5152 2891 5202 donec
2940 5145 3221 5216 perveniat
3251 5150 3302 5203 in
3338 5152 3512 5204 unita—

1938 5249 2044 5295 tem
2068 5240 2218 5304 fidei,
2256 5251 2310 5296 et
2360 5242 2722 5312 cognitionem
2771 5240 2892 5297 Filii
2938 5240 3053 5307 Dei,
3092 5243 3145 5295 in
3176 5244 3353 5307 virum
3391 5259 3511 5313 per.

1937 5334 2160 5397 fectum,
2197 5335 2249 5387 in
2294 5348 2604 5390 mensuram
2650 5336 2827 5390 aetatis
2871 5335 3225 5405 plenitudinis
3273 5336 3508 5402 Christi;

1941 5437 1998 5479 ut
2027 5427 2074 5481 ei
2105 5426 2344 5496 psalmus
2395 5426 2483 5481 ille
2543 5426 2720 5481 valeat
2783 5429 3027 5497 coaptari
3062 5444 3075 5483 ;
3102 5426 3297 5483 Beatus
3322 5429 3398 5483 vir
3421 5428 3511 5497 qui

2015 5630 2034 5659 ²
2073 5626 2260 5695 iidem,
2293 5636 2343 5684 et
2370 5628 2423 5683 in
2447 5636 2601 5687 antea
2635 5647 2691 5689 se
2733 5633 3033 5691 extendens.
