3856 6172
457 273 567 338 559

1629 267 1690 330 s.
1726 264 2036 328 EUSEBII
2082 261 2517 327 IIlERONYMI
3556 266 3642 338 550

459 402 565 439 non
611 384 739 439 abiit
793 384 847 439 iit
912 384 1130 440 consilio
1182 381 1461 452 impiorum
1508 376 1679 449 (Psal.
1722 393 1760 441 ι,
1819 378 1893 447 1).
1932 374 2038 430 iste
2069 381 2115 440 Λ
2147 372 2444 445 (Galat.v).
2477 373 2593 428 Non
2624 383 2705 429 est
2732 373 2952 430 Judaeus
2992 381 3043 430 et
3067 372 3334 442 ethnicus,
3357 375 3647 437 circumcisio

459 477 623 545 igitur
664 476 766 540 vir,
802 484 857 530 et
899 475 1044 530 filius
1092 473 1369 529 interioris
1423 470 1680 534 hominis,
1711 469 1780 524 de
1837 483 1946 536 quo
1975 468 2030 521 in

457 567 705 623 Levitico
758 567 1007 623 crebrius
1060 567 1259 621 dicitur
1304 581 1319 621 :
1366 563 1559 627 Homo,
1623 562 1777 615 homo
1835 559 2033 631 (Leuit.

460 675 593 725 xvii,
637 660 692 729 8)
730 676 746 715 :
780 660 835 714 in
865 674 929 713 eo
962 662 1154 714 beatus
1199 668 1301 725 est,
1338 658 1482 727 quod
1520 655 1652 711 facit
1685 654 1943 724 primum,
1977 660 2031 705 et

457 751 829 818 apprehentlet
866 749 980 803 haec
1010 760 1025 801 :
1053 747 1317 818 judicium
1344 747 1557 800 scilicet
1589 740 2029 812 atquejustitiam

456 855 513 896 et
544 843 772 896 salutem
810 839 1050 904 Domini,
1085 854 1206 909 qua:
1237 852 1405 908 prope
1441 846 1541 904 est,
1571 846 1627 890 et
1660 833 1874 888 cunctis
1904 847 2033 902 gen-

457 935 601 989 tibus
642 931 926 988 revelanda
962 950 976 988 :
1013 942 1074 986 ut
1131 946 1234 988 non
1290 931 1465 984 solum
1498 928 1661 981 faciat
1705 927 1848 995 quod
1898 939 2034 994 prte-

458 1038 675 1096 ceptum
706 1036 816 1093 est,
852 1025 946 1080 sed
986 1026 1176 1080 stricta
1218 1031 1399 1077 teneat
1446 1034 1647 1087 manu;
1677 1028 1733 1074 et
1762 1018 2034 1074 custodiat

458 1121 769 1186 sabbatum,
805 1135 872 1175 ne
899 1118 1101 1188 polluat
1129 1117 1281 1172 illud.
1339 1114 1494 1181 Quod
1521 1114 1593 1169 sit
1625 1122 1808 1167 autem
1831 1110 2030 1167 sabba-

455 1224 591 1276 tum,
623 1213 768 1281 quod
799 1212 1052 1281 praecepit
1113 1208 1537 1271 observandum,
1575 1219 1808 1275 sequens
1838 1217 2029 1258 versus

449 1305 687 1360 ostendit
726 1318 742 1357 :
792 1303 1105 1358 Custodiens
1153 1316 1342 1354 manus
1380 1297 1546 1369 656
1583 1313 1727 1363 suas,
1768 1313 1830 1349 ne
1863 1294 2029 1365 faciat

449 1414 602 1452 omne
624 1396 842 1453 malum.
864 1395 1049 1465 Neque
1070 1395 1216 1450 enim
1241 1392 1461 1462 prodest
1488 1390 1680 1445 sedere
1705 1389 1758 1443 in
1777 1389 2027 1453 sabbato,

450 1493 566 1547 sive
596 1490 859 1553 dormire,
888 1498 945 1542 et
968 1488 1143 1556 epulis
1167 1485 1401 1540 inhiare.
1424 1482 1529 1537 Sed
1560 1482 1606 1537 si
1640 1482 1777 1536 bona
1797 1478 2026 1545 iaciens,

450 1582 699 1650 quiescat
732 1579 788 1632 in
829 1576 1007 1640 malis,
1041 1584 1097 1629 et
1137 1573 1266 1642 iuge
1316 1569 1622 1639 iniquitatis
1670 1566 1865 1619 habeat
1898 1566 2024 1618 sab-

450 1678 659 1731 batum,
689 1669 739 1721 id
765 1674 871 1730 est,
913 1664 1110 1727 Otium,
1149 1674 1322 1731 eaque
1346 1667 1555 1712 tantum
1588 1652 1773 1718 faciat,
1805 1665 1924 1720 quae
1958 1650 2025 1702 ad

2143 477 2200 522 et
2235 467 2579 536 praputium,
2615 466 2815 537 quibus
2860 469 2916 521 in
2959 467 3356 523 Deuleronomii
3379 468 3519 540 657
3540 488 3649 541 pm.

2146 556 2344 625 cipitur
2366 556 2601 612 Cantico
2636 572 2651 611 :
2690 557 2972 611 Lwtamim‘
3014 566 3186 625 gentes
3212 572 3323 610 cum
3350 561 3518 626 populo
3543 562 3649 629 ejus,

2148 650 2200 704 id
2223 660 2323 715 est,
2362 652 2458 705 Dei
2494 653 2586 721 qui
2627 652 2857 720 priorem
2914 652 3103 704 habuit
3132 651 3367 721 populum
3392 650 3650 706 Judteorum

2146 740 2331 812 (Deut.
2380 758 2579 809 xum,
2616 744 2731 811 45).
2784 742 2889 808 Qui
2933 743 2999 797 de
3048 740 3270 797 Oriente
3314 749 3363 795 et
3409 742 3654 798 Occidente

2146 834 2453 896 venientes.
2513 835 2857 904 requiescent
2911 834 2965 887 in
3003 833 3127 888 sinu
3160 833 3438 888 Abraham.
3474 833 3567 888 Hoc
3587 846 3654 889 est

2143 926 2285 995 quod
2315 935 2370 981 et
2417 924 2655 980 Joannes
2714 926 2959 995 Baptista
3028 925 3242 979 dicebat
3268 964 3283 990 ,
3315 924 3374 977 Et
3404 940 3457 979 ne
3481 925 3654 989 dicatis,

2146 1014 2361 1071 Patrem
2392 1016 2638 1071 habemus
2669 1017 2959 1071 Abraham.
2994 1015 3122 1070 Dico
3147 1019 3283 1070 enim
3301 1016 3431 1068 vobis
3457 1031 3473 1068 :
3497 1014 3653 1069 Potens

2142 1119 2218 1162 est
2278 1108 2419 1162 Deus
2446 1109 2510 1163 de
2546 1110 2813 1176 lapidibus
2848 1109 2962 1163 istis
3012 1110 3270 1163 suscitare
3305 1107 3435 1175 ﬁlios
3468 1108 3654 1160 Abralue

2144 1201 2366 1270 (Matth.
2397 1216 2480 1267 nt,
2530 1202 2608 1274 9).
2666 1201 2735 1255 Et
2772 1202 3041 1273 quomodo
3088 1204 3139 1255 ln
3189 1201 3457 1270 proselytis
3478 1212 3654 1255 nonest

2146 1291 2251 1345 ulla
2278 1291 2587 1357 diversitas,
2642 1294 2737 1347 sed
2790 1302 2845 1347 et
2895 1293 2994 1347 viri
3042 1303 3097 1346 et
3147 1291 3355 1345 femina:
3380 1292 3439 1344 ad
3469 1291 3652 1347 salutem

2145 1385 2349 1452 pariter
2377 1397 2640 1439 vocantur
2675 1399 2690 1437 :
2733 1386 2811 1440 sic
2842 1394 2893 1441 et
2924 1385 2975 1439 in
3001 1386 3267 1459 eunuchis
3299 1386 3381 1453 qui
3412 1399 3465 1440 se
3485 1394 3652 1439 castra-

2144 1482 2339 1529 verunt
2414 1485 2636 1545 propter
2705 1492 2866 1546 regna
2927 1476 3219 1537 oculorum,
3266 1486 3475 1545 uterque
3524 1491 3653 1531 sexus

2144 1567 2446 1636 accipitur;
2484 1568 2578 1635 qui
2617 1568 3083 1623 ntortiﬁcaverunt
3127 1567 3371 1623 membra
3400 1582 3488 1622 sua
3526 1583 3655 1635 super

2141 1669 2361 1725 terram,
2404 1659 2823 1716 fornicationem
2848 1701 2863 1725 ,
2916 1661 3311 1715 immunditiam
3332 1699 3345 1723 ,
3377 1658 3651 1729 passionem,

449 1763 644 1816 animae
668 1758 899 1814 salutem
933 1755 1225 1825 pertinent,
1254 1760 1308 1806 et
1349 1749 1415 1803 ad
1457 1760 1618 1801 omne
1652 1757 1790 1814 opus
1825 1740 2021 1795 servile
2050 1735 2093 1791 Β
2128 1750 2482 1805 desiderium
2519 1754 2717 1805 magum
2754 1793 2768 1817 ,
2832 1751 3002 1808 donec
3048 1757 3367 1821 perveniam
3412 1767 3570 1806 omnes
3595 1752 3637 1807 in

451 1871 558 1909 non
592 1858 825 1908 moveat.
856 1848 960 1915 Qui
1006 1848 1149 1902 enim
1203 1844 1336 1899 facit
1386 1848 1694 1913 peccatum,
1730 1850 1919 1892 servus
1941 1842 2027 1888 est

447 1947 659 2018 peccati
725 1944 910 2016 (Joan.
968 1943 1109 2011 vin).
1154 1938 1265 1994 Nos
1296 1947 1477 1992 autem
1510 1935 1566 1988 in
1595 1933 1899 1987 libertatem
1934 1942 2028 1982 vo-

448 2041 559 2097 cati
614 2054 825 2103 sumus,
878 2052 984 2107 qua
1049 2034 1296 2089 libertate
1347 2026 1574 2084 donavit
1626 2038 1726 2079 nos
1774 2021 2024 2077 Christus

450 2135 657 2205 (Galat.
697 2132 798 2200 tv),
857 2140 918 2185 ut
974 2139 1306 2197 nequaquam
1356 2132 1649 2191 Operemur
1690 2115 1907 2205 cibum,
1931 2114 2023 2182 qui

450 2204 626 2297 perit;
664 2225 760 2280 sed
788 2223 1130 2277 adhaerentes
1170 2214 1420 2277 Domino,
1458 2211 1704 2267 dicamus
1730 2221 1854 2260 cum
1887 2204 2023 2259 Pro-

450 2294 610 2389 pheta
646 2333 660 2371 :
688 2313 824 2368 Mihi
861 2324 1038 2365 autem
1071 2309 1340 2362 adhaerere
1376 2304 1481 2357 Deo
1515 2302 1703 2355 bonum
1733 2306 1809 2351 est
1844 2294 2021 2367 (Psal.

448 2427 617 2477 usti,
646 2408 764 2478 28).
792 2403 1104 2461 Eiiiciamur
1154 2414 1275 2456 cum
1340 2411 1405 2451 eo
1460 2408 1597 2449 unus
1641 2391 1887 2461 spiritus,
1917 2389 2023 2442 im-

446 2505 798 2575 pleamusque
850 2496 1086 2552 Sabbsta
1142 2491 1390 2547 dedicata
1420 2489 1461 2553 ‘,
1514 2500 1582 2541 ne
1611 2485 1783 2539 simus
1817 2482 1883 2538 de
1925 2497 2021 2536 sex

444 2574 661 2659 diebus,
700 2594 750 2647 in
808 2591 1012 2661 quibus
1075 2586 1249 2639 factus
1301 2589 1385 2635 est
1438 2577 1688 2641 mundus,
1727 2575 1796 2629 de
1825 2574 2022 2643 quibus

445 2687 679 2759 apostoli
730 2699 837 2740 non
882 2689 1055 2742 erant,
1101 2676 1298 2746 quibus
1339 2672 1605 2726 Dominus
1646 2666 2016 2736 loquebatur:

446 2780 507 2837 Si
535 2779 716 2834 essetis
767 2776 829 2828 de
872 2772 1068 2826 mundo
1129 2770 1249 2831 isto,
1304 2763 1531 2817 mundus
1591 2759 1769 2829 utique
1819 2765 2021 2810 amaret

442 2873 582 2944 quod
604 2884 760 2926 suum
787 2877 890 2922 est.
920 2863 1079 2918 Nunc
1107 2869 1284 2913 autem
1318 2872 1421 2910 non
1447 2856 1570 2907 estis
1592 2853 1654 2906 de
1680 2852 1875 2903 mundo
1896 2850 2016 2912 isto,

442 2941 568 3038 quia
595 2965 727 3034 elegi
786 2975 898 3027 uos,
951 2966 1001 3011 et
1048 2953 1246 3010 idcirco
1286 2950 1398 3003 odit
1436 2963 1525 3002 oos
1573 2942 1800 2999 mundus
1833 2941 2017 3012 (Joan.

444 3076 537 3127 xv,
574 3058 688 3128 i9).

516 3151 695 3220 (Vers.
732 3148 832 3219 ‘5.)
869 3165 887 3198 ι
930 3144 999 3200 Ει
1047 3156 1153 3197 non
1214 3138 1360 3193 dicat
1425 3136 1569 3191 filius
1629 3132 1872 3197 advenae,
1921 3131 2012 3200 qui

444 3238 686 3295 adhaeret
720 3234 974 3297 Domino,
1018 3231 1203 3286 dicens
1247 3242 1262 3280 :
1307 3223 1661 3295 Separatione
1701 3221 1902 3277 dividet
1930 3233 2016 3275 me

442 3330 707 3386 Dominus
737 3342 765 3381 a
821 3325 1019 3395 populo
1073 3337 1215 3376 suo:
1249 3327 1303 3375 et
1350 3333 1454 3373 non
1494 3317 1637 3372 dicat
1675 3316 1959 3371 eunuchus
1993 3326 2008 3365 :

441 3426 586 3481 Ecce
613 3436 712 3493 ego
745 3420 948 3488 lignum
979 3416 1215 3471 aridum.
1269 3430 1291 3465 ι
1335 3409 1468 3465 LXX
1504 3422 1519 3463 ξ
1559 3428 1577 3461 ι
1609 3409 1685 3463 Ne
1709 3408 1853 3463 dicat
1886 3408 2016 3461 alie-

442 3518 660 3583 nigena,
694 3510 785 3580 qui
820 3508 1101 3578 appositus
1128 3511 1212 3559 est
1242 3500 1506 3565 Domino,
1537 3499 1770 3553 Putasne
1800 3506 2015 3566 separet

442 3620 528 3660 me
565 3601 825 3658 Dominus
855 3616 883 3654 a
931 3596 1131 3669 populo
1165 3594 1308 3649 suo?
1346 3603 1403 3649 et
1432 3608 1497 3647 ne
1532 3592 1677 3647 dicat
1701 3591 2011 3654 eunuchus,

437 3698 574 3767 Quia
607 3711 706 3767 ego
728 3709 848 3749 sum
888 3692 1091 3761 lignum
1122 3689 1353 3743 aridum.
1396 3704 1414 3737 ι
1442 3686 1541 3753 Qui
1570 3682 1846 3739 humiliter
1869 3682 2013 3738 hunc

448 3798 627 3848 locum
655 3788 984 3859 intelligunt,
1007 3784 1073 3839 ad
1103 3780 1405 3854 proselytos
1431 3794 1496 3834 ex
1521 3778 1765 3848 gentibus
1799 3787 1855 3831 et
1882 3789 2012 3830 vere

440 3884 724 3940 eunuchos
771 3880 1014 3935 referunt
1060 3890 1180 3945 qua
1215 3866 1484 3934 dicuntur,
1518 3872 1656 3939 quod
1681 3878 1734 3924 et
1762 3869 2004 3933 advena,

440 3978 485 4031 si
515 3977 686 4046 legem
718 3968 1318 4039 Dominisusceperint,
1362 3977 1417 4022 et
1450 3963 1929 4026 circumciduntur,
1957 3970 2011 4014 et

438 4066 697 4133 eunuchi,
729 4066 906 4135 qualis
934 4063 1036 4118 fuit
1058 4061 1327 4117 Candacis
1355 4059 1444 4113 ille
1478 4057 1674 4126 regina:
1697 4054 1837 4122 (Act.
1866 4054 2008 4121 vni),

437 4159 719 4229 quietiam
772 4158 825 4210 in
877 4154 1071 4209 itinere
1128 4153 1337 4206 otiosus
1377 4162 1499 4203 esse
1546 4161 1654 4199 non
1692 4153 1922 4214 poterat,
1955 4154 2011 4197 et

437 4252 565 4303 dum
601 4246 796 4319 quierit
823 4247 1172 4314 interpretem
1201 4239 1473 4304 lectionis,
1496 4236 1773 4292 Christum
1806 4233 2009 4304 reperit

438 4357 596 4407 quem
626 4338 925 4408 quaerebat,
944 4339 1066 4392 ‘non
1109 4335 1219 4390 sint
1244 4335 1455 4388 externi
1490 4345 1519 4385 a
1551 4330 1723 4386 salute
1748 4327 1864 4383 Dei.
1892 4326 2009 4383 Hoc

2130 1845 2304 1896 virum
2332 1843 2655 1912 perfectum,
2714 1855 2767 1897 et
2812 1846 2995 1899 dicant
3048 1858 3171 1898 cum
3228 1846 3473 1914 Apostolo
3514 1861 3525 1897 :
3564 1843 3651 1899 Nos

2132 1937 2387 1989 neminem
2421 1938 2659 1990 novimus
2687 1937 2979 1990 secundum
3013 1952 3251 1991 carnem.
3284 1936 3350 1990 Et
3379 1938 3421 1990 si
3440 1936 3645 2004 cognovi-

2130 2048 2246 2085 mus
2264 2032 2424 2100 juxta
2454 2047 2663 2086 carnem
2704 2031 2994 2095 Christum,
3044 2032 3137 2087 sed
3175 2047 3309 2087 nunc
3334 2035 3433 2094 iam
3466 2048 3553 2085 non
3580 2046 3652 2083 tto-

2127 2125 2289 2176 eimus
2314 2121 2370 2193 (Ι
2398 2121 2519 2178 Cor.
2545 2138 2598 2190 v,
2633 2123 2743 2191 16).
2777 2123 2919 2193 Ergo
2948 2123 2970 2153 '
2997 2124 3047 2176 in
3073 2123 3335 2178 eunuchis
3360 2136 3650 2191 nequaquam

2129 2216 2205 2269 illi
2238 2216 2570 2286 intelligendi
2612 2225 2761 2283 sunt,
2793 2230 2932 2286 quos
2960 2215 3162 2273 ardens
3202 2226 3356 2288 poeta
3385 2215 3652 2271 describens

2127 2309 2202 2362 ait
2234 2307 2462 2378 (Lucan.
2499 2308 2592 2363 lib.
2620 2308 2674 2377 χ)
2716 2328 2729 2362 :

2369 2417 2471 2485 Nec
2492 2432 2589 2469 non
2621 2419 2793 2469 infelix
2820 2421 2952 2469 ferro
2975 2427 3198 2471 truncata
3236 2424 3475 2485 juventus.

2368 2483 2532 2541 Atque
2563 2490 2763 2531 exsecta
2786 2488 3077 2534 virum.......

2125 2584 2228 2640 Sed
2264 2585 2338 2639 illi
2364 2587 2426 2639 de
2456 2587 2650 2656 quibus
2688 2587 2949 2643 Dominus
2993 2591 3046 2643 in
3088 2590 3379 2659 Evangelio
3411 2592 3645 2660 loquitur:

2131 2675 2233 2741 Qui
2258 2693 2313 2730 se
2339 2688 2702 2733 castracerunt
2729 2691 2943 2750 propter
2977 2698 3193 2750 regnum
3215 2685 3455 2736 calorum
3478 2684 3646 2751 (Matth.

2123 2785 2237 2833 xu,
2276 2770 2369 2831 12)
2405 2811 2423 2837 ,
2455 2770 2643 2840 quales
2685 2783 2839 2825 erant
2877 2783 2932 2826 et
2974 2772 3244 2843 Apostoli,
3282 2779 3466 2845 quibus
3509 2776 3649 2828 admi-

2122 2859 2371 2914 rantibus
2414 2871 2468 2914 et
2520 2876 2617 2930 pro
2669 2866 2744 2917 rei
2814 2863 3132 2919 difficultate
3183 2866 3473 2922 dicentibus
3504 2864 3649 2930 ,Quis

2121 2968 2242 3023 ergo
2284 2962 2453 3021 potest
2501 2956 2679 3008 salvus
2732 2957 2851 3025 ﬁeri
2866 2958 2892 3009 1’
2931 2960 3216 3028 respondit
3264 2960 3494 3014 Salvator
3527 2959 3649 3024 τρυε

2126 3055 2293 3112 potest
2332 3061 2533 3114 capere,
2567 3048 2764 3115 capiat.
2800 3050 2948 3105 Unde
2983 3059 3037 3106 et
3068 3053 3363 3119 Apostolus
3395 3053 3456 3106 de
3486 3052 3644 3120 hujus-

2128 3138 2337 3192 cemodi
2369 3139 2656 3207 eunuchis,
2695 3140 2748 3196 id
2774 3152 2877 3210 est,
2907 3142 2975 3198 de
3007 3143 3331 3212 virginibus,
3365 3148 3656 3214 praeceptum

2124 3226 2336 3283 Domini
2373 3245 2432 3284 se
2458 3246 2563 3284 non
2599 3232 2798 3287 habere
2852 3242 3104 3297 testatur,
3162 3234 3259 3289 sed
3290 3235 3379 3289 dat
3404 3235 3647 3289 consilium

2123 3322 2281 3391 quasi
2316 3323 2743 3379 misericordiam
2787 3335 3110 3380 consecutus
3150 3342 3179 3380 a
3224 3328 3464 3389 Domino,
3499 3325 3649 3379 volens

2123 3430 2312 3470 omnes
2350 3430 2472 3471 esse
2520 3417 2665 3471 sicut
2717 3419 2956 3487 seipsum
2984 3459 2999 3485 ,
3041 3417 3265 3487 Tempus
3319 3420 3472 3484 enim,
3501 3418 3579 3479 ait,
3607 3418 3650 3470 in
3692 3418 3695 3421 ’

2122 3508 2343 3563 collecto
2376 3518 2497 3563 est:
2545 3519 2801 3579 superest,
2832 3518 2889 3562 ut
2937 3521 2985 3565 et
3026 3514 3117 3582 qui
3169 3513 3360 3566 habent
3388 3510 3652 3571 uxores,sic

2121 3603 2224 3655 sint
2255 3603 2404 3666 quasi
2455 3618 2556 3656 non
2604 3603 2828 3657 habeant
2871 3602 2920 3673 (Ι
2952 3602 3076 3658 Cor.
3119 3621 3215 3671 vn,
3249 3605 3363 3675 29).
3413 3604 3504 3671 Qui
3535 3602 3650 3655 enim

2122 3694 2256 3748 liber
2290 3703 2516 3750 vocatus
2559 3703 2641 3750 est
2704 3713 2734 3749 a
2799 3698 3065 3752 servitute
3095 3708 3153 3752 et
3180 3699 3357 3754 oﬂicio
3395 3696 3649 3767 conjugali,

2121 3785 2224 3842 iste
2245 3803 2371 3843 vere
2404 3803 2596 3844 servus
2629 3798 2713 3844 est
2734 3789 2958 3845 Christi.
3530 3856 3557 3861 ,ν

2192 3878 2373 3951 (Vers.
2421 3881 2476 3946 4,
2535 3881 2613 3951 5.)
2644 3894 2680 3949 ;ι
2729 3881 2868 3948 Quia
2909 3884 3024 3939 haec
3053 3885 3193 3940 dicit
3229 3887 3481 3943 Dominus
3506 3899 3651 3939 eunu-

2120 3972 2238 4025 cliis
2272 3986 2287 4024 :
2321 3970 2377 4025 Si
2408 3971 3023 4028 custodierintSabbata
3052 3991 3199 4040 mea,
3224 3987 3279 4032 et
3301 3978 3651 4044 elegerintqute

2120 4064 2288 4123 volui.
2330 4072 2384 4117 et
2412 4068 2684 4118 tenuerint
2720 4064 2898 4120 ftedus
2923 4082 3127 4131 meum,
3164 4069 3307 4124 dabo
3337 4070 3414 4124 eis
3436 4070 3486 4123 in
3518 4068 3649 4121 domo

2122 4170 2258 4219 mea,
2274 4164 2328 4210 et
2361 4156 2410 4209 in
2437 4157 2609 4211 muris
2627 4158 2763 4211 meis
2778 4157 2977 4225 locum,
3009 4170 3061 4213 et
3087 4175 3287 4216 nomen
3310 4160 3490 4215 melius
3508 4175 3533 4211 a
3549 4156 3649 4210 filiis

2118 4260 2172 4302 et
2207 4249 2420 4303 filiabus
2460 4267 2475 4315 ;
2511 4263 2708 4304 nomen
2740 4254 3165 4321 ,scmpiternmn
3211 4254 3353 4308 dabo
3409 4255 3501 4316 eis,
3533 4248 3649 4319 quod

2118 4354 2227 4394 non
2266 4340 2484 4410 peribit.
2518 4359 2535 4392 ι
2576 4339 2717 4394 LXX
2755 4357 2767 4394 :
2812 4361 2830 4393 ‹
2878 4340 3002 4397 Hac
3040 4336 3173 4398 dicit
3212 4344 3469 4399 Dominus
3511 4357 3649 4396 eunu-

438 4442 641 4494 autem,
684 4430 954 4501 inquiunt,
989 4426 1188 4481 dicitur
1227 4434 1415 4479 contra
1457 4420 1696 4487 Iudaeos,
1725 4419 1817 4489 qui
1857 4420 2011 4473 nobi-

2129 4432 2244 4487 chis
2278 4450 2290 4487 :
2327 4433 2431 4498 Qui
2489 4434 2845 4489 custodierint
2891 4427 3125 4490 Sabba‘ta
3173 4452 3317 4503 mea,
3351 4449 3405 4493 et
3431 4438 3650 4505 elegermt

436 4524 655 4578 litatem
690 4522 904 4593 jactant
955 4518 1189 4589 generis,
1236 4526 1291 4570 et
1346 4516 1485 4570 filios
1526 4514 1759 4569 Abrahae
1789 4528 1849 4569 se
1889 4526 2011 4567 esse

433 4617 622 4671 dicunt
644 4613 830 4686 (Joan.
864 4610 1003 4683 vin),
1032 4620 1084 4665 et
1119 4612 1306 4665 beatos
1335 4617 1523 4678 putant
1564 4607 1654 4677 qui
1694 4606 1894 4661 habent
1922 4620 2011 4660 se-

434 4725 561 4765 men
592 4710 646 4763 ln
677 4707 834 4771 Sion,
859 4714 914 4760 et
942 4705 1271 4759 domesticos
1294 4700 1661 4757 inJerusalem
1693 4698 1829 4771 (Isa.
1859 4714 2008 4766 xxxx,

434 4806 491 4869 9,
525 4818 629 4856 sec.
658 4798 841 4869 LXX).
875 4798 982 4854 Nos
1004 4805 1185 4853 autem
1227 4810 1365 4866 quos
1412 4808 1573 4864 supra
1604 4808 1698 4863 per
1737 4794 2012 4847 saliuncu-

436 4896 540 4951 Iam
568 4906 622 4951 et
669 4896 897 4948 urticam
942 4900 996 4945 et
1033 4886 1269 4959 κονύζην
1301 4896 1356 4943 et
1412 4885 1632 4956 στοιϐὴν
1672 4885 2009 4955 interpretati

435 5004 622 5044 smnus
642 4986 840 5058 (Supra
863 4983 931 5037 ad
961 4998 1079 5052 cap.
1111 4981 1224 5050 ιν),
1249 4980 1302 5033 in
1336 4978 1569 5034 abietem
1597 4988 1651 5031 et
1674 4979 2007 5047 cypat'issum

437 5092 781 5151 ntyrt-umque
850 5089 1167 5139 conversos,
1242 5073 1463 5127 eosdem
1524 5086 1669 5124 nunc
1729 5070 1797 5123 ad
1853 5069 2012 5124 ﬁdem

436 5173 710 5240 Evangelii
761 5170 1113 5239 intelligimus
1151 5164 1434 5235 provocari
1468 5203 1485 5230 ,
1526 5166 1671 5233 quod
1720 5163 2013 5231 desperare

436 5264 548 5332 μί.
576 5261 875 5333 deSperari]
904 5276 1011 5315 non
1034 5261 1287 5322 debeant,
1317 5257 1365 5311 si
1397 5255 1735 5312 adlueserint
1758 5253 2009 5320 Domino,

438 5373 540 5414 nec
569 5372 628 5411 se
658 5362 849 5426 putent
890 5369 919 5406 a
953 5353 1045 5407 Dei
1098 5351 1296 5421 populo
1343 5348 1610 5419 separari.
1640 5346 1842 5402 Omnes
1864 5348 2010 5402 enim

436 5452 527 5524 qui
568 5452 621 5507 in
647 5448 866 5505 Christo
902 5445 1348 5518 sunthaptizati,
1380 5444 1656 5500 Christum
1710 5442 2013 5498 induerunt

510 5654 525 5684 ¹
568 5653 647 5707 Ad
678 5651 923 5706 Graecum
947 5638 1223 5700 τῶντωιχ
1262 5646 1402 5703 infra
1428 5663 1548 5717 cap.
1568 5634 1721 5711 Lvttt,
1754 5647 2014 5702 Σάϐϐατα

440 5725 712 5793 τρυφερὰ,
761 5721 1001 5777 Sabbnta
1062 5720 1309 5784 delicata,
1368 5721 1621 5775 rescribit
1679 5719 1880 5775 Victor.
1927 5720 2015 5773 dc-

2118 4541 2238 4592 qute
2296 4542 2394 4595 ego
2445 4525 2587 4591 volo,
2644 4535 2698 4581 et
2757 4528 3031 4581 tenuerint
3058 4537 3440 4583 testamentum
3480 4544 3649 4589 meum,

2116 4617 2255 4670 dabo
2280 4618 2359 4671 cis
2401 4620 2452 4671 in
2486 4620 2650 4672 domo
2682 4633 2819 4684 mea,
2858 4628 2909 4673 et
2963 4619 3016 4672 in
3052 4636 3212 4675 muro
3244 4637 3365 4676 meo
3389 4622 3549 4677 locum
3572 4635 3653 4672 no-

2116 4714 2401 4777 minatum,
2436 4713 2717 4768 meliorem
2762 4711 2886 4769 filiis
2921 4721 2975 4765 et
3025 4712 3243 4768 ﬁliabus
3269 4731 3287 4781 ;
3315 4727 3500 4768 nomen
3530 4725 3651 4765 sein-

2116 4808 2393 4876 piternum
2436 4806 2577 4860 dabo
2616 4806 2725 4870 eis,
2787 4815 2970 4861 etnon
3023 4805 3259 4860 deficiet.
3310 4805 3470 4859 ιυιιο
3490 4818 3655 4873 propo-

2118 4905 2325 4959 suerat,
2359 4894 2661 4965 proselytos
2706 4906 2761 4950 et
2800 4897 3102 4952 eunuchos.
3146 4894 3309 4953 Prius
3355 4897 3574 4966 loquitur
3600 4895 3653 4947 de

2111 4988 2406 5053 eunuchis,
2456 4988 2661 5057 datque
2714 4990 2792 5045 eis
2840 5000 3108 5060 praecepta
3160 4991 3399 5055 vivendi,
3436 4987 3587 5060 658
3612 4993 3655 5038 ει

2118 5080 2427 5135 futurorum
2458 5082 2678 5149 praemia
2710 5081 3018 5150 pollicetur.
3069 5082 3135 5137 Et
3166 5093 3292 5153 post
3325 5098 3416 5139 eos
3449 5081 3580 5135 venit
3600 5075 3653 5128 ad

2119 5175 2440 5245 proselytos,
2484 5173 2588 5229 illis
2646 5188 2866 5245 quoque
2921 5175 3121 5230 similia
3151 5175 3546 5246 repromittens.
3570 5168 3655 5223 Lo-

2116 5266 2306 5335 quitur
2338 5280 2469 5335 ergo
2498 5268 2791 5333 eunuchis,
2845 5269 2936 5338 qui
2994 5269 3377 5338 desperatione
3407 5267 3652 5322 dixerunt.

2118 5357 2254 5413 Ecce
2280 5375 2375 5429 ego
2409 5361 2608 5431 lignum
2637 5376 2821 5425 arens,
2855 5376 2921 5416 ne
2950 5376 3009 5417 se
3041 5370 3234 5430 putent
3258 5361 3531 5429 subjacere
3560 5369 3655 5409 nta-

2116 5450 2335 5516 ledicto,
2381 5452 2522 5519 quod
2572 5452 2851 5508 sterilibus
2913 5454 3114 5508 dictum
3162 5461 3251 5507 est
3310 5469 3325 5509 :
3376 5449 3652 5506 Maledicta:

2118 5651 2478 5794 δ’ίαξιῖρριει
2504 5723 2712 5782 Victor.
2741 5741 2861 5796 ergo
2888 5739 2952 5783 ex
2988 5725 3239 5782 Hebrtco.
