  <div class='ocr_page' id='page_1' title='image "/cluster/home/n/w/nwhite01/storage/ocr_20150623/24/hvd.32044096580485/286.png"; bbox 0 0 3902 6182; ppageno 0'>
   <div class='ocr_carea' id='block_1_1' title="bbox 199 421 282 483">
    <p class='ocr_par' dir='ltr' id='par_1_1' title="bbox 199 421 282 483">
     <span class='ocr_line' id='line_1_1' title="bbox 199 421 282 483; baseline -0.036 0"><span class='ocrx_word' id='word_1_1' title='bbox 199 421 282 483; x_wconf 70' lang='lat'><strong>561</strong></span> 
     </span>
    </p>
   </div>
   <div class='ocr_carea' id='block_1_2' title="bbox 708 421 2919 492">
    <p class='ocr_par' dir='ltr' id='par_1_2' title="bbox 708 421 2919 492">
     <span class='ocr_line' id='line_1_2' title="bbox 708 421 2919 492; baseline 0.004 -11"><span class='ocrx_word' id='word_1_2' title='bbox 708 421 1208 486; x_wconf 70' lang='grc' dir='ltr'>αοιιιιΕΝΤΑιι.</span> <span class='ocrx_word' id='word_1_3' title='bbox 1269 427 1349 488; x_wconf 76' lang='lat' dir='ltr'><strong>IN</strong></span> <span class='ocrx_word' id='word_1_4' title='bbox 1392 425 1660 486; x_wconf 81' lang='lat' dir='ltr'><strong>ISAIAM</strong></span> <span class='ocrx_word' id='word_1_5' title='bbox 1710 425 2172 490; x_wconf 75' lang='lat' dir='ltr'><strong>PRUPHETAM</strong></span> <span class='ocrx_word' id='word_1_6' title='bbox 2214 431 2361 492; x_wconf 87' lang='lat' dir='ltr'>LIB.</span> <span class='ocrx_word' id='word_1_7' title='bbox 2402 431 2530 491; x_wconf 79' lang='lat' dir='ltr'><strong>XV.</strong></span> <span class='ocrx_word' id='word_1_8' title='bbox 2566 429 2724 491; x_wconf 84' lang='lat' dir='ltr'><strong>CAP.</strong></span> <span class='ocrx_word' id='word_1_9' title='bbox 2769 429 2919 492; x_wconf 78' lang='lat' dir='ltr'><strong>LVI.</strong></span> 
     </span>
    </p>
   </div>
   <div class='ocr_carea' id='block_1_3' title="bbox 3319 430 3423 494">
    <p class='ocr_par' dir='ltr' id='par_1_3' title="bbox 3319 430 3423 494">
     <span class='ocr_line' id='line_1_3' title="bbox 3319 430 3423 494; baseline 0 0"><span class='ocrx_word' id='word_1_10' title='bbox 3319 430 3423 494; x_wconf 69' lang='lat'><strong>562</strong></span> 
     </span>
    </p>
   </div>
   <div class='ocr_carea' id='block_1_4' title="bbox 195 534 3423 612">
    <p class='ocr_par' dir='ltr' id='par_1_4' title="bbox 195 534 3423 612">
     <span class='ocr_line' id='line_1_4' title="bbox 195 534 3423 612; baseline 0.004 -24"><span class='ocrx_word' id='word_1_11' title='bbox 195 534 374 588; x_wconf 87' lang='lat' dir='ltr'><strong>sterilis</strong></span> <span class='ocrx_word' id='word_1_12' title='bbox 395 535 487 605; x_wconf 82' lang='lat' dir='ltr'><strong>qui</strong></span> <span class='ocrx_word' id='word_1_13' title='bbox 513 551 619 590; x_wconf 79' lang='lat' dir='ltr'><strong>non</strong></span> <span class='ocrx_word' id='word_1_14' title='bbox 657 536 785 605; x_wconf 81' lang='lat' dir='ltr'><strong>facit</strong></span> <span class='ocrx_word' id='word_1_15' title='bbox 819 554 988 594; x_wconf 80' lang='lat' dir='ltr'><strong>semen</strong></span> <span class='ocrx_word' id='word_1_16' title='bbox 1019 540 1072 594; x_wconf 85' lang='lat' dir='ltr'><strong>in</strong></span> <span class='ocrx_word' id='word_1_17' title='bbox 1097 538 1266 594; x_wconf 78' lang='lat' dir='ltr'><strong>Israel</strong></span> <span class='ocrx_word' id='word_1_18' title='bbox 1295 541 1472 612; x_wconf 86' lang='lat' dir='ltr'><strong>(Deut.</strong></span> <span class='ocrx_word' id='word_1_19' title='bbox 1515 537 1614 603; x_wconf 43' lang='lat' dir='ltr'><strong>vtt&#39;,</strong></span> <span class='ocrx_word' id='word_1_20' title='bbox 1643 540 1751 605; x_wconf 73' lang='grc' dir='ltr'><strong>Η).</strong></span> <span class='ocrx_word' id='word_1_21' title='bbox 1784 543 1827 598; x_wconf 75' lang='grc' dir='ltr'><strong>Α</strong></span> <span class='ocrx_word' id='word_1_22' title='bbox 1863 545 1984 600; x_wconf 88' lang='lat' dir='ltr'><strong>illos</strong></span> <span class='ocrx_word' id='word_1_23' title='bbox 2011 546 2064 599; x_wconf 90' lang='lat' dir='ltr'><strong>in</strong></span> <span class='ocrx_word' id='word_1_24' title='bbox 2104 556 2339 600; x_wconf 78' lang='lat' dir='ltr'><strong>montem</strong></span> <span class='ocrx_word' id='word_1_25' title='bbox 2375 554 2620 602; x_wconf 87' lang='lat' dir='ltr'><strong>sanctum</strong></span> <span class='ocrx_word' id='word_1_26' title='bbox 2653 561 2854 609; x_wconf 92' lang='lat' dir='ltr'><strong>meum,</strong></span> <span class='ocrx_word' id='word_1_27' title='bbox 2906 553 2963 599; x_wconf 93' lang='lat' dir='ltr'><strong>et</strong></span> <span class='ocrx_word' id='word_1_28' title='bbox 2988 542 3272 601; x_wconf 72' lang='lat' dir='ltr'><strong>ltetillcaho</strong></span> <span class='ocrx_word' id='word_1_29' title='bbox 3325 561 3423 602; x_wconf 86' lang='lat' dir='ltr'><strong>eos</strong></span> 
     </span>
    </p>
   </div>
   <div class='ocr_carea' id='block_1_5' title="bbox 193 625 1752 696">
    <p class='ocr_par' dir='ltr' id='par_1_5' title="bbox 193 625 1752 696">
     <span class='ocr_line' id='line_1_5' title="bbox 193 625 1752 696; baseline 0.004 -16"><span class='ocrx_word' id='word_1_30' title='bbox 193 625 262 690; x_wconf 89' lang='lat' dir='ltr'><strong>Si,</strong></span> <span class='ocrx_word' id='word_1_31' title='bbox 301 628 494 696; x_wconf 94' lang='lat' dir='ltr'><strong>inquit,</strong></span> <span class='ocrx_word' id='word_1_32' title='bbox 526 629 889 683; x_wconf 84' lang='lat' dir='ltr'><strong>custodierint</strong></span> <span class='ocrx_word' id='word_1_33' title='bbox 941 630 1176 686; x_wconf 86' lang='lat' dir='ltr'><strong>Sabbata</strong></span> <span class='ocrx_word' id='word_1_34' title='bbox 1228 647 1369 696; x_wconf 89' lang='lat' dir='ltr'><strong>mea,</strong></span> <span class='ocrx_word' id='word_1_35' title='bbox 1423 643 1474 688; x_wconf 92' lang='lat' dir='ltr'><strong>et</strong></span> <span class='ocrx_word' id='word_1_36' title='bbox 1511 633 1578 687; x_wconf 89' lang='lat' dir='ltr'><strong>de</strong></span> <span class='ocrx_word' id='word_1_37' title='bbox 1613 631 1752 686; x_wconf 86' lang='lat' dir='ltr'><strong>meis</strong></span> 
     </span>
    </p>
   </div>
   <div class='ocr_carea' id='block_1_6' title="bbox 194 719 1752 792">
    <p class='ocr_par' dir='ltr' id='par_1_6' title="bbox 194 719 1752 792">
     <span class='ocr_line' id='line_1_6' title="bbox 194 719 1752 792; baseline 0.001 -19"><span class='ocrx_word' id='word_1_38' title='bbox 194 719 467 788; x_wconf 69' lang='lat' dir='ltr'><strong>praeceptis</strong></span> <span class='ocrx_word' id='word_1_39' title='bbox 524 719 792 790; x_wconf 74' lang='lat' dir='ltr'><strong>elegerint</strong></span> <span class='ocrx_word' id='word_1_40' title='bbox 835 737 897 776; x_wconf 87' lang='lat' dir='ltr'><strong>ea</strong></span> <span class='ocrx_word' id='word_1_41' title='bbox 952 737 1072 791; x_wconf 69' lang='lat' dir='ltr'><strong>qua:</strong></span> <span class='ocrx_word' id='word_1_42' title='bbox 1108 723 1279 788; x_wconf 89' lang='lat' dir='ltr'><strong>volui,</strong></span> <span class='ocrx_word' id='word_1_43' title='bbox 1309 730 1364 777; x_wconf 91' lang='lat' dir='ltr'><strong>et</strong></span> <span class='ocrx_word' id='word_1_44' title='bbox 1399 739 1503 777; x_wconf 90' lang='lat' dir='ltr'><strong>non</strong></span> <span class='ocrx_word' id='word_1_45' title='bbox 1535 737 1600 778; x_wconf 85' lang='lat' dir='ltr'><strong>ea</strong></span> <span class='ocrx_word' id='word_1_46' title='bbox 1633 736 1752 792; x_wconf 65' lang='lat' dir='ltr'><strong>quae</strong></span> 
     </span>
    </p>
   </div>
   <div class='ocr_carea' id='block_1_7' title="bbox 193 811 1753 882">
    <p class='ocr_par' dir='ltr' id='par_1_7' title="bbox 193 811 1753 882">
     <span class='ocr_line' id='line_1_7' title="bbox 193 811 1753 882; baseline 0.003 -17"><span class='ocrx_word' id='word_1_47' title='bbox 193 826 281 882; x_wconf 88' lang='lat' dir='ltr'><strong>pro</strong></span> <span class='ocrx_word' id='word_1_48' title='bbox 337 811 668 867; x_wconf 88' lang='lat' dir='ltr'><strong>audientium</strong></span> <span class='ocrx_word' id='word_1_49' title='bbox 725 813 1094 868; x_wconf 73' lang='lat' dir='ltr'><strong>imbecillitate</strong></span> <span class='ocrx_word' id='word_1_50' title='bbox 1153 815 1419 880; x_wconf 83' lang='lat' dir='ltr'><strong>concessi,</strong></span> <span class='ocrx_word' id='word_1_51' title='bbox 1477 824 1530 869; x_wconf 87' lang='lat' dir='ltr'><strong>et</strong></span> <span class='ocrx_word' id='word_1_52' title='bbox 1575 815 1753 871; x_wconf 72' lang='lat' dir='ltr'><strong>tmdus</strong></span> 
     </span>
    </p>
   </div>
   <div class='ocr_carea' id='block_1_8' title="bbox 191 903 1752 970">
    <p class='ocr_par' dir='ltr' id='par_1_8' title="bbox 191 903 1752 970">
     <span class='ocr_line' id='line_1_8' title="bbox 191 903 1752 970; baseline 0.003 -16"><span class='ocrx_word' id='word_1_53' title='bbox 191 915 361 954; x_wconf 86' lang='lat' dir='ltr'><strong>meum</strong></span> <span class='ocrx_word' id='word_1_54' title='bbox 428 903 543 968; x_wconf 87' lang='lat' dir='ltr'><strong>sive</strong></span> <span class='ocrx_word' id='word_1_55' title='bbox 602 911 988 958; x_wconf 73' lang='lat' dir='ltr'><strong>testamentum</strong></span> <span class='ocrx_word' id='word_1_56' title='bbox 1035 906 1185 958; x_wconf 88' lang='lat' dir='ltr'><strong>omni</strong></span> <span class='ocrx_word' id='word_1_57' title='bbox 1249 905 1570 960; x_wconf 88' lang='lat' dir='ltr'><strong>retinuerint</strong></span> <span class='ocrx_word' id='word_1_58' title='bbox 1625 905 1752 970; x_wconf 82' lang='lat' dir='ltr'><strong>ﬁde,</strong></span> 
     </span>
    </p>
   </div>
   <div class='ocr_carea' id='block_1_9' title="bbox 191 992 1753 1066">
    <p class='ocr_par' dir='ltr' id='par_1_9' title="bbox 191 992 1753 1066">
     <span class='ocr_line' id='line_1_9' title="bbox 191 992 1753 1066; baseline 0.003 -21"><span class='ocrx_word' id='word_1_59' title='bbox 191 993 320 1047; x_wconf 87' lang='lat' dir='ltr'><strong>dabo</strong></span> <span class='ocrx_word' id='word_1_60' title='bbox 346 992 426 1048; x_wconf 90' lang='lat' dir='ltr'><strong>eis</strong></span> <span class='ocrx_word' id='word_1_61' title='bbox 464 994 518 1049; x_wconf 87' lang='lat' dir='ltr'><strong>in</strong></span> <span class='ocrx_word' id='word_1_62' title='bbox 551 994 712 1049; x_wconf 91' lang='lat' dir='ltr'><strong>domo</strong></span> <span class='ocrx_word' id='word_1_63' title='bbox 741 1010 883 1059; x_wconf 85' lang='lat' dir='ltr'><strong>mea,</strong></span> <span class='ocrx_word' id='word_1_64' title='bbox 907 1006 960 1050; x_wconf 91' lang='lat' dir='ltr'><strong>et</strong></span> <span class='ocrx_word' id='word_1_65' title='bbox 982 996 1038 1050; x_wconf 93' lang='lat' dir='ltr'><strong>in</strong></span> <span class='ocrx_word' id='word_1_66' title='bbox 1055 997 1263 1066; x_wconf 82' lang='lat' dir='ltr'><strong>templo</strong></span> <span class='ocrx_word' id='word_1_67' title='bbox 1286 1011 1431 1058; x_wconf 85' lang='lat' dir='ltr'><strong>meo,</strong></span> <span class='ocrx_word' id='word_1_68' title='bbox 1463 1007 1518 1051; x_wconf 90' lang='lat' dir='ltr'><strong>et</strong></span> <span class='ocrx_word' id='word_1_69' title='bbox 1543 1001 1595 1051; x_wconf 90' lang='lat' dir='ltr'><strong>in</strong></span> <span class='ocrx_word' id='word_1_70' title='bbox 1635 1013 1753 1050; x_wconf 85' lang='lat' dir='ltr'><strong>mu-</strong></span> 
     </span>
    </p>
   </div>
   <div class='ocr_carea' id='block_1_10' title="bbox 191 1079 1754 1148">
    <p class='ocr_par' dir='ltr' id='par_1_10' title="bbox 191 1079 1754 1148">
     <span class='ocr_line' id='line_1_10' title="bbox 191 1079 1754 1148; baseline 0.004 -15"><span class='ocrx_word' id='word_1_71' title='bbox 191 1081 258 1134; x_wconf 88' lang='lat' dir='ltr'><strong>ris</strong></span> <span class='ocrx_word' id='word_1_72' title='bbox 278 1079 603 1137; x_wconf 71' lang='lat' dir='ltr'><strong>ﬁrmissima:</strong></span> <span class='ocrx_word' id='word_1_73' title='bbox 635 1083 867 1138; x_wconf 74' lang='lat' dir='ltr'><strong>civitatis</strong></span> <span class='ocrx_word' id='word_1_74' title='bbox 889 1097 1022 1139; x_wconf 88' lang='lat' dir='ltr'><strong>meae</strong></span> <span class='ocrx_word' id='word_1_75' title='bbox 1047 1084 1245 1148; x_wconf 89' lang='lat' dir='ltr'><strong>locum,</strong></span> <span class='ocrx_word' id='word_1_76' title='bbox 1272 1093 1327 1139; x_wconf 91' lang='lat' dir='ltr'><strong>et</strong></span> <span class='ocrx_word' id='word_1_77' title='bbox 1349 1099 1542 1140; x_wconf 91' lang='lat' dir='ltr'><strong>nomen</strong></span> <span class='ocrx_word' id='word_1_78' title='bbox 1563 1087 1754 1139; x_wconf 89' lang='lat' dir='ltr'><strong>melius</strong></span> 
     </span>
    </p>
   </div>
   <div class='ocr_carea' id='block_1_11' title="bbox 193 1172 1748 1245">
    <p class='ocr_par' dir='ltr' id='par_1_11' title="bbox 193 1172 1748 1245">
     <span class='ocr_line' id='line_1_11' title="bbox 193 1172 1748 1245; baseline 0.006 -23"><span class='ocrx_word' id='word_1_79' title='bbox 193 1172 305 1224; x_wconf 84' lang='lat' dir='ltr'><strong>ﬁliis</strong></span> <span class='ocrx_word' id='word_1_80' title='bbox 337 1181 386 1226; x_wconf 93' lang='lat' dir='ltr'><strong>et</strong></span> <span class='ocrx_word' id='word_1_81' title='bbox 444 1172 678 1238; x_wconf 83' lang='lat' dir='ltr'><strong>ﬁliabus,</strong></span> <span class='ocrx_word' id='word_1_82' title='bbox 740 1176 883 1245; x_wconf 87' lang='lat' dir='ltr'><strong>quod</strong></span> <span class='ocrx_word' id='word_1_83' title='bbox 930 1177 1075 1230; x_wconf 83' lang='lat' dir='ltr'><strong>nulla</strong></span> <span class='ocrx_word' id='word_1_84' title='bbox 1140 1177 1417 1232; x_wconf 90' lang='lat' dir='ltr'><strong>oblivione</strong></span> <span class='ocrx_word' id='word_1_85' title='bbox 1462 1176 1748 1232; x_wconf 86' lang='lat' dir='ltr'><strong>delebitnr.</strong></span> 
     </span>
    </p>
   </div>
   <div class='ocr_carea' id='block_1_12' title="bbox 168 1263 1754 1354">
    <p class='ocr_par' dir='ltr' id='par_1_12' title="bbox 168 1263 1754 1354">
     <span class='ocr_line' id='line_1_12' title="bbox 168 1263 1754 1354; baseline 0.004 -37"><span class='ocrx_word' id='word_1_86' title='bbox 168 1263 283 1354; x_wconf 28' lang='lat' dir='ltr'><strong>(Qui</strong></span> <span class='ocrx_word' id='word_1_87' title='bbox 318 1265 432 1320; x_wconf 91' lang='lat' dir='ltr'><strong>sint</strong></span> <span class='ocrx_word' id='word_1_88' title='bbox 459 1267 698 1321; x_wconf 84' lang='lat' dir='ltr'><strong>eunuchi</strong></span> <span class='ocrx_word' id='word_1_89' title='bbox 729 1283 892 1334; x_wconf 82' lang='lat' dir='ltr'><strong>supra</strong></span> <span class='ocrx_word' id='word_1_90' title='bbox 943 1268 1199 1335; x_wconf 79' lang='lat' dir='ltr'><strong>diximus,</strong></span> <span class='ocrx_word' id='word_1_91' title='bbox 1235 1270 1328 1336; x_wconf 89' lang='lat' dir='ltr'><strong>qui</strong></span> <span class='ocrx_word' id='word_1_92' title='bbox 1377 1269 1592 1324; x_wconf 84' lang='lat' dir='ltr'><strong>solliciti</strong></span> <span class='ocrx_word' id='word_1_93' title='bbox 1626 1278 1754 1323; x_wconf 91' lang='lat' dir='ltr'><strong>sunt</strong></span> 
     </span>
    </p>
   </div>
   <div class='ocr_carea' id='block_1_13' title="bbox 143 1351 1754 1431">
    <p class='ocr_par' dir='ltr' id='par_1_13' title="bbox 143 1351 1754 1431">
     <span class='ocr_line' id='line_1_13' title="bbox 143 1351 1754 1431; baseline 0.003 -21"><span class='ocrx_word' id='word_1_94' title='bbox 143 1351 248 1410; x_wconf 58' lang='lat' dir='ltr'><strong>&quot;Qad</strong></span> <span class='ocrx_word' id='word_1_95' title='bbox 280 1373 348 1412; x_wconf 88' lang='lat' dir='ltr'><strong>ea</strong></span> <span class='ocrx_word' id='word_1_96' title='bbox 380 1374 501 1426; x_wconf 59' lang='lat' dir='ltr'><strong>quae.</strong></span> <span class='ocrx_word' id='word_1_97' title='bbox 532 1359 623 1413; x_wconf 88' lang='lat' dir='ltr'><strong>Dei</strong></span> <span class='ocrx_word' id='word_1_98' title='bbox 650 1369 774 1414; x_wconf 90' lang='lat' dir='ltr'><strong>sunt</strong></span> <span class='ocrx_word' id='word_1_99' title='bbox 800 1376 816 1428; x_wconf 88' lang='lat'><strong>;</strong></span> <span class='ocrx_word' id='word_1_100' title='bbox 847 1361 1046 1430; x_wconf 85' lang='lat' dir='ltr'><strong>quibus</strong></span> <span class='ocrx_word' id='word_1_101' title='bbox 1088 1361 1327 1431; x_wconf 90' lang='lat' dir='ltr'><strong>loquitur</strong></span> <span class='ocrx_word' id='word_1_102' title='bbox 1354 1371 1406 1414; x_wconf 92' lang='lat' dir='ltr'><strong>et</strong></span> <span class='ocrx_word' id='word_1_103' title='bbox 1450 1359 1754 1430; x_wconf 80' lang='lat' dir='ltr'><strong>Sapientia,</strong></span> 
     </span>
    </p>
   </div>
   <div class='ocr_carea' id='block_1_14' title="bbox 144 1451 1755 1518">
    <p class='ocr_par' dir='ltr' id='par_1_14' title="bbox 144 1451 1755 1518">
     <span class='ocr_line' id='line_1_14' title="bbox 144 1451 1755 1518; baseline 0.004 -16"><span class='ocrx_word' id='word_1_104' title='bbox 144 1469 165 1482; x_wconf 53' lang='grc' dir='ltr'><strong>λ</strong></span> <span class='ocrx_word' id='word_1_105' title='bbox 191 1465 302 1518; x_wconf 69' lang='lat' dir='ltr'><strong>qua:</strong></span> <span class='ocrx_word' id='word_1_106' title='bbox 363 1451 523 1506; x_wconf 88' lang='lat' dir='ltr'><strong>titulo</strong></span> <span class='ocrx_word' id='word_1_107' title='bbox 585 1451 894 1508; x_wconf 85' lang='lat' dir='ltr'><strong>Salomonis</strong></span> <span class='ocrx_word' id='word_1_108' title='bbox 955 1453 1318 1508; x_wconf 86' lang='lat' dir='ltr'><strong>inscribitur:</strong></span> <span class='ocrx_word' id='word_1_109' title='bbox 1359 1453 1525 1507; x_wconf 85' lang='lat' dir='ltr'><strong>Beata</strong></span> <span class='ocrx_word' id='word_1_110' title='bbox 1556 1455 1755 1510; x_wconf 81' lang='lat' dir='ltr'><strong>sterilis</strong></span> 
     </span>
    </p>
   </div>
   <div class='ocr_carea' id='block_1_15' title="bbox 188 1541 1752 1614">
    <p class='ocr_par' dir='ltr' id='par_1_15' title="bbox 188 1541 1752 1614">
     <span class='ocr_line' id='line_1_15' title="bbox 188 1541 1752 1614; baseline 0.004 -19"><span class='ocrx_word' id='word_1_111' title='bbox 188 1541 548 1606; x_wconf 72' lang='lat' dir='ltr'><strong>imtIiacstlata,</strong></span> <span class='ocrx_word' id='word_1_112' title='bbox 607 1560 724 1614; x_wconf 69' lang='lat' dir='ltr'><strong>qum</strong></span> <span class='ocrx_word' id='word_1_113' title='bbox 777 1561 878 1598; x_wconf 80' lang='lat' dir='ltr'><strong>non</strong></span> <span class='ocrx_word' id='word_1_114' title='bbox 909 1547 1150 1613; x_wconf 76' lang='lat' dir='ltr'><strong>cognovit</strong></span> <span class='ocrx_word' id='word_1_115' title='bbox 1188 1554 1415 1599; x_wconf 88' lang='lat' dir='ltr'><strong>stratum</strong></span> <span class='ocrx_word' id='word_1_116' title='bbox 1452 1547 1507 1598; x_wconf 86' lang='lat' dir='ltr'><strong>in</strong></span> <span class='ocrx_word' id='word_1_117' title='bbox 1543 1547 1752 1614; x_wconf 84' lang='lat' dir='ltr'><strong>delicto,</strong></span> 
     </span>
    </p>
   </div>
   <div class='ocr_carea' id='block_1_16' title="bbox 188 1634 1761 1702">
    <p class='ocr_par' dir='ltr' id='par_1_16' title="bbox 188 1634 1761 1702">
     <span class='ocr_line' id='line_1_16' title="bbox 188 1634 1761 1702; baseline 0.003 -16"><span class='ocrx_word' id='word_1_118' title='bbox 188 1634 390 1687; x_wconf 68' lang='lat' dir='ltr'><strong>habebit</strong></span> <span class='ocrx_word' id='word_1_119' title='bbox 416 1635 647 1702; x_wconf 83' lang='lat' dir='ltr'><strong>fructum</strong></span> <span class='ocrx_word' id='word_1_120' title='bbox 687 1637 742 1689; x_wconf 83' lang='lat' dir='ltr'><strong>in</strong></span> <span class='ocrx_word' id='word_1_121' title='bbox 789 1637 1089 1690; x_wconf 82' lang='lat' dir='ltr'><strong>uisitatione</strong></span> <span class='ocrx_word' id='word_1_122' title='bbox 1118 1638 1446 1691; x_wconf 81' lang='lat' dir='ltr'><strong>animarum.</strong></span> <span class='ocrx_word' id='word_1_123' title='bbox 1503 1637 1566 1692; x_wconf 83' lang='lat' dir='ltr'><strong>Et</strong></span> <span class='ocrx_word' id='word_1_124' title='bbox 1594 1655 1761 1693; x_wconf 85' lang='lat' dir='ltr'><strong>eunu-</strong></span> 
     </span>
    </p>
   </div>
   <div class='ocr_carea' id='block_1_17' title="bbox 189 1728 1758 1798">
    <p class='ocr_par' dir='ltr' id='par_1_17' title="bbox 189 1728 1758 1798">
     <span class='ocr_line' id='line_1_17' title="bbox 189 1728 1758 1798; baseline 0.003 -19"><span class='ocrx_word' id='word_1_125' title='bbox 189 1728 328 1786; x_wconf 78' lang='lat' dir='ltr'><strong>chus,</strong></span> <span class='ocrx_word' id='word_1_126' title='bbox 357 1729 448 1795; x_wconf 84' lang='lat' dir='ltr'><strong>qui</strong></span> <span class='ocrx_word' id='word_1_127' title='bbox 477 1743 576 1781; x_wconf 84' lang='lat' dir='ltr'><strong>non</strong></span> <span class='ocrx_word' id='word_1_128' title='bbox 609 1738 686 1782; x_wconf 85' lang='lat' dir='ltr'><strong>est</strong></span> <span class='ocrx_word' id='word_1_129' title='bbox 718 1739 965 1796; x_wconf 81' lang='lat' dir='ltr'><strong>operatus</strong></span> <span class='ocrx_word' id='word_1_130' title='bbox 1000 1747 1159 1782; x_wconf 88' lang='lat' dir='ltr'><strong>manu</strong></span> <span class='ocrx_word' id='word_1_131' title='bbox 1205 1730 1557 1798; x_wconf 80' lang='lat' dir='ltr'><strong>iniquitatem,</strong></span> <span class='ocrx_word' id='word_1_132' title='bbox 1597 1747 1758 1793; x_wconf 87' lang='lat' dir='ltr'><strong>neque</strong></span> 
     </span>
    </p>
   </div>
   <div class='ocr_carea' id='block_1_18' title="bbox 188 1819 1758 1889">
    <p class='ocr_par' dir='ltr' id='par_1_18' title="bbox 188 1819 1758 1889">
     <span class='ocr_line' id='line_1_18' title="bbox 188 1819 1758 1889; baseline 0.002 -18"><span class='ocrx_word' id='word_1_133' title='bbox 188 1820 427 1888; x_wconf 82' lang='lat' dir='ltr'><strong>cogitauit</strong></span> <span class='ocrx_word' id='word_1_134' title='bbox 465 1831 649 1872; x_wconf 79' lang='lat' dir='ltr'><strong>contra</strong></span> <span class='ocrx_word' id='word_1_135' title='bbox 685 1819 964 1873; x_wconf 70' lang='lat' dir='ltr'><strong>Dominum</strong></span> <span class='ocrx_word' id='word_1_136' title='bbox 1013 1821 1176 1874; x_wconf 89' lang='lat' dir='ltr'><strong>mala.</strong></span> <span class='ocrx_word' id='word_1_137' title='bbox 1210 1821 1434 1876; x_wconf 81' lang='lat' dir='ltr'><strong>Dabitur</strong></span> <span class='ocrx_word' id='word_1_138' title='bbox 1470 1823 1608 1874; x_wconf 81' lang='lat' dir='ltr'><strong>enim</strong></span> <span class='ocrx_word' id='word_1_139' title='bbox 1635 1821 1758 1889; x_wconf 79' lang='lat' dir='ltr'><strong>fidei</strong></span> 
     </span>
    </p>
   </div>
   <div class='ocr_carea' id='block_1_19' title="bbox 187 1909 1758 1980">
    <p class='ocr_par' dir='ltr' id='par_1_19' title="bbox 187 1909 1758 1980">
     <span class='ocr_line' id='line_1_19' title="bbox 187 1909 1758 1980; baseline 0.002 -18"><span class='ocrx_word' id='word_1_140' title='bbox 187 1909 290 1973; x_wconf 77' lang='lat' dir='ltr'><strong>ejus</strong></span> <span class='ocrx_word' id='word_1_141' title='bbox 321 1909 487 1962; x_wconf 83' lang='lat' dir='ltr'><strong>electa</strong></span> <span class='ocrx_word' id='word_1_142' title='bbox 519 1911 714 1979; x_wconf 82' lang='lat' dir='ltr'><strong>gratia,</strong></span> <span class='ocrx_word' id='word_1_143' title='bbox 747 1921 793 1964; x_wconf 91' lang='lat' dir='ltr'><strong>et</strong></span> <span class='ocrx_word' id='word_1_144' title='bbox 817 1927 940 1980; x_wconf 89' lang='lat' dir='ltr'><strong>pars</strong></span> <span class='ocrx_word' id='word_1_145' title='bbox 963 1913 1018 1964; x_wconf 85' lang='lat' dir='ltr'><strong>in</strong></span> <span class='ocrx_word' id='word_1_146' title='bbox 1058 1913 1250 1979; x_wconf 87' lang='lat' dir='ltr'><strong>templo</strong></span> <span class='ocrx_word' id='word_1_147' title='bbox 1278 1911 1492 1964; x_wconf 82' lang='lat' dir='ltr'><strong>Domini</strong></span> <span class='ocrx_word' id='word_1_148' title='bbox 1531 1911 1758 1965; x_wconf 81' lang='lat' dir='ltr'><strong>delecta-</strong></span> 
     </span>
    </p>
   </div>
   <div class='ocr_carea' id='block_1_20' title="bbox 188 2000 1759 2072">
    <p class='ocr_par' dir='ltr' id='par_1_20' title="bbox 188 2000 1759 2072">
     <span class='ocr_line' id='line_1_20' title="bbox 188 2000 1759 2072; baseline 0.003 -20"><span class='ocrx_word' id='word_1_149' title='bbox 188 2001 294 2052; x_wconf 86' lang='lat' dir='ltr'><strong>bitis</strong></span> <span class='ocrx_word' id='word_1_150' title='bbox 332 2000 486 2070; x_wconf 85' lang='lat' dir='ltr'><strong>(Sap.</strong></span> <span class='ocrx_word' id='word_1_151' title='bbox 516 2017 598 2068; x_wconf 89' lang='grc' dir='ltr'>ιιι,</span> <span class='ocrx_word' id='word_1_152' title='bbox 637 2003 722 2066; x_wconf 78' lang='lat' dir='ltr'><strong>l3,</strong></span> <span class='ocrx_word' id='word_1_153' title='bbox 756 2001 868 2070; x_wconf 73' lang='grc' dir='ltr'><strong>Η).</strong></span> <span class='ocrx_word' id='word_1_154' title='bbox 905 2002 1029 2057; x_wconf 62' lang='lat' dir='ltr'><strong>Haec</strong></span> <span class='ocrx_word' id='word_1_155' title='bbox 1069 2003 1270 2057; x_wconf 87' lang='lat' dir='ltr'><strong>sterilis</strong></span> <span class='ocrx_word' id='word_1_156' title='bbox 1309 2003 1623 2072; x_wconf 78' lang='lat' dir='ltr'><strong>virginitate</strong></span> <span class='ocrx_word' id='word_1_157' title='bbox 1679 2003 1759 2058; x_wconf 82' lang='lat' dir='ltr'><strong>fe-</strong></span> 
     </span>
    </p>
   </div>
   <div class='ocr_carea' id='block_1_21' title="bbox 188 2093 1759 2165">
    <p class='ocr_par' dir='ltr' id='par_1_21' title="bbox 188 2093 1759 2165">
     <span class='ocr_line' id='line_1_21' title="bbox 188 2093 1759 2165; baseline 0.003 -21"><span class='ocrx_word' id='word_1_158' title='bbox 188 2094 359 2145; x_wconf 85' lang='lat' dir='ltr'><strong>cunda</strong></span> <span class='ocrx_word' id='word_1_159' title='bbox 419 2093 530 2163; x_wconf 84' lang='lat' dir='ltr'><strong>|Al.</strong></span> <span class='ocrx_word' id='word_1_160' title='bbox 597 2093 902 2165; x_wconf 86' lang='lat' dir='ltr'><strong>lecundata]</strong></span> <span class='ocrx_word' id='word_1_161' title='bbox 959 2104 1078 2159; x_wconf 91' lang='lat' dir='ltr'><strong>est;</strong></span> <span class='ocrx_word' id='word_1_162' title='bbox 1138 2094 1224 2147; x_wconf 89' lang='lat' dir='ltr'><strong>hic</strong></span> <span class='ocrx_word' id='word_1_163' title='bbox 1275 2094 1560 2148; x_wconf 62' lang='lat' dir='ltr'><strong>eunuchus</strong></span> <span class='ocrx_word' id='word_1_164' title='bbox 1591 2109 1759 2162; x_wconf 77' lang='lat' dir='ltr'><strong>regno</strong></span> 
     </span>
    </p>
   </div>
   <div class='ocr_carea' id='block_1_22' title="bbox 189 2185 1758 2255">
    <p class='ocr_par' dir='ltr' id='par_1_22' title="bbox 189 2185 1758 2255">
     <span class='ocr_line' id='line_1_22' title="bbox 189 2185 1758 2255; baseline 0.001 -17"><span class='ocrx_word' id='word_1_165' title='bbox 189 2189 447 2238; x_wconf 65' lang='lat' dir='ltr'><strong>culorum</strong></span> <span class='ocrx_word' id='word_1_166' title='bbox 475 2187 582 2240; x_wconf 92' lang='lat' dir='ltr'><strong>vim</strong></span> <span class='ocrx_word' id='word_1_167' title='bbox 631 2187 783 2250; x_wconf 79' lang='lat' dir='ltr'><strong>facit,</strong></span> <span class='ocrx_word' id='word_1_168' title='bbox 838 2197 891 2241; x_wconf 89' lang='lat' dir='ltr'><strong>et</strong></span> <span class='ocrx_word' id='word_1_169' title='bbox 942 2186 1206 2245; x_wconf 74' lang='lat' dir='ltr'><strong>violenter</strong></span> <span class='ocrx_word' id='word_1_170' title='bbox 1251 2185 1435 2255; x_wconf 82' lang='lat' dir='ltr'><strong>diripit</strong></span> <span class='ocrx_word' id='word_1_171' title='bbox 1462 2185 1615 2240; x_wconf 89' lang='lat' dir='ltr'><strong>illud.</strong></span> <span class='ocrx_word' id='word_1_172' title='bbox 1652 2185 1758 2240; x_wconf 79' lang='lat' dir='ltr'><strong>Iste</strong></span> 
     </span>
    </p>
   </div>
   <div class='ocr_carea' id='block_1_23' title="bbox 187 2276 1757 2346">
    <p class='ocr_par' dir='ltr' id='par_1_23' title="bbox 187 2276 1757 2346">
     <span class='ocr_line' id='line_1_23' title="bbox 187 2276 1757 2346; baseline 0 -16"><span class='ocrx_word' id='word_1_173' title='bbox 187 2288 371 2331; x_wconf 88' lang='lat' dir='ltr'><strong>custos</strong></span> <span class='ocrx_word' id='word_1_174' title='bbox 427 2277 784 2332; x_wconf 86' lang='lat' dir='ltr'><strong>Sabbatorum</strong></span> <span class='ocrx_word' id='word_1_175' title='bbox 819 2317 832 2342; x_wconf 94' lang='lat'><strong>,</strong></span> <span class='ocrx_word' id='word_1_176' title='bbox 889 2288 947 2331; x_wconf 93' lang='lat' dir='ltr'><strong>nt</strong></span> <span class='ocrx_word' id='word_1_177' title='bbox 1022 2291 1299 2346; x_wconf 85' lang='lat' dir='ltr'><strong>nunquam</strong></span> <span class='ocrx_word' id='word_1_178' title='bbox 1373 2276 1536 2330; x_wconf 80' lang='lat' dir='ltr'><strong>faciat</strong></span> <span class='ocrx_word' id='word_1_179' title='bbox 1594 2291 1757 2346; x_wconf 86' lang='lat' dir='ltr'><strong>opera</strong></span> 
     </span>
    </p>
   </div>
   <div class='ocr_carea' id='block_1_24' title="bbox 191 2368 1760 2440">
    <p class='ocr_par' dir='ltr' id='par_1_24' title="bbox 191 2368 1760 2440">
     <span class='ocr_line' id='line_1_24' title="bbox 191 2368 1760 2440; baseline -0.001 -16"><span class='ocrx_word' id='word_1_180' title='bbox 191 2369 495 2438; x_wconf 85' lang='lat' dir='ltr'><strong>nuptiarum</strong></span> <span class='ocrx_word' id='word_1_181' title='bbox 529 2369 576 2435; x_wconf 89' lang='lat' dir='ltr'><strong>(I</strong></span> <span class='ocrx_word' id='word_1_182' title='bbox 599 2369 723 2424; x_wconf 86' lang='lat' dir='ltr'><strong>Cor.</strong></span> <span class='ocrx_word' id='word_1_183' title='bbox 757 2371 873 2440; x_wconf 87' lang='lat' dir='ltr'><strong>vn).</strong></span> <span class='ocrx_word' id='word_1_184' title='bbox 909 2369 1016 2426; x_wconf 90' lang='lat' dir='ltr'><strong>Iste</strong></span> <span class='ocrx_word' id='word_1_185' title='bbox 1042 2369 1203 2438; x_wconf 81' lang='lat' dir='ltr'><strong>elegit</strong></span> <span class='ocrx_word' id='word_1_186' title='bbox 1231 2384 1352 2437; x_wconf 71' lang='lat' dir='ltr'><strong>quae</strong></span> <span class='ocrx_word' id='word_1_187' title='bbox 1377 2368 1635 2423; x_wconf 88' lang='lat' dir='ltr'><strong>Dominus</strong></span> <span class='ocrx_word' id='word_1_188' title='bbox 1664 2384 1760 2423; x_wconf 84' lang='lat' dir='ltr'><strong>vo-</strong></span> 
     </span>
    </p>
   </div>
   <div class='ocr_carea' id='block_1_25' title="bbox 189 2463 1757 2534">
    <p class='ocr_par' dir='ltr' id='par_1_25' title="bbox 189 2463 1757 2534">
     <span class='ocr_line' id='line_1_25' title="bbox 189 2463 1757 2534; baseline -0.001 -17"><span class='ocrx_word' id='word_1_189' title='bbox 189 2464 301 2527; x_wconf 89' lang='lat' dir='ltr'><strong>luit,</strong></span> <span class='ocrx_word' id='word_1_190' title='bbox 344 2473 405 2520; x_wconf 90' lang='lat' dir='ltr'><strong>ut</strong></span> <span class='ocrx_word' id='word_1_191' title='bbox 435 2466 553 2533; x_wconf 90' lang='lat' dir='ltr'><strong>plus</strong></span> <span class='ocrx_word' id='word_1_192' title='bbox 581 2463 774 2519; x_wconf 78' lang='lat' dir='ltr'><strong>offerat</strong></span> <span class='ocrx_word' id='word_1_193' title='bbox 826 2478 988 2534; x_wconf 86' lang='lat' dir='ltr'><strong>quam</strong></span> <span class='ocrx_word' id='word_1_194' title='bbox 1041 2471 1370 2532; x_wconf 59' lang='lat' dir='ltr'><strong>praeceptum</strong></span> <span class='ocrx_word' id='word_1_195' title='bbox 1413 2471 1494 2515; x_wconf 90' lang='lat' dir='ltr'><strong>est</strong></span> <span class='ocrx_word' id='word_1_196' title='bbox 1521 2477 1536 2515; x_wconf 90' lang='lat'><strong>:</strong></span> <span class='ocrx_word' id='word_1_197' title='bbox 1566 2471 1757 2516; x_wconf 84' lang='lat' dir='ltr'><strong>utnon</strong></span> 
     </span>
    </p>
   </div>
   <div class='ocr_carea' id='block_1_26' title="bbox 190 2554 1761 2626">
    <p class='ocr_par' dir='ltr' id='par_1_26' title="bbox 190 2554 1761 2626">
     <span class='ocr_line' id='line_1_26' title="bbox 190 2554 1761 2626; baseline 0.001 -18"><span class='ocrx_word' id='word_1_198' title='bbox 190 2556 579 2626; x_wconf 80' lang='lat' dir='ltr'><strong>indulgentiam</strong></span> <span class='ocrx_word' id='word_1_199' title='bbox 607 2557 835 2625; x_wconf 83' lang='lat' dir='ltr'><strong>apostoli</strong></span> <span class='ocrx_word' id='word_1_200' title='bbox 867 2554 1004 2623; x_wconf 85' lang='lat' dir='ltr'><strong>ejus,</strong></span> <span class='ocrx_word' id='word_1_201' title='bbox 1031 2558 1125 2611; x_wconf 88' lang='lat' dir='ltr'><strong>sed</strong></span> <span class='ocrx_word' id='word_1_202' title='bbox 1151 2555 1485 2610; x_wconf 83' lang='lat' dir='ltr'><strong>voluntatem</strong></span> <span class='ocrx_word' id='word_1_203' title='bbox 1512 2555 1761 2610; x_wconf 84' lang='lat' dir='ltr'><strong>conside-</strong></span> 
     </span>
    </p>
   </div>
   <div class='ocr_carea' id='block_1_27' title="bbox 187 2647 1758 2718">
    <p class='ocr_par' dir='ltr' id='par_1_27' title="bbox 187 2647 1758 2718">
     <span class='ocr_line' id='line_1_27' title="bbox 187 2647 1758 2718; baseline -0.001 -17"><span class='ocrx_word' id='word_1_204' title='bbox 187 2657 283 2702; x_wconf 82' lang='lat' dir='ltr'><strong>ret.</strong></span> <span class='ocrx_word' id='word_1_205' title='bbox 318 2650 428 2702; x_wconf 88' lang='lat' dir='ltr'><strong>Iste</strong></span> <span class='ocrx_word' id='word_1_206' title='bbox 459 2657 603 2703; x_wconf 78' lang='lat' dir='ltr'><strong>tenet</strong></span> <span class='ocrx_word' id='word_1_207' title='bbox 635 2649 810 2704; x_wconf 70' lang='lat' dir='ltr'><strong>itedns</strong></span> <span class='ocrx_word' id='word_1_208' title='bbox 841 2647 1053 2703; x_wconf 85' lang='lat' dir='ltr'><strong>Domini</strong></span> <span class='ocrx_word' id='word_1_209' title='bbox 1105 2649 1525 2718; x_wconf 90' lang='lat' dir='ltr'><strong>sempiternum,</strong></span> <span class='ocrx_word' id='word_1_210' title='bbox 1565 2655 1624 2700; x_wconf 89' lang='lat' dir='ltr'><strong>ut</strong></span> <span class='ocrx_word' id='word_1_211' title='bbox 1652 2661 1758 2700; x_wconf 90' lang='lat' dir='ltr'><strong>non</strong></span> 
     </span>
    </p>
   </div>
   <div class='ocr_carea' id='block_1_28' title="bbox 187 2741 1760 2814">
    <p class='ocr_par' dir='ltr' id='par_1_28' title="bbox 187 2741 1760 2814">
     <span class='ocr_line' id='line_1_28' title="bbox 187 2741 1760 2814; baseline -0.001 -16"><span class='ocrx_word' id='word_1_212' title='bbox 187 2745 250 2798; x_wconf 83' lang='lat' dir='ltr'><strong>sd</strong></span> <span class='ocrx_word' id='word_1_213' title='bbox 275 2755 494 2814; x_wconf 90' lang='lat' dir='ltr'><strong>tempus</strong></span> <span class='ocrx_word' id='word_1_214' title='bbox 538 2754 692 2798; x_wconf 82' lang='lat' dir='ltr'><strong>vacet</strong></span> <span class='ocrx_word' id='word_1_215' title='bbox 751 2741 1008 2808; x_wconf 86' lang='lat' dir='ltr'><strong>orationi,</strong></span> <span class='ocrx_word' id='word_1_216' title='bbox 1055 2751 1111 2798; x_wconf 89' lang='lat' dir='ltr'><strong>et</strong></span> <span class='ocrx_word' id='word_1_217' title='bbox 1155 2743 1350 2797; x_wconf 82' lang='lat' dir='ltr'><strong>iterum</strong></span> <span class='ocrx_word' id='word_1_218' title='bbox 1396 2743 1465 2796; x_wconf 87' lang='lat' dir='ltr'><strong>ad</strong></span> <span class='ocrx_word' id='word_1_219' title='bbox 1501 2743 1552 2796; x_wconf 87' lang='lat' dir='ltr'><strong>id</strong></span> <span class='ocrx_word' id='word_1_220' title='bbox 1583 2743 1760 2811; x_wconf 89' lang='lat' dir='ltr'><strong>ipsum</strong></span> 
     </span>
    </p>
   </div>
   <div class='ocr_carea' id='block_1_29' title="bbox 190 2835 1761 2904">
    <p class='ocr_par' dir='ltr' id='par_1_29' title="bbox 190 2835 1761 2904">
     <span class='ocr_line' id='line_1_29' title="bbox 190 2835 1761 2904; baseline 0.001 -16"><span class='ocrx_word' id='word_1_221' title='bbox 190 2848 517 2903; x_wconf 74' lang='lat' dir='ltr'><strong>revertatur,</strong></span> <span class='ocrx_word' id='word_1_222' title='bbox 555 2838 647 2892; x_wconf 90' lang='lat' dir='ltr'><strong>sed</strong></span> <span class='ocrx_word' id='word_1_223' title='bbox 669 2845 1015 2904; x_wconf 89' lang='lat' dir='ltr'><strong>accepturum</strong></span> <span class='ocrx_word' id='word_1_224' title='bbox 1045 2850 1167 2892; x_wconf 87' lang='lat' dir='ltr'><strong>esse</strong></span> <span class='ocrx_word' id='word_1_225' title='bbox 1197 2849 1256 2890; x_wconf 89' lang='lat' dir='ltr'><strong>se</strong></span> <span class='ocrx_word' id='word_1_226' title='bbox 1275 2837 1493 2890; x_wconf 79' lang='lat' dir='ltr'><strong>noverit</strong></span> <span class='ocrx_word' id='word_1_227' title='bbox 1518 2835 1570 2888; x_wconf 92' lang='lat' dir='ltr'><strong>in</strong></span> <span class='ocrx_word' id='word_1_228' title='bbox 1597 2836 1761 2890; x_wconf 90' lang='lat' dir='ltr'><strong>domo</strong></span> 
     </span>
    </p>
   </div>
   <div class='ocr_carea' id='block_1_30' title="bbox 191 2927 1756 2998">
    <p class='ocr_par' dir='ltr' id='par_1_30' title="bbox 191 2927 1756 2998">
     <span class='ocr_line' id='line_1_30' title="bbox 191 2927 1756 2998; baseline 0.001 -18"><span class='ocrx_word' id='word_1_229' title='bbox 191 2928 423 2992; x_wconf 90' lang='lat' dir='ltr'><strong>Domini,</strong></span> <span class='ocrx_word' id='word_1_230' title='bbox 483 2945 602 2998; x_wconf 67' lang='lat' dir='ltr'><strong>qua:</strong></span> <span class='ocrx_word' id='word_1_231' title='bbox 649 2938 730 2984; x_wconf 88' lang='lat' dir='ltr'><strong>est</strong></span> <span class='ocrx_word' id='word_1_232' title='bbox 781 2929 1020 2983; x_wconf 83' lang='lat' dir='ltr'><strong>Ecclesia</strong></span> <span class='ocrx_word' id='word_1_233' title='bbox 1053 2927 1193 2997; x_wconf 84' lang='lat' dir='ltr'><strong>ejus,</strong></span> <span class='ocrx_word' id='word_1_234' title='bbox 1250 2927 1427 2982; x_wconf 88' lang='lat' dir='ltr'><strong>locum</strong></span> <span class='ocrx_word' id='word_1_235' title='bbox 1469 2928 1756 2994; x_wconf 91' lang='lat' dir='ltr'><strong>optimum.</strong></span> 
     </span>
    </p>
   </div>
   <div class='ocr_carea' id='block_1_31' title="bbox 189 3015 1756 3089">
    <p class='ocr_par' dir='ltr' id='par_1_31' title="bbox 189 3015 1756 3089">
     <span class='ocr_line' id='line_1_31' title="bbox 189 3015 1756 3089; baseline -0.001 -15"><span class='ocrx_word' id='word_1_236' title='bbox 189 3021 364 3075; x_wconf 74' lang='lat' dir='ltr'><strong>Muth</strong></span> <span class='ocrx_word' id='word_1_237' title='bbox 379 3023 524 3076; x_wconf 87' lang='lat' dir='ltr'><strong>enim</strong></span> <span class='ocrx_word' id='word_1_238' title='bbox 545 3023 854 3076; x_wconf 86' lang='lat' dir='ltr'><strong>mansiones</strong></span> <span class='ocrx_word' id='word_1_239' title='bbox 874 3030 1003 3078; x_wconf 90' lang='lat' dir='ltr'><strong>sunt</strong></span> <span class='ocrx_word' id='word_1_240' title='bbox 1025 3018 1165 3089; x_wconf 88' lang='lat' dir='ltr'><strong>apud</strong></span> <span class='ocrx_word' id='word_1_241' title='bbox 1181 3017 1393 3074; x_wconf 83' lang='lat' dir='ltr'><strong>Patrem</strong></span> <span class='ocrx_word' id='word_1_242' title='bbox 1413 3015 1599 3087; x_wconf 82' lang='lat' dir='ltr'><strong>(Joan.</strong></span> <span class='ocrx_word' id='word_1_243' title='bbox 1618 3018 1756 3078; x_wconf 83' lang='lat' dir='ltr'><strong>xlv).</strong></span> 
     </span>
    </p>
   </div>
   <div class='ocr_carea' id='block_1_32' title="bbox 190 3113 1762 3184">
    <p class='ocr_par' dir='ltr' id='par_1_32' title="bbox 190 3113 1762 3184">
     <span class='ocr_line' id='line_1_32' title="bbox 190 3113 1762 3184; baseline 0 -17"><span class='ocrx_word' id='word_1_244' title='bbox 190 3113 369 3184; x_wconf 85' lang='lat' dir='ltr'><strong>thui</strong></span> <span class='ocrx_word' id='word_1_245' title='bbox 405 3115 690 3169; x_wconf 88' lang='lat' dir='ltr'><strong>eunuchus</strong></span> <span class='ocrx_word' id='word_1_246' title='bbox 754 3113 942 3180; x_wconf 77' lang='lat' dir='ltr'><strong>fuerit,</strong></span> <span class='ocrx_word' id='word_1_247' title='bbox 1000 3126 1062 3168; x_wconf 86' lang='lat' dir='ltr'><strong>ac</strong></span> <span class='ocrx_word' id='word_1_248' title='bbox 1111 3113 1304 3169; x_wconf 84' lang='lat' dir='ltr'><strong>fecerit</strong></span> <span class='ocrx_word' id='word_1_249' title='bbox 1359 3114 1611 3168; x_wconf 88' lang='lat' dir='ltr'><strong>universa</strong></span> <span class='ocrx_word' id='word_1_250' title='bbox 1641 3126 1762 3182; x_wconf 69' lang='lat' dir='ltr'><strong>quae</strong></span> 
     </span>
    </p>
   </div>
   <div class='ocr_carea' id='block_1_33' title="bbox 1855 637 3417 694">
    <p class='ocr_par' dir='ltr' id='par_1_33' title="bbox 1855 637 3417 694">
     <span class='ocr_line' id='line_1_33' title="bbox 1855 637 3417 694; baseline 0 -1"><span class='ocrx_word' id='word_1_251' title='bbox 1855 639 1908 693; x_wconf 92' lang='lat' dir='ltr'><strong>in</strong></span> <span class='ocrx_word' id='word_1_252' title='bbox 1942 640 2104 694; x_wconf 90' lang='lat' dir='ltr'><strong>domo</strong></span> <span class='ocrx_word' id='word_1_253' title='bbox 2127 638 2387 694; x_wconf 87' lang='lat' dir='ltr'><strong>orationis</strong></span> <span class='ocrx_word' id='word_1_254' title='bbox 2417 653 2569 693; x_wconf 68' lang='lat' dir='ltr'><strong>metu.</strong></span> <span class='ocrx_word' id='word_1_255' title='bbox 2604 657 2621 690; x_wconf 85' lang='grc' dir='ltr'><strong>ι</strong></span> <span class='ocrx_word' id='word_1_256' title='bbox 2654 637 2784 694; x_wconf 79' lang='lat' dir='ltr'><strong>Post</strong></span> <span class='ocrx_word' id='word_1_257' title='bbox 2804 637 3092 692; x_wconf 85' lang='lat' dir='ltr'><strong>eunuchos</strong></span> <span class='ocrx_word' id='word_1_258' title='bbox 3118 640 3317 692; x_wconf 87' lang='lat' dir='ltr'><strong>transit</strong></span> <span class='ocrx_word' id='word_1_259' title='bbox 3349 638 3417 693; x_wconf 86' lang='lat' dir='ltr'><strong>ad</strong></span> 
     </span>
    </p>
   </div>
   <div class='ocr_carea' id='block_1_34' title="bbox 1854 728 3426 800">
    <p class='ocr_par' dir='ltr' id='par_1_34' title="bbox 1854 728 3426 800">
     <span class='ocr_line' id='line_1_34' title="bbox 1854 728 3426 800; baseline 0.001 -16"><span class='ocrx_word' id='word_1_260' title='bbox 1854 729 2204 799; x_wconf 80' lang='lat' dir='ltr'><strong>alienigenas,</strong></span> <span class='ocrx_word' id='word_1_261' title='bbox 2223 745 2359 799; x_wconf 90' lang='lat' dir='ltr'><strong>quos</strong></span> <span class='ocrx_word' id='word_1_262' title='bbox 2383 729 2531 800; x_wconf 87' lang='lat' dir='ltr'><strong>prius</strong></span> <span class='ocrx_word' id='word_1_263' title='bbox 2554 730 2957 796; x_wconf 87' lang='lat' dir='ltr'><strong>nominaverat,</strong></span> <span class='ocrx_word' id='word_1_264' title='bbox 2991 739 3045 784; x_wconf 90' lang='lat' dir='ltr'><strong>et</strong></span> <span class='ocrx_word' id='word_1_265' title='bbox 3068 728 3174 783; x_wconf 87' lang='lat' dir='ltr'><strong>illis</strong></span> <span class='ocrx_word' id='word_1_266' title='bbox 3206 744 3426 799; x_wconf 80' lang='lat' dir='ltr'><strong>quoque</strong></span> 
     </span>
    </p>
   </div>
   <div class='ocr_carea' id='block_1_35' title="bbox 1854 823 3426 893">
    <p class='ocr_par' dir='ltr' id='par_1_35' title="bbox 1854 823 3426 893">
     <span class='ocr_line' id='line_1_35' title="bbox 1854 823 3426 893; baseline 0.002 -18"><span class='ocrx_word' id='word_1_267' title='bbox 1854 823 2074 892; x_wconf 84' lang='lat' dir='ltr'><strong>praemia</strong></span> <span class='ocrx_word' id='word_1_268' title='bbox 2097 823 2386 892; x_wconf 86' lang='lat' dir='ltr'><strong>pollicetur</strong></span> <span class='ocrx_word' id='word_1_269' title='bbox 2423 840 2436 877; x_wconf 90' lang='lat'><strong>:</strong></span> <span class='ocrx_word' id='word_1_270' title='bbox 2477 825 2621 893; x_wconf 90' lang='lat' dir='ltr'><strong>quod</strong></span> <span class='ocrx_word' id='word_1_271' title='bbox 2654 824 2697 879; x_wconf 90' lang='lat' dir='ltr'><strong>si</strong></span> <span class='ocrx_word' id='word_1_272' title='bbox 2724 824 3011 879; x_wconf 89' lang='lat' dir='ltr'><strong>servierint</strong></span> <span class='ocrx_word' id='word_1_273' title='bbox 3031 825 3105 889; x_wconf 91' lang='lat' dir='ltr'><strong>ei,</strong></span> <span class='ocrx_word' id='word_1_274' title='bbox 3137 832 3192 878; x_wconf 90' lang='lat' dir='ltr'><strong>et</strong></span> <span class='ocrx_word' id='word_1_275' title='bbox 3221 825 3286 879; x_wconf 91' lang='lat' dir='ltr'><strong>de</strong></span> <span class='ocrx_word' id='word_1_276' title='bbox 3306 838 3426 880; x_wconf 76' lang='lat' dir='ltr'><strong>ser-</strong></span> 
     </span>
    </p>
   </div>
   <div class='ocr_carea' id='block_1_36' title="bbox 1854 915 3421 980">
    <p class='ocr_par' dir='ltr' id='par_1_36' title="bbox 1854 915 3421 980">
     <span class='ocr_line' id='line_1_36' title="bbox 1854 915 3421 980; baseline 0.001 -13"><span class='ocrx_word' id='word_1_277' title='bbox 1854 916 2026 969; x_wconf 87' lang='lat' dir='ltr'><strong>vitute</strong></span> <span class='ocrx_word' id='word_1_278' title='bbox 2071 916 2384 970; x_wconf 88' lang='lat' dir='ltr'><strong>transierint</strong></span> <span class='ocrx_word' id='word_1_279' title='bbox 2444 915 2513 970; x_wconf 87' lang='lat' dir='ltr'><strong>ad</strong></span> <span class='ocrx_word' id='word_1_280' title='bbox 2581 915 2814 971; x_wconf 90' lang='lat' dir='ltr'><strong>nominis</strong></span> <span class='ocrx_word' id='word_1_281' title='bbox 2870 915 3014 969; x_wconf 90' lang='lat' dir='ltr'><strong>illius</strong></span> <span class='ocrx_word' id='word_1_282' title='bbox 3071 915 3421 980; x_wconf 82' lang='lat' dir='ltr'><strong>charitatem,</strong></span> 
     </span>
    </p>
   </div>
   <div class='ocr_carea' id='block_1_37' title="bbox 1854 1007 3427 1078">
    <p class='ocr_par' dir='ltr' id='par_1_37' title="bbox 1854 1007 3427 1078">
     <span class='ocr_line' id='line_1_37' title="bbox 1854 1007 3427 1078; baseline 0.001 -17"><span class='ocrx_word' id='word_1_283' title='bbox 1854 1009 1963 1061; x_wconf 90' lang='lat' dir='ltr'><strong>sint</strong></span> <span class='ocrx_word' id='word_1_284' title='bbox 1993 1008 2040 1060; x_wconf 85' lang='lat' dir='ltr'><strong>ei</strong></span> <span class='ocrx_word' id='word_1_285' title='bbox 2074 1007 2216 1062; x_wconf 84' lang='lat' dir='ltr'><strong>servi</strong></span> <span class='ocrx_word' id='word_1_286' title='bbox 2254 1025 2269 1062; x_wconf 87' lang='lat'><strong>:</strong></span> <span class='ocrx_word' id='word_1_287' title='bbox 2302 1007 2482 1078; x_wconf 85' lang='lat' dir='ltr'><strong>qualis</strong></span> <span class='ocrx_word' id='word_1_288' title='bbox 2504 1007 2607 1062; x_wconf 81' lang='lat' dir='ltr'><strong>fuit</strong></span> <span class='ocrx_word' id='word_1_289' title='bbox 2633 1017 2688 1062; x_wconf 88' lang='lat' dir='ltr'><strong>et</strong></span> <span class='ocrx_word' id='word_1_290' title='bbox 2725 1008 3003 1077; x_wconf 87' lang='lat' dir='ltr'><strong>apostolus</strong></span> <span class='ocrx_word' id='word_1_291' title='bbox 3029 1007 3253 1074; x_wconf 85' lang='lat' dir='ltr'><strong>Paulus,</strong></span> <span class='ocrx_word' id='word_1_292' title='bbox 3289 1008 3427 1062; x_wconf 82' lang='lat' dir='ltr'><strong>scri-</strong></span> 
     </span>
    </p>
   </div>
   <div class='ocr_carea' id='block_1_38' title="bbox 1856 1097 3424 1170">
    <p class='ocr_par' dir='ltr' id='par_1_38' title="bbox 1856 1097 3424 1170">
     <span class='ocr_line' id='line_1_38' title="bbox 1856 1097 3424 1170; baseline -0.001 -17"><span class='ocrx_word' id='word_1_293' title='bbox 1856 1099 1991 1155; x_wconf 86' lang='lat' dir='ltr'><strong>hens</strong></span> <span class='ocrx_word' id='word_1_294' title='bbox 2035 1100 2087 1153; x_wconf 93' lang='lat' dir='ltr'><strong>in</strong></span> <span class='ocrx_word' id='word_1_295' title='bbox 2153 1099 2419 1168; x_wconf 86' lang='lat' dir='ltr'><strong>principio</strong></span> <span class='ocrx_word' id='word_1_296' title='bbox 2473 1099 2849 1170; x_wconf 86' lang='lat' dir='ltr'><strong>Epistolarum</strong></span> <span class='ocrx_word' id='word_1_297' title='bbox 2903 1113 3178 1154; x_wconf 89' lang='lat' dir='ltr'><strong>suarum:</strong></span> <span class='ocrx_word' id='word_1_298' title='bbox 3219 1097 3424 1152; x_wconf 89' lang='lat' dir='ltr'><strong>Paulus</strong></span> 
     </span>
    </p>
   </div>
   <div class='ocr_carea' id='block_1_39' title="bbox 1856 1187 3430 1261">
    <p class='ocr_par' dir='ltr' id='par_1_39' title="bbox 1856 1187 3430 1261">
     <span class='ocr_line' id='line_1_39' title="bbox 1856 1187 3430 1261; baseline -0.002 -17"><span class='ocrx_word' id='word_1_299' title='bbox 1856 1207 2033 1246; x_wconf 82' lang='lat' dir='ltr'><strong>servus</strong></span> <span class='ocrx_word' id='word_1_300' title='bbox 2068 1191 2196 1246; x_wconf 81' lang='lat' dir='ltr'><strong>Jesu</strong></span> <span class='ocrx_word' id='word_1_301' title='bbox 2222 1191 2424 1246; x_wconf 84' lang='lat' dir='ltr'><strong>Christi</strong></span> <span class='ocrx_word' id='word_1_302' title='bbox 2450 1189 2639 1261; x_wconf 85' lang='lat' dir='ltr'><strong>(Rom.</strong></span> <span class='ocrx_word' id='word_1_303' title='bbox 2669 1207 2706 1256; x_wconf 89' lang='grc' dir='ltr'>ι,</span> <span class='ocrx_word' id='word_1_304' title='bbox 2741 1189 2764 1242; x_wconf 81' lang='lat' dir='ltr'><strong>l</strong></span> <span class='ocrx_word' id='word_1_305' title='bbox 2801 1189 2818 1256; x_wconf 93' lang='lat'><strong>)</strong></span> <span class='ocrx_word' id='word_1_306' title='bbox 2847 1205 2862 1256; x_wconf 91' lang='lat'>;</span> <span class='ocrx_word' id='word_1_307' title='bbox 2896 1197 2951 1244; x_wconf 88' lang='lat' dir='ltr'><strong>et</strong></span> <span class='ocrx_word' id='word_1_308' title='bbox 2986 1188 3194 1260; x_wconf 87' lang='lat' dir='ltr'><strong>Moyses</strong></span> <span class='ocrx_word' id='word_1_309' title='bbox 3252 1187 3430 1242; x_wconf 79' lang='lat' dir='ltr'><strong>famu-</strong></span> 
     </span>
    </p>
   </div>
   <div class='ocr_carea' id='block_1_40' title="bbox 1856 1277 3426 1354">
    <p class='ocr_par' dir='ltr' id='par_1_40' title="bbox 1856 1277 3426 1354">
     <span class='ocr_line' id='line_1_40' title="bbox 1856 1277 3426 1354; baseline 0 -21"><span class='ocrx_word' id='word_1_310' title='bbox 1856 1280 1939 1335; x_wconf 91' lang='lat' dir='ltr'><strong>lus</strong></span> <span class='ocrx_word' id='word_1_311' title='bbox 1968 1282 2056 1336; x_wconf 88' lang='lat' dir='ltr'><strong>Dei</strong></span> <span class='ocrx_word' id='word_1_312' title='bbox 2097 1282 2303 1354; x_wconf 82' lang='lat' dir='ltr'><strong>(Hebr.</strong></span> <span class='ocrx_word' id='word_1_313' title='bbox 2327 1283 2451 1354; x_wconf 90' lang='grc' dir='ltr'>ιιι).</span> <span class='ocrx_word' id='word_1_314' title='bbox 2480 1281 2634 1348; x_wconf 86' lang='lat' dir='ltr'><strong>Quod</strong></span> <span class='ocrx_word' id='word_1_315' title='bbox 2667 1291 2846 1335; x_wconf 88' lang='lat' dir='ltr'><strong>autem</strong></span> <span class='ocrx_word' id='word_1_316' title='bbox 2881 1280 2933 1334; x_wconf 89' lang='lat' dir='ltr'><strong>in</strong></span> <span class='ocrx_word' id='word_1_317' title='bbox 2990 1277 3132 1333; x_wconf 80' lang='lat' dir='ltr'><strong>LXX</strong></span> <span class='ocrx_word' id='word_1_318' title='bbox 3186 1281 3426 1333; x_wconf 89' lang='lat' dir='ltr'><strong>additum</strong></span> 
     </span>
    </p>
   </div>
   <div class='ocr_carea' id='block_1_41' title="bbox 1857 1371 3430 1444">
    <p class='ocr_par' dir='ltr' id='par_1_41' title="bbox 1857 1371 3430 1444">
     <span class='ocr_line' id='line_1_41' title="bbox 1857 1371 3430 1444; baseline -0.001 -16"><span class='ocrx_word' id='word_1_319' title='bbox 1857 1383 1941 1428; x_wconf 91' lang='lat' dir='ltr'><strong>est</strong></span> <span class='ocrx_word' id='word_1_320' title='bbox 1969 1414 1985 1441; x_wconf 92' lang='lat'><strong>,</strong></span> <span class='ocrx_word' id='word_1_321' title='bbox 2017 1384 2068 1428; x_wconf 91' lang='lat' dir='ltr'><strong>et</strong></span> <span class='ocrx_word' id='word_1_322' title='bbox 2105 1375 2352 1439; x_wconf 82' lang='lat' dir='ltr'><strong>ancillas,</strong></span> <span class='ocrx_word' id='word_1_323' title='bbox 2406 1375 2562 1430; x_wconf 91' lang='lat' dir='ltr'><strong>obelo</strong></span> <span class='ocrx_word' id='word_1_324' title='bbox 2585 1372 3030 1444; x_wconf 66' lang='lat' dir='ltr'><strong>praenotavimns.</strong></span> <span class='ocrx_word' id='word_1_325' title='bbox 3063 1371 3252 1442; x_wconf 86' lang='lat' dir='ltr'><strong>Neque</strong></span> <span class='ocrx_word' id='word_1_326' title='bbox 3285 1373 3430 1428; x_wconf 91' lang='lat' dir='ltr'><strong>enim</strong></span> 
     </span>
    </p>
   </div>
   <div class='ocr_carea' id='block_1_42' title="bbox 1859 1465 3430 1536">
    <p class='ocr_par' dir='ltr' id='par_1_42' title="bbox 1859 1465 3430 1536">
     <span class='ocr_line' id='line_1_42' title="bbox 1859 1465 3430 1536; baseline -0.001 -16"><span class='ocrx_word' id='word_1_327' title='bbox 1859 1467 1973 1522; x_wconf 80' lang='lat' dir='ltr'><strong>ﬁeri</strong></span> <span class='ocrx_word' id='word_1_328' title='bbox 2003 1475 2203 1536; x_wconf 87' lang='lat' dir='ltr'><strong>potest,</strong></span> <span class='ocrx_word' id='word_1_329' title='bbox 2236 1477 2292 1521; x_wconf 91' lang='lat' dir='ltr'><strong>ut</strong></span> <span class='ocrx_word' id='word_1_330' title='bbox 2323 1467 2376 1523; x_wconf 94' lang='lat' dir='ltr'><strong>in</strong></span> <span class='ocrx_word' id='word_1_331' title='bbox 2411 1468 2789 1536; x_wconf 89' lang='lat' dir='ltr'><strong>spiritualibus</strong></span> <span class='ocrx_word' id='word_1_332' title='bbox 2819 1467 2979 1522; x_wconf 89' lang='lat' dir='ltr'><strong>donis</strong></span> <span class='ocrx_word' id='word_1_333' title='bbox 3001 1465 3071 1522; x_wconf 88' lang='lat' dir='ltr'><strong>sit</strong></span> <span class='ocrx_word' id='word_1_334' title='bbox 3105 1481 3274 1523; x_wconf 88' lang='lat' dir='ltr'><strong>sexus</strong></span> <span class='ocrx_word' id='word_1_335' title='bbox 3324 1465 3430 1520; x_wconf 89' lang='lat' dir='ltr'><strong>ulla</strong></span> 
     </span>
    </p>
   </div>
   <div class='ocr_carea' id='block_1_43' title="bbox 1858 1558 3430 1615">
    <p class='ocr_par' dir='ltr' id='par_1_43' title="bbox 1858 1558 3430 1615">
     <span class='ocr_line' id='line_1_43' title="bbox 1858 1558 3430 1615; baseline 0 -4"><span class='ocrx_word' id='word_1_336' title='bbox 1858 1559 2146 1614; x_wconf 84' lang='lat' dir='ltr'><strong>diversitas</strong></span> <span class='ocrx_word' id='word_1_337' title='bbox 2184 1577 2198 1612; x_wconf 91' lang='lat'>:</span> <span class='ocrx_word' id='word_1_338' title='bbox 2236 1574 2357 1614; x_wconf 88' lang='lat' dir='ltr'><strong>cum</strong></span> <span class='ocrx_word' id='word_1_339' title='bbox 2386 1559 2439 1612; x_wconf 90' lang='lat' dir='ltr'><strong>in</strong></span> <span class='ocrx_word' id='word_1_340' title='bbox 2473 1559 2690 1615; x_wconf 84' lang='lat' dir='ltr'><strong>Christo</strong></span> <span class='ocrx_word' id='word_1_341' title='bbox 2726 1558 2859 1614; x_wconf 86' lang='lat' dir='ltr'><strong>Jesu</strong></span> <span class='ocrx_word' id='word_1_342' title='bbox 2885 1574 2994 1614; x_wconf 92' lang='lat' dir='ltr'><strong>non</strong></span> <span class='ocrx_word' id='word_1_343' title='bbox 3019 1559 3091 1614; x_wconf 89' lang='lat' dir='ltr'><strong>sit</strong></span> <span class='ocrx_word' id='word_1_344' title='bbox 3123 1559 3204 1614; x_wconf 91' lang='lat' dir='ltr'><strong>vir</strong></span> <span class='ocrx_word' id='word_1_345' title='bbox 3235 1562 3430 1613; x_wconf 79' lang='lat' dir='ltr'><strong>etmn-</strong></span> 
     </span>
    </p>
   </div>
   <div class='ocr_carea' id='block_1_44' title="bbox 1858 1649 3426 1723">
    <p class='ocr_par' dir='ltr' id='par_1_44' title="bbox 1858 1649 3426 1723">
     <span class='ocr_line' id='line_1_44' title="bbox 1858 1649 3426 1723; baseline 0.003 -21"><span class='ocrx_word' id='word_1_346' title='bbox 1858 1649 1979 1713; x_wconf 88' lang='lat' dir='ltr'><strong>lier,</strong></span> <span class='ocrx_word' id='word_1_347' title='bbox 2024 1653 2119 1705; x_wconf 86' lang='lat' dir='ltr'><strong>sed</strong></span> <span class='ocrx_word' id='word_1_348' title='bbox 2154 1666 2345 1707; x_wconf 92' lang='lat' dir='ltr'><strong>omnes</strong></span> <span class='ocrx_word' id='word_1_349' title='bbox 2372 1653 2423 1706; x_wconf 92' lang='lat' dir='ltr'><strong>in</strong></span> <span class='ocrx_word' id='word_1_350' title='bbox 2451 1668 2516 1708; x_wconf 92' lang='lat' dir='ltr'><strong>eo</strong></span> <span class='ocrx_word' id='word_1_351' title='bbox 2575 1668 2740 1706; x_wconf 91' lang='lat' dir='ltr'><strong>unum</strong></span> <span class='ocrx_word' id='word_1_352' title='bbox 2790 1651 3192 1723; x_wconf 83' lang='lat' dir='ltr'><strong>simus(Joan.</strong></span> <span class='ocrx_word' id='word_1_353' title='bbox 3255 1653 3426 1718; x_wconf 80' lang='lat' dir='ltr'><strong>xvu).</strong></span> 
     </span>
    </p>
   </div>
   <div class='ocr_carea' id='block_1_45' title="bbox 1861 1737 3430 1811">
    <p class='ocr_par' dir='ltr' id='par_1_45' title="bbox 1861 1737 3430 1811">
     <span class='ocr_line' id='line_1_45' title="bbox 1861 1737 3430 1811; baseline 0.001 -18"><span class='ocrx_word' id='word_1_354' title='bbox 1861 1737 1936 1794; x_wconf 91' lang='lat' dir='ltr'><strong>De</strong></span> <span class='ocrx_word' id='word_1_355' title='bbox 1965 1740 2204 1795; x_wconf 88' lang='lat' dir='ltr'><strong>Sabbato</strong></span> <span class='ocrx_word' id='word_1_356' title='bbox 2234 1748 2288 1796; x_wconf 91' lang='lat' dir='ltr'><strong>et</strong></span> <span class='ocrx_word' id='word_1_357' title='bbox 2313 1741 2536 1807; x_wconf 71' lang='lat' dir='ltr'><strong>{fmdere</strong></span> <span class='ocrx_word' id='word_1_358' title='bbox 2568 1745 2903 1811; x_wconf 87' lang='lat' dir='ltr'><strong>sempiterno</strong></span> <span class='ocrx_word' id='word_1_359' title='bbox 2955 1756 3119 1811; x_wconf 86' lang='lat' dir='ltr'><strong>supra</strong></span> <span class='ocrx_word' id='word_1_360' title='bbox 3171 1741 3430 1796; x_wconf 80' lang='lat' dir='ltr'><strong>diximus.</strong></span> 
     </span>
    </p>
   </div>
   <div class='ocr_carea' id='block_1_46' title="bbox 1861 1831 3432 1903">
    <p class='ocr_par' dir='ltr' id='par_1_46' title="bbox 1861 1831 3432 1903">
     <span class='ocr_line' id='line_1_46' title="bbox 1861 1831 3432 1903; baseline -0.001 -15"><span class='ocrx_word' id='word_1_361' title='bbox 1861 1831 1963 1899; x_wconf 85' lang='lat' dir='ltr'><strong>Qui</strong></span> <span class='ocrx_word' id='word_1_362' title='bbox 1992 1848 2122 1903; x_wconf 88' lang='lat' dir='ltr'><strong>ergo</strong></span> <span class='ocrx_word' id='word_1_363' title='bbox 2157 1836 2272 1888; x_wconf 65' lang='lat' dir='ltr'><strong>haec</strong></span> <span class='ocrx_word' id='word_1_364' title='bbox 2299 1834 2512 1899; x_wconf 80' lang='lat' dir='ltr'><strong>iecerit,</strong></span> <span class='ocrx_word' id='word_1_365' title='bbox 2543 1835 2776 1889; x_wconf 84' lang='lat' dir='ltr'><strong>adducet</strong></span> <span class='ocrx_word' id='word_1_366' title='bbox 2809 1849 2933 1889; x_wconf 89' lang='lat' dir='ltr'><strong>eum</strong></span> <span class='ocrx_word' id='word_1_367' title='bbox 2962 1833 3103 1890; x_wconf 90' lang='lat' dir='ltr'><strong>Deus</strong></span> <span class='ocrx_word' id='word_1_368' title='bbox 3127 1835 3181 1888; x_wconf 90' lang='lat' dir='ltr'><strong>in</strong></span> <span class='ocrx_word' id='word_1_369' title='bbox 3249 1845 3432 1888; x_wconf 85' lang='lat' dir='ltr'><strong>monte</strong></span> 
     </span>
    </p>
   </div>
   <div class='ocr_carea' id='block_1_47' title="bbox 1862 1923 3430 1989">
    <p class='ocr_par' dir='ltr' id='par_1_47' title="bbox 1862 1923 3430 1989">
     <span class='ocr_line' id='line_1_47' title="bbox 1862 1923 3430 1989; baseline 0.001 -13"><span class='ocrx_word' id='word_1_370' title='bbox 1862 1932 2054 1977; x_wconf 86' lang='lat' dir='ltr'><strong>sancto</strong></span> <span class='ocrx_word' id='word_1_371' title='bbox 2079 1937 2204 1986; x_wconf 90' lang='lat' dir='ltr'><strong>suo,</strong></span> <span class='ocrx_word' id='word_1_372' title='bbox 2239 1934 2292 1977; x_wconf 88' lang='lat' dir='ltr'><strong>et</strong></span> <span class='ocrx_word' id='word_1_373' title='bbox 2323 1924 2509 1978; x_wconf 63' lang='lat' dir='ltr'><strong>laetitia</strong></span> <span class='ocrx_word' id='word_1_374' title='bbox 2542 1923 2739 1989; x_wconf 82' lang='lat' dir='ltr'><strong>afﬁciet</strong></span> <span class='ocrx_word' id='word_1_375' title='bbox 2767 1924 2817 1976; x_wconf 90' lang='lat' dir='ltr'><strong>in</strong></span> <span class='ocrx_word' id='word_1_376' title='bbox 2840 1924 2999 1977; x_wconf 89' lang='lat' dir='ltr'><strong>domo</strong></span> <span class='ocrx_word' id='word_1_377' title='bbox 3018 1923 3277 1977; x_wconf 89' lang='lat' dir='ltr'><strong>orationis</strong></span> <span class='ocrx_word' id='word_1_378' title='bbox 3298 1938 3430 1978; x_wconf 67' lang='lat' dir='ltr'><strong>sum.</strong></span> 
     </span>
    </p>
   </div>
   <div class='ocr_carea' id='block_1_48' title="bbox 1858 2013 3428 2084">
    <p class='ocr_par' dir='ltr' id='par_1_48' title="bbox 1858 2013 3428 2084">
     <span class='ocr_line' id='line_1_48' title="bbox 1858 2013 3428 2084; baseline -0.001 -16"><span class='ocrx_word' id='word_1_379' title='bbox 1858 2013 2012 2070; x_wconf 78' lang='lat' dir='ltr'><strong>Mons</strong></span> <span class='ocrx_word' id='word_1_380' title='bbox 2049 2023 2293 2079; x_wconf 90' lang='lat' dir='ltr'><strong>sanctus,</strong></span> <span class='ocrx_word' id='word_1_381' title='bbox 2318 2025 2410 2069; x_wconf 89' lang='lat' dir='ltr'><strong>aut</strong></span> <span class='ocrx_word' id='word_1_382' title='bbox 2444 2017 2695 2084; x_wconf 76' lang='lat' dir='ltr'><strong>dogmata</strong></span> <span class='ocrx_word' id='word_1_383' title='bbox 2728 2015 2982 2070; x_wconf 86' lang='lat' dir='ltr'><strong>veritatis</strong></span> <span class='ocrx_word' id='word_1_384' title='bbox 3010 2025 3159 2077; x_wconf 86' lang='lat' dir='ltr'><strong>sunt,</strong></span> <span class='ocrx_word' id='word_1_385' title='bbox 3182 2013 3428 2068; x_wconf 62' lang='lat' dir='ltr'><strong>Trinita-</strong></span> 
     </span>
    </p>
   </div>
   <div class='ocr_carea' id='block_1_49' title="bbox 1861 2104 3435 2174">
    <p class='ocr_par' dir='ltr' id='par_1_49' title="bbox 1861 2104 3435 2174">
     <span class='ocr_line' id='line_1_49' title="bbox 1861 2104 3435 2174; baseline -0.001 -17"><span class='ocrx_word' id='word_1_386' title='bbox 1861 2107 2040 2174; x_wconf 88' lang='lat' dir='ltr'><strong>tisque</strong></span> <span class='ocrx_word' id='word_1_387' title='bbox 2075 2105 2350 2160; x_wconf 78' lang='lat' dir='ltr'><strong>confessio</strong></span> <span class='ocrx_word' id='word_1_388' title='bbox 2390 2123 2403 2158; x_wconf 87' lang='lat'><strong>:</strong></span> <span class='ocrx_word' id='word_1_389' title='bbox 2437 2117 2529 2159; x_wconf 87' lang='lat' dir='ltr'><strong>aut</strong></span> <span class='ocrx_word' id='word_1_390' title='bbox 2560 2106 2675 2173; x_wconf 87' lang='lat' dir='ltr'><strong>ipse</strong></span> <span class='ocrx_word' id='word_1_391' title='bbox 2707 2104 2987 2164; x_wconf 86' lang='lat' dir='ltr'><strong>Dominus.</strong></span> <span class='ocrx_word' id='word_1_392' title='bbox 3031 2105 3098 2158; x_wconf 89' lang='lat' dir='ltr'><strong>ad</strong></span> <span class='ocrx_word' id='word_1_393' title='bbox 3126 2118 3285 2173; x_wconf 85' lang='lat' dir='ltr'><strong>quem</strong></span> <span class='ocrx_word' id='word_1_394' title='bbox 3351 2104 3435 2156; x_wconf 87' lang='lat' dir='ltr'><strong>ul-</strong></span> 
     </span>
    </p>
   </div>
   <div class='ocr_carea' id='block_1_50' title="bbox 1863 2197 3434 2268">
    <p class='ocr_par' dir='ltr' id='par_1_50' title="bbox 1863 2197 3434 2268">
     <span class='ocr_line' id='line_1_50' title="bbox 1863 2197 3434 2268; baseline 0.001 -16"><span class='ocrx_word' id='word_1_395' title='bbox 1863 2199 1993 2253; x_wconf 91' lang='lat' dir='ltr'><strong>timo</strong></span> <span class='ocrx_word' id='word_1_396' title='bbox 2033 2209 2277 2268; x_wconf 86' lang='lat' dir='ltr'><strong>tempore</strong></span> <span class='ocrx_word' id='word_1_397' title='bbox 2312 2199 2497 2268; x_wconf 81' lang='lat' dir='ltr'><strong>(juxta</strong></span> <span class='ocrx_word' id='word_1_398' title='bbox 2534 2199 2679 2250; x_wconf 89' lang='lat' dir='ltr'><strong>hunc</strong></span> <span class='ocrx_word' id='word_1_399' title='bbox 2697 2198 2945 2252; x_wconf 88' lang='lat' dir='ltr'><strong>eumdem</strong></span> <span class='ocrx_word' id='word_1_400' title='bbox 2977 2198 3168 2251; x_wconf 88' lang='lat' dir='ltr'><strong>Isaiam</strong></span> <span class='ocrx_word' id='word_1_401' title='bbox 3223 2207 3278 2252; x_wconf 91' lang='lat' dir='ltr'><strong>et</strong></span> <span class='ocrx_word' id='word_1_402' title='bbox 3331 2197 3434 2252; x_wconf 82' lang='lat' dir='ltr'><strong>Mi-</strong></span> 
     </span>
    </p>
   </div>
   <div class='ocr_carea' id='block_1_51' title="bbox 1861 2287 3432 2360">
    <p class='ocr_par' dir='ltr' id='par_1_51' title="bbox 1861 2287 3432 2360">
     <span class='ocr_line' id='line_1_51' title="bbox 1861 2287 3432 2360; baseline -0.001 -16"><span class='ocrx_word' id='word_1_403' title='bbox 1861 2289 2065 2344; x_wconf 79' lang='lat' dir='ltr'><strong>cltzeam</strong></span> <span class='ocrx_word' id='word_1_404' title='bbox 2102 2291 2471 2360; x_wconf 88' lang='lat' dir='ltr'><strong>prophetam)</strong></span> <span class='ocrx_word' id='word_1_405' title='bbox 2497 2300 2684 2359; x_wconf 88' lang='lat' dir='ltr'><strong>gentes</strong></span> <span class='ocrx_word' id='word_1_406' title='bbox 2714 2289 2959 2357; x_wconf 77' lang='lat' dir='ltr'><strong>plurimm</strong></span> <span class='ocrx_word' id='word_1_407' title='bbox 2977 2287 3245 2342; x_wconf 82' lang='lat' dir='ltr'><strong>couﬂuenl</strong></span> <span class='ocrx_word' id='word_1_408' title='bbox 3275 2289 3289 2352; x_wconf 85' lang='lat'><strong>(</strong></span> <span class='ocrx_word' id='word_1_409' title='bbox 3314 2289 3432 2344; x_wconf 81' lang='lat' dir='ltr'><strong>lsa.</strong></span> 
     </span>
    </p>
   </div>
   <div class='ocr_carea' id='block_1_52' title="bbox 1862 2379 3437 2452">
    <p class='ocr_par' dir='ltr' id='par_1_52' title="bbox 1862 2379 3437 2452">
     <span class='ocr_line' id='line_1_52' title="bbox 1862 2379 3437 2452; baseline -0.001 -16"><span class='ocrx_word' id='word_1_410' title='bbox 1862 2399 1897 2436; x_wconf 89' lang='grc' dir='ltr'><strong>ιι</strong></span> <span class='ocrx_word' id='word_1_411' title='bbox 1923 2381 2118 2450; x_wconf 75' lang='grc' dir='ltr'><strong>;Μὶε1ι.</strong></span> <span class='ocrx_word' id='word_1_412' title='bbox 2140 2383 2238 2450; x_wconf 90' lang='lat' dir='ltr'><strong>tv).</strong></span> <span class='ocrx_word' id='word_1_413' title='bbox 2278 2381 2586 2448; x_wconf 86' lang='lat' dir='ltr'><strong>Domusquc</strong></span> <span class='ocrx_word' id='word_1_414' title='bbox 2621 2381 2887 2436; x_wconf 89' lang='lat' dir='ltr'><strong>orationis</strong></span> <span class='ocrx_word' id='word_1_415' title='bbox 2905 2379 3141 2435; x_wconf 87' lang='lat' dir='ltr'><strong>Ecclesia</strong></span> <span class='ocrx_word' id='word_1_416' title='bbox 3176 2389 3278 2442; x_wconf 88' lang='lat' dir='ltr'><strong>est,</strong></span> <span class='ocrx_word' id='word_1_417' title='bbox 3313 2395 3437 2452; x_wconf 69' lang='lat' dir='ltr'><strong>quae</strong></span> 
     </span>
    </p>
   </div>
   <div class='ocr_carea' id='block_1_53' title="bbox 1862 2474 3433 2543">
    <p class='ocr_par' dir='ltr' id='par_1_53' title="bbox 1862 2474 3433 2543">
     <span class='ocr_line' id='line_1_53' title="bbox 1862 2474 3433 2543; baseline -0.003 -12"><span class='ocrx_word' id='word_1_418' title='bbox 1862 2477 1915 2532; x_wconf 88' lang='lat' dir='ltr'><strong>in</strong></span> <span class='ocrx_word' id='word_1_419' title='bbox 1955 2485 2069 2530; x_wconf 91' lang='lat' dir='ltr'><strong>toto</strong></span> <span class='ocrx_word' id='word_1_420' title='bbox 2102 2475 2232 2530; x_wconf 91' lang='lat' dir='ltr'><strong>orbe</strong></span> <span class='ocrx_word' id='word_1_421' title='bbox 2262 2474 2548 2539; x_wconf 71' lang='lat' dir='ltr'><strong>dividitur,</strong></span> <span class='ocrx_word' id='word_1_422' title='bbox 2589 2485 2644 2527; x_wconf 89' lang='lat' dir='ltr'><strong>et</strong></span> <span class='ocrx_word' id='word_1_423' title='bbox 2673 2489 2782 2528; x_wconf 89' lang='lat' dir='ltr'><strong>non</strong></span> <span class='ocrx_word' id='word_1_424' title='bbox 2816 2474 3074 2543; x_wconf 80' lang='lat' dir='ltr'><strong>templum</strong></span> <span class='ocrx_word' id='word_1_425' title='bbox 3101 2474 3433 2541; x_wconf 60' lang='lat' dir='ltr'><strong>Judazornm,</strong></span> 
     </span>
    </p>
   </div>
   <div class='ocr_carea' id='block_1_54' title="bbox 1862 2565 3433 2638">
    <p class='ocr_par' dir='ltr' id='par_1_54' title="bbox 1862 2565 3433 2638">
     <span class='ocr_line' id='line_1_54' title="bbox 1862 2565 3433 2638; baseline 0 -18"><span class='ocrx_word' id='word_1_426' title='bbox 1862 2570 2004 2638; x_wconf 88' lang='lat' dir='ltr'><strong>quod</strong></span> <span class='ocrx_word' id='word_1_427' title='bbox 2028 2568 2365 2623; x_wconf 87' lang='lat' dir='ltr'><strong>brevissimis</strong></span> <span class='ocrx_word' id='word_1_428' title='bbox 2393 2566 2589 2621; x_wconf 73' lang='lat' dir='ltr'><strong>Jud:e:e</strong></span> <span class='ocrx_word' id='word_1_429' title='bbox 2627 2575 2784 2622; x_wconf 66' lang='lat' dir='ltr'><strong>terra:</strong></span> <span class='ocrx_word' id='word_1_430' title='bbox 2811 2567 3121 2621; x_wconf 88' lang='lat' dir='ltr'><strong>arctabatnr</strong></span> <span class='ocrx_word' id='word_1_431' title='bbox 3143 2565 3433 2635; x_wconf 80' lang='lat' dir='ltr'><strong>anguStiis.</strong></span> 
     </span>
    </p>
   </div>
   <div class='ocr_carea' id='block_1_55' title="bbox 1936 2656 3439 2730">
    <p class='ocr_par' dir='ltr' id='par_1_55' title="bbox 1936 2656 3439 2730">
     <span class='ocr_line' id='line_1_55' title="bbox 1936 2656 3439 2730; baseline -0.001 -17"><span class='ocrx_word' id='word_1_432' title='bbox 1936 2658 2124 2730; x_wconf 83' lang='lat' dir='ltr'><strong>(Vers.</strong></span> <span class='ocrx_word' id='word_1_433' title='bbox 2159 2659 2215 2726; x_wconf 88' lang='lat'><strong>8,</strong></span> <span class='ocrx_word' id='word_1_434' title='bbox 2241 2659 2334 2728; x_wconf 90' lang='lat'><strong>9.)</strong></span> <span class='ocrx_word' id='word_1_435' title='bbox 2365 2679 2384 2711; x_wconf 74' lang='grc' dir='ltr'><strong>ι</strong></span> <span class='ocrx_word' id='word_1_436' title='bbox 2407 2656 2731 2713; x_wconf 84' lang='lat' dir='ltr'><strong>llolocausta</strong></span> <span class='ocrx_word' id='word_1_437' title='bbox 2771 2673 2960 2712; x_wconf 88' lang='lat' dir='ltr'><strong>eorum</strong></span> <span class='ocrx_word' id='word_1_438' title='bbox 2998 2670 3052 2712; x_wconf 91' lang='lat' dir='ltr'><strong>et</strong></span> <span class='ocrx_word' id='word_1_439' title='bbox 3087 2658 3317 2714; x_wconf 69' lang='lat' dir='ltr'><strong>victimm</strong></span> <span class='ocrx_word' id='word_1_440' title='bbox 3343 2673 3439 2712; x_wconf 86' lang='lat' dir='ltr'><strong>eo-</strong></span> 
     </span>
    </p>
   </div>
   <div class='ocr_carea' id='block_1_56' title="bbox 1861 2749 3438 2820">
    <p class='ocr_par' dir='ltr' id='par_1_56' title="bbox 1861 2749 3438 2820">
     <span class='ocr_line' id='line_1_56' title="bbox 1861 2749 3438 2820; baseline -0.003 -13"><span class='ocrx_word' id='word_1_441' title='bbox 1861 2768 1982 2808; x_wconf 90' lang='lat' dir='ltr'><strong>rum</strong></span> <span class='ocrx_word' id='word_1_442' title='bbox 2012 2753 2300 2818; x_wconf 90' lang='lat' dir='ltr'><strong>placebunt</strong></span> <span class='ocrx_word' id='word_1_443' title='bbox 2324 2751 2453 2804; x_wconf 89' lang='lat' dir='ltr'><strong>mibi</strong></span> <span class='ocrx_word' id='word_1_444' title='bbox 2481 2764 2644 2820; x_wconf 89' lang='lat' dir='ltr'><strong>super</strong></span> <span class='ocrx_word' id='word_1_445' title='bbox 2668 2750 2840 2805; x_wconf 87' lang='lat' dir='ltr'><strong>altare</strong></span> <span class='ocrx_word' id='word_1_446' title='bbox 2862 2765 3062 2814; x_wconf 89' lang='lat' dir='ltr'><strong>meum,</strong></span> <span class='ocrx_word' id='word_1_447' title='bbox 3082 2751 3210 2818; x_wconf 88' lang='lat' dir='ltr'><strong>quia</strong></span> <span class='ocrx_word' id='word_1_448' title='bbox 3239 2749 3438 2803; x_wconf 83' lang='lat' dir='ltr'><strong>domus</strong></span> 
     </span>
    </p>
   </div>
   <div class='ocr_carea' id='block_1_57' title="bbox 1863 2840 3436 2912">
    <p class='ocr_par' dir='ltr' id='par_1_57' title="bbox 1863 2840 3436 2912">
     <span class='ocr_line' id='line_1_57' title="bbox 1863 2840 3436 2912; baseline -0.005 -13"><span class='ocrx_word' id='word_1_449' title='bbox 1863 2860 2004 2912; x_wconf 89' lang='lat' dir='ltr'><strong>mea,</strong></span> <span class='ocrx_word' id='word_1_450' title='bbox 2032 2845 2231 2899; x_wconf 90' lang='lat' dir='ltr'><strong>domus</strong></span> <span class='ocrx_word' id='word_1_451' title='bbox 2270 2843 2536 2897; x_wconf 88' lang='lat' dir='ltr'><strong>orationis</strong></span> <span class='ocrx_word' id='word_1_452' title='bbox 2592 2842 2872 2896; x_wconf 82' lang='lat' dir='ltr'><strong>vocabitur</strong></span> <span class='ocrx_word' id='word_1_453' title='bbox 2935 2841 3150 2896; x_wconf 88' lang='lat' dir='ltr'><strong>cunctis</strong></span> <span class='ocrx_word' id='word_1_454' title='bbox 3196 2840 3436 2910; x_wconf 77' lang='lat' dir='ltr'><strong>populis,</strong></span> 
     </span>
    </p>
   </div>
   <div class='ocr_carea' id='block_1_58' title="bbox 1863 2931 3436 3003">
    <p class='ocr_par' dir='ltr' id='par_1_58' title="bbox 1863 2931 3436 3003">
     <span class='ocr_line' id='line_1_58' title="bbox 1863 2931 3436 3003; baseline -0.001 -16"><span class='ocrx_word' id='word_1_455' title='bbox 1863 2934 1939 2989; x_wconf 89' lang='lat' dir='ltr'><strong>ait</strong></span> <span class='ocrx_word' id='word_1_456' title='bbox 1970 2934 2229 2988; x_wconf 88' lang='lat' dir='ltr'><strong>Dominus</strong></span> <span class='ocrx_word' id='word_1_457' title='bbox 2263 2934 2422 2998; x_wconf 87' lang='lat' dir='ltr'><strong>Deus,</strong></span> <span class='ocrx_word' id='word_1_458' title='bbox 2462 2933 2550 3002; x_wconf 90' lang='lat' dir='ltr'><strong>qui</strong></span> <span class='ocrx_word' id='word_1_459' title='bbox 2583 2942 2875 3003; x_wconf 80' lang='lat' dir='ltr'><strong>congregat</strong></span> <span class='ocrx_word' id='word_1_460' title='bbox 2902 2933 3174 3001; x_wconf 89' lang='lat' dir='ltr'><strong>dispersos</strong></span> <span class='ocrx_word' id='word_1_461' title='bbox 3226 2931 3392 2985; x_wconf 83' lang='lat' dir='ltr'><strong>lsrael</strong></span> <span class='ocrx_word' id='word_1_462' title='bbox 3421 2950 3436 2986; x_wconf 90' lang='lat'><strong>:</strong></span> 
     </span>
    </p>
   </div>
   <div class='ocr_carea' id='block_1_59' title="bbox 1862 3022 3440 3096">
    <p class='ocr_par' dir='ltr' id='par_1_59' title="bbox 1862 3022 3440 3096">
     <span class='ocr_line' id='line_1_59' title="bbox 1862 3022 3440 3096; baseline -0.001 -16"><span class='ocrx_word' id='word_1_463' title='bbox 1862 3025 2042 3080; x_wconf 87' lang='lat' dir='ltr'><strong>adhuc</strong></span> <span class='ocrx_word' id='word_1_464' title='bbox 2067 3027 2410 3096; x_wconf 87' lang='lat' dir='ltr'><strong>congregabo</strong></span> <span class='ocrx_word' id='word_1_465' title='bbox 2441 3025 2507 3078; x_wconf 90' lang='lat' dir='ltr'><strong>ad</strong></span> <span class='ocrx_word' id='word_1_466' title='bbox 2536 3038 2658 3080; x_wconf 91' lang='lat' dir='ltr'><strong>eum</strong></span> <span class='ocrx_word' id='word_1_467' title='bbox 2679 3033 3038 3094; x_wconf 85' lang='lat' dir='ltr'><strong>congregatos</strong></span> <span class='ocrx_word' id='word_1_468' title='bbox 3067 3025 3204 3094; x_wconf 86' lang='lat' dir='ltr'><strong>ejus.</strong></span> <span class='ocrx_word' id='word_1_469' title='bbox 3237 3022 3440 3078; x_wconf 88' lang='lat' dir='ltr'><strong>Omnes</strong></span> 
     </span>
    </p>
   </div>
   <div class='ocr_carea' id='block_1_60' title="bbox 1863 3115 3442 3187">
    <p class='ocr_par' dir='ltr' id='par_1_60' title="bbox 1863 3115 3442 3187">
     <span class='ocr_line' id='line_1_60' title="bbox 1863 3115 3442 3187; baseline -0.001 -16"><span class='ocrx_word' id='word_1_470' title='bbox 1863 3116 2060 3171; x_wconf 68' lang='lat' dir='ltr'><strong>bestiae</strong></span> <span class='ocrx_word' id='word_1_471' title='bbox 2097 3117 2236 3187; x_wconf 83' lang='lat' dir='ltr'><strong>agri,</strong></span> <span class='ocrx_word' id='word_1_472' title='bbox 2263 3116 2447 3171; x_wconf 88' lang='lat' dir='ltr'><strong>venite</strong></span> <span class='ocrx_word' id='word_1_473' title='bbox 2478 3119 2544 3171; x_wconf 88' lang='lat' dir='ltr'><strong>ad</strong></span> <span class='ocrx_word' id='word_1_474' title='bbox 2574 3115 2962 3182; x_wconf 87' lang='lat' dir='ltr'><strong>devorandum,</strong></span> <span class='ocrx_word' id='word_1_475' title='bbox 3023 3117 3290 3171; x_wconf 64' lang='lat' dir='ltr'><strong>universa:</strong></span> <span class='ocrx_word' id='word_1_476' title='bbox 3349 3117 3442 3171; x_wconf 88' lang='lat' dir='ltr'><strong>be-</strong></span> 
     </span>
    </p>
   </div>
   <div class='ocr_carea' id='block_1_61' title="bbox 189 3206 3442 3277">
    <p class='ocr_par' dir='ltr' id='par_1_61' title="bbox 189 3206 3442 3277">
     <span class='ocr_line' id='line_1_61' title="bbox 189 3206 3442 3277; baseline -0 -17"><span class='ocrx_word' id='word_1_477' title='bbox 189 3211 388 3277; x_wconf 88' lang='lat' dir='ltr'><strong>scripta</strong></span> <span class='ocrx_word' id='word_1_478' title='bbox 421 3219 570 3272; x_wconf 87' lang='lat' dir='ltr'><strong>sunt,</strong></span> <span class='ocrx_word' id='word_1_479' title='bbox 601 3208 823 3263; x_wconf 87' lang='lat' dir='ltr'><strong>habebit</strong></span> <span class='ocrx_word' id='word_1_480' title='bbox 850 3209 904 3262; x_wconf 90' lang='lat' dir='ltr'><strong>in</strong></span> <span class='ocrx_word' id='word_1_481' title='bbox 934 3209 1106 3264; x_wconf 91' lang='lat' dir='ltr'><strong>muris</strong></span> <span class='ocrx_word' id='word_1_482' title='bbox 1135 3208 1255 3277; x_wconf 86' lang='lat' dir='ltr'><strong>ejus</strong></span> <span class='ocrx_word' id='word_1_483' title='bbox 1279 3207 1452 3262; x_wconf 91' lang='lat' dir='ltr'><strong>locum</strong></span> <span class='ocrx_word' id='word_1_484' title='bbox 1472 3208 1759 3276; x_wconf 89' lang='lat' dir='ltr'><strong>optimum,</strong></span> <span class='ocrx_word' id='word_1_485' title='bbox 1791 3207 1833 3263; x_wconf 74' lang='grc' dir='ltr'><strong>(Ξ</strong></span> <span class='ocrx_word' id='word_1_486' title='bbox 1868 3210 1986 3264; x_wconf 70' lang='lat' dir='ltr'><strong>stite</strong></span> <span class='ocrx_word' id='word_1_487' title='bbox 2021 3210 2213 3266; x_wconf 90' lang='lat' dir='ltr'><strong>saltus.</strong></span> <span class='ocrx_word' id='word_1_488' title='bbox 2251 3226 2270 3260; x_wconf 86' lang='grc' dir='ltr'><strong>ι</strong></span> <span class='ocrx_word' id='word_1_489' title='bbox 2302 3207 2480 3263; x_wconf 78' lang='lat' dir='ltr'><strong>LXX:</strong></span> <span class='ocrx_word' id='word_1_490' title='bbox 2516 3225 2535 3258; x_wconf 79' lang='grc' dir='ltr'><strong>ι</strong></span> <span class='ocrx_word' id='word_1_491' title='bbox 2563 3206 3011 3262; x_wconf 88' lang='lat' dir='ltr'><strong>Holocautomata</strong></span> <span class='ocrx_word' id='word_1_492' title='bbox 3042 3221 3232 3262; x_wconf 90' lang='lat' dir='ltr'><strong>eorum</strong></span> <span class='ocrx_word' id='word_1_493' title='bbox 3260 3217 3313 3262; x_wconf 92' lang='lat' dir='ltr'><strong>et</strong></span> <span class='ocrx_word' id='word_1_494' title='bbox 3333 3208 3442 3260; x_wconf 82' lang='lat' dir='ltr'><strong>vic-</strong></span> 
     </span>
    </p>
   </div>
   <div class='ocr_carea' id='block_1_62' title="bbox 189 3297 1760 3380">
    <p class='ocr_par' dir='ltr' id='par_1_62' title="bbox 189 3297 1760 3380">
     <span class='ocr_line' id='line_1_62' title="bbox 189 3297 1760 3380; baseline 0.002 -29"><span class='ocrx_word' id='word_1_495' title='bbox 189 3311 243 3352; x_wconf 92' lang='grc' dir='ltr'><strong>ιιι</strong></span> <span class='ocrx_word' id='word_1_496' title='bbox 271 3300 489 3354; x_wconf 89' lang='lat' dir='ltr'><strong>scilicet</strong></span> <span class='ocrx_word' id='word_1_497' title='bbox 516 3301 678 3354; x_wconf 91' lang='lat' dir='ltr'><strong>turris</strong></span> <span class='ocrx_word' id='word_1_498' title='bbox 716 3299 928 3355; x_wconf 87' lang='lat' dir='ltr'><strong>Domini</strong></span> <span class='ocrx_word' id='word_1_499' title='bbox 956 3297 1241 3362; x_wconf 78' lang='lat' dir='ltr'><strong>elliciatnr,</strong></span> <span class='ocrx_word' id='word_1_500' title='bbox 1265 3307 1320 3354; x_wconf 90' lang='lat' dir='ltr'><strong>et</strong></span> <span class='ocrx_word' id='word_1_501' title='bbox 1351 3300 1404 3353; x_wconf 90' lang='lat' dir='ltr'><strong>in</strong></span> <span class='ocrx_word' id='word_1_502' title='bbox 1437 3299 1760 3380; x_wconf 77' lang='lat' dir='ltr'><strong>sacerdotali</strong></span> 
     </span>
    </p>
   </div>
   <div class='ocr_carea' id='block_1_63' title="bbox 186 3381 1766 3462">
    <p class='ocr_par' dir='ltr' id='par_1_63' title="bbox 186 3381 1766 3462">
     <span class='ocr_line' id='line_1_63' title="bbox 186 3381 1766 3462; baseline 0 -16"><span class='ocrx_word' id='word_1_503' title='bbox 186 3394 455 3448; x_wconf 82' lang='lat' dir='ltr'><strong>consistat</strong></span> <span class='ocrx_word' id='word_1_504' title='bbox 499 3393 694 3462; x_wconf 83' lang='lat' dir='ltr'><strong>gradu,</strong></span> <span class='ocrx_word' id='word_1_505' title='bbox 724 3402 779 3446; x_wconf 92' lang='lat' dir='ltr'><strong>et</strong></span> <span class='ocrx_word' id='word_1_506' title='bbox 816 3408 911 3462; x_wconf 90' lang='lat' dir='ltr'><strong>pro</strong></span> <span class='ocrx_word' id='word_1_507' title='bbox 958 3394 1138 3447; x_wconf 90' lang='lat' dir='ltr'><strong>carnis</strong></span> <span class='ocrx_word' id='word_1_508' title='bbox 1171 3392 1314 3456; x_wconf 80' lang='lat' dir='ltr'><strong>ﬁliis,</strong></span> <span class='ocrx_word' id='word_1_509' title='bbox 1344 3391 1540 3446; x_wconf 81' lang='lat' dir='ltr'><strong>multos</strong></span> <span class='ocrx_word' id='word_1_510' title='bbox 1565 3381 1766 3446; x_wconf 86' lang='lat' dir='ltr'><strong>habeat</strong></span> 
     </span>
    </p>
   </div>
   <div class='ocr_carea' id='block_1_64' title="bbox 189 3483 1761 3554">
    <p class='ocr_par' dir='ltr' id='par_1_64' title="bbox 189 3483 1761 3554">
     <span class='ocr_line' id='line_1_64' title="bbox 189 3483 1761 3554; baseline 0.001 -18"><span class='ocrx_word' id='word_1_511' title='bbox 189 3484 326 3539; x_wconf 79' lang='lat' dir='ltr'><strong>ﬁlios</strong></span> <span class='ocrx_word' id='word_1_512' title='bbox 358 3485 692 3554; x_wconf 88' lang='lat' dir='ltr'><strong>spirituales.</strong></span> <span class='ocrx_word' id='word_1_513' title='bbox 755 3483 941 3538; x_wconf 84' lang='lat' dir='ltr'><strong>Talem</strong></span> <span class='ocrx_word' id='word_1_514' title='bbox 995 3484 1165 3539; x_wconf 83' lang='lat' dir='ltr'><strong>fuisse</strong></span> <span class='ocrx_word' id='word_1_515' title='bbox 1223 3485 1559 3548; x_wconf 88' lang='lat' dir='ltr'><strong>eunuchum,</strong></span> <span class='ocrx_word' id='word_1_516' title='bbox 1601 3501 1761 3554; x_wconf 89' lang='lat' dir='ltr'><strong>quem</strong></span> 
     </span>
    </p>
   </div>
   <div class='ocr_carea' id='block_1_65' title="bbox 184 3574 1764 3650">
    <p class='ocr_par' dir='ltr' id='par_1_65' title="bbox 184 3574 1764 3650">
     <span class='ocr_line' id='line_1_65' title="bbox 184 3574 1764 3650; baseline 0.002 -23"><span class='ocrx_word' id='word_1_517' title='bbox 184 3574 344 3632; x_wconf 63' lang='lat' dir='ltr'><strong>lusus</strong></span> <span class='ocrx_word' id='word_1_518' title='bbox 379 3577 584 3629; x_wconf 86' lang='lat' dir='ltr'><strong>amavit</strong></span> <span class='ocrx_word' id='word_1_519' title='bbox 644 3575 964 3644; x_wconf 88' lang='lat' dir='ltr'><strong>plurimum,</strong></span> <span class='ocrx_word' id='word_1_520' title='bbox 1024 3574 1417 3650; x_wconf 84' lang='lat' dir='ltr'><strong>evangelistam</strong></span> <span class='ocrx_word' id='word_1_521' title='bbox 1474 3574 1764 3640; x_wconf 79' lang='lat' dir='ltr'><strong>Joannem,</strong></span> 
     </span>
    </p>
   </div>
   <div class='ocr_carea' id='block_1_66' title="bbox 187 3666 1767 3737">
    <p class='ocr_par' dir='ltr' id='par_1_66' title="bbox 187 3666 1767 3737">
     <span class='ocr_line' id='line_1_66' title="bbox 187 3666 1767 3737; baseline -0.001 -13"><span class='ocrx_word' id='word_1_522' title='bbox 187 3669 578 3725; x_wconf 76' lang='lat' dir='ltr'><strong>ecclesiasticae.</strong></span> <span class='ocrx_word' id='word_1_523' title='bbox 620 3669 842 3723; x_wconf 86' lang='lat' dir='ltr'><strong>tradunt</strong></span> <span class='ocrx_word' id='word_1_524' title='bbox 888 3667 1156 3731; x_wconf 65' lang='lat' dir='ltr'><strong>historiae,</strong></span> <span class='ocrx_word' id='word_1_525' title='bbox 1201 3666 1290 3737; x_wconf 91' lang='lat' dir='ltr'><strong>qui</strong></span> <span class='ocrx_word' id='word_1_526' title='bbox 1325 3667 1571 3721; x_wconf 84' lang='lat' dir='ltr'><strong>recubuit</strong></span> <span class='ocrx_word' id='word_1_527' title='bbox 1602 3681 1767 3735; x_wconf 86' lang='lat' dir='ltr'><strong>super</strong></span> 
     </span>
    </p>
   </div>
   <div class='ocr_carea' id='block_1_67' title="bbox 185 3757 1768 3834">
    <p class='ocr_par' dir='ltr' id='par_1_67' title="bbox 185 3757 1768 3834">
     <span class='ocr_line' id='line_1_67' title="bbox 185 3757 1768 3834; baseline -0.004 -17"><span class='ocrx_word' id='word_1_528' title='bbox 185 3775 376 3832; x_wconf 82' lang='lat' dir='ltr'><strong>pectus</strong></span> <span class='ocrx_word' id='word_1_529' title='bbox 404 3761 533 3834; x_wconf 70' lang='lat' dir='ltr'><strong>.lesu</strong></span> <span class='ocrx_word' id='word_1_530' title='bbox 573 3759 752 3832; x_wconf 85' lang='lat' dir='ltr'><strong>(Joan.</strong></span> <span class='ocrx_word' id='word_1_531' title='bbox 816 3760 975 3830; x_wconf 87' lang='lat' dir='ltr'><strong>xttt);</strong></span> <span class='ocrx_word' id='word_1_532' title='bbox 1010 3758 1104 3828; x_wconf 87' lang='lat' dir='ltr'><strong>qui</strong></span> <span class='ocrx_word' id='word_1_533' title='bbox 1147 3759 1308 3814; x_wconf 89' lang='lat' dir='ltr'><strong>Petro</strong></span> <span class='ocrx_word' id='word_1_534' title='bbox 1341 3760 1546 3813; x_wconf 88' lang='lat' dir='ltr'><strong>tardius</strong></span> <span class='ocrx_word' id='word_1_535' title='bbox 1577 3757 1768 3813; x_wconf 85' lang='lat' dir='ltr'><strong>ambu-</strong></span> 
     </span>
    </p>
   </div>
   <div class='ocr_carea' id='block_1_68' title="bbox 186 3849 1764 3920">
    <p class='ocr_par' dir='ltr' id='par_1_68' title="bbox 186 3849 1764 3920">
     <span class='ocr_line' id='line_1_68' title="bbox 186 3849 1764 3920; baseline -0.001 -14"><span class='ocrx_word' id='word_1_536' title='bbox 186 3855 356 3920; x_wconf 87' lang='lat' dir='ltr'><strong>lante,</strong></span> <span class='ocrx_word' id='word_1_537' title='bbox 380 3854 557 3909; x_wconf 83' lang='lat' dir='ltr'><strong>elatus</strong></span> <span class='ocrx_word' id='word_1_538' title='bbox 580 3853 906 3920; x_wconf 83' lang='lat' dir='ltr'><strong>virginitatis</strong></span> <span class='ocrx_word' id='word_1_539' title='bbox 954 3851 1067 3906; x_wconf 89' lang='lat' dir='ltr'><strong>alis</strong></span> <span class='ocrx_word' id='word_1_540' title='bbox 1110 3852 1351 3906; x_wconf 88' lang='lat' dir='ltr'><strong>cucurrit</strong></span> <span class='ocrx_word' id='word_1_541' title='bbox 1381 3851 1447 3904; x_wconf 89' lang='lat' dir='ltr'><strong>ad</strong></span> <span class='ocrx_word' id='word_1_542' title='bbox 1481 3849 1764 3905; x_wconf 89' lang='lat' dir='ltr'><strong>Dominum</strong></span> 
     </span>
    </p>
   </div>
   <div class='ocr_carea' id='block_1_69' title="bbox 187 3941 1770 4019">
    <p class='ocr_par' dir='ltr' id='par_1_69' title="bbox 187 3941 1770 4019">
     <span class='ocr_line' id='line_1_69' title="bbox 187 3941 1770 4019; baseline -0.001 -21"><span class='ocrx_word' id='word_1_543' title='bbox 187 3944 376 4019; x_wconf 83' lang='lat' dir='ltr'><strong>(Joan.</strong></span> <span class='ocrx_word' id='word_1_544' title='bbox 407 3944 543 4016; x_wconf 90' lang='lat' dir='ltr'><strong>xx);</strong></span> <span class='ocrx_word' id='word_1_545' title='bbox 577 3945 667 4013; x_wconf 87' lang='lat' dir='ltr'><strong>qui</strong></span> <span class='ocrx_word' id='word_1_546' title='bbox 703 3945 753 3996; x_wconf 89' lang='lat' dir='ltr'><strong>in</strong></span> <span class='ocrx_word' id='word_1_547' title='bbox 785 3951 988 3998; x_wconf 76' lang='lat' dir='ltr'><strong>secreta</strong></span> <span class='ocrx_word' id='word_1_548' title='bbox 1019 3942 1216 3996; x_wconf 66' lang='lat' dir='ltr'><strong>divinae</strong></span> <span class='ocrx_word' id='word_1_549' title='bbox 1245 3941 1304 3997; x_wconf 85' lang='lat' dir='ltr'><strong>se</strong></span> <span class='ocrx_word' id='word_1_550' title='bbox 1335 3941 1636 3998; x_wconf 82' lang='lat' dir='ltr'><strong>nativitatis</strong></span> <span class='ocrx_word' id='word_1_551' title='bbox 1668 3942 1770 3997; x_wconf 87' lang='lat' dir='ltr'><strong>im-</strong></span> 
     </span>
    </p>
   </div>
   <div class='ocr_carea' id='block_1_70' title="bbox 186 4030 1770 4100">
    <p class='ocr_par' dir='ltr' id='par_1_70' title="bbox 186 4030 1770 4100">
     <span class='ocr_line' id='line_1_70' title="bbox 186 4030 1770 4100; baseline 0 -14"><span class='ocrx_word' id='word_1_552' title='bbox 186 4049 460 4097; x_wconf 74' lang='lat' dir='ltr'><strong>mergens,</strong></span> <span class='ocrx_word' id='word_1_553' title='bbox 485 4047 649 4086; x_wconf 88' lang='lat' dir='ltr'><strong>ausus</strong></span> <span class='ocrx_word' id='word_1_554' title='bbox 672 4041 756 4086; x_wconf 85' lang='lat' dir='ltr'><strong>cst</strong></span> <span class='ocrx_word' id='word_1_555' title='bbox 788 4032 987 4096; x_wconf 86' lang='lat' dir='ltr'><strong>dicere,</strong></span> <span class='ocrx_word' id='word_1_556' title='bbox 1027 4031 1168 4100; x_wconf 89' lang='lat' dir='ltr'><strong>quod</strong></span> <span class='ocrx_word' id='word_1_557' title='bbox 1201 4041 1396 4085; x_wconf 85' lang='lat' dir='ltr'><strong>cuncta</strong></span> <span class='ocrx_word' id='word_1_558' title='bbox 1447 4030 1641 4086; x_wconf 58' lang='lat' dir='ltr'><strong>saecula</strong></span> <span class='ocrx_word' id='word_1_559' title='bbox 1670 4047 1770 4086; x_wconf 84' lang='lat' dir='ltr'><strong>ne-</strong></span> 
     </span>
    </p>
   </div>
   <div class='ocr_carea' id='block_1_71' title="bbox 184 4123 1766 4195">
    <p class='ocr_par' dir='ltr' id='par_1_71' title="bbox 184 4123 1766 4195">
     <span class='ocr_line' id='line_1_71' title="bbox 184 4123 1766 4195; baseline -0.004 -14"><span class='ocrx_word' id='word_1_560' title='bbox 184 4128 487 4181; x_wconf 88' lang='lat' dir='ltr'><strong>sciebant:</strong></span> <span class='ocrx_word' id='word_1_561' title='bbox 525 4125 592 4179; x_wconf 83' lang='lat' dir='ltr'><strong>In</strong></span> <span class='ocrx_word' id='word_1_562' title='bbox 649 4126 906 4195; x_wconf 86' lang='lat' dir='ltr'><strong>principio</strong></span> <span class='ocrx_word' id='word_1_563' title='bbox 953 4134 1065 4180; x_wconf 90' lang='lat' dir='ltr'><strong>erat</strong></span> <span class='ocrx_word' id='word_1_564' title='bbox 1124 4124 1369 4191; x_wconf 81' lang='lat' dir='ltr'><strong>Verbum,</strong></span> <span class='ocrx_word' id='word_1_565' title='bbox 1431 4134 1480 4178; x_wconf 86' lang='lat' dir='ltr'><strong>et</strong></span> <span class='ocrx_word' id='word_1_566' title='bbox 1538 4123 1766 4178; x_wconf 85' lang='lat' dir='ltr'><strong>Verbum</strong></span> 
     </span>
    </p>
   </div>
   <div class='ocr_carea' id='block_1_72' title="bbox 185 4209 1768 4283">
    <p class='ocr_par' dir='ltr' id='par_1_72' title="bbox 185 4209 1768 4283">
     <span class='ocr_line' id='line_1_72' title="bbox 185 4209 1768 4283; baseline 0 -11"><span class='ocrx_word' id='word_1_567' title='bbox 185 4228 301 4272; x_wconf 85' lang='lat' dir='ltr'><strong>erat</strong></span> <span class='ocrx_word' id='word_1_568' title='bbox 333 4221 476 4282; x_wconf 81' lang='lat' dir='ltr'><strong>apud</strong></span> <span class='ocrx_word' id='word_1_569' title='bbox 509 4217 794 4283; x_wconf 82' lang='lat' dir='ltr'><strong>Deum,&#39;et</strong></span> <span class='ocrx_word' id='word_1_570' title='bbox 833 4217 972 4271; x_wconf 84' lang='lat' dir='ltr'><strong>Deus</strong></span> <span class='ocrx_word' id='word_1_571' title='bbox 1018 4227 1138 4272; x_wconf 88' lang='lat' dir='ltr'><strong>erat</strong></span> <span class='ocrx_word' id='word_1_572' title='bbox 1202 4209 1430 4283; x_wconf 76' lang='lat' dir='ltr'><strong>Verbum</strong></span> <span class='ocrx_word' id='word_1_573' title='bbox 1473 4233 1494 4272; x_wconf 90' lang='lat'><strong><em>:</em></strong></span> <span class='ocrx_word' id='word_1_574' title='bbox 1529 4217 1626 4271; x_wconf 85' lang='lat' dir='ltr'><strong>hoc</strong></span> <span class='ocrx_word' id='word_1_575' title='bbox 1653 4227 1768 4272; x_wconf 86' lang='lat' dir='ltr'><strong>erat</strong></span> 
     </span>
    </p>
   </div>
   <div class='ocr_carea' id='block_1_73' title="bbox 98 4306 1766 4380">
    <p class='ocr_par' dir='ltr' id='par_1_73' title="bbox 98 4306 1766 4380">
     <span class='ocr_line' id='line_1_73' title="bbox 98 4306 1766 4380; baseline -0.001 -18"><span class='ocrx_word' id='word_1_576' title='bbox 98 4352 100 4354; x_wconf 49' lang='grc' dir='ltr'><strong><em>τ</em></strong></span> <span class='ocrx_word' id='word_1_577' title='bbox 181 4309 352 4380; x_wconf 78' lang='lat'><strong>659</strong></span> <span class='ocrx_word' id='word_1_578' title='bbox 379 4312 434 4364; x_wconf 86' lang='lat' dir='ltr'><strong>in</strong></span> <span class='ocrx_word' id='word_1_579' title='bbox 463 4311 721 4380; x_wconf 83' lang='lat' dir='ltr'><strong>principio</strong></span> <span class='ocrx_word' id='word_1_580' title='bbox 765 4309 907 4376; x_wconf 82' lang='lat' dir='ltr'><strong>apud</strong></span> <span class='ocrx_word' id='word_1_581' title='bbox 949 4309 1118 4362; x_wconf 89' lang='lat' dir='ltr'><strong>Deum</strong></span> <span class='ocrx_word' id='word_1_582' title='bbox 1169 4306 1351 4378; x_wconf 83' lang='lat' dir='ltr'><strong>(Joaa.</strong></span> <span class='ocrx_word' id='word_1_583' title='bbox 1392 4324 1428 4374; x_wconf 84' lang='grc' dir='ltr'>ι,</span> <span class='ocrx_word' id='word_1_584' title='bbox 1457 4309 1534 4375; x_wconf 77' lang='lat'><strong>2).</strong></span> <span class='ocrx_word' id='word_1_585' title='bbox 1571 4307 1766 4363; x_wconf 83' lang='lat' dir='ltr'><strong>Faces-</strong></span> 
     </span>
    </p>
   </div>
   <div class='ocr_carea' id='block_1_74' title="bbox 182 4397 1769 4470">
    <p class='ocr_par' dir='ltr' id='par_1_74' title="bbox 182 4397 1769 4470">
     <span class='ocr_line' id='line_1_74' title="bbox 182 4397 1769 4470; baseline -0.001 -17"><span class='ocrx_word' id='word_1_586' title='bbox 182 4411 265 4454; x_wconf 86' lang='lat' dir='ltr'><strong>sat</strong></span> <span class='ocrx_word' id='word_1_587' title='bbox 298 4402 470 4470; x_wconf 86' lang='lat' dir='ltr'><strong>igitur</strong></span> <span class='ocrx_word' id='word_1_588' title='bbox 499 4401 680 4454; x_wconf 89' lang='lat' dir='ltr'><strong>omnis</strong></span> <span class='ocrx_word' id='word_1_589' title='bbox 713 4399 981 4453; x_wconf 88' lang='lat' dir='ltr'><strong>cavillatio</strong></span> <span class='ocrx_word' id='word_1_590' title='bbox 1009 4397 1342 4464; x_wconf 66' lang='lat' dir='ltr'><strong>indecorum,</strong></span> <span class='ocrx_word' id='word_1_591' title='bbox 1383 4408 1439 4454; x_wconf 91' lang='lat' dir='ltr'><strong>et</strong></span> <span class='ocrx_word' id='word_1_592' title='bbox 1462 4399 1596 4454; x_wconf 87' lang='lat' dir='ltr'><strong>risui</strong></span> <span class='ocrx_word' id='word_1_593' title='bbox 1630 4414 1769 4468; x_wconf 67' lang='lat' dir='ltr'><strong>prae-</strong></span> 
     </span>
    </p>
   </div>
   <div class='ocr_carea' id='block_1_75' title="bbox 181 4490 1765 4562">
    <p class='ocr_par' dir='ltr' id='par_1_75' title="bbox 181 4490 1765 4562">
     <span class='ocr_line' id='line_1_75' title="bbox 181 4490 1765 4562; baseline -0.002 -16"><span class='ocrx_word' id='word_1_594' title='bbox 181 4494 312 4547; x_wconf 87' lang='lat' dir='ltr'><strong>bere</strong></span> <span class='ocrx_word' id='word_1_595' title='bbox 343 4507 405 4547; x_wconf 86' lang='lat' dir='ltr'><strong>se</strong></span> <span class='ocrx_word' id='word_1_596' title='bbox 438 4500 638 4558; x_wconf 88' lang='lat' dir='ltr'><strong>cesset,</strong></span> <span class='ocrx_word' id='word_1_597' title='bbox 691 4492 942 4562; x_wconf 87' lang='lat' dir='ltr'><strong>aperiens</strong></span> <span class='ocrx_word' id='word_1_598' title='bbox 975 4490 1245 4545; x_wconf 85' lang='lat' dir='ltr'><strong>semiviris</strong></span> <span class='ocrx_word' id='word_1_599' title='bbox 1290 4507 1453 4562; x_wconf 85' lang='lat' dir='ltr'><strong>regna</strong></span> <span class='ocrx_word' id='word_1_600' title='bbox 1478 4491 1765 4555; x_wconf 82' lang='lat' dir='ltr'><strong>caelorum,</strong></span> 
     </span>
    </p>
   </div>
   <div class='ocr_carea' id='block_1_76' title="bbox 180 4581 1767 4655">
    <p class='ocr_par' dir='ltr' id='par_1_76' title="bbox 180 4581 1767 4655">
     <span class='ocr_line' id='line_1_76' title="bbox 180 4581 1767 4655; baseline 0.002 -19"><span class='ocrx_word' id='word_1_601' title='bbox 180 4599 308 4638; x_wconf 89' lang='lat' dir='ltr'><strong>cum</strong></span> <span class='ocrx_word' id='word_1_602' title='bbox 335 4583 598 4655; x_wconf 86' lang='lat' dir='ltr'><strong>pudicitia</strong></span> <span class='ocrx_word' id='word_1_603' title='bbox 628 4598 737 4639; x_wconf 89' lang='lat' dir='ltr'><strong>non</strong></span> <span class='ocrx_word' id='word_1_604' title='bbox 761 4583 819 4637; x_wconf 89' lang='lat' dir='ltr'><strong>in</strong></span> <span class='ocrx_word' id='word_1_605' title='bbox 863 4581 1144 4638; x_wconf 75' lang='lat' dir='ltr'><strong>debilitate</strong></span> <span class='ocrx_word' id='word_1_606' title='bbox 1177 4583 1250 4638; x_wconf 89' lang='lat' dir='ltr'><strong>sit</strong></span> <span class='ocrx_word' id='word_1_607' title='bbox 1282 4584 1554 4654; x_wconf 85' lang='lat' dir='ltr'><strong>corporis,</strong></span> <span class='ocrx_word' id='word_1_608' title='bbox 1583 4583 1678 4638; x_wconf 90' lang='lat' dir='ltr'><strong>sed</strong></span> <span class='ocrx_word' id='word_1_609' title='bbox 1709 4583 1767 4639; x_wconf 86' lang='lat' dir='ltr'><strong>in</strong></span> 
     </span>
    </p>
   </div>
   <div class='ocr_carea' id='block_1_77' title="bbox 179 4676 681 4732">
    <p class='ocr_par' dir='ltr' id='par_1_77' title="bbox 179 4676 681 4732">
     <span class='ocr_line' id='line_1_77' title="bbox 179 4676 681 4732; baseline -0.002 -1"><span class='ocrx_word' id='word_1_610' title='bbox 179 4679 354 4732; x_wconf 88' lang='lat' dir='ltr'><strong>animi</strong></span> <span class='ocrx_word' id='word_1_611' title='bbox 377 4676 681 4732; x_wconf 88' lang='lat' dir='ltr'><strong>voluntate.</strong></span> 
     </span>
    </p>
   </div>
   <div class='ocr_carea' id='block_1_78' title="bbox 251 4765 1767 4841">
    <p class='ocr_par' dir='ltr' id='par_1_78' title="bbox 251 4765 1767 4841">
     <span class='ocr_line' id='line_1_78' title="bbox 251 4765 1767 4841; baseline 0.001 -18"><span class='ocrx_word' id='word_1_612' title='bbox 251 4771 271 4841; x_wconf 95' lang='lat'><strong>(</strong></span> <span class='ocrx_word' id='word_1_613' title='bbox 297 4769 457 4824; x_wconf 69' lang='lat' dir='ltr'><strong>Vers.</strong></span> <span class='ocrx_word' id='word_1_614' title='bbox 491 4767 545 4833; x_wconf 91' lang='lat'><strong>6,</strong></span> <span class='ocrx_word' id='word_1_615' title='bbox 573 4768 696 4837; x_wconf 82' lang='lat' dir='ltr'><strong>7.)s</strong></span> <span class='ocrx_word' id='word_1_616' title='bbox 730 4766 794 4822; x_wconf 84' lang='lat' dir='ltr'><strong>Et</strong></span> <span class='ocrx_word' id='word_1_617' title='bbox 816 4765 955 4822; x_wconf 88' lang='lat' dir='ltr'><strong>lilios</strong></span> <span class='ocrx_word' id='word_1_618' title='bbox 979 4765 1327 4836; x_wconf 65' lang='lat' dir='ltr'><strong>advenm,qui</strong></span> <span class='ocrx_word' id='word_1_619' title='bbox 1355 4765 1767 4824; x_wconf 82' lang='lat' dir='ltr'><strong>adhaerentDo-</strong></span> 
     </span>
    </p>
   </div>
   <div class='ocr_carea' id='block_1_79' title="bbox 177 4855 1766 4926">
    <p class='ocr_par' dir='ltr' id='par_1_79' title="bbox 177 4855 1766 4926">
     <span class='ocr_line' id='line_1_79' title="bbox 177 4855 1766 4926; baseline -0.001 -14"><span class='ocrx_word' id='word_1_620' title='bbox 177 4861 361 4926; x_wconf 87' lang='lat' dir='ltr'><strong>mino,</strong></span> <span class='ocrx_word' id='word_1_621' title='bbox 397 4869 455 4914; x_wconf 91' lang='lat' dir='ltr'><strong>ut</strong></span> <span class='ocrx_word' id='word_1_622' title='bbox 483 4857 666 4914; x_wconf 89' lang='lat' dir='ltr'><strong>colant</strong></span> <span class='ocrx_word' id='word_1_623' title='bbox 694 4873 841 4924; x_wconf 90' lang='lat' dir='ltr'><strong>eum,</strong></span> <span class='ocrx_word' id='word_1_624' title='bbox 875 4868 930 4912; x_wconf 90' lang='lat' dir='ltr'><strong>et</strong></span> <span class='ocrx_word' id='word_1_625' title='bbox 967 4856 1196 4926; x_wconf 85' lang='lat' dir='ltr'><strong>diligant</strong></span> <span class='ocrx_word' id='word_1_626' title='bbox 1253 4870 1452 4910; x_wconf 91' lang='lat' dir='ltr'><strong>nomen</strong></span> <span class='ocrx_word' id='word_1_627' title='bbox 1508 4855 1648 4926; x_wconf 84' lang='lat' dir='ltr'><strong>ejus,</strong></span> <span class='ocrx_word' id='word_1_628' title='bbox 1704 4865 1766 4912; x_wconf 91' lang='lat' dir='ltr'><strong>ut</strong></span> 
     </span>
    </p>
   </div>
   <div class='ocr_carea' id='block_1_80' title="bbox 175 4945 1760 5006">
    <p class='ocr_par' dir='ltr' id='par_1_80' title="bbox 175 4945 1760 5006">
     <span class='ocr_line' id='line_1_80' title="bbox 175 4945 1760 5006; baseline -0.003 0"><span class='ocrx_word' id='word_1_629' title='bbox 175 4953 293 5006; x_wconf 90' lang='lat' dir='ltr'><strong>sint</strong></span> <span class='ocrx_word' id='word_1_630' title='bbox 334 4952 385 5004; x_wconf 88' lang='lat' dir='ltr'><strong>ei</strong></span> <span class='ocrx_word' id='word_1_631' title='bbox 420 4950 476 5003; x_wconf 91' lang='lat' dir='ltr'><strong>in</strong></span> <span class='ocrx_word' id='word_1_632' title='bbox 515 4963 704 5004; x_wconf 84' lang='lat' dir='ltr'><strong>servos</strong></span> <span class='ocrx_word' id='word_1_633' title='bbox 733 4966 747 5002; x_wconf 75' lang='grc' dir='ltr'>ς</span> <span class='ocrx_word' id='word_1_634' title='bbox 781 4962 998 5002; x_wconf 91' lang='lat' dir='ltr'><strong>omnem</strong></span> <span class='ocrx_word' id='word_1_635' title='bbox 1030 4946 1430 5001; x_wconf 88' lang='lat' dir='ltr'><strong>custodientem</strong></span> <span class='ocrx_word' id='word_1_636' title='bbox 1458 4945 1760 5002; x_wconf 87' lang='lat' dir='ltr'><strong>Sabbatum</strong></span> 
     </span>
    </p>
   </div>
   <div class='ocr_carea' id='block_1_81' title="bbox 172 5037 1766 5113">
    <p class='ocr_par' dir='ltr' id='par_1_81' title="bbox 172 5037 1766 5113">
     <span class='ocr_line' id='line_1_81' title="bbox 172 5037 1766 5113; baseline -0.003 -15"><span class='ocrx_word' id='word_1_637' title='bbox 172 5059 244 5100; x_wconf 86' lang='lat' dir='ltr'><strong>ne</strong></span> <span class='ocrx_word' id='word_1_638' title='bbox 278 5042 495 5113; x_wconf 80' lang='lat' dir='ltr'><strong>polluat</strong></span> <span class='ocrx_word' id='word_1_639' title='bbox 529 5042 679 5104; x_wconf 89' lang='lat' dir='ltr'><strong>illud,</strong></span> <span class='ocrx_word' id='word_1_640' title='bbox 709 5051 762 5097; x_wconf 91' lang='lat' dir='ltr'><strong>et</strong></span> <span class='ocrx_word' id='word_1_641' title='bbox 791 5049 1061 5112; x_wconf 84' lang='lat' dir='ltr'><strong>tenentem</strong></span> <span class='ocrx_word' id='word_1_642' title='bbox 1088 5037 1217 5110; x_wconf 81' lang='grc' dir='ltr'><strong>[ΑΙ.</strong></span> <span class='ocrx_word' id='word_1_643' title='bbox 1255 5037 1536 5110; x_wconf 81' lang='lat' dir='ltr'><strong>tenentes]</strong></span> <span class='ocrx_word' id='word_1_644' title='bbox 1591 5040 1766 5096; x_wconf 61' lang='lat' dir='ltr'><strong>foedus</strong></span> 
     </span>
    </p>
   </div>
   <div class='ocr_carea' id='block_1_82' title="bbox 174 5129 1764 5203">
    <p class='ocr_par' dir='ltr' id='par_1_82' title="bbox 174 5129 1764 5203">
     <span class='ocr_line' id='line_1_82' title="bbox 174 5129 1764 5203; baseline -0.002 -16"><span class='ocrx_word' id='word_1_645' title='bbox 174 5149 400 5203; x_wconf 70' lang='lat' dir='ltr'><strong>meum,</strong></span> <span class='ocrx_word' id='word_1_646' title='bbox 425 5133 690 5186; x_wconf 88' lang='lat' dir='ltr'><strong>adducam</strong></span> <span class='ocrx_word' id='word_1_647' title='bbox 727 5145 822 5184; x_wconf 89' lang='lat' dir='ltr'><strong>eos</strong></span> <span class='ocrx_word' id='word_1_648' title='bbox 858 5130 911 5183; x_wconf 89' lang='lat' dir='ltr'><strong>in</strong></span> <span class='ocrx_word' id='word_1_649' title='bbox 941 5139 1190 5182; x_wconf 88' lang='lat' dir='ltr'><strong>sanctum</strong></span> <span class='ocrx_word' id='word_1_650' title='bbox 1225 5129 1241 5160; x_wconf 77' lang='grc' dir='ltr'>ί</span> <span class='ocrx_word' id='word_1_651' title='bbox 1267 5143 1472 5192; x_wconf 89' lang='lat' dir='ltr'><strong>meum,</strong></span> <span class='ocrx_word' id='word_1_652' title='bbox 1505 5139 1562 5182; x_wconf 90' lang='lat' dir='ltr'><strong>et</strong></span> <span class='ocrx_word' id='word_1_653' title='bbox 1623 5129 1764 5184; x_wconf 60' lang='lat' dir='ltr'><strong>tertio</strong></span> 
     </span>
    </p>
   </div>
   <div class='ocr_carea' id='block_1_83' title="bbox 171 5220 1765 5289">
    <p class='ocr_par' dir='ltr' id='par_1_83' title="bbox 171 5220 1765 5289">
     <span class='ocr_line' id='line_1_83' title="bbox 171 5220 1765 5289; baseline -0.003 -8"><span class='ocrx_word' id='word_1_654' title='bbox 171 5228 367 5281; x_wconf 87' lang='lat' dir='ltr'><strong>licabo</strong></span> <span class='ocrx_word' id='word_1_655' title='bbox 396 5242 488 5280; x_wconf 90' lang='lat' dir='ltr'><strong>eos</strong></span> <span class='ocrx_word' id='word_1_656' title='bbox 522 5225 578 5279; x_wconf 92' lang='lat' dir='ltr'><strong>in</strong></span> <span class='ocrx_word' id='word_1_657' title='bbox 634 5225 793 5277; x_wconf 87' lang='lat' dir='ltr'><strong>domo</strong></span> <span class='ocrx_word' id='word_1_658' title='bbox 855 5222 1121 5278; x_wconf 89' lang='lat' dir='ltr'><strong>orationis</strong></span> <span class='ocrx_word' id='word_1_659' title='bbox 1180 5238 1336 5279; x_wconf 67' lang='lat' dir='ltr'><strong>meae.</strong></span> <span class='ocrx_word' id='word_1_660' title='bbox 1371 5242 1390 5274; x_wconf 81' lang='grc' dir='ltr'><strong>ι</strong></span> <span class='ocrx_word' id='word_1_661' title='bbox 1428 5220 1596 5289; x_wconf 80' lang='lat' dir='ltr'><strong>LXX,</strong></span> <span class='ocrx_word' id='word_1_662' title='bbox 1635 5240 1655 5276; x_wconf 71' lang='grc' dir='ltr'><strong>ι</strong></span> <span class='ocrx_word' id='word_1_663' title='bbox 1699 5223 1765 5278; x_wconf 87' lang='lat' dir='ltr'><strong>Et</strong></span> 
     </span>
    </p>
   </div>
   <div class='ocr_carea' id='block_1_84' title="bbox 171 5315 1768 5390">
    <p class='ocr_par' dir='ltr' id='par_1_84' title="bbox 171 5315 1768 5390">
     <span class='ocr_line' id='line_1_84' title="bbox 171 5315 1768 5390; baseline -0.003 -17"><span class='ocrx_word' id='word_1_664' title='bbox 171 5318 536 5390; x_wconf 86' lang='lat' dir='ltr'><strong>alienigenis,</strong></span> <span class='ocrx_word' id='word_1_665' title='bbox 570 5317 663 5387; x_wconf 91' lang='lat' dir='ltr'><strong>qui</strong></span> <span class='ocrx_word' id='word_1_666' title='bbox 688 5317 854 5372; x_wconf 85' lang='lat' dir='ltr'><strong>additi</strong></span> <span class='ocrx_word' id='word_1_667' title='bbox 879 5325 1005 5372; x_wconf 91' lang='lat' dir='ltr'><strong>sunt</strong></span> <span class='ocrx_word' id='word_1_668' title='bbox 1033 5315 1265 5370; x_wconf 87' lang='lat' dir='ltr'><strong>Domino</strong></span> <span class='ocrx_word' id='word_1_669' title='bbox 1316 5315 1532 5370; x_wconf 87' lang='lat' dir='ltr'><strong>servire</strong></span> <span class='ocrx_word' id='word_1_670' title='bbox 1591 5316 1666 5380; x_wconf 90' lang='lat' dir='ltr'><strong>ei,</strong></span> <span class='ocrx_word' id='word_1_671' title='bbox 1714 5325 1768 5370; x_wconf 89' lang='lat' dir='ltr'><strong>et</strong></span> 
     </span>
    </p>
   </div>
   <div class='ocr_carea' id='block_1_85' title="bbox 167 5409 1773 5482">
    <p class='ocr_par' dir='ltr' id='par_1_85' title="bbox 167 5409 1773 5482">
     <span class='ocr_line' id='line_1_85' title="bbox 167 5409 1773 5482; baseline -0.003 -15"><span class='ocrx_word' id='word_1_672' title='bbox 167 5413 417 5482; x_wconf 84' lang='lat' dir='ltr'><strong>diligere</strong></span> <span class='ocrx_word' id='word_1_673' title='bbox 453 5425 650 5466; x_wconf 90' lang='lat' dir='ltr'><strong>nomen</strong></span> <span class='ocrx_word' id='word_1_674' title='bbox 686 5413 824 5480; x_wconf 80' lang='lat' dir='ltr'><strong>ejus,</strong></span> <span class='ocrx_word' id='word_1_675' title='bbox 869 5411 1052 5466; x_wconf 86' lang='lat' dir='ltr'><strong>utsint</strong></span> <span class='ocrx_word' id='word_1_676' title='bbox 1078 5411 1123 5464; x_wconf 90' lang='lat' dir='ltr'><strong>ei</strong></span> <span class='ocrx_word' id='word_1_677' title='bbox 1149 5410 1203 5462; x_wconf 91' lang='lat' dir='ltr'><strong>in</strong></span> <span class='ocrx_word' id='word_1_678' title='bbox 1238 5423 1429 5464; x_wconf 81' lang='lat' dir='ltr'><strong>servos</strong></span> <span class='ocrx_word' id='word_1_679' title='bbox 1478 5418 1529 5463; x_wconf 87' lang='lat' dir='ltr'><strong>et</strong></span> <span class='ocrx_word' id='word_1_680' title='bbox 1599 5409 1773 5463; x_wconf 86' lang='lat' dir='ltr'><strong>ancil-</strong></span> 
     </span>
    </p>
   </div>
   <div class='ocr_carea' id='block_1_86' title="bbox 165 5500 1766 5572">
    <p class='ocr_par' dir='ltr' id='par_1_86' title="bbox 165 5500 1766 5572">
     <span class='ocr_line' id='line_1_86' title="bbox 165 5500 1766 5572; baseline -0.002 -12"><span class='ocrx_word' id='word_1_681' title='bbox 165 5506 256 5560; x_wconf 81' lang='lat' dir='ltr'><strong>las</strong></span> <span class='ocrx_word' id='word_1_682' title='bbox 288 5515 354 5560; x_wconf 87' lang='lat' dir='ltr'><strong>et</strong></span> <span class='ocrx_word' id='word_1_683' title='bbox 385 5519 573 5558; x_wconf 87' lang='lat' dir='ltr'><strong>omnes</strong></span> <span class='ocrx_word' id='word_1_684' title='bbox 593 5502 688 5572; x_wconf 93' lang='lat' dir='ltr'><strong>qui</strong></span> <span class='ocrx_word' id='word_1_685' title='bbox 721 5502 1033 5556; x_wconf 84' lang='lat' dir='ltr'><strong>custodiunt</strong></span> <span class='ocrx_word' id='word_1_686' title='bbox 1067 5500 1304 5556; x_wconf 69' lang='lat' dir='ltr'><strong>Sztbbata</strong></span> <span class='ocrx_word' id='word_1_687' title='bbox 1349 5515 1490 5566; x_wconf 72' lang='lat' dir='ltr'><strong>mea,</strong></span> <span class='ocrx_word' id='word_1_688' title='bbox 1545 5509 1605 5555; x_wconf 91' lang='lat' dir='ltr'><strong>ut</strong></span> <span class='ocrx_word' id='word_1_689' title='bbox 1658 5516 1766 5558; x_wconf 91' lang='lat' dir='ltr'><strong>non</strong></span> 
     </span>
    </p>
   </div>
   <div class='ocr_carea' id='block_1_87' title="bbox 165 5591 1766 5662">
    <p class='ocr_par' dir='ltr' id='par_1_87' title="bbox 165 5591 1766 5662">
     <span class='ocr_line' id='line_1_87' title="bbox 165 5591 1766 5662; baseline -0.003 -11"><span class='ocrx_word' id='word_1_690' title='bbox 165 5596 399 5651; x_wconf 79' lang='lat' dir='ltr'><strong>violent</strong></span> <span class='ocrx_word' id='word_1_691' title='bbox 421 5608 508 5662; x_wconf 82' lang='lat' dir='ltr'><strong>ea;</strong></span> <span class='ocrx_word' id='word_1_692' title='bbox 542 5602 600 5648; x_wconf 88' lang='lat' dir='ltr'><strong>et</strong></span> <span class='ocrx_word' id='word_1_693' title='bbox 631 5602 815 5649; x_wconf 90' lang='lat' dir='ltr'><strong>tenent</strong></span> <span class='ocrx_word' id='word_1_694' title='bbox 839 5602 1224 5648; x_wconf 85' lang='lat' dir='ltr'><strong>testamentum</strong></span> <span class='ocrx_word' id='word_1_695' title='bbox 1266 5607 1470 5659; x_wconf 90' lang='lat' dir='ltr'><strong>meum,</strong></span> <span class='ocrx_word' id='word_1_696' title='bbox 1509 5591 1766 5648; x_wconf 87' lang='lat' dir='ltr'><strong>inducam</strong></span> 
     </span>
    </p>
   </div>
   <div class='ocr_carea' id='block_1_88' title="bbox 249 5797 1352 5864">
    <p class='ocr_par' dir='ltr' id='par_1_88' title="bbox 249 5797 1352 5864">
     <span class='ocr_line' id='line_1_88' title="bbox 249 5797 1352 5864; baseline 0 -14"><span class='ocrx_word' id='word_1_697' title='bbox 249 5799 268 5831; x_wconf 83' lang='grc'>⁸</span> <span class='ocrx_word' id='word_1_698' title='bbox 300 5797 512 5855; x_wconf 73' lang='lat' dir='ltr'><strong>Victor.</strong></span> <span class='ocrx_word' id='word_1_699' title='bbox 544 5841 560 5864; x_wconf 92' lang='lat'><strong>,</strong></span> <span class='ocrx_word' id='word_1_700' title='bbox 593 5800 648 5853; x_wconf 82' lang='lat' dir='ltr'><strong>in</strong></span> <span class='ocrx_word' id='word_1_701' title='bbox 675 5807 902 5851; x_wconf 83' lang='lat' dir='ltr'><strong>montem</strong></span> <span class='ocrx_word' id='word_1_702' title='bbox 929 5807 1170 5851; x_wconf 86' lang='lat' dir='ltr'><strong>sanctum</strong></span> <span class='ocrx_word' id='word_1_703' title='bbox 1201 5814 1352 5852; x_wconf 87' lang='lat' dir='ltr'><strong>suum</strong></span> 
     </span>
    </p>
   </div>
   <div class='ocr_carea' id='block_1_89' title="bbox 1870 3299 3437 3370">
    <p class='ocr_par' dir='ltr' id='par_1_89' title="bbox 1870 3299 3437 3370">
     <span class='ocr_line' id='line_1_89' title="bbox 1870 3299 3437 3370; baseline -0.002 -15"><span class='ocrx_word' id='word_1_704' title='bbox 1870 3304 2013 3357; x_wconf 66' lang='lat' dir='ltr'><strong>tiniae</strong></span> <span class='ocrx_word' id='word_1_705' title='bbox 2034 3309 2196 3358; x_wconf 92' lang='lat' dir='ltr'><strong>erunt</strong></span> <span class='ocrx_word' id='word_1_706' title='bbox 2226 3300 2595 3368; x_wconf 84' lang='lat' dir='ltr'><strong>acceptabiles</strong></span> <span class='ocrx_word' id='word_1_707' title='bbox 2626 3314 2792 3368; x_wconf 90' lang='lat' dir='ltr'><strong>super</strong></span> <span class='ocrx_word' id='word_1_708' title='bbox 2817 3299 2988 3354; x_wconf 89' lang='lat' dir='ltr'><strong>altare</strong></span> <span class='ocrx_word' id='word_1_709' title='bbox 3043 3299 3209 3370; x_wconf 76' lang='lat'><strong>660</strong></span> <span class='ocrx_word' id='word_1_710' title='bbox 3239 3315 3437 3356; x_wconf 91' lang='lat' dir='ltr'><strong>meum.</strong></span> 
     </span>
    </p>
   </div>
   <div class='ocr_carea' id='block_1_90' title="bbox 1871 3391 3444 3457">
    <p class='ocr_par' dir='ltr' id='par_1_90' title="bbox 1871 3391 3444 3457">
     <span class='ocr_line' id='line_1_90' title="bbox 1871 3391 3444 3457; baseline -0.001 -9"><span class='ocrx_word' id='word_1_711' title='bbox 1871 3395 2070 3450; x_wconf 88' lang='lat' dir='ltr'><strong>Domus</strong></span> <span class='ocrx_word' id='word_1_712' title='bbox 2097 3395 2243 3450; x_wconf 90' lang='lat' dir='ltr'><strong>enim</strong></span> <span class='ocrx_word' id='word_1_713' title='bbox 2280 3408 2427 3457; x_wconf 89' lang='lat' dir='ltr'><strong>mea,</strong></span> <span class='ocrx_word' id='word_1_714' title='bbox 2463 3392 2656 3447; x_wconf 91' lang='lat' dir='ltr'><strong>domus</strong></span> <span class='ocrx_word' id='word_1_715' title='bbox 2683 3391 2946 3446; x_wconf 88' lang='lat' dir='ltr'><strong>orationis</strong></span> <span class='ocrx_word' id='word_1_716' title='bbox 2972 3393 3258 3446; x_wconf 89' lang='lat' dir='ltr'><strong>vocabitur</strong></span> <span class='ocrx_word' id='word_1_717' title='bbox 3277 3407 3444 3446; x_wconf 85' lang='lat' dir='ltr'><strong>cunc-</strong></span> 
     </span>
    </p>
   </div>
   <div class='ocr_carea' id='block_1_91' title="bbox 1871 3480 3441 3555">
    <p class='ocr_par' dir='ltr' id='par_1_91' title="bbox 1871 3480 3441 3555">
     <span class='ocr_line' id='line_1_91' title="bbox 1871 3480 3441 3555; baseline -0.004 -15"><span class='ocrx_word' id='word_1_718' title='bbox 1871 3487 1937 3540; x_wconf 91' lang='lat' dir='ltr'><strong>tis</strong></span> <span class='ocrx_word' id='word_1_719' title='bbox 1974 3485 2248 3555; x_wconf 85' lang='lat' dir='ltr'><strong>gentibus,</strong></span> <span class='ocrx_word' id='word_1_720' title='bbox 2271 3483 2410 3538; x_wconf 85' lang='lat' dir='ltr'><strong>dixit</strong></span> <span class='ocrx_word' id='word_1_721' title='bbox 2442 3482 2726 3548; x_wconf 88' lang='lat' dir='ltr'><strong>Dominus,</strong></span> <span class='ocrx_word' id='word_1_722' title='bbox 2763 3483 2854 3552; x_wconf 90' lang='lat' dir='ltr'><strong>qui</strong></span> <span class='ocrx_word' id='word_1_723' title='bbox 2901 3491 3194 3552; x_wconf 74' lang='lat' dir='ltr'><strong>congregat</strong></span> <span class='ocrx_word' id='word_1_724' title='bbox 3228 3480 3441 3550; x_wconf 86' lang='lat' dir='ltr'><strong>disper-</strong></span> 
     </span>
    </p>
   </div>
   <div class='ocr_carea' id='block_1_92' title="bbox 1870 3573 3442 3648">
    <p class='ocr_par' dir='ltr' id='par_1_92' title="bbox 1870 3573 3442 3648">
     <span class='ocr_line' id='line_1_92' title="bbox 1870 3573 3442 3648; baseline -0.007 -14"><span class='ocrx_word' id='word_1_725' title='bbox 1870 3595 1960 3635; x_wconf 89' lang='lat' dir='ltr'><strong>sos</strong></span> <span class='ocrx_word' id='word_1_726' title='bbox 1993 3577 2154 3633; x_wconf 89' lang='lat' dir='ltr'><strong>Israel</strong></span> <span class='ocrx_word' id='word_1_727' title='bbox 2183 3621 2199 3645; x_wconf 95' lang='lat'><strong>,</strong></span> <span class='ocrx_word' id='word_1_728' title='bbox 2229 3578 2356 3648; x_wconf 91' lang='lat' dir='ltr'><strong>quia</strong></span> <span class='ocrx_word' id='word_1_729' title='bbox 2397 3575 2740 3646; x_wconf 88' lang='lat' dir='ltr'><strong>congregabo</strong></span> <span class='ocrx_word' id='word_1_730' title='bbox 2791 3573 2858 3629; x_wconf 87' lang='lat' dir='ltr'><strong>ad</strong></span> <span class='ocrx_word' id='word_1_731' title='bbox 2894 3589 3014 3628; x_wconf 92' lang='lat' dir='ltr'><strong>eum</strong></span> <span class='ocrx_word' id='word_1_732' title='bbox 3068 3573 3442 3642; x_wconf 54' lang='lat' dir='ltr'><strong>congregatio-</strong></span> 
     </span>
    </p>
   </div>
   <div class='ocr_carea' id='block_1_93' title="bbox 1871 3665 3442 3733">
    <p class='ocr_par' dir='ltr' id='par_1_93' title="bbox 1871 3665 3442 3733">
     <span class='ocr_line' id='line_1_93' title="bbox 1871 3665 3442 3733; baseline -0.005 -8"><span class='ocrx_word' id='word_1_733' title='bbox 1871 3666 2235 3726; x_wconf 86' lang='lat' dir='ltr'><strong>nem.0mnes</strong></span> <span class='ocrx_word' id='word_1_734' title='bbox 2268 3671 2457 3725; x_wconf 70' lang='lat' dir='ltr'><strong>bestiae</strong></span> <span class='ocrx_word' id='word_1_735' title='bbox 2487 3671 2640 3733; x_wconf 67' lang='lat' dir='ltr'><strong>terte,</strong></span> <span class='ocrx_word' id='word_1_736' title='bbox 2676 3668 2878 3733; x_wconf 91' lang='lat' dir='ltr'><strong>venite,</strong></span> <span class='ocrx_word' id='word_1_737' title='bbox 2919 3665 3212 3728; x_wconf 89' lang='lat' dir='ltr'><strong>comedite,</strong></span> <span class='ocrx_word' id='word_1_738' title='bbox 3248 3678 3442 3718; x_wconf 86' lang='lat' dir='ltr'><strong>omnes</strong></span> 
     </span>
    </p>
   </div>
   <div class='ocr_carea' id='block_1_94' title="bbox 1873 3754 3440 3818">
    <p class='ocr_par' dir='ltr' id='par_1_94' title="bbox 1873 3754 3440 3818">
     <span class='ocr_line' id='line_1_94' title="bbox 1873 3754 3440 3818; baseline -0.006 0"><span class='ocrx_word' id='word_1_739' title='bbox 1873 3763 2061 3818; x_wconf 75' lang='lat' dir='ltr'><strong>bestiae</strong></span> <span class='ocrx_word' id='word_1_740' title='bbox 2094 3761 2289 3818; x_wconf 88' lang='lat' dir='ltr'><strong>saltus.</strong></span> <span class='ocrx_word' id='word_1_741' title='bbox 2327 3780 2348 3814; x_wconf 79' lang='grc' dir='ltr'><strong>ι</strong></span> <span class='ocrx_word' id='word_1_742' title='bbox 2386 3759 2759 3815; x_wconf 78' lang='lat' dir='ltr'><strong>Dillerentiam</strong></span> <span class='ocrx_word' id='word_1_743' title='bbox 2823 3759 3126 3813; x_wconf 90' lang='lat' dir='ltr'><strong>hostiarum</strong></span> <span class='ocrx_word' id='word_1_744' title='bbox 3175 3764 3229 3810; x_wconf 91' lang='lat' dir='ltr'><strong>et</strong></span> <span class='ocrx_word' id='word_1_745' title='bbox 3287 3754 3440 3809; x_wconf 74' lang='grc' dir='ltr'>ιιοιοι</span> 
     </span>
    </p>
   </div>
   <div class='ocr_carea' id='block_1_95' title="bbox 1869 3843 3444 3920">
    <p class='ocr_par' dir='ltr' id='par_1_95' title="bbox 1869 3843 3444 3920">
     <span class='ocr_line' id='line_1_95' title="bbox 1869 3843 3444 3920; baseline -0.006 -13"><span class='ocrx_word' id='word_1_746' title='bbox 1869 3860 2180 3907; x_wconf 86' lang='lat' dir='ltr'><strong>canstorum</strong></span> <span class='ocrx_word' id='word_1_747' title='bbox 2209 3851 2260 3905; x_wconf 93' lang='lat' dir='ltr'><strong>in</strong></span> <span class='ocrx_word' id='word_1_748' title='bbox 2295 3849 2539 3906; x_wconf 89' lang='lat' dir='ltr'><strong>Levitico</strong></span> <span class='ocrx_word' id='word_1_749' title='bbox 2563 3851 2774 3920; x_wconf 86' lang='lat' dir='ltr'><strong>plenius</strong></span> <span class='ocrx_word' id='word_1_750' title='bbox 2799 3849 3093 3902; x_wconf 86' lang='lat' dir='ltr'><strong>discimus.</strong></span> <span class='ocrx_word' id='word_1_751' title='bbox 3122 3843 3444 3900; x_wconf 85' lang='lat' dir='ltr'><strong>Holocausta</strong></span> 
     </span>
    </p>
   </div>
   <div class='ocr_carea' id='block_1_96' title="bbox 1867 3934 3446 4013">
    <p class='ocr_par' dir='ltr' id='par_1_96' title="bbox 1867 3934 3446 4013">
     <span class='ocr_line' id='line_1_96' title="bbox 1867 3934 3446 4013; baseline -0.006 -15"><span class='ocrx_word' id='word_1_752' title='bbox 1867 3951 2151 4013; x_wconf 68' lang='lat' dir='ltr'><strong>sunt,quae</strong></span> <span class='ocrx_word' id='word_1_753' title='bbox 2182 3956 2348 4012; x_wconf 90' lang='lat' dir='ltr'><strong>super</strong></span> <span class='ocrx_word' id='word_1_754' title='bbox 2408 3940 2577 3995; x_wconf 88' lang='lat' dir='ltr'><strong>altare</strong></span> <span class='ocrx_word' id='word_1_755' title='bbox 2631 3940 2836 4011; x_wconf 87' lang='lat' dir='ltr'><strong>integra</strong></span> <span class='ocrx_word' id='word_1_756' title='bbox 2891 3934 3446 3994; x_wconf 83' lang='lat' dir='ltr'><strong>concremantur.Vi-</strong></span> 
     </span>
    </p>
   </div>
   <div class='ocr_carea' id='block_1_97' title="bbox 1870 4028 3447 4102">
    <p class='ocr_par' dir='ltr' id='par_1_97' title="bbox 1870 4028 3447 4102">
     <span class='ocr_line' id='line_1_97' title="bbox 1870 4028 3447 4102; baseline -0.005 -10"><span class='ocrx_word' id='word_1_757' title='bbox 1870 4037 2053 4092; x_wconf 86' lang='lat' dir='ltr'><strong>ctimae</strong></span> <span class='ocrx_word' id='word_1_758' title='bbox 2127 4047 2182 4090; x_wconf 91' lang='lat' dir='ltr'><strong>et</strong></span> <span class='ocrx_word' id='word_1_759' title='bbox 2213 4035 2426 4099; x_wconf 67' lang='lat' dir='ltr'><strong>hostiae,</strong></span> <span class='ocrx_word' id='word_1_760' title='bbox 2451 4045 2682 4102; x_wconf 86' lang='lat' dir='ltr'><strong>quarum</strong></span> <span class='ocrx_word' id='word_1_761' title='bbox 2711 4047 2834 4100; x_wconf 85' lang='lat' dir='ltr'><strong>pars</strong></span> <span class='ocrx_word' id='word_1_762' title='bbox 2863 4028 3086 4087; x_wconf 83' lang='lat' dir='ltr'><strong>oll&#39;ertur</strong></span> <span class='ocrx_word' id='word_1_763' title='bbox 3111 4030 3291 4093; x_wconf 87' lang='lat' dir='ltr'><strong>altari,</strong></span> <span class='ocrx_word' id='word_1_764' title='bbox 3321 4043 3447 4098; x_wconf 88' lang='lat' dir='ltr'><strong>pars</strong></span> 
     </span>
    </p>
   </div>
   <div class='ocr_carea' id='block_1_98' title="bbox 1869 4121 3447 4192">
    <p class='ocr_par' dir='ltr' id='par_1_98' title="bbox 1869 4121 3447 4192">
     <span class='ocr_line' id='line_1_98' title="bbox 1869 4121 3447 4192; baseline -0.006 -9"><span class='ocrx_word' id='word_1_765' title='bbox 1869 4128 2243 4184; x_wconf 80' lang='lat' dir='ltr'><strong>saccrdmibus</strong></span> <span class='ocrx_word' id='word_1_766' title='bbox 2261 4125 2514 4181; x_wconf 83' lang='lat' dir='ltr'><strong>traditur.</strong></span> <span class='ocrx_word' id='word_1_767' title='bbox 2537 4123 2654 4178; x_wconf 84' lang='lat' dir='ltr'><strong>Non</strong></span> <span class='ocrx_word' id='word_1_768' title='bbox 2677 4131 2761 4178; x_wconf 89' lang='lat' dir='ltr'><strong>est</strong></span> <span class='ocrx_word' id='word_1_769' title='bbox 2783 4138 2911 4192; x_wconf 86' lang='lat' dir='ltr'><strong>ergo</strong></span> <span class='ocrx_word' id='word_1_770' title='bbox 2940 4121 3266 4176; x_wconf 88' lang='lat' dir='ltr'><strong>credendum</strong></span> <span class='ocrx_word' id='word_1_771' title='bbox 3303 4124 3447 4192; x_wconf 85' lang='lat' dir='ltr'><strong>quod</strong></span> 
     </span>
    </p>
   </div>
   <div class='ocr_carea' id='block_1_99' title="bbox 1869 4212 3451 4292">
    <p class='ocr_par' dir='ltr' id='par_1_99' title="bbox 1869 4212 3451 4292">
     <span class='ocr_line' id='line_1_99' title="bbox 1869 4212 3451 4292; baseline -0.004 -17"><span class='ocrx_word' id='word_1_772' title='bbox 1869 4221 2295 4292; x_wconf 81' lang='lat' dir='ltr'><strong>alienigenarum</strong></span> <span class='ocrx_word' id='word_1_773' title='bbox 2327 4227 2380 4271; x_wconf 91' lang='lat' dir='ltr'><strong>et</strong></span> <span class='ocrx_word' id='word_1_774' title='bbox 2416 4215 2787 4271; x_wconf 79' lang='lat' dir='ltr'><strong>cunuchorum</strong></span> <span class='ocrx_word' id='word_1_775' title='bbox 2820 4215 3029 4278; x_wconf 73' lang='lat' dir='ltr'><strong>ltostize,</strong></span> <span class='ocrx_word' id='word_1_776' title='bbox 3059 4213 3168 4268; x_wconf 90' lang='lat' dir='ltr'><strong>ritu</strong></span> <span class='ocrx_word' id='word_1_777' title='bbox 3223 4212 3451 4268; x_wconf 74' lang='lat' dir='ltr'><strong>Iudaico</strong></span> 
     </span>
    </p>
   </div>
   <div class='ocr_carea' id='block_1_100' title="bbox 1874 4306 3450 4381">
    <p class='ocr_par' dir='ltr' id='par_1_100' title="bbox 1874 4306 3450 4381">
     <span class='ocr_line' id='line_1_100' title="bbox 1874 4306 3450 4381; baseline -0.006 -13"><span class='ocrx_word' id='word_1_778' title='bbox 1874 4314 2246 4381; x_wconf 88' lang='lat' dir='ltr'><strong>requirantur.</strong></span> <span class='ocrx_word' id='word_1_779' title='bbox 2280 4307 2388 4365; x_wconf 86' lang='lat' dir='ltr'><strong>Sed</strong></span> <span class='ocrx_word' id='word_1_780' title='bbox 2426 4310 2532 4363; x_wconf 91' lang='lat' dir='ltr'><strong>hoc</strong></span> <span class='ocrx_word' id='word_1_781' title='bbox 2556 4310 2698 4363; x_wconf 87' lang='lat' dir='ltr'><strong>scire</strong></span> <span class='ocrx_word' id='word_1_782' title='bbox 2743 4307 3031 4372; x_wconf 91' lang='lat' dir='ltr'><strong>debemus,</strong></span> <span class='ocrx_word' id='word_1_783' title='bbox 3088 4306 3234 4375; x_wconf 91' lang='lat' dir='ltr'><strong>quod</strong></span> <span class='ocrx_word' id='word_1_784' title='bbox 3293 4306 3450 4359; x_wconf 86' lang='lat' dir='ltr'><strong>bolo-</strong></span> 
     </span>
    </p>
   </div>
   <div class='ocr_carea' id='block_1_101' title="bbox 1871 4397 3448 4470">
    <p class='ocr_par' dir='ltr' id='par_1_101' title="bbox 1871 4397 3448 4470">
     <span class='ocr_line' id='line_1_101' title="bbox 1871 4397 3448 4470; baseline -0.007 -9"><span class='ocrx_word' id='word_1_785' title='bbox 1871 4412 2055 4461; x_wconf 87' lang='lat' dir='ltr'><strong>causta</strong></span> <span class='ocrx_word' id='word_1_786' title='bbox 2077 4403 2312 4459; x_wconf 88' lang='lat' dir='ltr'><strong>eunuchi</strong></span> <span class='ocrx_word' id='word_1_787' title='bbox 2339 4401 2589 4464; x_wconf 79' lang='lat' dir='ltr'><strong>oll&#39;erant,</strong></span> <span class='ocrx_word' id='word_1_788' title='bbox 2609 4401 2700 4470; x_wconf 90' lang='lat' dir='ltr'><strong>qui</strong></span> <span class='ocrx_word' id='word_1_789' title='bbox 2719 4410 2860 4455; x_wconf 90' lang='lat' dir='ltr'><strong>totos</strong></span> <span class='ocrx_word' id='word_1_790' title='bbox 2878 4413 2936 4454; x_wconf 86' lang='lat' dir='ltr'><strong>se</strong></span> <span class='ocrx_word' id='word_1_791' title='bbox 2957 4407 3285 4454; x_wconf 89' lang='lat' dir='ltr'><strong>consecrant</strong></span> <span class='ocrx_word' id='word_1_792' title='bbox 3304 4397 3410 4452; x_wconf 91' lang='lat' dir='ltr'><strong>Deo</strong></span> <span class='ocrx_word' id='word_1_793' title='bbox 3432 4413 3448 4450; x_wconf 91' lang='lat'>:</span> 
     </span>
    </p>
   </div>
   <div class='ocr_carea' id='block_1_102' title="bbox 1873 4489 3452 4563">
    <p class='ocr_par' dir='ltr' id='par_1_102' title="bbox 1873 4489 3452 4563">
     <span class='ocr_line' id='line_1_102' title="bbox 1873 4489 3452 4563; baseline -0.003 -17"><span class='ocrx_word' id='word_1_794' title='bbox 1873 4497 2125 4552; x_wconf 88' lang='lat' dir='ltr'><strong>victimas</strong></span> <span class='ocrx_word' id='word_1_795' title='bbox 2145 4504 2325 4549; x_wconf 88' lang='lat' dir='ltr'><strong>autem</strong></span> <span class='ocrx_word' id='word_1_796' title='bbox 2358 4490 2817 4563; x_wconf 83' lang='lat' dir='ltr'><strong>alienigeme,qui</strong></span> <span class='ocrx_word' id='word_1_797' title='bbox 2874 4489 2942 4544; x_wconf 87' lang='lat' dir='ltr'><strong>ad</strong></span> <span class='ocrx_word' id='word_1_798' title='bbox 2996 4499 3206 4560; x_wconf 87' lang='lat' dir='ltr'><strong>tempus</strong></span> <span class='ocrx_word' id='word_1_799' title='bbox 3259 4495 3452 4542; x_wconf 88' lang='lat' dir='ltr'><strong>vacant</strong></span> 
     </span>
    </p>
   </div>
   <div class='ocr_carea' id='block_1_103' title="bbox 1873 4579 3449 4655">
    <p class='ocr_par' dir='ltr' id='par_1_103' title="bbox 1873 4579 3449 4655">
     <span class='ocr_line' id='line_1_103' title="bbox 1873 4579 3449 4655; baseline -0.006 -14"><span class='ocrx_word' id='word_1_800' title='bbox 1873 4587 2127 4652; x_wconf 86' lang='lat' dir='ltr'><strong>orationi,</strong></span> <span class='ocrx_word' id='word_1_801' title='bbox 2158 4585 2226 4640; x_wconf 90' lang='lat' dir='ltr'><strong>de</strong></span> <span class='ocrx_word' id='word_1_802' title='bbox 2259 4583 2458 4655; x_wconf 87' lang='lat' dir='ltr'><strong>quibus</strong></span> <span class='ocrx_word' id='word_1_803' title='bbox 2509 4583 2751 4652; x_wconf 86' lang='lat' dir='ltr'><strong>10quilur</strong></span> <span class='ocrx_word' id='word_1_804' title='bbox 2809 4582 2948 4638; x_wconf 87' lang='lat' dir='ltr'><strong>Deus</strong></span> <span class='ocrx_word' id='word_1_805' title='bbox 2979 4597 2994 4635; x_wconf 93' lang='lat'><strong>:</strong></span> <span class='ocrx_word' id='word_1_806' title='bbox 3023 4579 3208 4635; x_wconf 86' lang='lat' dir='ltr'><strong>Hostia</strong></span> <span class='ocrx_word' id='word_1_807' title='bbox 3274 4580 3449 4632; x_wconf 86' lang='lat' dir='ltr'><strong>laudis</strong></span> 
     </span>
    </p>
   </div>
   <div class='ocr_carea' id='block_1_104' title="bbox 1872 4673 3445 4750">
    <p class='ocr_par' dir='ltr' id='par_1_104' title="bbox 1872 4673 3445 4750">
     <span class='ocr_line' id='line_1_104' title="bbox 1872 4673 3445 4750; baseline -0.007 -16"><span class='ocrx_word' id='word_1_808' title='bbox 1872 4679 2191 4749; x_wconf 77' lang='lat' dir='ltr'><strong>glori/iacvit</strong></span> <span class='ocrx_word' id='word_1_809' title='bbox 2241 4677 2369 4750; x_wconf 82' lang='grc' dir='ltr'><strong>[ΑΙ.</strong></span> <span class='ocrx_word' id='word_1_810' title='bbox 2412 4675 2732 4748; x_wconf 79' lang='lat' dir='ltr'><strong>gloriﬁcabit</strong></span> <span class='ocrx_word' id='word_1_811' title='bbox 2754 4674 2776 4747; x_wconf 62' lang='grc' dir='ltr'>ἶ</span> <span class='ocrx_word' id='word_1_812' title='bbox 2798 4691 2877 4729; x_wconf 90' lang='lat' dir='ltr'><strong>me</strong></span> <span class='ocrx_word' id='word_1_813' title='bbox 2907 4691 2928 4740; x_wconf 87' lang='lat'><strong><em>;</em></strong></span> <span class='ocrx_word' id='word_1_814' title='bbox 2959 4683 3014 4728; x_wconf 91' lang='lat' dir='ltr'><strong>et</strong></span> <span class='ocrx_word' id='word_1_815' title='bbox 3040 4675 3090 4726; x_wconf 90' lang='lat' dir='ltr'><strong>in</strong></span> <span class='ocrx_word' id='word_1_816' title='bbox 3137 4673 3242 4726; x_wconf 90' lang='lat' dir='ltr'><strong>alio</strong></span> <span class='ocrx_word' id='word_1_817' title='bbox 3279 4673 3400 4726; x_wconf 87' lang='lat' dir='ltr'><strong>loco</strong></span> <span class='ocrx_word' id='word_1_818' title='bbox 3430 4709 3445 4732; x_wconf 90' lang='lat'><strong>,</strong></span> 
     </span>
    </p>
   </div>
   <div class='ocr_carea' id='block_1_105' title="bbox 1875 4759 3444 4836">
    <p class='ocr_par' dir='ltr' id='par_1_105' title="bbox 1875 4759 3444 4836">
     <span class='ocr_line' id='line_1_105' title="bbox 1875 4759 3444 4836; baseline -0.008 -12"><span class='ocrx_word' id='word_1_819' title='bbox 1875 4767 2104 4824; x_wconf 85' lang='lat' dir='ltr'><strong>Immola</strong></span> <span class='ocrx_word' id='word_1_820' title='bbox 2129 4767 2236 4822; x_wconf 86' lang='lat' dir='ltr'><strong>Deo</strong></span> <span class='ocrx_word' id='word_1_821' title='bbox 2258 4767 2584 4836; x_wconf 83' lang='lat' dir='ltr'><strong>sacrificium</strong></span> <span class='ocrx_word' id='word_1_822' title='bbox 2634 4764 2812 4819; x_wconf 86' lang='lat' dir='ltr'><strong>laudis</strong></span> <span class='ocrx_word' id='word_1_823' title='bbox 2867 4759 3060 4832; x_wconf 84' lang='lat' dir='ltr'><strong>(Psal.</strong></span> <span class='ocrx_word' id='word_1_824' title='bbox 3119 4775 3260 4826; x_wconf 78' lang='lat' dir='ltr'><strong>sm,</strong></span> <span class='ocrx_word' id='word_1_825' title='bbox 3325 4761 3444 4827; x_wconf 75' lang='lat' dir='ltr'><strong>N).</strong></span> 
     </span>
    </p>
   </div>
   <div class='ocr_carea' id='block_1_106' title="bbox 1876 4851 3448 4924">
    <p class='ocr_par' dir='ltr' id='par_1_106' title="bbox 1876 4851 3448 4924">
     <span class='ocr_line' id='line_1_106' title="bbox 1876 4851 3448 4924; baseline -0.006 -10"><span class='ocrx_word' id='word_1_826' title='bbox 1876 4859 1950 4916; x_wconf 90' lang='lat' dir='ltr'><strong>De</strong></span> <span class='ocrx_word' id='word_1_827' title='bbox 1979 4861 2066 4915; x_wconf 88' lang='lat' dir='ltr'><strong>his</strong></span> <span class='ocrx_word' id='word_1_828' title='bbox 2097 4859 2336 4915; x_wconf 91' lang='lat' dir='ltr'><strong>victimis</strong></span> <span class='ocrx_word' id='word_1_829' title='bbox 2363 4869 2418 4912; x_wconf 85' lang='lat' dir='ltr'><strong>et</strong></span> <span class='ocrx_word' id='word_1_830' title='bbox 2449 4857 2801 4921; x_wconf 87' lang='lat' dir='ltr'><strong>holocaustis,</strong></span> <span class='ocrx_word' id='word_1_831' title='bbox 2837 4869 2934 4924; x_wconf 91' lang='lat' dir='ltr'><strong>per</strong></span> <span class='ocrx_word' id='word_1_832' title='bbox 2988 4853 3129 4908; x_wconf 89' lang='lat' dir='ltr'><strong>Osee</strong></span> <span class='ocrx_word' id='word_1_833' title='bbox 3189 4851 3448 4906; x_wconf 90' lang='lat' dir='ltr'><strong>Dominus</strong></span> 
     </span>
    </p>
   </div>
   <div class='ocr_carea' id='block_1_107' title="bbox 1874 4945 3449 5022">
    <p class='ocr_par' dir='ltr' id='par_1_107' title="bbox 1874 4945 3449 5022">
     <span class='ocr_line' id='line_1_107' title="bbox 1874 4945 3449 5022; baseline -0.006 -14"><span class='ocrx_word' id='word_1_834' title='bbox 1874 4954 2111 5022; x_wconf 87' lang='lat' dir='ltr'><strong>loquitur</strong></span> <span class='ocrx_word' id='word_1_835' title='bbox 2156 4991 2172 5018; x_wconf 91' lang='lat'><strong>,</strong></span> <span class='ocrx_word' id='word_1_836' title='bbox 2205 4947 2628 5006; x_wconf 78' lang='lat' dir='ltr'><strong>Miserieordiam</strong></span> <span class='ocrx_word' id='word_1_837' title='bbox 2686 4950 2800 5004; x_wconf 78' lang='lat' dir='ltr'><strong>volo</strong></span> <span class='ocrx_word' id='word_1_838' title='bbox 2841 4957 2891 5002; x_wconf 91' lang='lat' dir='ltr'><strong>et</strong></span> <span class='ocrx_word' id='word_1_839' title='bbox 2927 4963 3033 5001; x_wconf 79' lang='lat' dir='ltr'><strong>non</strong></span> <span class='ocrx_word' id='word_1_840' title='bbox 3078 4945 3402 5013; x_wconf 77' lang='lat' dir='ltr'><strong>sacriﬁcium</strong></span> <span class='ocrx_word' id='word_1_841' title='bbox 3429 4959 3449 4998; x_wconf 90' lang='lat'><strong><em>:</em></strong></span> 
     </span>
    </p>
   </div>
   <div class='ocr_carea' id='block_1_108' title="bbox 1876 5037 3452 5113">
    <p class='ocr_par' dir='ltr' id='par_1_108' title="bbox 1876 5037 3452 5113">
     <span class='ocr_line' id='line_1_108' title="bbox 1876 5037 3452 5113; baseline -0.008 -12"><span class='ocrx_word' id='word_1_842' title='bbox 1876 5048 2150 5102; x_wconf 85' lang='lat' dir='ltr'><strong>scientiam</strong></span> <span class='ocrx_word' id='word_1_843' title='bbox 2173 5045 2290 5110; x_wconf 83' lang='lat' dir='ltr'><strong>Dei,</strong></span> <span class='ocrx_word' id='word_1_844' title='bbox 2323 5046 2489 5112; x_wconf 80' lang='lat' dir='ltr'><strong>magis</strong></span> <span class='ocrx_word' id='word_1_845' title='bbox 2512 5059 2670 5113; x_wconf 88' lang='lat' dir='ltr'><strong>quam</strong></span> <span class='ocrx_word' id='word_1_846' title='bbox 2693 5039 3029 5102; x_wconf 76' lang='lat' dir='ltr'><strong>holocausta,</strong></span> <span class='ocrx_word' id='word_1_847' title='bbox 3079 5054 3195 5108; x_wconf 74' lang='lat' dir='ltr'><strong>qua:</strong></span> <span class='ocrx_word' id='word_1_848' title='bbox 3220 5037 3452 5106; x_wconf 72' lang='lat' dir='ltr'><strong>offerun-</strong></span> 
     </span>
    </p>
   </div>
   <div class='ocr_carea' id='block_1_109' title="bbox 1877 5125 3452 5205">
    <p class='ocr_par' dir='ltr' id='par_1_109' title="bbox 1877 5125 3452 5205">
     <span class='ocr_line' id='line_1_109' title="bbox 1877 5125 3452 5205; baseline -0.005 -17"><span class='ocrx_word' id='word_1_849' title='bbox 1877 5146 1964 5190; x_wconf 89' lang='lat' dir='ltr'><strong>tur</strong></span> <span class='ocrx_word' id='word_1_850' title='bbox 1985 5152 2143 5205; x_wconf 88' lang='lat' dir='ltr'><strong>super</strong></span> <span class='ocrx_word' id='word_1_851' title='bbox 2174 5136 2346 5190; x_wconf 88' lang='lat' dir='ltr'><strong>altare</strong></span> <span class='ocrx_word' id='word_1_852' title='bbox 2369 5134 2618 5200; x_wconf 84' lang='lat' dir='ltr'><strong>Domini(</strong></span> <span class='ocrx_word' id='word_1_853' title='bbox 2645 5130 2778 5186; x_wconf 88' lang='lat' dir='ltr'><strong>Osee</strong></span> <span class='ocrx_word' id='word_1_854' title='bbox 2810 5147 2882 5196; x_wconf 73' lang='lat' dir='ltr'><strong>Vl,</strong></span> <span class='ocrx_word' id='word_1_855' title='bbox 2923 5128 3019 5198; x_wconf 87' lang='lat'><strong>6).</strong></span> <span class='ocrx_word' id='word_1_856' title='bbox 3081 5129 3235 5194; x_wconf 84' lang='lat' dir='ltr'><strong>Quod</strong></span> <span class='ocrx_word' id='word_1_857' title='bbox 3285 5125 3452 5182; x_wconf 82' lang='lat' dir='ltr'><strong>Joan-</strong></span> 
     </span>
    </p>
   </div>
   <div class='ocr_carea' id='block_1_110' title="bbox 1871 5221 3452 5298">
    <p class='ocr_par' dir='ltr' id='par_1_110' title="bbox 1871 5221 3452 5298">
     <span class='ocr_line' id='line_1_110' title="bbox 1871 5221 3452 5298; baseline -0.006 -17"><span class='ocrx_word' id='word_1_858' title='bbox 1871 5243 1968 5282; x_wconf 88' lang='lat' dir='ltr'><strong>nes</strong></span> <span class='ocrx_word' id='word_1_859' title='bbox 1993 5229 2046 5282; x_wconf 92' lang='lat' dir='ltr'><strong>in</strong></span> <span class='ocrx_word' id='word_1_860' title='bbox 2072 5228 2394 5298; x_wconf 81' lang='lat' dir='ltr'><strong>Apocalypsi</strong></span> <span class='ocrx_word' id='word_1_861' title='bbox 2427 5229 2479 5280; x_wconf 93' lang='lat' dir='ltr'><strong>in</strong></span> <span class='ocrx_word' id='word_1_862' title='bbox 2511 5225 2650 5280; x_wconf 85' lang='lat' dir='ltr'><strong>coelo</strong></span> <span class='ocrx_word' id='word_1_863' title='bbox 2684 5239 2743 5279; x_wconf 91' lang='lat' dir='ltr'><strong>se</strong></span> <span class='ocrx_word' id='word_1_864' title='bbox 2776 5223 2979 5277; x_wconf 89' lang='lat' dir='ltr'><strong>vidisse</strong></span> <span class='ocrx_word' id='word_1_865' title='bbox 3049 5230 3304 5284; x_wconf 86' lang='lat' dir='ltr'><strong>testatur,</strong></span> <span class='ocrx_word' id='word_1_866' title='bbox 3351 5221 3452 5273; x_wconf 86' lang='lat' dir='ltr'><strong>sub</strong></span> 
     </span>
    </p>
   </div>
   <div class='ocr_carea' id='block_1_111' title="bbox 1872 5313 3452 5390">
    <p class='ocr_par' dir='ltr' id='par_1_111' title="bbox 1872 5313 3452 5390">
     <span class='ocr_line' id='line_1_111' title="bbox 1872 5313 3452 5390; baseline -0.007 -17"><span class='ocrx_word' id='word_1_867' title='bbox 1872 5336 1980 5390; x_wconf 90' lang='lat' dir='ltr'><strong>quo</strong></span> <span class='ocrx_word' id='word_1_868' title='bbox 2013 5331 2170 5375; x_wconf 86' lang='lat' dir='ltr'><strong>erant</strong></span> <span class='ocrx_word' id='word_1_869' title='bbox 2209 5320 2405 5373; x_wconf 70' lang='lat' dir='ltr'><strong>anima:</strong></span> <span class='ocrx_word' id='word_1_870' title='bbox 2441 5327 2739 5386; x_wconf 88' lang='lat' dir='ltr'><strong>martyrum</strong></span> <span class='ocrx_word' id='word_1_871' title='bbox 2795 5315 3001 5386; x_wconf 74' lang='lat' dir='ltr'><strong>(Apoc.</strong></span> <span class='ocrx_word' id='word_1_872' title='bbox 3039 5313 3156 5385; x_wconf 78' lang='lat' dir='ltr'><strong>VI).</strong></span> <span class='ocrx_word' id='word_1_873' title='bbox 3209 5313 3287 5367; x_wconf 83' lang='lat' dir='ltr'><strong>Ex</strong></span> <span class='ocrx_word' id='word_1_874' title='bbox 3344 5327 3452 5380; x_wconf 89' lang='lat' dir='ltr'><strong>quo</strong></span> 
     </span>
    </p>
   </div>
   <div class='ocr_carea' id='block_1_112' title="bbox 1875 5405 3450 5482">
    <p class='ocr_par' dir='ltr' id='par_1_112' title="bbox 1875 5405 3450 5482">
     <span class='ocr_line' id='line_1_112' title="bbox 1875 5405 3450 5482; baseline -0.008 -13"><span class='ocrx_word' id='word_1_875' title='bbox 1875 5429 2015 5469; x_wconf 91' lang='lat' dir='ltr'><strong>unus</strong></span> <span class='ocrx_word' id='word_1_876' title='bbox 2049 5417 2114 5468; x_wconf 91' lang='lat' dir='ltr'><strong>de</strong></span> <span class='ocrx_word' id='word_1_877' title='bbox 2138 5413 2421 5482; x_wconf 85' lang='lat' dir='ltr'><strong>Serapbim</strong></span> <span class='ocrx_word' id='word_1_878' title='bbox 2479 5413 2775 5465; x_wconf 89' lang='lat' dir='ltr'><strong>carbonem</strong></span> <span class='ocrx_word' id='word_1_879' title='bbox 2831 5408 3040 5478; x_wconf 83' lang='lat' dir='ltr'><strong>forcipe</strong></span> <span class='ocrx_word' id='word_1_880' title='bbox 3093 5405 3450 5475; x_wconf 89' lang='lat' dir='ltr'><strong>comprehen-</strong></span> 
     </span>
    </p>
   </div>
   <div class='ocr_carea' id='block_1_113' title="bbox 1871 5495 3447 5571">
    <p class='ocr_par' dir='ltr' id='par_1_113' title="bbox 1871 5495 3447 5571">
     <span class='ocr_line' id='line_1_113' title="bbox 1871 5495 3447 5571; baseline -0.006 -11"><span class='ocrx_word' id='word_1_881' title='bbox 1871 5521 1994 5560; x_wconf 87' lang='lat' dir='ltr'><strong>sum</strong></span> <span class='ocrx_word' id='word_1_882' title='bbox 2023 5506 2087 5560; x_wconf 88' lang='lat' dir='ltr'><strong>ad</strong></span> <span class='ocrx_word' id='word_1_883' title='bbox 2114 5505 2264 5559; x_wconf 70' lang='lat' dir='ltr'><strong>Isaia:</strong></span> <span class='ocrx_word' id='word_1_884' title='bbox 2288 5502 2478 5560; x_wconf 87' lang='lat' dir='ltr'><strong>detulit</strong></span> <span class='ocrx_word' id='word_1_885' title='bbox 2509 5501 2646 5555; x_wconf 85' lang='lat' dir='ltr'><strong>labia</strong></span> <span class='ocrx_word' id='word_1_886' title='bbox 2697 5502 2982 5570; x_wconf 86' lang='lat' dir='ltr'><strong>purganda</strong></span> <span class='ocrx_word' id='word_1_887' title='bbox 3011 5497 3190 5571; x_wconf 71' lang='lat' dir='ltr'><strong>(Isa.</strong></span> <span class='ocrx_word' id='word_1_888' title='bbox 3237 5513 3311 5562; x_wconf 90' lang='lat' dir='ltr'><strong>tv,</strong></span> <span class='ocrx_word' id='word_1_889' title='bbox 3341 5495 3376 5550; x_wconf 83' lang='lat'><strong>6</strong></span> <span class='ocrx_word' id='word_1_890' title='bbox 3406 5497 3447 5559; x_wconf 93' lang='lat'><strong>).</strong></span> 
     </span>
    </p>
   </div>
   <div class='ocr_carea' id='block_1_114' title="bbox 1874 5590 3452 5663">
    <p class='ocr_par' dir='ltr' id='par_1_114' title="bbox 1874 5590 3452 5663">
     <span class='ocr_line' id='line_1_114' title="bbox 1874 5590 3452 5663; baseline -0.001 -15"><span class='ocrx_word' id='word_1_891' title='bbox 1874 5594 1990 5650; x_wconf 79' lang='lat' dir='ltr'><strong>Hoc</strong></span> <span class='ocrx_word' id='word_1_892' title='bbox 2027 5595 2324 5663; x_wconf 86' lang='lat' dir='ltr'><strong>estaltare,</strong></span> <span class='ocrx_word' id='word_1_893' title='bbox 2355 5603 2409 5649; x_wconf 90' lang='lat' dir='ltr'><strong>et</strong></span> <span class='ocrx_word' id='word_1_894' title='bbox 2437 5593 2544 5650; x_wconf 91' lang='lat' dir='ltr'><strong>hoc</strong></span> <span class='ocrx_word' id='word_1_895' title='bbox 2571 5592 3004 5659; x_wconf 89' lang='lat' dir='ltr'><strong>tabernaculum,</strong></span> <span class='ocrx_word' id='word_1_896' title='bbox 3033 5595 3098 5646; x_wconf 84' lang='lat' dir='ltr'><strong>ad</strong></span> <span class='ocrx_word' id='word_1_897' title='bbox 3155 5590 3314 5660; x_wconf 90' lang='lat' dir='ltr'><strong>cujus</strong></span> <span class='ocrx_word' id='word_1_898' title='bbox 3373 5590 3452 5648; x_wconf 81' lang='lat' dir='ltr'><strong>si-</strong></span> 
     </span>
    </p>
   </div>
   <div class='ocr_carea' id='block_1_115' title="bbox 245 5861 2210 5940">
    <p class='ocr_par' dir='ltr' id='par_1_115' title="bbox 245 5861 2210 5940">
     <span class='ocr_line' id='line_1_115' title="bbox 245 5861 2210 5940; baseline -0.002 -16"><span class='ocrx_word' id='word_1_899' title='bbox 245 5873 269 5903; x_wconf 81' lang='lat'>&#39;</span> <span class='ocrx_word' id='word_1_900' title='bbox 306 5861 572 5926; x_wconf 75' lang='lat' dir='ltr'><strong>Nonnulli</strong></span> <span class='ocrx_word' id='word_1_901' title='bbox 602 5884 732 5926; x_wconf 84' lang='lat' dir='ltr'><strong>mss.</strong></span> <span class='ocrx_word' id='word_1_902' title='bbox 766 5909 782 5940; x_wconf 85' lang='lat'><strong>,</strong></span> <span class='ocrx_word' id='word_1_903' title='bbox 806 5884 894 5936; x_wconf 86' lang='lat' dir='ltr'><strong>per</strong></span> <span class='ocrx_word' id='word_1_904' title='bbox 915 5869 1150 5924; x_wconf 82' lang='lat' dir='ltr'><strong>eumdem</strong></span> <span class='ocrx_word' id='word_1_905' title='bbox 1173 5868 1399 5938; x_wconf 86' lang='lat' dir='ltr'><strong>(supple</strong></span> <span class='ocrx_word' id='word_1_906' title='bbox 1422 5866 1744 5938; x_wconf 81' lang='lat' dir='ltr'><strong>prophetam)</strong></span> <span class='ocrx_word' id='word_1_907' title='bbox 1788 5873 2018 5922; x_wconf 82' lang='lat' dir='ltr'><strong>testatur</strong></span> <span class='ocrx_word' id='word_1_908' title='bbox 2046 5861 2210 5920; x_wconf 81' lang='lat' dir='ltr'><strong>Deus.</strong></span> 
     </span>
    </p>
   </div>
  </div>
