3856 6172
470 368 575 433 £63

1659 370 1719 430 S.
1762 368 2071 431 EUSEBII
2132 368 2534 432 ΙῘῙΕΒΟΝΥΜ
2544 371 2569 429 Ι

3557 379 3640 446 568

471 483 831 536 militudinem
862 482 1043 535 omnia
1074 481 1127 535 in
1163 480 1347 536 Exodo
1407 481 1567 551 (cap.
1615 486 1863 555 xxxvnt)
1894 483 2033 538 facta
2062 484 2110 546 Α
2141 491 2265 539 tem
2291 484 2441 553 ιπερδὶ
2504 490 2753 553 pastores
2801 482 3185 555 lgnoraverunt
3251 485 3644 559 lntelllgentlam;

474 572 813 638 referuntur,
845 573 1044 642 quibus
1072 572 1269 629 oblata:
1304 584 1432 628 sunt
1462 574 1700 630 victimae
1724 576 2043 645 spirituales

473 660 607 719 Deo.
644 664 897 732 Alioquin
924 664 992 719 de
1024 664 1402 735 corporalibus
1430 665 1646 731 hostiis,
1677 675 1732 721 et
1753 667 2043 722 holocaus-

471 756 543 810 tis
577 756 740 825 supra
777 755 916 810 idem
946 766 1176 812 testatur
1204 758 1343 812 Deus
1371 757 1388 791 ‘
1417 774 1435 812 :
1479 755 1546 812 Ut
1575 757 1702 829 quid
1742 759 1874 813 mihi
1906 759 2046 813 mul-

470 849 746 902 titudinem
812 849 1141 902 victimarum
1194 850 1541 905 vestrarum?
1584 851 1715 904 dicit
1766 849 2044 905 Dominus.

478 941 673 992 Plenus
702 956 817 992 sum
840 940 1332 1012 Itolocaustomate[
1358 941 1443 996 Al.
1511 941 2050 1015 Irolocautomatibus]

472 1033 716 1093 arie'um,
748 1040 795 1084 et
839 1030 993 1098 adipe
1034 1049 1312 1101 agnorum,
1352 1042 1402 1086 et
1429 1035 1740 1104 sanguinem
1774 1043 2052 1089 taurorum

470 1131 516 1173 et
549 1123 817 1173 hircorum
852 1122 994 1176 nolo.
1030 1121 1229 1177 Domus
1257 1123 1392 1178 enim
1412 1140 1553 1191 mea,
1585 1124 1772 1177 domus
1798 1124 2050 1177 orationis

471 1211 736 1263 vocabitur
753 1215 950 1265 cunctis
966 1212 1310 1280 populis.Non
1336 1214 1576 1285 unigenti
1597 1211 1812 1281 Judmae,
1831 1228 1928 1269 nec
1946 1228 2053 1267 uno

473 1300 859 1371 Hierosolyma:
886 1303 1101 1358 eturbis
1126 1305 1265 1368 loco,
1293 1306 1388 1360 sed
1410 1304 1464 1361 in
1485 1316 1594 1361 toto
1614 1306 1743 1362 orbe
1761 1315 2045 1362 terrarum:

472 1406 813 1462 nequaquam
834 1402 1114 1449 taurorum
1127 1406 1176 1449 et
1192 1394 1481 1469 hircorum,
1494 1407 1547 1452 et
1564 1400 1912 1463 arietum,sed
1929 1414 2059 1453 ora-

483 1481 675 1536 tionis.
708 1484 825 1546 Quo
864 1483 1174 1539 testimonio
1198 1485 1457 1541 Dominus
1479 1490 1677 1544 abusus
1696 1500 1811 1556 est,
1834 1489 2058 1557 loquens

475 1578 667 1624 contra
689 1586 807 1636 eos,
840 1572 932 1641 qui
969 1570 1206 1641 Spiritus
1240 1575 1415 1629 sancti
1447 1577 1547 1631 sub
1564 1580 1809 1645 nomine,
1843 1578 2065 1633 colum-‘

478 1661 671 1715 harum
709 1663 761 1716 in
790 1664 987 1732 templo
1011 1666 1153 1719 dona
1214 1666 1541 1733 vendebant,
1568 1678 1623 1723 et
1674 1667 1938 1723 sedebant
2000 1669 2054 1723 in

479 1752 755 1808 cathedris
786 1755 1131 1823 pestilentiae,
1190 1766 1245 1812 et
1302 1755 1579 1814 habebant
1626 1774 1847 1816 mensas
1893 1775 2052 1815 num-

476 1845 834 1899 mulariorum
868 1844 1102 1914 (Matth.
1134 1859 1223 1901 ιιι
1261 1857 1319 1902 et
1367 1846 1533 1903 Joan.
1586 1850 1676 1921 ιι),
1735 1850 1918 1905 omnia
1976 1852 2049 1904 l'a-

483 1935 693 1989 cientes
728 1939 903 2004 turpis
939 1938 1073 1992 lucri
1113 1940 1311 2007 gratia,
1367 1942 1677 1997 nescientes
1729 1943 1858 1998 illud
1906 1944 2053 2014 quod

478 2031 741 2095 scriptum
782 2037 900 2082 est:
929 2026 1109 2084 Gratis
1143 2031 1441 2099 accepistis,
1469 2034 1633 2103 gratis
1658 2034 1781 2088 date
1816 2034 2052 2105 (Matth.

480 2124 533 2177 ι.
562 2118 653 2187 8).
691 2117 817 2174 Haec
852 2129 1034 2175 autem
1076 2121 1256 2176 futura
1289 2124 1549 2180 Dominus
1588 2128 1923 2197 repromisit,
1956 2129 2053 2199 qui

481 2218 773 2279 congregat
797 2210 1073 2277 dispersos
1103 2212 1290 2269 Israel.
1319 2214 1399 2269 Ad
1424 2232 1559 2284 quos
1593 2229 1647 2273 et
1694 2217 1883 2274 Petrus
1913 2219 2058 2290 Apo-

489 2301 665 2356 stolus
694 2301 887 2356 scribit
915 2302 1073 2374 661
1105 2304 1424 2375 Epistolam;
1460 2308 1529 2361 de
1574 2308 1770 2378 quibus
1826 2327 2057 2382 evange-

485 2391 610 2446 lista
648 2392 890 2462 loquitur
929 2413 941 2449 :
980 2394 1093 2449 Hoc
1127 2406 1302 2451 autem
1338 2415 1369 2451 a
1419 2401 1695 2469 semetipso
1734 2420 1837 2457 non
1895 2406 2055 2472 dixit,

487 2484 579 2539 sed
616 2500 732 2539 cum
754 2496 886 2540 esset
908 2488 1152 2557 pontifex
1192 2492 1319 2544 anni
1343 2490 1512 2558 illius,
1540 2495 1890 2563 prophetavit,
1930 2499 2058 2568 quia

481 2578 642 2634 Iesus
666 2581 957 2635 moriturus
986 2594 1098 2636 erat
1131 2599 1228 2651 pro
1253 2592 1424 2653 gente,
1463 2595 1640 2641 etnon
1705 2598 1915 2643 tantum
1960 2607 2055 2659 pro

484 2682 655 2741 gente,
682 2672 773 2726 sed
790 2683 844 2724 ut
863 2672 1000 2741 ﬁlios
1036 2673 1149 2738 Dei,
1174 2675 1266 2743 qui
1292 2687 1442 2731 erant
1476 2672 1725 2747 dispersi,
1776 2698 2057 2753 congrega-

489 2772 569 2816 ret
602 2764 654 2816 in
681 2774 844 2817 unum
898 2762 1098 2831 (Joan.
1159 2782 1236 2834 x1,
1286 2767 1318 2821 7
1349 2767 1391 2838 ),
1444 2769 1865 2842 implereturque
1911 2771 2057 2843 quod

483 2858 686 2909 dictum
721 2864 804 2909 est
834 2874 847 2907 :
889 2855 1241 2926 Congregatio
1263 2865 1579 2927 populorum
1600 2863 1950 2920 circumdabit
1978 2876 2058 2922 te:

484 2956 693 3015 propter
712 2948 846 3000 hanc
868 2948 923 3002 in
955 2949 1212 3003 excelsum
1242 2960 1540 3006 conuertere
1562 2953 1579 2983 ⁸
1612 2953 1639 3023 (
1653 2954 1806 3009 Psal.
1833 2972 1928 3021 vn,
1961 2956 2056 3026 8).

486 3039 835 3109 Congregatis
862 3047 1043 3095 autem
1073 3055 1167 3110 per
1205 3043 1482 3111 apostolos
1541 3044 1792 3115 reliquiis
1868 3047 2055 3112 lsrael.

2151 587 2343 628 omnes
2374 573 2425 627 in
2457 573 2597 628 viam
2651 588 2804 629 suam
2850 575 3286 642 declinaverunt,
3335 582 3646 651 unusquisque

2152 663 2218 718 ad
2245 664 2530 719 avaritiam
2592 679 2771 732 suam,
2826 680 2856 719 a
2902 681 3118 722 summo
3148 682 3310 736 usque
3355 670 3419 725 ad
3459 675 3649 728 novissi~

2153 768 2319 808 mum.
2340 752 2554 819 Venite,
2581 769 2861 809 sumamus
2882 755 3093 819 vinum,
3121 766 3175 809 et
3205 755 3496 826 impleantur
3515 761 3653 815 ebrie-

2155 853 2283 905 tate.
2308 854 2362 899 et
2388 846 2491 899 erit
2516 846 2657 900 sicut
2688 846 2870 909 hodie,
2900 846 2981 902 sic
3012 854 3065 900 et
3092 861 3235 909 cras.
3270 857 3323 901 et
3382 849 3528 904 multo
3564 866 3653 904 am-

2153 937 2314 1007 plius.
2365 956 2384 989 ι
2432 936 2622 993 LXX:
2659 955 2678 989 ‹
2737 937 2927 995 Videte
2971 939 3228 1009 quoniam
3283 942 3512 995 excusati
3559 950 3657 997 sunt

2155 1043 2345 1083 omnes
2370 1047 2387 1095 ;
2415 1043 2521 1084 non
2554 1038 2931 1099 cognoverunt
2962 1030 3228 1095 universi,
3258 1045 3409 1087 canes
3429 1032 3542 1086 muti
3570 1047 3653 1088 non

2156 1131 2407 1190 poterunt
2461 1122 2708 1187 latrare;
2743 1124 3078 1179 somniantes
3142 1122 3412 1189 lectulum,
3460 1132 3661 1178 amantes

2157 1213 2591 1269 dormitationes.
2664 1212 2731 1268 Et
2787 1230 2954 1271 canes
3040 1215 3389 1284 impudentes
3438 1217 3457 1247 ⁸
3506 1215 3661 1270 anima

2158 1301 2694 1376 ignoraverunt[Al.
2738 1302 3031 1376 ignorant]
3060 1306 3416 1360 saturitatem.
3459 1304 3519 1359 Et
3565 1316 3667 1361 sunt

2159 1397 2287 1453 mali
2336 1397 2645 1453 nescientes
2699 1396 3110 1468 intelligentiam
3148 1412 3374 1463 ;omnes
3435 1396 3534 1451 vias
3568 1410 3666 1452 suas

2161 1491 2333 1545 secuti
2364 1498 2514 1544 sunt.
2554 1486 2944 1558 Unusquisque
2973 1489 3193 1544 simula
3223 1490 3516 1544 summitate
3541 1489 3669 1560 662

2160 1578 2297 1649 ejus.
2334 1576 2524 1633 Venite
2553 1588 2609 1633 et
2638 1592 2920 1634 sumamus
2952 1577 3165 1642 vinum,
3194 1586 3249 1632 et
3273 1578 3586 1642 inebrietnur,
3630 1588 3671 1632 et

2163 1670 2235 1724 sit
2266 1668 2390 1726 talis
2417 1670 2535 1724 dies
2569 1671 2830 1738 crastina,
2863 1684 3059 1741 magna
3093 1669 3331 1738 amplius
3382 1670 3544 1723 nimis.
3578 1686 3596 1720 ι
3617 1668 3674 1722 llt

2165 1764 2375 1829 omnes,
2403 1763 2596 1829 inquit,
2622 1764 2805 1819 bestia?
2843 1764 3017 1819 saltus
3071 1764 3311 1830 veniant,
3362 1771 3413 1818 et
3465 1764 3674 1819 devorent

2162 1866 2541 1925 congregatos,
2577 1856 2692 1910 sive
2751 1856 2802 1908 in
2862 1855 3040 1910 locum
3121 1855 3425 1911 Judaeorum
3482 1853 3675 1924 gentium

2160 1948 2332 2002 turba:
2361 1947 2672 2011 succedant,
2700 1946 3069 2016 speculatores
3093 1962 3285 2003 eorum
3304 1948 3355 2001 in
3382 1960 3533 2001 causa
3554 1956 3667 2011 sunt,

2160 2039 2368 2094 Scriba:
2390 2039 2641 2094 videlicet
2688 2049 2744 2093 et
2806 2037 3096 2106 Pharisa'i,
3155 2041 3283 2109 quia
3344 2054 3518 2093 omnes
3570 2038 3671 2091 caci

2162 2132 2472 2186 nescierunt
2506 2130 2791 2184 Dominum
2818 2131 3184 2197 Salvatorem,
3216 2145 3319 2186 nec
3349 2134 3511 2186 lucem
3536 2130 3680 2183 volue-

2165 2232 2287 2276 runt
2322 2222 2510 2277 videre
2536 2232 2886 2290 praesentem.
2916 2222 2998 2276 Ad
3029 2237 3171 2291 quos
3239 2222 3490 2277 Dominus
3539 2220 3682 2288 loque-

2164 2316 2322 2368 batur
2355 2329 2369 2367 τ
2411 2312 2574 2369 Stulti
2603 2323 2648 2367 et
2673 2315 2821 2378 cteci,
2861 2314 2989 2382 quid
3019 2324 3095 2368 est
3127 2315 3251 2383 plus
3307 2328 3509 2375 aurum,
3535 2326 3593 2362 an
3624 2307 3686 2362 al-

2166 2415 2281 2459 tare
2314 2405 2452 2473 quod
2483 2405 2784 2473 sanctiﬁcat
2812 2407 3043 2474 aurnm(
3074 2406 3275 2462 Matth.
3324 2419 3471 2480 mn,
3496 2401 3619 2469 l7)?
3644 2410 3685 2455 et

2159 2497 2351 2552 iterum
2393 2510 2406 2552 :
2449 2496 2618 2550 Duces
2681 2498 2828 2561 cwci,
2886 2498 3105 2552 culicem
3162 2498 3443 2566 liquantes,
3470 2503 3514 2549 et
3553 2507 3686 2547 came-

2159 2589 2268 2643 lum
2294 2590 2568 2658 glutientes
2596 2588 2766 2659 (Ibid.
2795 2588 2886 2654 25)
2912 2606 2928 2655 ;
2957 2598 3014 2645 et
3046 2606 3060 2643 :
3089 2589 3277 2646 Ctecus
3307 2605 3491 2645 ciccum
3512 2588 3686 2646 ducem.

2161 2681 2315 2734 ambo
2343 2681 2399 2734 in
2416 2682 2618 2751 foveam
2643 2681 2841 2733 cadunt
2862 2680 3073 2750 (Matth.
3110 2696 3205 2748 xv,
3240 2681 3353 2749 ll).
3382 2679 3523 2747 Quod
3544 2686 3688 2729 autem

2163 2772 2405 2844 magistri
2436 2772 2806 2842 speculatores
2848 2781 3139 2838 vocentur,
3173 2782 3232 2828 et
3266 2786 3426 2841 supra
3474 2768 3684 2837 legimus.

2159 2858 2217 2915 In
2244 2875 2309 2916 eo
2338 2860 2481 2915 enim
2508 2860 2627 2915 loco
2655 2860 2745 2915 ubi
2772 2860 2928 2930 juxta
2974 2858 3119 2914 LXX
3174 2860 3377 2915 dicitur
3407 2876 3420 2912 :
3454 2855 3551 2910 νοτ
3601 2866 3697 2907 cut-

2167 2950 2351 3005 todum
2378 2960 2592 3005 tuorum
2608 2949 2811 3005 elevata
2837 2962 2909 3005 est
2940 2949 3091 3021 (Isa.
3117 2965 3223 3016 ut,
3252 2951 3287 3006 8
3312 2950 3354 3019 ),
3389 2949 3441 3003 in
3474 2945 3695 3002 Hebraico

2163 3042 2426 3112 scriptum
2457 3051 2583 3108 est,
2628 3041 2740 3096 Vox
2802 3040 3205 3106 speculatorum
3244 3052 3477 3096 tuorum.
3511 3040 3574 3093 De
3606 3036 3700 3103 qui-

488 3141 542 3183 et
577 3131 629 3183 in
664 3145 829 3184 unum
868 3131 1100 3187 redactis
1133 3148 1349 3203 gregem
1380 3134 1485 3199 his,
1515 3137 1608 3206 qui
1667 3137 1880 3195 fueram
1932 3151 2061 3199 ante
2086 3141 2130 3200 ο
2163 3130 2265 3187 bus
2294 3140 2411 3187 erat
2454 3131 2722 3194 Ezechiel,
2758 3133 2843 3186 cui
2892 3132 3135 3201 loquitur
3192 3134 3375 3188 Deus:
3414 3130 3516 3184 Fili
3561 3126 3699 3180 homi-

490 3223 747 3291 tlispersi,
786 3237 979 3278 onmes
1019 3224 1210 3279 bestia:
1235 3239 1627 3296 provocamur,
1659 3240 1717 3283 ut
1756 3232 1980 3288 veniant
2010 3243 2066 3289 et

492 3315 757 3368 devorent
794 3306 982 3380 Israel,
1017 3328 1110 3369 eos
1146 3315 1419 3381 videlicet,
1447 3317 1540 3388 qui
1599 3320 1827 3377 credere
1873 3323 2070 3380 nolue-

495 3414 639 3470 runt,
673 3406 739 3461 de
772 3406 968 3474 quibus
990 3407 1279 3476 Apostolus
1316 3424 1329 3458 :
1364 3407 1577 3464 Etenim
1605 3413 1869 3478 perveniet
1914 3432 2072 3481 super

491 3514 576 3552 eos
597 3498 715 3567 ﬁnis
744 3495 1013 3567 (Philipp.
1040 3515 1121 3563 tu,
1156 3498 1270 3568 19).
1293 3500 1355 3554 Et
1384 3501 1646 3558 Dominus
1671 3503 1724 3557 in
1755 3501 2066 3577 Evangelio,

495 3588 625 3643 Cum
662 3601 837 3643 autem
870 3591 1104 3642 videritis
1136 3590 1461 3644 circumdari
1484 3593 1550 3646 ab
1573 3596 1805 3648 exercitu
1846 3595 2072 3651 Jerusa-

494 3681 616 3744 lem,
681 3691 804 3734 tunc
852 3682 1059 3744 scitote,
1124 3684 1264 3749 quod
1322 3684 1593 3738 advenerit
1661 3686 1777 3754 ejus
1824 3703 2073 3744 consune-

496 3773 660 3846 matio
725 3772 889 3845 (Luc.
946 3788 1023 3837 ιι,
1080 3771 1213 3840 20).
1275 3773 1400 3831 Sive
1453 3776 1557 3832 hoc
1587 3777 1876 3835 dicendum
1910 3784 2073 3839 devo-

495 3872 747 3937 randum,
778 3872 923 3942 quod
946 3872 1135 3928 bestiis
1181 3873 1248 3929 ad
1291 3874 1663 3933 devorandum
1697 3878 1878 3933 traditi
1919 3887 2069 3943 sunt,

495 3982 633 4033 quas
664 3965 963 4019 detestatur
990 3962 1282 4034 Propheta,
1318 3966 1506 4022 dicens
1566 3983 1585 4022 :
1644 3966 1723 4024 Nc
1773 3969 1956 4023 tradas
1990 3971 2081 4023 be-

495 4059 611 4110 stiis
685 4073 892 4110 ammas
940 4056 1246 4123 conﬁtentes
1276 4056 1371 4111 tibi
1398 4057 1417 4127 (
1446 4056 1595 4115 Psal.
1652 4074 1852 4125 LXXIII,
1912 4058 2015 4127 l9)
2058 4076 2075 4125 ;

501 4151 666 4203 dehis
698 4150 1031 4217 tropologice
1061 4149 1276 4214 bestiis,
1339 4163 1458 4218 quae
1521 4159 1733 4219 partem
1785 4150 2079 4220 quamdam

503 4240 714 4292 Domini
756 4239 1123 4305 devorarunt,
1179 4251 1233 4294 et
1297 4256 1462 4310 supra
1519 4242 1683 4311 (cap.
1721 4256 1769 4294 Ix
1801 4239 1820 4311 )
1851 4242 2081 4311 legimus

506 4328 719 4399 Syriam
752 4329 818 4382 ab
842 4335 963 4385 ortu
991 4329 1145 4393 solis,
1179 4338 1232 4384 et
1255 4328 1480 4384 Graecos
1506 4330 1575 4384 ab
1611 4328 1934 4394 Occidente,
1989 4330 2082 4400 qui

505 4425 763 4477 devorant
789 4420 949 4476 Israel
981 4431 1093 4476 toto
1123 4436 1216 4475 ore
1236 4438 1251 4488 ;
1288 4432 1341 4477 et
1373 4421 1426 4475 in
1505 4420 1741 4477 Jeremia
1776 4437 1791 4477 :
1847 4419 1972 4475 Ovis
2000 4436 2086 4474 er-

2170 3222 2276 3285 nis,
2298 3222 2681 3289 speculatorem
2710 3220 2835 3275 dedi
2863 3230 2912 3276 te
2941 3224 3127 3278 domui
3168 3224 3345 3278 Israel
3374 3235 3390 3293 (
3418 3220 3592 3276 Bacch.
3636 3231 3701 3277 tn.

2172 3312 2295 3382 17).
2325 3312 2430 3368 Sed
2460 3310 2533 3366 illi
2584 3309 2955 3381 speculatores
2981 3330 3085 3369 non
3118 3326 3285 3370 erant
3312 3316 3458 3370 caeci.
3504 3310 3703 3377 Denique

2174 3404 2594 3476 appellabantur
2628 3404 2896 3460 videntes.
2921 3403 3015 3459 Isti
3053 3414 3242 3459 autem
3280 3405 3349 3459 de
3375 3401 3560 3472 quibus
3603 3398 3706 3453 Pre-

2174 3498 2335 3569 pheta
2377 3512 2520 3553 nunc
2552 3495 2813 3567 loquitur,
2854 3511 2957 3549 non
2991 3496 3172 3551 solum
3203 3498 3564 3566 speculatores
3587 3489 3703 3551 caeci.

2176 3588 2270 3643 sed
2300 3598 2351 3643 et
2382 3603 2543 3643 canes
2570 3590 2706 3643 muti
2742 3587 3106 3659 appellantur,
3128 3605 3239 3643 non
3273 3588 3509 3643 valentes
3529 3583 3708 3636 latrare.

2174 3677 2277 3745 Qui
2308 3678 2452 3732 enim
2509 3693 2727 3749 gregem
2782 3674 2995 3734 Domini
3054 3680 3340 3735 custodire
3389 3673 3709 3733 debebant,et

2176 3768 2333 3834 lupos
2349 3766 2585 3837 abigere,
2631 3777 2685 3824 et
2716 3767 2915 3824 latrare
2945 3783 3042 3838 pro
3066 3766 3335 3833 Domino,
3354 3767 3572 3837 diligunt
3596 3774 3711 3816 som-

2179 3862 2289 3926 nia,
2322 3868 2378 3915 et
2406 3859 2754 3915 daemoniacis
2805 3858 3119 3915 visionibus
3175 3858 3537 3916 delectantur.
3570 3850 3627 3905 Et
3652 3854 3714 3901 est

2179 3952 2374 4006 sensus
2406 3948 2558 4004 :Non
2595 3957 2820 4020 possunt
2845 3948 2994 4019 loqui
3023 3950 3345 4015 veritatem,
3376 3947 3470 4004 sed
3499 3942 3708 3999 universa

2181 4040 2487 4097 mendacia.
2519 4039 2631 4097 Nec
2659 4042 2761 4098 hoc
2789 4041 2899 4098 line
2928 4043 3173 4098 contenti
3206 4050 3364 4105 sunt,
3396 4037 3483 4109 qui
3534 4037 3581 4091 in
3622 4045 3718 4087 eus-

2186 4133 2331 4189 todia
2365 4128 2545 4204 gregis
2583 4128 2800 4187 Domini
2852 4130 3232 4199 dormiebant,
3288 4143 3348 4187 et
3408 4128 3592 4186 latrare
3635 4132 3717 4175 non

2185 4231 2456 4296 poterant,
2485 4234 2539 4279 et
2567 4225 2823 4278 amabant
2862 4216 3066 4286 cubile.
3099 4238 3201 4291 per
3223 4238 3351 4292 qua:
3384 4220 3614 4289 voluptas
3630 4226 3723 4267 eor-

2186 4317 2335 4386 poris
2396 4316 2695 4382 indicatur;
2729 4317 2822 4369 sed
2859 4316 2998 4383 apud
3045 4328 3178 4369 suos
3241 4310 3571 4382 impudentes
3621 4296 3720 4373 [Αι-

2189 4409 2570 4480 impudentisj
2630 4409 2825 4460 anima:
2874 4406 3198 4460 nescierunt
3258 4407 3611 4460 saturitatem,
3654 4389 3724 4459 Ψιί

506 4532 632 4569 rans
664 4514 858 4581 Israel,
900 4517 1070 4571 leones
1096 4515 1358 4584 ejecerunt
1380 4530 1498 4568 eam
1522 4530 1541 4568 :
1572 4515 1777 4583 primus
1805 4514 2067 4566 devoravit

2189 4515 2462 4567 nunquam
2494 4511 2592 4552 suo
2620 4506 2941 4551 saturantur
2970 4510 3187 4551 errore.
3213 4494 3323 4563 Qui
3370 4496 3613 4547 devorant
3638 4482 3727 4551 vle‘

507 4625 622 4665 eam
643 4623 734 4662 rex
757 4608 944 4674 Assur,
967 4617 1015 4660 et
1074 4607 1383 4660 novissimus
1421 4603 1718 4675 confringet
1771 4622 1892 4659 ossa
1940 4604 2086 4659 illius

509 4720 601 4758 rea:
634 4699 920 4771 Babylonis
953 4696 1191 4769 (Jerem.
1229 4713 1283 4762 ι..
1317 4697 1383 4750 ΓΙ
1413 4696 1455 4767 ).
1494 4696 1677 4751 Potest
1702 4708 1758 4752 et
1790 4697 1893 4753 hoc
1953 4696 2088 4761 diei,

509 4797 653 4866 quod
688 4809 810 4848 cum
850 4791 1019 4847 Israel
1051 4789 1250 4860 populo
1274 4789 1483 4845 rabidae
1507 4789 1658 4858 prius
1706 4800 1899 4860 gentes
1959 4803 2091 4858 pro-

507 4895 773 4941 vocentur
802 4883 869 4938 ad
896 4880 1082 4945 (idem,
1105 4890 1165 4934 ut
1196 4880 1433 4934 desertis
1455 4879 1711 4945 saltibus,
1742 4879 1832 4948 qui
1858 4878 2094 4933 deexer-

513 4984 622 5033 «:itu
650 4974 949 5032 Abessalon
1005 4972 1272 5045 plurimos
1338 4969 1682 5035 occiderunt,
1744 4968 1965 5024 veniant
2025 4966 2092 5021 ad

518 5070 814 5125 Ecclesium
843 5079 898 5124 et
953 5068 1241 5123 cometlant
1291 5062 1565 5119 caelestem
1616 5076 1832 5132 panem,
1860 5062 2097 5132 agnique

519 5174 688 5213 carne
742 5167 1080 5214 saturentur.

592 5248 769 5321 (Vers.
802 5250 889 5315 l0,
918 5249 1030 5314 12.)
1074 5266 1094 5299 ι
1149 5245 1531 5315 Speculatores
1561 5243 1679 5313 ejus
1700 5244 1829 5299 casei
1882 5257 2096 5308 omnes,

523 5343 831 5397 nescierunt
862 5342 1095 5393 universi
1134 5353 1337 5394 :canes
1396 5336 1531 5391 muti
1567 5351 1674 5391 non
1725 5336 1964 5390 valentes
2018 5333 2099 5388 la-

524 5447 691 5497 trare,
718 5430 965 5485 videntes
990 5445 1152 5496 vana,
1185 5432 1537 5492 dormientes,
1571 5437 1625 5482 et
1648 5437 1895 5482 amantes
1951 5440 2100 5480 som-

522 5526 637 5579 nia.
670 5523 737 5579 Et
766 5535 929 5577 canes
960 5520 1417 5591 impudentissiml
1471 5519 1789 5575 nescierunt
1847 5518 2105 5573 saturita-

606 5727 624 5757 ¹
650 5723 991 5779 Ambrosiani
1030 5722 1139 5778 duo
1189 5717 1349 5773 codd.
1379 5755 1394 5782 ,
1426 5734 1520 5785 pro
1582 5723 1678 5771 hac
1728 5717 1780 5769 in
1841 5713 2101 5769 excelsum

535 5797 834 5868 regredere.

2184 4590 2310 4646 bent
2345 4588 2931 4645 Dominisicutescam
2965 4589 3144 4656 panis,
3203 4598 3263 4643 et
3325 4588 3517 4642 domos
3574 4576 3729 4635 vidua-

2193 4699 2309 4738 rum
2346 4724 2361 4749 ,
2387 4683 2631 4754 gulaque
2661 4696 2727 4734 ac
2752 4680 2961 4734 libidini
2992 4681 3265 4735 serviunt.
3306 4678 3424 4733 Non
3455 4676 3591 4730 enim
3629 4679 3727 4734 Po"

2191 4786 2315 4830 sunt
2344 4774 2525 4829 dicere
2555 4773 2903 4830 :Mandatum
2936 4771 3156 4827 Domini
3180 4772 3425 4826 lucidum
3466 4760 3732 4821 illuminant

2195 4868 2373 4921 oculos
2409 4864 2581 4937 (Psal.
2618 4879 2773 4927 xvnt,
2805 4862 2903 4933 9),
2925 4876 3028 4918 nec
3083 4878 3253 4918 nosse
3315 4859 3459 4931 quod
3515 4854 3736 4921 scriptum

2195 4966 2280 5012 est
2314 4998 2330 5019 ,
2366 4954 2640 5023 Sapientia
2667 4954 2895 5008 hominis
2930 4950 3208 5007 illuminat
3242 4952 3438 5021 faciem
3456 4950 3566 5018 ejus
3592 4941 3741 5015 (Prov-

2200 5062 2333 5110 xvn,
2360 5045 2430 5098 24
2459 5048 2499 5113 ).
2531 5042 2598 5097 Et
2621 5057 2793 5119 canes
2849 5043 2986 5096 muti
3033 5041 3337 5097 adversum
3387 5037 3645 5095 inimicos,
3676 5029 3741 5119 ide

2197 5138 2393 5207 quibus
2418 5118 2680 5206 scriptum
2715 5144 2800 5190 est
2832 5178 2848 5202 ,
2886 5133 3067 5189 Nolite
3092 5144 3351 5187 sanctum
3398 5132 3525 5184 dare
3562 5118 3743 5180 canibus

2205 5227 2224 5296 (
2250 5225 2446 5280 Matth.
2480 5242 2576 5292 vn,
2603 5226 2682 5293 6).
2729 5223 2794 5278 Et
2822 5239 2987 5278 canes
3014 5222 3384 5288 dormientes,
3414 5220 3505 5288 qui
3534 5211 3745 5269 nesciunt

2199 5334 2319 5374 esse
2341 5326 2662 5387 praeceptum
2703 5357 2719 5381 ,
2754 5315 2835 5370 Ne
2859 5316 3065 5369 dederis
3100 5330 3357 5367 somnum
3424 5310 3584 5367 oculis
3641 5299 3744 5363 tuis.

2203 5423 2249 5468 et
2281 5412 2548 5481 palpebris
2578 5411 2684 5463 tuis
2712 5408 3138 5462 dormitationem
3196 5405 3394 5475 (Psal.
3448 5395 3640 5465 cum)
3667 5410 3681 5448 :
3706 5398 3747 5443 et

2205 5514 2419 5556 rursum
2448 5540 2464 5567 ,
2503 5496 2752 5569 Vigilate,
2782 5498 2906 5567 quia
2932 5495 3140 5550 nescitis
3200 5512 3311 5566 qua
3344 5496 3474 5548 hora
3525 5484 3748 5545 Domitius

2222 5779 2232 5805 ,
2280 5704 2572 5790 ’,γίθίθτι
2629 5700 2968 5771 impudentis.
3031 5712 3094 5756 ex
3152 5696 3356 5755 Graeco
3419 5691 3648 5757 ἀναιδεῖς
3694 5685 3749 5757 τῇ

2206 5794 2374 5850 ψυκη·

3799 562 3801 665 l
