3902 6182
215 381 328 447 565

760 386 1251 450 ΟΟΜΜΕΝΤΑΒ.
1295 387 1385 450 1M
1426 387 1694 450 ISAIAM
1735 389 1809 449 PI

1917 390 2195 452 'HETAM
2234 393 2380 454 LIB.
2423 393 2545 465 XV,
2587 389 2746 454 CAP.
2790 391 2972 456 LVII.

3367 390 3481 454 566

216 507 390 548 vester
407 496 739 550 venturussit
764 497 996 565 (Matth.
1030 500 1414 570 xxiv,42).Et
1442 501 1644 556 idcirco
1665 501 1797 556 dan~
1834 505 1872 566 Δ
1903 520 2063 572 quant
2100 520 2318 560 causam
2361 504 2796 562 misericordiam
2843 513 3136 560 consecuta
3157 503 3198 569 ³,
3245 503 3399 559 audit
3441 521 3470 560 a

221 598 306 640 tes
345 586 519 641 locum
544 587 780 651 diabolo,
813 604 976 643 canes
1005 590 1472 660 impudentissimi
1495 603 1644 656 sunt,
1694 593 1787 662 qui

219 693 499 747 nunquam
535 689 874 734 saturantur.
908 679 1145 736 Vomunt
1173 684 1316 738 enim
1348 685 1493 754 quod
1543 686 1795 741 comede-

220 781 370 834 runt,
394 781 442 826 et
481 780 828 826 revertuntur
855 773 921 826 ad
939 774 1102 844 663
1122 777 1382 830 vomitum
1401 791 1560 831 suum
1589 779 1605 844 (
1636 777 1792 832 Prov.

217 863 406 928 xxvi).
436 863 507 916 De
535 864 736 931 quibus
793 877 846 920 et
895 864 1094 920 Petrus
1151 866 1443 935 Apostolus
1501 869 1795 936 loquitur:

218 952 424 1003 Accidit
459 953 564 1007 illis
590 971 766 1008 verum
802 956 936 1008 illud
961 957 1292 1024 proverbium
1315 975 1333 1012 :
1364 958 1521 1013 Canis
1560 976 1794 1015 reversus

222 1040 294 1087 ad
313 1039 557 1091 vomitum
574 1057 751 1107 suum,
773 1053 819 1098 et
837 1061 926 1098 sus
943 1047 1052 1100 tota
1067 1045 1123 1099 in
1143 1046 1416 1102 volutabra
1431 1047 1532 1102 luti
1554 1047 1639 1118 (II
1651 1048 1794 1106 I’etr.

226 1145 289 1189 ll,
310 1129 576 1198 22).Quos
589 1136 959 1204 speculatores
977 1147 1031 1191 et
1051 1151 1216 1193 canes
1235 1139 1454 1193 eosdem
1475 1154 1597 1195 esse
1613 1152 1798 1210 pasto-

223 1239 340 1286 res,
365 1240 596 1294 sequens
625 1240 807 1282 sermo
835 1230 1176 1284 demonstrat
1201 1247 1214 1282 :
1243 1228 1358 1299 Ipsi
1375 1243 1612 1298 pastores
1651 1235 1798 1304 igno-

223 1327 479 1370 raverunt
529 1317 956 1390 intelligentiam.
1007 1321 1247 1376 Verbum
1275 1323 1422 1378 enim
1474 1322 1797 1380 Hebraicunt

225 1404 404 1477 {nant
460 1409 547 1463 Al.
609 1424 749 1465 ιιοειι
784 1411 800 1480 1
837 1411 1062 1480 (Div-1)
1103 1414 1244 1482 quod
1304 1423 1541 1481 quatuor
1597 1416 1800 1474 litteris

223 1499 506 1564 scribitur,
544 1517 624 1556 res
654 1511 709 1556 et
747 1503 838 1556 ain
862 1512 915 1558 et
931 1504 1032 1573 jod
1069 1514 1124 1559 et
1153 1520 1314 1572 mem,
1338 1506 1384 1560 si
1416 1506 1624 1575 legatur
1645 1508 1800 1572 roim,

224 1600 467 1656 pastores
498 1593 584 1657 ;si
625 1593 783 1660 raim,
843 1597 1094 1660 pessimos
1151 1606 1327 1652 sonat.
1373 1598 1486 1653 Hoc
1540 1599 1799 1663 diximus,

235 1688 294 1732 ut
325 1681 488 1734 varis:
511 1681 982 1750 interpretationis
1005 1701 1199 1740 causas
1221 1688 1805 1745 monstraremus.0m¢

230 1785 328 1825 nes
360 1771 503 1825 enim
535 1787 634 1826 sua
666 1775 1018 1842 quassierunt,
1075 1787 1128 1832 et
1173 1793 1278 1833 non
1329 1795 1449 1848 quas
1512 1780 1602 1836 Dei
1655 1791 1798 1847 sunt,

230 1859 503 1931 (Philipp.
539 1863 640 1934 η’),
688 1881 790 1922 nec
835 1867 1248 1924 ambulaverunt
1278 1845 1374 1942 per
1404 1874 1543 1927 viam
1590 1845 1802 1928 Domini
1837 1845 1878 1900 Β

229 1953 298 2006 de
323 1968 428 2021 qtta
463 1955 728 2025 scriptum
760 1969 844 2012 est
874 1975 887 2012 :
924 1959 1162 2023 Quterite
1184 1977 1303 2031 qua:
1328 1963 1394 2016 sit
1428 1965 1514 2017 via
1542 1965 1678 2018 bona
1703 1981 1720 2019 :
1749 1974 1800 2020 et

230 2051 501 2106 ambulate
531 2052 586 2106 in
614 2052 934 2124 ea(Jerem.
977 2069 1056 2120 vr,
1086 2055 1216 2127 16).
1275 2057 1380 2112 sed
1433 2056 1588 2128 juxta
1648 2061 1798 2130 quod

229 2146 286 2198 in
325 2141 576 2198 Iudicum
627 2143 905 2202 volumine
955 2146 1154 2218 legitur
1195 2165 1212 2205 :
1251 2149 1380 2205 Non
1438 2162 1554 2206 erat
1607 2170 1698 2208 res:
1749 2155 1804 2208 in

235 2234 410 2292 Israel
437 2238 848 2307 ;unusquisque
881 2241 1021 2308 quod
1086 2249 1286 2295 rectum
1343 2244 1444 2298 sibi
1510 2245 1802 2309 videbatur,

233 2330 332 2381 hoc
362 2328 591 2396 faciebat
626 2328 825 2399 (ludic.
860 2346 990 2396 svn,
1019 2331 1052 2387 6
1079 2325 1119 2400 )I
1138 2341 1190 2386 et
1225 2335 1484 2402 proprios
1541 2339 1808 2404 sequeba-

236 2431 326 2473 tur
355 2437 589 2478 errores.
652 2422 914 2494 Quodque
972 2425 1244 2494 sequitur,
1318 2425 1685 2498 Unusquisque
1734 2430 1805 2482 ad

233 2514 524 2566 avaritiam
558 2532 731 2581 suam,
757 2535 788 2570 a
843 2533 1046 2570 summa
1105 2535 1266 2587 usque
1294 2520 1363 2572 ad
1417 2520 1762 2574 novissimum
1789 2565 1803 2585 ,

232 2605 426 2668 vertite,
454 2622 728 2661 sumamus
751 2610 949 2672 vinum,
980 2619 1027 2662 et
1062 2609 1379 2678 impleantur
1432 2612 1702 2679 ebrietate,
1758 2625 1807 2668 et

233 2697 333 2748 erit
361 2697 497 2748 sicut
527 2698 698 2764 hodie,
753 2701 828 2754 sic
883 2709 931 2754 et
989 2717 1128 2766 cras,
1171 2713 1218 2755 et
1260 2702 1423 2757 multo
1466 2706 1719 2772 amplius,
1753 2706 1806 2760 in

235 2786 379 2840 LXX
409 2785 806 2858 interpretibus
846 2807 949 2846 non
985 2793 1241 2858 habetur,
1281 2794 1375 2850 sed
1412 2809 1478 2849 ex
1539 2794 1809 2852 llebraico

236 2880 504 2944 additum,
536 2883 703 2936 stellis
737 2884 1168 2942 illuminantibus
1225 2894 1582 2956 praenotatur.
1643 2887 1808 2943 Deni-

234 2985 340 3038 que
362 2971 462 3025 hos
481 2973 776 3028 versiculos
804 2975 983 3030 nullus
1017 2976 1517 3033 ecclesiasticarum
1544 2979 1812 3048 interpre-

238 3071 350 3114 tum
378 3062 658 3129 disseruit,
683 3066 775 3118 sed
801 3067 955 3134 quasi
976 3076 1250 3136 patentem
1283 3070 1338 3124 in
1382 3071 1564 3125 medio
1596 3070 1808 3126 foveam

1897 594 2127 651 Domino
2159 611 2173 653 :
2205 595 2480 662 Omulier,
2526 613 2717 667 magna
2767 607 2843 651 est
2897 596 3029 664 ﬁdes
3061 605 3153 648 tua
3194 591 3335 663 .‘ﬁat
3380 597 3474 649 tibi

1897 687 2028 740 sicut
2062 687 2158 742 vis.
2193 687 2410 742 Poterat
2438 688 2585 743 enim
2605 688 2788 744 dicere
2805 701 2928 743 cum
2966 685 3232 756 Propheta
3266 703 3282 740 :
3320 684 3474 739 Viam

1897 779 2266 834 mandatorum
2295 789 2505 834 tuorum
2533 781 2744 835 cucurri
2773 782 2792 847 (
2818 778 2963 839 Psal.
2983 793 3169 844 cxvm,
3227 777 3298 834 52
3323 778 3340 846 )
3372 797 3386 844 ;
3420 788 3474 834 et

1897 869 2094 924 iterum
2133 907 2149 932 ,
2183 869 2364 924 Deduc
2387 885 2468 925 me
2487 871 2543 924 in
2567 871 2648 926 via
2668 880 2832 925 recta.

1969 961 2126 1031 (Cap.
2147 960 2305 1017 LVII.
2327 987 2398 1001 -
2417 960 2571 1018 Vers.
2604 963 2655 1028 I,
2685 962 2738 1015 2.
2768 975 2790 1031 j
2828 981 2846 1014 ι
2876 961 3064 1017 Justus
3080 960 3240 1030 periit
3278 957 3468 1031 [ναις.

1901 1051 2087 1124 perit],
2126 1061 2180 1109 et
2207 1069 2312 1108 non
2348 1063 2435 1109 est
2462 1054 2555 1123 qui
2589 1053 2851 1124 recogitet
2901 1055 2955 1108 in
3005 1053 3170 1109 corde
3199 1052 3221 1085 ⁸
3247 1067 3346 1107 suo
3379 1061 3474 1105 :ct

1899 1150 2004 1204 viri
2033 1149 2424 1205 misericordiae
2455 1149 2814 1217 colliguntur,
2845 1147 2969 1216 quia
3004 1160 3112 1201 non
3144 1155 3232 1201 est
3273 1145 3362 1213 qui
3390 1144 3471 1195 in-

1904 1241 2106 1307 telligat
2140 1256 2204 1294 :a
2237 1240 2376 1295 facie
2405 1239 2553 1294 enim
2591 1238 2811 1293 malitia:
2841 1238 3103 1292 collectus
3141 1244 3225 1290 est
3264 1233 3468 1304 justus.

1905 1329 2225 1400 Veniatpax
2258 1349 2272 1386 :
2309 1331 2622 1401 requiescat
2648 1329 2704 1383 in
2749 1327 2915 1384 cubili
2957 1343 3059 1383 suo
3103 1328 3194 1396 qui
3228 1326 3471 1379 ambulat

1906 1421 2096 1493 [ναις.
2175 1421 2493 1494 ambulavit]
2543 1422 2596 1476 in
2654 1421 2956 1476 directione
3028 1434 3149 1474 sua.
3188 1435 3206 1469 ι
3281 1415 3471 1470 LXX:

1909 1534 1928 1566 s
1965 1513 2162 1570 Videte
2190 1515 2471 1584 quomodo
2498 1515 2681 1582 justus
2716 1513 2896 1581 periit.
2945 1519 3004 1568 et
3052 1524 3213 1566 nemo
3243 1508 3476 1574 suscipit

1904 1607 2070 1660 corde
2103 1623 2118 1659 :
2171 1616 2226 1660 et
2253 1605 2354 1660 viri
2386 1606 2518 1674 justi
2555 1603 2838 1667 tolluntur,
2859 1613 2914 1657 et
2933 1615 3094 1656 nemo
3140 1598 3475 1654 considerat.

1905 1699 1951 1752 Α
1980 1697 2121 1752 facie
2142 1697 2288 1752 enim
2327 1697 2631 1766 iniquitatis
2666 1696 2880 1749 ablatus
2919 1702 3003 1748 est
3031 1692 3211 1762 justus
3239 1707 3254 1746 :
3288 1689 3391 1745 erit
3421 1689 3473 1742 in

1907 1804 2040 1857 pace
2081 1788 2357 1859 sepultura
2389 1788 2553 1858 ejus;
2580 1786 2758 1840 ablata
2802 1794 2886 1840 est
2915 1786 2981 1838 de
3013 1783 3211 1838 medio.
3249 1798 3268 1835 ι
3309 1781 3475 1848 Prop-

1906 1889 1988 1935 ter
2025 1879 2400 1948 speculatores
2444 1892 2625 1934 caecos
2659 1885 2716 1933 et
2747 1890 2913 1931 canes
2967 1885 3165 1939 mutos,
3212 1872 3309 1942 qui
3366 1870 3473 1940 ipsi

1905 1979 2155 2040 pastores
2187 1977 2338 2034 sunt,
2368 1969 2682 2024 nescientes
2716 1964 3156 2036 intelligentiam,
3188 1978 3289 2017 nec
3335 1975 3476 2030 prae-

1905 2060 2152 2116 sentibus
2213 2068 2531 2116 saturantur
2584 2058 2977 2128 voluptatibus,
3013 2056 3105 2111 sed
3167 2067 3386 2121 semper
3417 2066 3479 2107 se

1908 2161 2220 2222 praeparant
2240 2154 2307 2207 ad
2360 2151 2595 2214 futuras.
2649 2151 2830 2220 justus
2866 2149 3046 2218 periit,
3083 2147 3151 2202 de
3191 2159 3299 2214 quo
3347 2145 3482 2198 dicit

1907 2257 2046 2297 uxor
2112 2242 2267 2296 Pilati
2302 2260 2316 2296 :
2355 2241 2508 2296 Nihil
2567 2244 2662 2296 tibi
2726 2242 2798 2297 sit
2831 2253 2880 2294 et
2929 2242 3074 2307 iusto
3109 2238 3190 2291 illi
3245 2235 3476 2306 (Matth.

1908 2351 2079 2399 xxvii,
2123 2334 2236 2404 19).
2269 2333 2371 2400 Qui
2418 2334 2542 2390 lotis
2569 2335 2843 2396 manibus,
2883 2332 3136 2386 Innacens
3181 2345 3298 2384 sum
3361 2345 3474 2397 ego,

1906 2427 2102 2496 inquit,
2132 2427 2446 2496 asanguine
2489 2426 2629 2496 justi
2665 2426 2822 2494 hujus
2873 2423 3038 2494 (Ibid.
3095 2423 3211 2490 24).
3251 2423 3308 2477 in
3369 2436 3477 2489 quo

1908 2520 2363 2574 considerandum
2407 2518 2550 2587 quod
2595 2519 2829 2572 verbum
2878 2515 3228 2586 perditionis,
3276 2518 3342 2569 de
3372 2529 3480 2582 quo

1910 2626 2053 2680 saepe
2084 2610 2321 2665 haeretici
2369 2610 2700 2665 calumniam
2735 2611 2969 2673 faciunt,
3002 2611 3144 2679 quod
3196 2607 3477 2663 interitum

1909 2702 2200 2773 signiticet,
2238 2711 2294 2757 et
2344 2702 2694 2758 abolitionem
2760 2702 2814 2757 in
2854 2713 3201 2771 perpetuum,
3250 2709 3482 2770 ponatur

1909 2809 2073 2864 super
2105 2794 2345 2859 Christo,
2410 2795 2574 2865 cujus
2599 2796 2790 2864 utique
2821 2795 3053 2864 perditio
3079 2791 3481 2862 persecutionis

1912 2885 2443 2957 magnitudinem,et
2480 2900 2591 2940 non
2633 2887 2795 2939 tinem
2832 2893 3103 2939 monstrat
3138 2883 3476 2939 substantia.

1913 2978 1986 3033 Et
2032 2995 2182 3034 nemo
2231 2988 2334 3042 est,
2363 2979 2459 3042 ait,
2494 2982 2585 3047 qui
2617 2978 2864 3048 recogitet
2910 2981 2964 3032 in
2995 2977 3152 3030 corde
3197 2993 3313 3043 suo,
3361 2977 3478 3030 sive

1915 3077 2156 3137 reponat.
2183 3067 2366 3137 Neque
2397 3070 2542 3123 enim
2576 3068 2693 3122 ﬁeri
2743 3078 2977 3137 poterat,
3013 3079 3070 3122 ut
3099 3066 3227 3121 caeci
3260 3077 3313 3119 et
3344 3067 3480 3119 muti

237 3153 556 3208 transiliunt
585 3165 749 3226 atque
780 3159 1176 3215 transmittunt.
1209 3159 1368 3228 Quod
1423 3172 1606 3218 autem
1650 3163 1809 3229 dicit,

1917 3157 2163 3213 videntes
2195 3171 2334 3212 vana
2371 3165 2426 3212 et
2477 3168 2728 3213 amantes
2779 3156 3014 3222 sonmia,
3055 3156 3483 3225 ignoranteSque

237 3243 340 3297 hoc
379 3255 505 3299 est:
541 3245 802 3312 Quoniam
827 3264 858 3303 a
896 3249 984 3305 via
1015 3250 1224 3305 Domini
1259 3251 1621 3320 declinantes,
1681 3269 1806 3324 pro-

236 3334 386 3402 prias
412 3335 638 3391 semitas
666 3347 792 3392 sunt
821 3339 1016 3402 secuti.
1050 3349 1339 3410 propterea
1381 3343 1576 3398 ardent
1634 3345 1811 3398 avari-

239 3425 310 3477 tia
337 3441 370 3480 a
401 3441 617 3481 summo
647 3444 818 3499 usque
838 3430 907 3486 ad
933 3432 1314 3497 novissimum,
1379 3449 1409 3488 s
1462 3434 1807 3505 principibus

240 3531 414 3588 usque
445 3520 511 3573 ad
547 3519 779 3591 plebem,
813 3530 872 3576 ut
893 3532 1182 3594 postquam
1203 3525 1469 3593 cmperint
1525 3535 1810 3592 percutere

240 3626 560 3679 conservos,
599 3622 656 3668 et
689 3599 978 3672 comedere
1007 3631 1072 3672 ac
1104 3619 1292 3672 bibere
1317 3633 1441 3673 cum
1497 3620 1687 3682 ebriis.
1725 3620 1812 3674 di-

237 3713 396 3756 cant:
433 3701 636 3766 Venite,
675 3720 950 3760 sumamus
987 3707 1185 3773 vinum,
1221 3716 1271 3761 et
1299 3707 1615 3774 impleamur
1642 3708 1810 3763 ebrieo

239 3806 371 3850 tate.
403 3795 784 3851 Manducemus
809 3807 859 3852 et
888 3799 1146 3865 bibamus,
1175 3815 1292 3854 cras
1336 3801 1474 3854 enim
1504 3800 1810 3855 moriemur.

244 3889 316 3940 Et
348 3891 446 3942 erit
469 3891 603 3943 sicut
632 3891 804 3956 hodie,
825 3892 902 3944 sic
943 3900 994 3946 et
1057 3907 1214 3958 cras,
1265 3900 1315 3946 et
1368 3894 1534 3947 multo
1581 3893 1813 3963 amplius

245 3975 369 4047 (Ct.
397 3977 428 4031 Ι
460 3977 584 4032 Cor.
615 3994 708 4041 xv,
743 3980 824 4048 2).
857 3979 970 4036 lloc
998 3991 1082 4036 est
1109 3980 1254 4050 quod
1299 3997 1463 4050 supra
1490 3983 1626 4037 dixit
1657 4022 1673 4045 ,
1707 3981 1818 4038 Ne-

241 4071 474 4124 scierunt
496 4072 832 4124 saturitatem
861 4111 877 4136 ,
899 4087 1000 4126 nec
1019 4072 1295 4141 praeterita
1313 4074 1588 4144 voluptate
1604 4075 1818 4129 satian-

251 4171 340 4214 tur
365 4163 405 4226 ³,
430 4163 526 4216 sed
555 4162 764 4217 futuras
818 4161 1044 4219 delicias
1101 4175 1318 4233 parant,
1351 4165 1530 4234 multo,
1584 4165 1819 4238 majores

249 4269 410 4322 quam
441 4254 640 4323 quibus
672 4255 824 4324 prius
859 4253 1014 4310 fruiti
1053 4254 1291 4316 fuerant.
1323 4254 1381 4313 Si
1414 4257 1518 4313 hoc
1567 4257 1636 4315 de
1672 4260 1821 4329 prin-

250 4346 462 4416 cipibus
479 4346 680 4401 dicitur
708 4347 1041 4414 Judaeorum,
1079 4361 1301 4419 propter
1349 4365 1486 4420 quos
1513 4350 1664 4419 plebs
1715 4350 1823 4408 Do-

251 4441 378 4494 mini
407 4456 438 4494 a
470 4440 663 4496 bestiis
693 4443 950 4497 devorata
980 4452 1088 4508 est,
1120 4443 1356 4499 vitemus
1410 4445 1660 4514 exempla
1719 4461 1819 4514 pe-

1914 3250 2326 3319 intelllgentiam
2355 3260 2519 3320 atque
2556 3250 2905 3319 sapientiam,
2936 3249 3244 3318 cogitarent
3263 3261 3328 3300 ea
3358 3259 3481 3312 quae

1911 3338 2007 3395 Dei
2039 3349 2184 3395 sunt.
2213 3339 2475 3409 Quodque
2506 3339 2753 3409 sequitur
2791 3353 2806 3392 :
2840 3336 2912 3392 Et
2944 3337 3043 3393 viri
3079 3335 3478 3397 misericordiw,

1913 3431 2029 3487 sive
2051 3432 2212 3502 justi,
2238 3431 2563 3502 colliguntur
2589 3439 2742 3497 atque
2771 3430 3058 3495 tolluntur,
3089 3429 3365 3499 apostolos
3405 3429 3476 3481 si-

1913 3522 2154 3591 gniﬁcat,
2193 3522 2289 3592 qui
2315 3521 2724 3578 interﬁciuntur
2764 3523 2834 3577 ab
2859 3522 3066 3592 impiis,
3113 3531 3221 3576 eta
3253 3521 3485 3575 Domino

1914 3621 2336 3683 congregantur.
2374 3611 2699 3684 Caussaque
2765 3614 2948 3669 reddit
2999 3629 3097 3668 cur
3166 3611 3487 3668 Interfectus

1913 3705 1984 3760 sit
2011 3705 2194 3774 justus
2230 3713 2394 3773 atque
2448 3708 2719 3770 sublatus,
2757 3707 2946 3762 dicens
2991 3723 3008 3758 :
3037 3706 3080 3759 Α
3152 3705 3289 3773 facie
3347 3706 3486 3758 enim

1918 3797 2143 3851 malitia:
2169 3795 2418 3851 collectus
2455 3804 2534 3851 est
2547 3797 2751 3866 justus,
2781 3806 2840 3851 ut
2871 3795 3010 3850 mala
3039 3795 3225 3850 saeculi
3261 3811 3366 3850 non
3399 3795 3480 3850 vi-

1919 3887 2092 3942 deret.
2157 3885 2286 3942 Sive
2336 3895 2556 3956 propter
2588 3887 2856 3942 malitiam
2914 3888 3214 3948 hominum.
3241 3901 3478 3956 quorum

1920 3979 2040 4049 ipse
2073 3987 2293 4048 peccata
2325 3981 2596 4047 portabat.
2627 3980 2695 4034 ad
2741 3978 2955 4037 Patrem
3001 3980 3178 4035 victor
3211 3979 3482 4034 ascendit.

1917 4070 2072 4136 Quod
2095 4079 2276 4126 autem
2311 4070 2464 4143 juxta
2496 4070 2824 4127 Hebraicum
2849 4072 3051 4126 dicitur
3079 4087 3094 4125 ι
3135 4068 3323 4125 Veniat
3352 4086 3482 4140 pax,

1921 4162 2212 4231 requiescat
2245 4162 2304 4216 in
2323 4162 2486 4216 cubili
2516 4179 2611 4217 suo
2639 4178 2659 4217 :
2680 4161 2907 4216 ambulet
2932 4161 2986 4215 in
3012 4159 3177 4234 665
3201 4161 3490 4216 directione

1922 4267 2042 4319 sua,
2076 4266 2273 4308 sensus
2309 4253 2528 4322 quidem
2560 4251 2884 4322 perspicuus
2909 4262 3020 4316 est,
3060 4251 3158 4307 sed
3193 4251 3488 4308 verborum

1923 4344 2335 4411 consequentia,
2391 4357 2510 4410 quas
2561 4342 2614 4396 iu
2659 4357 2771 4398 sua:
2805 4342 3001 4413 linguai
3039 4352 3148 4400 stat
3207 4344 3488 4410 idiomate,

1926 4432 2068 4501 apud
2103 4446 2202 4486 nos
2233 4432 2448 4486 videtur
2479 4446 2600 4487 esse
2647 4436 2883 4488 turbata.
2935 4433 3089 4501 Quod
3118 4444 3301 4489 autem
3338 4434 3494 4498 dicit,

245 4533 450 4600 jtrum,
487 4546 587 4586 nec
619 4532 948 4588 inebriemur
996 4533 1147 4598 vino,
1186 4535 1238 4588 in
1270 4549 1378 4604 quo
1440 4544 1525 4591 est
1580 4537 1814 4602 luxuria,
1853 4529 1896 4583 υ
1925 4522 2028 4577 hoc
2071 4530 2155 4576 εει
2187 4538 2202 4574 ε
2248 4520 2444 4576 Venia!
2483 4536 2588 4592 l)ax
2641 4523 2805 4590 δυϐιίο
2835 4529 3012 4593 ῥίιιιαω
3056 4526 3363 4581 “condens
3425 4524 3494 4579 ad

251 4637 348 4675 nec
378 4620 744 4690 voluptatibus
773 4623 1106 4689 obruamur;
1149 4638 1248 4678 nec
1279 4623 1410 4679 muti
1475 4624 1542 4679 ad
1588 4625 1818 4694 loquen-

251 4713 377 4765 dum
402 4713 448 4773 ¹,
474 4722 663 4764 contra
739 4712 1087 4768 adversarios
1145 4725 1364 4769 nostros
1417 4716 1591 4770 rabidi
1648 4731 1816 4770 canes

253 4804 423 4856 simus
447 4819 462 4865 ;
488 4803 581 4856 sed
608 4802 698 4856 Dei
719 4804 896 4870 potius
913 4817 1075 4872 quam
1107 4813 1321 4860 nostras
1349 4820 1646 4874 sequamur
1670 4807 1808 4870 vias,

253 4891 611 4947 etaudiamus
636 4893 972 4962 Scripturam
1008 4906 1356 4952 monentem:
1399 4895 1580 4966 Sapite
1607 4898 1672 4951 de
1716 4898 1821 4952 Do-

255 4986 395 5038 mino
424 4987 478 5040 in
507 4986 737 5040 bonitate
766 4985 923 5056 (Sap.
964 4988 1048 5053 1,1
1074 4988 1094 5058 )
1119 5004 1134 5054 ;
1157 4997 1212 5043 et
1246 4989 1442 5044 iterum
1470 5006 1489 5044 :
1513 4989 1678 5063 664
1731 4989 1825 5046 In-

261 5077 546 5146 telligentia
568 5081 766 5143 optima
784 5077 953 5132 est/tis
974 5079 1065 5148 qui
1097 5079 1300 5147 faciunt
1329 5095 1467 5136 eam.
1492 5081 1628 5138 Etsi
1662 5096 1826 5138 canes

259 5163 482 5232 fuimus,
503 5180 611 5221 non
641 5167 996 5236 desperemus
1015 5170 1272 5234 salutem,
1333 5171 1616 5226 audientes
1661 5176 1823 5229 verba

261 5256 575 5311 Chananeus
600 5257 834 5314 dicentis
863 5259 930 5313 ad
964 5259 1255 5315 Dominum
1289 5278 1305 5317 :
1342 5259 1546 5329 Etiam,
1577 5262 1824 5330 Domine,

261 5359 437 5402 namet
469 5348 649 5402 catelli
674 5351 952 5405 comedunt
1012 5351 1079 5406 de
1125 5353 1296 5418 micis,
1348 5371 1465 5424 qua!
1513 5356 1712 5410 cadunt
1761 5358 1827 5411 de

261 5452 437 5491 mensa
495 5438 830 5493 dominorum
887 5455 1108 5494 suorum
1159 5439 1386 5511 (Matth.
1437 5456 1524 5507 xv,
1582 5442 1829 5513 27).0b

327 5593 363 5713 ἔ.
390 5592 644 5661 Legimus
672 5595 859 5650 satiati
889 5605 1018 5652 sunt
1052 5612 1177 5653 cum
1208 5595 1542 5656 V'ictorianis
1580 5614 1711 5656 mss.
1734 5616 1830 5670 pro

347 5673 545 5713 tantur.

266 5673 545 5717 satiantur.

335 5731 356 5760 ³
388 5729 616 5804 Multum
650 5734 866 5792 diverso
896 5751 1058 5792 sensu
1115 5752 1258 5793 unus
1309 5739 1679 5804 Ambrosiam,
1739 5757 1830 5793 nec

273 5802 395 5852 muti
426 5802 493 5854 ad
523 5802 841 5873 loquendum
897 5819 1078 5862 contra
1115 5807 1465 5875 adversarios,
1514 5811 1565 5863 in
1622 5802 1828 5864 nostros

1925 4611 2139 4667 Patrem
2170 4613 2434 4682 apostolis
2467 4613 2780 4684 dereliquit,
2826 4615 3014 4672 dicens
3046 4631 3063 4674 :
3094 4615 3288 4671 Pacem
3321 4631 3491 4670 meam

1927 4704 1995 4757 do
2021 4705 2183 4768 vobis,
2213 4721 2391 4771 pacem
2415 4722 2585 4760 meam
2610 4707 2848 4777 relinquo
2870 4709 3013 4762 vobis
3041 4707 3224 4778 (loan.
3244 4725 3358 4770 xtv,
3379 4708 3495 4776 27).

1930 4797 2170 4866 Cumque
2230 4813 2334 4867 pax
2365 4797 2594 4866 Christi,
2623 4814 2746 4868 quae
2780 4809 3074 4869 exsuperat
3107 4816 3324 4856 omnem
3357 4817 3490 4856 sen-

1931 4904 2077 4953 sum,
2109 4890 2338 4954 venerit,
2367 4892 2714 4960 requiescent
2732 4893 2965 4960 apostoli
2996 4893 3114 4964 ejus
3144 4893 3196 4944 in
3223 4893 3494 4948 cubilibus

1931 4980 2064 5044 suis,
2119 4988 2173 5034 et
2203 4995 2351 5036 mors
2379 4995 2571 5038 eorum
2622 4987 2948 5053 requiescet.
2983 4983 3064 5038 Ex
3095 4997 3206 5052 quo
3256 4988 3498 5039 ostendit

1937 5079 2204 5140 martyres
2247 5087 2352 5129 non
2385 5073 2584 5142 perire,
2616 5074 2714 5131 sed
2767 5075 3006 5138 vincere,
3041 5082 3098 5129 et
3125 5083 3328 5130 aeterna
3369 5077 3497 5132 sede

1937 5164 2297 5232 requiescere.
2361 5162 2480 5234 Ipse
2530 5179 2661 5221 vero
2712 5165 2870 5236 cujus
2922 5178 3026 5233 pax
3073 5173 3180 5229 est,
3224 5176 3282 5222 et
3342 5168 3498 5238 cujus

1934 5255 2160 5323 apostoli
2195 5256 2542 5326 requiescunt
2571 5258 2626 5310 in
2654 5257 2924 5312 cubilibus
2955 5256 3094 5323 suis,
3141 5257 3386 5313 ambulat
3441 5259 3494 5312 in

1935 5346 2234 5401 directione
2261 5361 2378 5413 sua,
2403 5357 2550 5401 recto
2571 5346 2764 5402 itinere
2785 5347 2852 5402 ad
2874 5347 3088 5404 Patrem
3109 5349 3282 5405 victor
3304 5363 3495 5403 ascen-

1939 5438 2094 5492 dens.
2164 5435 2335 5491 Porro
2364 5439 2508 5506 quod
2548 5438 2604 5491 in
2643 5437 2999 5508 Septuaginta
3045 5441 3242 5511 legitur
3280 5478 3296 5505 ,
3329 5441 3374 5494 Α
3414 5439 3503 5508 [a-

1940 5598 2142 5659 rabidi.
2180 5606 2288 5652 etc.

2014 5669 2034 5700 ³
2062 5669 2207 5723 Idem
2259 5683 2408 5723 ius.:
2449 5665 2528 5720 0b
2587 5682 2747 5737 quam
2807 5683 3002 5735 vocem,

1939 5748 2239 5794 consecuta.

2013 5810 2029 5837 ’³
2054 5810 2222 5864 Aliter
2258 5809 2311 5870 in
2344 5808 2552 5865 duobus
2579 5823 2736 5875 mss,
2771 5795 2838 5863 Et
2867 5825 3016 5864 nemo
3046 5808 3300 5877 recogitat
3325 5804 3503 5862 corde.

3083 5663 3508 5721 misericordiam
