3902 6182
511 355 612 420 557

1671 368 1732 430 s.
1770 369 2081 431 EUSEBII
2139 374 2585 439 IIlERONYMl
2982 344 2985 346 ’
3041 359 3044 363 ’
3155 356 3159 358 ’
3596 383 3681 448 568

503 481 579 529 cie
615 477 835 532 malitia:
858 478 1064 535 ablatus
1089 485 1381 554 estjustus,
1414 485 1512 538 erit
1547 484 1602 539 in
1631 501 1758 555 pace
1799 488 2074 556 sepultura
2105 503 2153 558 Α
2185 495 2369 549 raliter
2397 497 2463 550 do
2497 495 2933 566 omnibusjustis
2961 494 3294 550 arbitrantur
3327 493 3682 568 intelligi,quo.

503 569 642 636 ejus,
675 570 853 623 ablata
905 582 982 626 est
1017 574 1081 627 de
1146 577 1339 642 medio,
1400 580 1582 631 omnia
1641 579 1958 635 referuntur
2005 582 2071 636 ad

503 659 953 729 666(1liristum
981 665 1187 735 absque
1233 668 1622 723 commixtione
1670 683 1916 738 personae
1939 685 2073 739 apo-

505 751 792 818 stolorum,
848 755 1006 821 cujus
1039 759 1316 825 sepultura
1359 759 1410 812 in
1468 775 1602 828 pace
1633 771 1737 826 est,
1773 769 1828 814 et
1856 761 2072 815 sublata

505 845 572 893 de
609 847 806 899 medio.
839 845 1026 914 Neque
1063 851 1209 902 enim
1251 865 1378 904 caro
1419 851 1540 920 ejus
1572 851 1706 906 vidit
1763 854 2075 921 corruptio-

507 950 653 999 nem,
709 952 810 991 nec
870 941 1171 1006 permansit
1224 941 1278 994 in
1321 942 1595 1012 sepulcro,
1651 944 1740 1010 qui
1796 951 1882 997 est
1931 944 2076 996 inter

507 1036 750 1082 mortuos
802 1028 959 1095 liber,
998 1032 1216 1086 dicente
1249 1034 1441 1102 angelo
1475 1033 1542 1086 ad
1572 1035 1823 1090 mulieres
1853 1051 1868 1088 :
1897 1032 2072 1098 Quem

503 1119 736 1183 quaeritis
756 1120 961 1187 Jesum,
993 1138 1097 1173 non
1131 1133 1205 1174 est
1242 1123 1326 1175 hic
1357 1139 1376 1175 :
1407 1122 1608 1190 Venite,
1634 1135 1684 1179 et
1711 1124 1875 1179 uidete
1903 1124 2074 1176 locum

503 1206 592 1258 ubi
637 1210 837 1274 positus
883 1210 1001 1276 fuit
1034 1211 1287 1264 Dominus
1323 1210 1560 1280 (Matth.
1627 1229 1818 1279 xxvrtt,
1873 1212 1928 1278 5,
1991 1211 2069 1281 6).

503 1299 672 1355 Judaei
709 1314 760 1356 et
796 1303 910 1357 haec
940 1312 994 1357 et
1023 1315 1218 1374 caetera
1249 1318 1370 1372 quae
1409 1316 1738 1374 sequuntur,
1782 1306 1868 1362 vel
1908 1318 2072 1376 gene-

552 1516 861 1539 '7“—

2184 601 2303 640 rum
2329 585 2604 642 Manasses
2630 587 2768 641 ludit
2795 587 3137 658 sanguinem,
3168 594 3223 640 et
3249 584 3483 654 implevit
3505 584 3682 644 Jerusa-

2183 674 2286 729 lem
2316 691 2345 728 a
2375 687 2531 744 porta
2565 691 2734 747 usque
2787 679 2853 732 ad
2879 688 3087 748 portam
3123 693 3140 741 ;
3169 675 3253 729 vel
3271 686 3411 730 certe
3437 676 3598 731 Isaiam
3633 683 3684 734 de

2181 781 2279 822 sua
2321 769 2651 837 pr0phetare
2687 775 2880 832 morte,
2917 766 3058 836 quod
3119 763 3408 820 serrandus
3463 766 3525 818 sit
3550 780 3573 818 a
3599 765 3683 820 lla-

2183 873 2344 914 nasse
2365 873 2516 912 serra
2551 858 2748 928 lignea,
2785 872 2904 928 quae
2936 859 3076 925 apud
3110 870 3206 910 eos
3233 856 3514 910 certissima
3553 858 3686 910 tradi-

2186 950 2262 1003 tio
2287 958 2392 1004 est.
2447 947 2600 1004 Unde
2629 958 2684 1004 et
2707 960 3020 1004 nostrorum
3053 947 3270 1016 plurimi
3312 946 3454 1011 illud,
3480 948 3602 1015 quod
3635 947 3687 1002 de

2184 1040 2433 1111 passione
2459 1049 2773 1095 sanctorum
2818 1040 2872 1093 in
2903 1038 3142 1108 Epistola
3172 1038 3240 1090 ad
3292 1035 3525 1090 Hebraeos
3567 1037 3688 1104 poni-

2185 1141 2271 1186 tur
2297 1169 2314 1195 ,
2338 1130 2542 1186 Serrati
2574 1142 2697 1186 sunt
2727 1130 2919 1202 (Hebr.
2951 1145 3030 1198 ιι,
3063 1128 3180 1199 37),
3211 1129 3279 1184 ad
3318 1127 3458 1183 Isaia:
3493 1126 3688 1182 referunt

2180 1234 2518 1290 passionem.

867 1503 3681 1542 W

1357 1691 1714 1780 LIBER
1793 1687 2323 1777 DECIMUS
2395 1684 2892 1774 SEXTUS.

595 2039 758 2112 637
823 2039 1048 2110 Egregia
1113 2037 1488 2094 disertissimi/
1516 2036 1749 2092 oratoris
1817 2036 2083 2091 sententia
2119 2047 2159 2103 Β
2191 2045 2302 2091 met
2346 2049 2622 2101 reversus,
2657 2035 2823 2090 unius
2887 2033 2996 2090 diei
3050 2034 3292 2106 spatium
3343 2033 3602 2104 postulavi,
3644 2043 3688 2086 ut

509 2142 606 2199 est,
668 2131 873 2186 Felices
923 2145 1106 2185 essent
1140 2129 1255 2201 [ΑΙ.
1323 2128 1467 2200 esse]
1533 2138 1713 2193 artes,
1753 2128 1799 2183 si
1846 2129 1912 2182 de
1976 2127 2080 2182 illis

509 2224 606 2278 soli
645 2221 1243 2293 artiﬁcesjudicarent.
1275 2221 1354 2274 Ac
1386 2234 1453 2274 ne
1500 2235 1529 2272 a
1563 2219 1806 2288 profanis
1868 2227 2076 2272 tantum

508 2331 727 2371 sumere
749 2315 936 2370 videar
967 2315 1296 2383 exemplum,
1341 2311 1606 2366 nimirum
1676 2313 1792 2366 hoc-
1819 2310 1966 2365 illud
1996 2317 2082 2376 est

508 2406 648 2472 quod
681 2405 800 2461 aliis
831 2405 1012 2459 verbis
1043 2404 1310 2474 Propheta
1335 2403 1680 2458 demonstrat
1718 2419 1732 2454 :
1763 2400 1960 2456 Beatus
1991 2401 2083 2467 qui

509 2499 558 2549 in
616 2512 770 2549 aures
825 2495 1062 2565 loquitur
1108 2494 1436 2548 audientium
1507 2491 1722 2563 (Eccli.
1754 2506 1904 2556 xxvr,
1938 2491 2005 2545 12
2035 2493 2077 2558 ).

509 2591 618 2654 Qua
650 2588 909 2643 felicitate
950 2599 1027 2652 tu,
1058 2587 1188 2651 lilia,
1251 2584 1631 2648 Eustochium,
1659 2599 1746 2638 me
1777 2593 2078 2653 compotem

509 2696 630 2734 esse
667 2678 844 2734 fecisti
882 2697 897 2745 ;
935 2695 1055 2732 nam
1089 2693 1209 2732 cum
1247 2675 1537 2732 anterioris
1584 2675 1708 2728 libri
1761 2676 2080 2743 prmlatiun.

485 2772 684 2823 .culam
713 2769 939 2836 legeres,
979 2769 1030 2820 in
1086 2782 1192 2835 qua
1224 2765 1453 2832 asserui,
1507 2765 1781 2833 apostolos
1822 2777 1874 2820 et
1910 2779 2080 2819 evan-

511 2864 730 2931 gelistas
778 2876 841 2915 ea
898 2870 1112 2914 tantum
1159 2859 1226 2913 de
1269 2849 1617 2928 Septuaginta
1666 2855 2077 2923 luterpretibus,

514 2953 600 3006 vel
629 2952 764 3012 suis.
799 2951 882 3005 vel
909 2965 1095 3004 eorum
1128 2949 1314 3004 verbis
1349 2962 1550 3017 ponere
1583 2948 1914 3014 testimonia,
1963 2963 2084 3016 quae

513 3059 631 3096 cum
657 3041 928 3095 Hebraico
963 3050 1372 3106 consonarent;
1411 3040 1459 3094 si
1493 3055 1599 3108 qua
1634 3049 1813 3094 autem
1848 3042 1915 3092 ab
1959 3039 2083 3094 aliis

514 3151 536 3188 δ
558 3135 690 3187 .ldita
717 3141 863 3197 sunt,
885 3134 1106 3186 omnino
1135 3133 1410 3201 negligere
1444 3148 1461 3185 :
1498 3132 1645 3187 illico
1671 3132 1803 3185 mihi
1827 3147 1933 3186 non
1957 3146 2080 3201 par-

514 3241 632 3280 vam
680 3223 1125 3294 quaestiunculam
1180 3223 1444 3289 detulisti,
1489 3224 1642 3294 quod
1690 3223 1903 3279 scilicet
1960 3233 2082 3277 octo

515 3331 724 3381 versus,
760 3319 850 3386 qui
899 3315 1152 3385 leguntur
1199 3316 1254 3370 in
1285 3311 1572 3379 Ecclesiis,
1625 3323 1678 3369 et
1709 3315 1762 3368 in
1816 3314 2080 3368 llebraico

2183 2128 2466 2195 responsio
2523 2141 2644 2183 mea
2679 2141 3022 2197 nequaquam
3081 2138 3452 2196 argumentum
3509 2123 3685 2179 humani

2179 2227 2326 2272 esset
2355 2217 2578 2286 ingenii,
2611 2218 2706 2272 sed
2753 2217 2966 2272 fructus
2997 2216 3234 2272 assidua:
3265 2216 3514 2271 lectionis.
3542 2217 3690 2284 Itaque

2179 2323 2396 2362 omnem
2426 2307 2765 2379 Scripturam
2790 2293 2968 2365 mente
2993 2309 3360 2376 perlustrans,
3401 2309 3690 2361 animadver-

2185 2397 2247 2463 ti,
2292 2399 2435 2453 sicut
2464 2402 2644 2454 omnis
2676 2415 2834 2469 pene-
2849 2401 2916 2454 ad
2951 2399 3234 2455 Romanos
3287 2399 3512 2470 Epistola
3538 2401 3591 2452 de
3617 2412 3688 2451 ve-

2183 2490 2282 2544 teri
2319 2499 2527 2545 structa
2582 2502 2667 2546 est
2711 2492 3104 2559 lnstrumento,
3141 2493 3220 2548 sic
3265 2500 3318 2546 et
3366 2491 3462 2545 hoc
3497 2489 3688 2544 testimo-

2181 2582 2332 2638 nium
2363 2586 2405 2647 ³,
2438 2583 2506 2637 de
2548 2583 2776 2638 Psalmis
2809 2594 2863 2638 et
2892 2584 3032 2638 Isaia
3079 2599 3202 2640 esse
3237 2591 3542 2638 contextum.
3585 2579 3686 2633 Nam

2180 2675 2287 2730 duo
2317 2676 2475 2745 primi
2505 2691 2694 2732 versus
2715 2717 2730 2742 ,
2765 2675 3075 2744 Sepulcrum
3121 2689 3307 2746 patens
3335 2687 3406 2730 est
3432 2682 3588 2742 guttur
3625 2685 3691 2723 eo-

2182 2770 2561 2838 rum:linguis
2611 2772 2723 2823 suis
2779 2771 2960 2823 dolose
3016 2771 3264 2840 agebant,
3318 2767 3478 2838 quinti
3532 2761 3688 2818 Psalmi

2180 2870 2306 2915 sunt
2326 2861 2483 2931 (rers.
2516 2861 2629 2930 ll).
2683 2860 2814 2915 Illud
2845 2871 3021 2915 autem
3057 2861 3205 2930 quod
3256 2862 3490 2929 sequitur
3518 2899 3532 2920 ,
3571 2854 3692 2908 Vene-

2183 2969 2303 3006 num
2335 2952 2579 3020 aspidum
2609 2953 2704 3006 sub
2743 2953 2900 3005 labiis
2931 2967 3136 3015 eorum,
3175 2950 3447 3006 centesimi
3477 2942 3690 3002 tricesimi

2184 3043 2312 3097 noui
2363 3043 2561 3096 Psalmi
2609 3053 2692 3097 est
2731 3043 2749 3114 (
2779 3059 2911 3097 vers.
2944 3043 3040 3113 ι).
3095 3042 3435 3111 Rursumque
3467 3035 3590 3105 quod
3624 3031 3691 3085 di-

2184 3135 2330 3191 citur
2360 3175 2374 3199 ,
2414 3136 2652 3201 Quorum
2677 3152 2733 3188 os
2760 3136 3135 3190 maledictione
3179 3145 3228 3190 et
3259 3131 3584 3188 amaritudine
3610 3125 3693 3195 plt-

2182 3245 2311 3283 uum
2341 3238 2439 3294 est,
2463 3229 2532 3284 de
2563 3243 2704 3284 nono
2743 3231 2952 3298 psalmo
2984 3238 3266 3298 sumptum
3298 3237 3377 3282 est
3403 3234 3420 3297 (
3447 3240 3566 3279 vers.
3592 3217 3691 3285 29).

2182 3322 2318 3375 Tros
2380 3333 2558 3374 autem
2603 3321 2858 3376 versiculi
2903 3323 2924 3352 ³
2956 3322 3047 3390 qui
3106 3328 3429 3390 sequuntur,
3521 3311 3691 3368 νειοοω

513 3428 618 3464 iam
671 3410 964 3469 habentur,
1032 3408 1176 3461 tertii
1240 3406 1436 3460 decimi
1509 3405 1726 3476 psalmi,
1784 3405 2080 3474 Apostolus
2107 3396 2150 3455 C
2183 3413 2332 3481 pedes
2362 3427 2542 3466 eorum
2563 3414 2630 3463 ad
2670 3412 3041 3480 e/fundendum
3069 3413 3376 3482 sanguinem
3409 3426 3428 3472 ;
3467 3399 3684 3460 Contritio

510 3502 798 3570 usurparit,
831 3499 1076 3556 scribens
1110 3501 1176 3552 ad
1209 3497 1484 3553 Romanos
1515 3514 1532 3550 :
1563 3496 1877 3567 Sepulcrum
1901 3507 2082 3564 patens

509 3604 586 3647 est
612 3603 797 3662 guttur
854 3605 1036 3644 eorum
1069 3590 1346 3657 ':liuguis
1393 3590 1507 3642 suis
1568 3587 1750 3641 dolose
1814 3587 2082 3656 agebant:

519 3685 779 3739 Venenum
801 3683 1043 3752 aspidum
1064 3681 1160 3735 sub
1181 3681 1335 3734 labiis
1352 3695 1554 3733 eorum.
1579 3680 1817 3744 Quorum
1840 3696 1896 3733 os
1919 3679 2083 3732 male-

511 3778 740 3828 dictioue
779 3783 828 3826 et
858 3771 1215 3825 amaritudine
1264 3769 1472 3838 plenum
1501 3778 1578 3821 est
1609 3784 1630 3820 :
1673 3766 1884 3821 Veloces
1929 3767 2082 3834 pedes

514 3884 694 3922 eorum
755 3867 822 3920 ad
881 3863 1255 3932 effundendum
1318 3858 1967 3929 sanguinem:Conlritio
2032 3867 2084 3911 et

510 3961 801 4027 infelicitas
860 3959 912 4010 in
947 3957 1044 4008 uiis
1064 3971 1242 4008 eorum
1274 3970 1293 4008 :
1319 3952 1384 4007 Et
1413 3954 1550 4007 viam
1597 3953 1742 4020 pacis
1769 3967 1874 4003 non
1895 3966 2086 4020 cogno-

511 4064 694 4108 verunt
727 4069 745 4116 ;
772 4050 889 4104 Non
917 4059 992 4102 est
1027 4050 1184 4101 timor
1220 4047 1314 4101 Dei
1340 4055 1460 4100 ante
1495 4047 1671 4100 oculos
1689 4061 1871 4100 eorum
1905 4045 2082 4116 (Rom.

525 4165 608 4212 ιιι,
644 4138 710 4200 i5
759 4163 881 4214 seqq
928 4143 964 4212 ).
1002 4142 1155 4209 Quod
1209 4157 1330 4196 cum
1383 4141 1676 4198 audissem,
1713 4140 1922 4208 quasia
1975 4137 2086 4192 fore

513 4240 725 4292 tissimo
739 4239 914 4306 pugile
938 4250 1228 4304 percussus
1255 4247 1454 4296 essem,
1497 4231 1636 4299 coepi
1675 4237 1869 4285 tacitus
1890 4243 2085 4285 aestua-

515 4347 593 4395 re,
647 4339 704 4385 et
762 4338 1040 4397 stuporem
1085 4326 1284 4380 mentis
1340 4325 1520 4378 vultus
1581 4324 1788 4393 pallore
1835 4325 2080 4392 signare.

516 4422 794 4484 llebrmus,
842 4421 1086 4487 inquam,
1140 4431 1207 4470 ex
1242 4413 1508 4476 Hebre-is.
1563 4414 1862 4468 secundum
1905 4413 2081 4481 legem

515 4512 838 4575 Pharisieus,
905 4508 1258 4576 eruditusque
1313 4506 1377 4558 ad
1433 4506 1593 4572 pedes
1630 4503 1968 4567 Gamelielis,
1993 4511 2086 4556 aut

521 4603 794 4674 ignoravit
827 4603 964 4665 haec,
998 4609 1089 4653 aut
1118 4613 1328 4661 eorum,
1364 4597 1453 4665 qui
1481 4595 1670 4649 lecturi
1700 4605 1876 4661 erant,
1937 4594 2076 4649 abu-

514 4716 606 4756 sus
664 4710 747 4750 est
806 4695 975 4766 635
1041 4691 1348 4761 ignorantia
1408 4689 1687 4759 (Philipp.
1739 4701 1820 4754 ιιι,
1883 4688 1938 4752 5,
1997 4688 2081 4753 6;

516 4795 633 4846 Act.
659 4804 793 4855 xm,
834 4789 912 4856 5).
975 4787 1216 4850 Quorum
1265 4783 1498 4837 alterum
1533 4780 1818 4844 iueruditi,
1854 4778 2082 4832 alterum

515 4885 694 4939 rallitli
727 4890 808 4936 est
839 4881 905 4933 ad
935 4877 1222 4940 malitiam,
1255 4890 1354 4930 nec
1384 4874 1501 4943 ejus
1531 4875 1621 4943 qui
1652 4873 1851 4926 dixerit
1879 4887 1894 4923 :
1938 4871 2006 4925 Et
2040 4870 2086 4924 si

515 4979 793 5047 imperith
825 4987 1082 5037 sermone,
1125 4986 1228 5024 non
1257 4979 1432 5022 tamen
1473 4967 1690 5021 scientia
1719 4964 1804 5034 (II
1827 4963 1950 5021 Cor.
2005 4981 2084 5030 st,

520 5074 574 5134 li)
599 5087 614 5134 ;
637 5078 690 5124 et
719 5067 915 5122 iterum
951 5083 966 5119 :
999 5062 1066 5118 In
1100 5061 1444 5130 simplicitate
1468 5067 1518 5112 et
1552 5059 1850 5113 sinceritate
1881 5073 2088 5110 annun-

519 5163 644 5214 tiavi
677 5159 816 5212 vobis
857 5158 1065 5212 uerbum
1094 5153 1184 5226 (Η
1210 5153 1338 5210 Cor.
1376 5169 1416 5219 1,
1451 5152 1516 5204 1⁸2
1545 5153 1588 5221 ).
1615 5150 1855 5204 Tandem
1884 5149 1938 5201 in
1970 5163 2084 5203 me-

595 5319 609 5348 ¹
635 5318 942 5385 Sepulcrum
967 5326 1148 5385 patens
1165 5327 1242 5371 est
1271 5323 1452 5386 guttur
1475 5325 1676 5365 eorum.
1717 5307 1790 5386 D_o
1825 5307 1934 5386 illis
1959 5317 2082 5386 octo

521 5376 770 5448 versibus
805 5389 925 5441 vide
967 5376 1547 5442 editionem'mstram
1579 5390 1707 5434 tom.
1745 5377 1786 5441 l,
1819 5379 1924 5437 col.
1979 5376 2084 5431 845

522 5473 571 5510 «ιι
605 5460 708 5513 col.
736 5458 894 5523 1556,
913 5465 1025 5511 tam
1059 5458 1109 5510 iu
1140 5465 1397 5509 contextu
1429 5450 1789 5512 Psalmorum,
1817 5462 1981 5516 quam
2029 5449 2086 5500 in

528 5534 730 5584 nostris
753 5525 1239 5582 aunotatiunculis.
1272 5525 1541 5579 ΜΑιιτιΑΝ.

597 5602 616 5630 ⁸
655 5596 1256 5663 Pseudo—llieronymus
1293 5596 1344 5648 iu
1376 5589 1800 5663 Breviar._addit
1828 5588 1990 5663 etiam
2019 5600 2084 5641 ex

531 5669 948 5721 l‘heuteronomio
1007 5658 1377 5719 testimonium
1433 5660 1560 5714 illud
1596 5659 1664 5712 ab
1709 5658 1968 5727 Apostolo
2020 5668 2084 5707 ex

534 5745 686 5800 parte
719 5737 1067 5801 desumptum
1099 5749 1114 5796 ;
1150 5733 1293 5785 haud
1327 5731 1578 5801 equidem
1599 5730 1716 5782 scio
1742 5743 1903 5795 quam
1933 5739 2082 5784 vere,

539 5799 636 5868 Sed
667 5814 809 5860 certe
840 5799 1138 5861 versiculus
1167 5803 1360 5857 veloces
1388 5799 1550 5867 pedes
1573 5815 1774 5862 eorum,
1817 5808 1944 5861 etm,
1977 5809 2081 5851 uou

2186 3515 2234 3558 et
2253 3503 2536 3570 infelicitas
2571 3505 2625 3555 in
2653 3504 2746 3557 viis
2775 3519 2999 3568 eorum;
3038 3501 3104 3557 Et
3137 3507 3281 3558 viam
3329 3501 3468 3570 paris
3514 3512 3598 3550 non
3627 3507 3691 3545 co-

2185 3608 2498 3669 gnoverunl,
2519 3598 2573 3651 in
2605 3597 2739 3651 Isaia
2772 3597 3033 3665 propheta
3072 3597 3273 3668 reperi,
3293 3610 3422 3666 quos
3443 3595 3492 3646 in
3519 3587 3690 3644 decimo

2187 3700 2341 3743 sexto
2375 3688 2771 3758 explanationis
2801 3688 2918 3752 ejus
2952 3689 3114 3752 libro,
3148 3702 3307 3756 quem
3356 3699 3488 3740 nunc
3529 3680 3691 3734 dictare

2186 3784 2368 3851 cupio,
2397 3783 2745 3848 expositurus
2777 3797 2922 3836 sum.
2960 3781 3195 3836 Ultimus
3226 3789 3401 3834 autem
3431 3786 3612 3830 versus,
3652 3765 3690 3818 id

2186 3883 2268 3926 est
2335 3881 2558 3927 octavus
2588 3911 2604 3936 ,
2658 3871 2781 3926 Non
2833 3882 2904 3924 est
2937 3872 3096 3925 timor
3125 3871 3225 3925 Dei
3275 3878 3396 3922 ante
3441 3863 3594 3919 oculos
3626 3871 3693 3910 ιοσ

2188 3979 2331 4028 rum,
2367 3963 2420 4016 in
2452 3963 2714 4017 tricesimi
2745 3963 2918 4030 quinti
2951 3962 3147 4030 psalmi
3196 3958 3454 4031 principio
3479 3959 3569 4008 est.
3609 3943 3692 4000 Nec

2185 4058 2240 4111 in
2281 4057 2381 4110 hoc
2427 4057 2679 4125 cuiquam
2733 4055 2986 4108 videatur
3015 4068 3142 4108 esse
3176 4054 3462 4111 diversum,
3513 4042 3552 4098 si
3582 4036 3690 4105 (11·οδ

2186 4149 2240 4202 in
2281 4148 2392 4202 suis
2411 4147 2546 4201 loeis
2585 4160 2813 4200 numero
2845 4145 3047 4199 dicitur
3076 4143 3355 4213 singulari,
3388 4139 3450 4192 ab
3482 4125 3688 4202 Apostolo

2185 4241 2461 4311 pluraliter
2496 4239 2731 4304 dicatur,
2769 4239 2858 4306 qui
2894 4237 3171 4292 scribebat
3196 4237 3262 4290 ad
3297 4233 3556 4303 plurimos.
3582 4228 3625 4275 cl
3649 4217 3688 4269 in

2187 4349 2352 4388 unum
2385 4347 2606 4387 sensum
2640 4332 2806 4385 multa
2838 4331 3064 4399 cogebat
3093 4328 3361 4397 exempla.
3388 4321 3606 4378 Arbitror
3623 4325 3693 4364 so-

2189 4409 2353 4476 lutam
2411 4424 2764 4490 quaestionem
2794 4430 2962 4483 tuam,
2985 4428 3040 4472 et
3080 4432 3320 4474 uosrram
3377 4410 3593 4480 regulam
3622 4414 3693 4454 su-

2187 4527 2283 4579 per
2343 4510 2698 4566 translatioue
2755 4510 2956 4564 veteris
3021 4506 3368 4563 lnstrumenti
3419 4503 3691 4557 concussam

2190 4612 2362 4676 magis
2389 4622 2512 4662 esse
2559 4620 2719 4673 quam
2775 4615 2997 4658 motam.
3051 4603 3119 4656 Et
3146 4618 3252 4657 non
3289 4611 3390 4652 tam
3435 4582 3693 4681 Aposlult'f'

2191 4701 2256 4753 de
2281 4700 2488 4768 psalmo
2507 4699 2670 4752 tertio
2695 4696 2906 4751 decimo
2930 4695 3248 4762 sumpsisse,
3275 4686 3412 4760 quod
3436 4685 3484 4738 in
3510 4678 3696 4768 Hebrai-

2194 4806 2258 4845 co
2298 4805 2406 4845 non
2433 4789 2682 4854 habetur,
2729 4803 2888 4856 quam
2918 4802 3013 4842 eos
3039 4787 3133 4856 qui
3171 4795 3341 4839 artem
3383 4762 3698 4834 conterenda-

2200 4895 2313 4932 rum
2351 4880 2494 4934 inter
2545 4894 2602 4934 se
2650 4877 3059 4947 Seripturarum
3123 4871 3348 4944 apostoli
3411 4856 3697 4920 nesciebant.

2191 4969 2456 5037 quasisse
2484 4975 2668 5036 aptum
2693 4968 2896 5032 locum,
2922 4965 3010 5019 ubi
3034 4972 3372 5031 assumptum
3403 4955 3467 5008 ab
3488 4963 3546 5004 eo
3563 4952 3697 5037 vim?

2197 5033 2318 5114 rent
2349 5033 2748 5125 testiinonium,
2785 5058 2926 5127 quod
2949 5059 3156 5126 absque
3181 5049 3492 5109 auctoritate
3515 5041 3560 5094 in
3581 5033 3676 5127 ξςτὶ

2198 5162 2356 5220 Pw”
2387 5152 2622 5220 positum
2651 5124 2757 5205 non
2799 5124 3082 5220 putabant.
3134 5145 3372 5212 Denique
3391 5145 3560 5193 oumes
3581 5124 3696 5179 Gre-

2194 5305 2378 5368 mOdO.
2421 5315 2487 5374 υιν
2521 5303 2878 5374 Hieronymus
2917 5311 3125 5369 monet,
3148 5319 3209 5374 es
3238 5300 3500 5374 lsaia__t.tx,
3529 5278 3690 5374 Ἰνιξξιξ

2191 5354 2446 5428 ιξιὶιιιιιέι
2476 5354 2744 5428 Ριονθιιιί
2772 5354 3330 5443 ifis',"c'd}{{.io'nitur.
3352 5354 3693 5443 jerutnplutﬁ

2195 5446 2298 5525 hac
2327 5446 2395 5525 de
2430 5461 2488 5500 re
2535 5444 2603 5497 ad
2664 5435 3006 5513 eumpsalmi
3032 5435 3208 5500 locum
3261 5441 3314 5495 in
3351 5435 3596 5490 Breviario
3618 5435 3694 5476 sn-

2193 5515 2708 5638 nogJXh".ll:l:li0rem
2741 5583 3067 5639 latinitatem
3114 5578 3400 5640 Victorius,
3433 5562 3690 5640 υοηὶιιιιοξ,

2191 5629 2398 5778 gente}?
2431 5629 3494 5723 ';;,','e'r'i:';;t",;;.'.i;iam";suum
3535 5647 3616 5708 ιπο
3648 5629 3692 5684 ίκ

2233 5736 2491 5793 emptura.
