3902 6182
207 397 320 463 569

721 404 1218 470 COMMENTAR.
1265 405 1344 464 IN
1383 405 1643 464 ISAlAll'l
1691 402 2150 468 ΓΒΟΡΠΕΤΛΜ
2211 406 2354 465 LIB.
2405 406 2562 474 XVI,
2601 404 2759 464 CAP.
2798 402 2981 466 LVII.

3352 403 3460 468 570

207 519 316 574 οἰκ
345 525 689 585 tractatores,
719 520 813 586 qui
847 521 1004 575 nobis
1032 520 1360 575 eruditionis
1410 521 1596 574 sumin
1627 519 1776 575 Psal-
1807 520 1854 578 Δ
1883 539 2062 579 sermo
2093 525 2354 578 narravit.
2389 521 2490 587 Qui
2527 521 2662 575 estis
2705 518 2797 573 lilii
2853 517 3130 580 scelerati,
3175 517 3290 574 sive
3332 536 3459 587 per-

205 623 333 664 rnos
390 607 824 667 Commentarios
899 611 1259 680 reliquerunt,
1318 612 1419 666 bos
1484 613 1780 667 versiculos

201 713 344 753 veru
383 709 644 755 annotant
671 711 832 768 atque
866 712 1208 769 praetereunt,
1273 704 1484 772 liquido
1513 707 1779 759 conﬁten-

201 797 300 843 tes
320 789 372 842 in
400 790 668 845 Hebraico
698 807 804 845 non
831 791 1042 855 haberi,
1075 807 1172 846 nec
1207 808 1328 847 esse
1355 794 1406 847 in
1431 792 1778 861 Septuaginta

201 879 626 947 lnterpretibus,
657 883 750 937 sed
785 883 837 935 in
887 884 1127 938 editione
1160 882 1409 953 Vulgata,
1448 901 1568 953 quae
1593 886 1782 942 Grtece

202 973 368 1040 κοινῆ
399 974 618 1038 dicitur,
651 986 704 1029 et
739 976 793 1029 in
828 985 943 1030 toto
977 977 1113 1032 orbe
1148 978 1360 1031 diversa
1404 989 1514 1033 est.
1545 979 1648 1034 Sed
1668 979 1780 1047 jam

206 1073 433 1134 tempus
457 1076 559 1132 est,
616 1079 674 1122 ut
705 1077 887 1138 empto
917 1069 1300 1124 incumbamus
1333 1071 1510 1141 operi,
1571 1072 1781 1140 reliqua

207 1171 630 1226 persequamur.

287 1245 466 1317 (Vers.
523 1251 578 1313 3,
608 1250 713 1320 4.)
780 1269 800 1304 ι
838 1251 947 1307 Vos
995 1263 1175 1309 autem
1217 1257 1464 1311 accedite
1495 1258 1620 1324 huc,
1687 1257 1780 1311 lilii

207 1341 580 1408 atiguratricis
616 1358 632 1397 :
661 1358 844 1398 semen
891 1346 1125 1401 adulteri
1160 1357 1215 1402 et
1247 1347 1560 1404 fornicariae
1618 1365 1782 1416 super

206 1449 376 1500 quem
410 1437 660 1492 insistis?
689 1454 852 1507 super
880 1457 1040 1512 quem
1089 1444 1358 1501 dilatastis
1399 1463 1481 1506 os.
1522 1455 1579 1502 et
1616 1447 1782 1517 eieci-

209 1528 316 1580 stis
350 1530 583 1600 linguam
613 1532 638 1584 τ
665 1551 684 1583 ι
717 1532 894 1588 LXX:
950 1554 970 1586 s
1011 1535 1122 1592 Vos
1149 1547 1330 1593 autem
1358 1539 1601 1594 accedite
1649 1540 1778 1606 huc,

212 1622 314 1676 lilii
376 1624 570 1692 iniqui,
642 1639 828 1680 semen
905 1628 1278 1685 adulterorum
1309 1641 1362 1684 et
1396 1632 1700 1686 meretricis
1727 1633 1781 1686 in

205 1728 325 1780 quo
348 1713 557 1770 lusistis
583 1716 784 1784 isuper
811 1731 969 1786 quem
1000 1721 1291 1788 aperuistis
1315 1736 1377 1775 os
1405 1732 1670 1784 vestrum,
1729 1731 1785 1775 et

213 1821 386 1873 super
412 1823 521 1876 quo
549 1809 789 1878 ejecistis
842 1811 1082 1882 linguam
1155 1821 1388 1868 vestram
1423 1813 1448 1866 τ
1481 1832 1499 1866 ι
1537 1814 1783 1868 Sublato

1887 614 2129 677 ditionis,
2153 614 2328 680 qualis
2354 612 2457 666 fuit
2481 619 2534 666 et
2557 608 2726 664 .ludas
2750 607 3022 678 proditor,
3039 609 3129 676 qui
3153 609 3454 677 appellatus

1887 716 1970 760 est
2011 707 2154 760 illius
2203 703 2527 774 perditionis
2575 700 2758 770 (Joan.
2799 700 2934 764 xvn)
2966 715 2981 752 :
3016 711 3066 752 et
3123 715 3306 752 semen
3348 699 3457 752 iui-

1889 815 2051 869 quum
2081 800 2194 852 sive
2227 798 2456 850 mendax
2487 806 2649 859 atque
2674 793 2964 855 mendacii,
2991 793 3084 860 qui
3111 793 3456 846 dclertamini

1888 891 1942 944 in
1975 889 2308 942 diis‘subter
2345 886 2492 941 ontni
2552 884 2808 938 frondosa
2875 884 3088 946 arbore,
3147 890 3202 936 et
3263 884 3460 935 immo-

1887 981 2016 1036 latis
2070 980 2208 1035 lllios
2292 987 2501 1032 vestros
2553 977 2604 1030 in
2677 975 3036 1029 torrentibus.
3083 975 3154 1028 De
3245 990 3351 1041 quo
3405 985 3461 1029 et

1889 1071 2094 1140 Regum
2153 1085 2217 1125 ac
2265 1068 2715 1134 Paralipomenon
2783 1075 2970 1120 narrat
3020 1066 3269 1132 historia,
3315 1068 3458 1133 quod

1888 1161 2296 1217 immolaverint
2329 1160 2435 1214 diis
2485 1159 2626 1212 ﬁlios
2660 1172 2809 1216 suos,
2837 1167 2890 1210 et
2920 1158 2970 1210 in
3005 1157 3129 1226 igne
3169 1171 3454 1210 consecra-

1889 1256 2070 1310 verint
2103 1252 2205 1317 (IV
2239 1252 2362 1322 Reg.
2391 1267 2480 1305 xvr
2503 1260 2553 1304 et
2578 1252 2732 1315 xvtt).
2759 1249 2916 1314 Quod
2942 1250 3155 1317 quidem
3189 1263 3240 1304 et
3270 1249 3460 1304 Achab

1889 1359 2070 1411 regem
2102 1343 2295 1407 lsrael,
2315 1350 2369 1395 et
2400 1340 2684 1393 Manassen
2718 1353 2897 1406 regem
2929 1336 3067 1391 .luda
3096 1337 3310 1397 fecisse.
3351 1353 3457 1391 non

1889 1447 1973 1493 est
1997 1437 2241 1500 dubium,
2277 1435 2364 1502 qui
2399 1449 2426 1486 a
2459 1432 2753 1501 parricidio
2785 1430 3084 1484 liberorum
3116 1429 3179 1481 ad
3216 1429 3456 1496 prophe-

1893 1537 2068 1582 tarum
2095 1526 2413 1596 sanguinem
2453 1529 2838 1592 pervenerunt,
2872 1521 2938 1572 de
2964 1532 3070 1588 quo
3095 1528 3147 1572 et
3180 1518 3233 1571 in
3273 1516 3411 1572 Osee
3439 1532 3457 1570 :

1894 1618 2196 1681 Immolate,
2225 1617 2323 1680 ait,
2355 1616 2609 1676 homines,
2641 1613 2793 1666 vituli
2827 1612 2962 1664 enim
2995 1610 3287 1676 defecerunt
3313 1606 3462 1672 (Osee

1893 1717 2013 1772 rm,
2040 1708 2122 1776 2).
2162 1709 2276 1762 sive
2308 1716 2366 1760 ut
2393 1706 2445 1759 in
2476 1704 2701 1758 Hebraeo
2728 1702 2988 1770 scriptum
3014 1709 3097 1754 est
3122 1717 3135 1752 :
3168 1699 3460 1752 Immolan-

1892 1813 1966 1855 tes
2000 1801 2233 1854 homines
2264 1800 2307 1862 ³,
2343 1798 2533 1850 vitulos
2583 1795 2840 1849 adoratis.
2875 1791 2940 1846 Et
2989 1792 3044 1844 in
3079 1791 3301 1858 psalmis
3343 1788 3458 1854 ple-

206 1900 386 1968 juslo,
430 1875 594 1967 cuius
639 1875 1021 1970 sepultura'in
1066 1919 1200 1973 pace
1239 1915 1344 1968 εει,
1403 1906 1511 1959 imo
1567 1906 1782 1960 sumam
1815 1877 1858 1934 Β
1892 1897 2012 1947 nius
2038 1891 2295 1945 scribitur
2327 1875 2787 1943 :(Jommi‘atisunt
2821 1885 3076 1954 gentibus,
3099 1892 3146 1936 et
3165 1882 3457 1934 didicerunt

211 1994 284 2046 de
316 1991 514 2060 medio,
540 2010 636 2051 vos
665 1995 756 2064 qui
785 1997 918 2052 estis
946 1996 1039 2051 lilii
1071 1997 1392 2065 iniquitatis.
1431 1997 1616 2068 (Joan.
1641 1999 1782 2064 vin),

213 2087 459 2141 accedite
485 2088 548 2140 ad
581 2103 666 2143 me
702 2131 717 2155 ,
766 2098 822 2145 et
873 2091 1053 2145 audite
1101 2105 1222 2160 qua:
1267 2091 1464 2146 dicam.
1501 2091 1786 2158 Quomodo

210 2178 360 2231 enim
412 2179 502 2246 qui
540 2178 670 2235 facit
707 2181 1071 2250 iniquitatem,
1112 2195 1303 2237 servus
1333 2193 1416 2235 est
1457 2183 1784 2252 iniquitatis,

210 2271 296 2324 sic
320 2272 411 2340 qui
441 2271 596 2339 juxta
629 2272 825 2328 Judam
853 2273 1208 2340 proditorem,
1239 2274 1384 2329 tilius
1407 2286 1490 2329 est
1525 2275 1785 2341 perditio-

214 2364 324 2426 nis,
385 2363 642 2432 appellari
704 2372 884 2432 potest
963 2365 1105 2420 ﬁlius
1161 2365 1491 2434 iniquitatis.
1547 2367 1788 2436 Denique

211 2459 480 2526 scriptum
521 2460 696 2514 estde
726 2460 954 2514 Domino
995 2458 1280 2515 Salvatorc
1314 2478 1328 2515 :
1367 2459 1430 2512 Et
1478 2460 1623 2527 ﬁlius
1679 2462 1788 2515 ini-

215 2549 439 2615 quitatis
471 2566 572 2604 non
599 2561 819 2617 apponet
842 2560 896 2603 ut
927 2552 1122 2621 aﬂligat
1145 2553 1306 2621 euml
1338 2553 1484 2608 Psal.
1517 2569 1784 2616 axxxvm,

215 2639 335 2708 33).
378 2641 481 2694 Pro
533 2641 832 2711 iniquitate,
896 2641 1010 2696 sive
1051 2644 1372 2712 iniquorum,
1443 2645 1587 2713 quod
1644 2643 1784 2698 LXX

219 2735 639 2798 transtulerunt,
665 2735 968 2790 Theodotio
996 2736 1171 2802 ipsum
1208 2739 1431 2792 verbum
1459 2739 1786 2794 Hebraicnm

218 2830 394 2890 posuit
427 2844 598 2884 ouem
628 2829 822 2896 (rem).
863 2829 1007 2895 quod
1046 2844 1146 2884 nos
1181 2829 1333 2890 iuxta
1369 2830 1784 2900 Symmachum,

217 2924 269 2974 in
305 2922 700 2990 auguratricem
741 2925 1029 2987 vertimus,
1065 2926 1209 2992 quod
1237 2924 1445 2978 scilicet
1468 2939 1683 2992 semper
1703 2925 1792 2979 Je-

217 3016 478 3076 rusalem,
514 3031 633 3084 qua:
693 3026 777 3070 est
829 3026 1004 3070 mater
1049 3017 1408 3082 audientium,
1467 3017 1790 3071 idololatriae

219 3109 400 3163 dedita
435 3110 621 3164 fuerit.
647 3109 1004 3175 Quamobrem
1025 3109 1260 3174 appellat
1290 3123 1385 3166 eos
1417 3124 1600 3163 semen
1635 3108 1788 3162 adul-

1887 2001 2044 2051 opera
2106 1999 2305 2045 eorum,
2355 1989 2406 2032 et
2449 1979 2739 2032 seruierunt
2791 1977 3116 2042 srnlptilibus
3172 1989 3375 2032 eorum,
3409 1981 3460 2024 et

1888 2077 2089 2144 factum
2119 2084 2196 2127 est
2236 2075 2306 2127 eis
2345 2073 2400 2124 in
2431 2071 2762 2124 scandalum.
2796 2069 2858 2121 Et
2891 2065 3294 2119 immolaverunt
3322 2064 3462 2132 ﬁlios

1887 2183 2010 2220 suos
2041 2176 2091 2219 et
2118 2164 2260 2232 ﬁlias
2301 2178 2426 2216 suas
2455 2159 2800 2222 demonibus,
2831 2171 2880 2210 et
2909 2156 3214 2224 effuderunt
3239 2154 3458 2223 sangui-

1893 2274 2004 2312 nem
2028 2259 2374 2318 innocentem,
2397 2251 2482 2306 vel
2522 2251 2793 2304 innoxium
2842 2263 2860 2301 :
2894 2249 3196 2312 sanguinem
3229 2245 3463 2314 filiorum

1896 2361 1945 2404 et
1976 2350 2213 2419 ﬁliarum
2262 2361 2506 2405 suarum,
2570 2351 2620 2396 et
2671 2341 3070 2394 immolaverunt
3129 2338 3462 2406 sculptilibus

1891 2441 2172 2495 Chanaan.
2199 2437 2262 2490 Et
2293 2436 2488 2501 infecta
2519 2443 2597 2487 est
2633 2433 2799 2501 670
2845 2442 2985 2484 terra
3018 2430 3382 2497 sanguinibus,
3410 2438 3461 2482 et

1889 2531 2090 2602 polluta
2123 2538 2196 2582 est
2227 2530 2280 2581 in
2311 2526 2552 2594 operibus
2595 2526 2704 2576 suis
2744 2522 2920 2591 (Psal.
2952 2535 3040 2585 cv,
3083 2522 3154 2575 '55
3190 2530 3241 2574 et
3268 2520 3460 2589 seqq.).

1888 2623 2022 2676 Cum
2060 2635 2189 2690 ergo
2213 2617 2496 2671 manifesta
2527 2618 2598 2667 sit
2633 2614 2884 2674 birtoria,
2919 2613 3059 2680 quod
3095 2611 3189 2664 lilii
3229 2610 3343 2664 sint
3373 2611 3458 2662 in-

1891 2703 2732 2777 terfectorcslAl.interfectoris]
2787 2702 2989 2758 Christi
3031 2702 3130 2756 ista
3183 2700 3463 2762 facientes,

1893 2806 2137 2861 occurrit
2158 2803 2408 2872 quaestio,
2442 2799 2715 2867 quomodo
2745 2796 2837 2850 lilii
2868 2795 3120 2848 dicantur
3149 2793 3246 2846 ﬁlii
3281 2792 3464 2860 perdi-

1901 2898 2084 2959 tionis,
2119 2896 2405 2949 adversum
2449 2907 2544 2947 eos
2583 2891 2675 2959 qui
2705 2889 2894 2943 volunt
2933 2903 3056 2942 esse
3090 2887 3335 2939 diversas
3368 2900 3466 2938 na-

1893 3001 2044 3044 turas
2088 3007 2102 3044 :
2142 2987 2303 3041 aliam
2354 3000 2475 3054 quae
2517 2982 2732 3052 perdita
2761 2981 2834 3035 sit
2863 2990 2918 3034 et
2963 2980 3126 3040 mala,
3163 2989 3215 3030 et
3263 2975 3464 3031 salvari

1890 3091 2123 3150 nequeat
2152 3096 2168 3146 ;
2199 3087 2253 3132 et
2278 3077 2440 3131 aliam
2470 3076 2689 3132 bonam.
2712 3087 2834 3142 quae
2903 3072 3087 3138 perire
3119 3083 3227 3122 non
3262 3067 3458 3136 possit;

220 3202 347 3263 teri,
414 3201 531 3255 sive
579 3164 949 3254 adulterorum
977 3164 1144 3270 δώ
1168 3199 1188 3265 (
1216 3200 1280 3251 de
1332 3164 1528 3266 quibus
1582 3201 1787 3252 dictum
1817 3211 1862 3268 ο
1895 3177 1953 3231 Si
1987 3173 2153 3236 enim.
2191 3181 2250 3226 ιιι
2279 3171 2353 3225 illi
2386 3177 2601 3270 Putant.
2626 3166 2719 3270 ﬁlii
2757 3164 3080 3232 perditionis
3106 3172 3316 3270 astutae
3341 3175 3466 3262 pes-

217 3305 301 3348 est
338 3310 354 3349 :
395 3293 462 3348 Et
495 3295 888 3347 moechabantur
913 3292 962 3344 in
983 3293 1180 3362 lignum
1215 3301 1264 3344 et
1294 3291 1519 3357 lapidem
1551 3289 1785 3361 Herem.

220 3403 306 3452 Ill,
335 3386 415 3458 9])
438 3402 501 3440 ac
522 3386 822 3440 meretricis
859 3386 914 3438 ’τ
951 3385 1091 3438 haud
1134 3384 1354 3438 dubium
1388 3385 1517 3451 quin
1545 3383 1788 3436 eamdem

218 3478 510 3544 signiﬁcet,
545 3479 611 3531 de
660 3493 760 3547 qua
804 3492 964 3545 supra
1005 3478 1234 3539 legimus
1270 3494 1282 3528 :
1322 3476 1598 3540 Quomodo
1648 3475 1790 3541 facta

218 3580 290 3623 est
325 3569 582 3621 meretrix
613 3569 795 3621 civitas
822 3567 994 3632 ﬁdelis
1026 3566 1153 3621 Sion
1188 3565 1206 3634 (
1235 3565 1344 3618 Isa.
1378 3580 1417 3622 ι.
1447 3564 1588 3630 21)?
1623 3561 1793 3632 Super

220 3675 396 3723 quem,
467 3658 664 3725 inquit,
715 3657 943 3719 lusistis,
1001 3665 1365 3725 conspuentes
1398 3654 1594 3708 faciem
1648 3653 1789 3722 ejus,

228 3750 560 3818 barbamque
586 3749 885 3815 vellentes;
918 3757 972 3802 et
1003 3763 1168 3816 super
1202 3750 1363 3816 quem
1409 3745 1680 3799 dilatastis
1737 3753 1792 3798 et

224 3841 521 3905 aper-tristis
554 3854 614 3894 os
655 3848 919 3902 vestrum,
961 3847 1016 3892 et
1047 3839 1280 3907 linguam
1309 3836 1568 3905 eiet-istis,
1605 3835 1792 3889 dicen-

229 3944 306 3984 les
334 3933 380 3985 ei
419 3929 848 3986 :-Samaritanus
873 3946 950 3990 es,
987 3936 1036 3982 et
1067 3928 1382 3982 daemonium
1422 3928 1581 3980 habes
1605 3925 1788 3982 (Joan.

225 4039 340 4078 τιτι.
379 4022 517 4089 48)τ
541 4021 602 4074 Et
637 4022 831 4073 iterum
871 4036 887 4074 :
923 4019 1029 4072 Iste
1055 4035 1160 4072 non
1207 4019 1346 4087 ejicit
1371 4017 1660 4078 dwmonia,
1689 4016 1792 4068 nisi

227 4117 278 4168 in
307 4114 592 4168 Beelzebub
621 4113 854 4180 principe
877 4112 1256 4166 dmmoniorum
1279 4108 1496 4178 (Matth.
1535 4125 1634 4171 xu,
1663 4108 1790 4174 24);

227 4219 278 4260 rt
334 4217 518 4276 postea
554 4207 606 4259 in
639 4207 939 4275 passione:
982 4204 1264 4271 Cruriﬁge,
1324 4202 1572 4271 cruci/iga
1634 4203 1792 4254 talem

233 4297 382 4358 (Luc.
443 4300 597 4361 xxitt,
626 4298 739 4364 2i).
789 4296 856 4350 Et.
895 4314 1108 4351 rursum
1149 4296 1420 4366 :Sanguis
1474 4297 1590 4363 ejus
1637 4312 1794 4358 super

231 4409 318 4442 nos
338 4400 385 4446 et
415 4406 572 4456 super
647 4390 788 4458 ﬁlios
837 4400 1044 4442 nostros
1104 4387 1323 4453 (Matth.
1355 4391 1522 4450 xxvri,
1575 4385 1664 4454 25)
1696 4403 1710 4448 ;
1742 4393 1793 4438 et

233 4482 356 4535 alibi
400 4499 416 4537 :
463 4481 592 4543 Vah,
626 4481 714 4548 qui
743 4481 967 4533 destruis
1001 4480 1272 4543 templum,
1306 4490 1354 4530 et
1385 4480 1438 4531 in
1479 4479 1657 4531 triduo
1711 4477 1794 4527 in-

1896 3267 2048 3320 simre
2090 3272 2218 3316 sunt
2257 3280 2271 3316 :
2337 3258 2612 3329 quomodo
2670 3257 2950 3309 inventum
3002 3261 3089 3307 est
3135 3251 3280 3321 quod
3310 3250 3466 3319 prius

1897 3357 2168 3426 perditum
2189 3353 2362 3407 fuerat
2378 3352 2403 3404 ?
2423 3351 2663 3418 Denique
2682 3348 2737 3401 in
2764 3347 3037 3414 parabolis
3059 3343 3462 3411 pmniteutium,

1896 3459 1950 3503 et
1979 3449 2097 3503 ovis
2128 3447 2336 3516 perdita
2383 3443 2452 3499 de
2477 3451 2697 3498 centum
2723 3441 2938 3503 ovibus,
2967 3449 3022 3492 et
3053 3437 3311 3491 drachma
3343 3449 3466 3502 qua:

1899 3542 1965 3594 de
2019 3540 2204 3594 decem
2241 3538 2500 3607 perierat,
2536 3533 2907 3602 reperiuntur,
2936 3541 2990 3583 et
3041 3529 3284 3598 perditus
3319 3526 3464 3580 (ilius

1899 3633 2188 3696 invenitur,
2216 3631 2284 3684 de
2315 3644 2421 3698 quo
2448 3630 2510 3681 ad
2543 3626 2804 3695 majorem
2841 3631 2967 3676 natu
3001 3623 3208 3674 dixerat
3244 3629 3398 3687 pater
3425 3636 3440 3674 :

1896 3726 2006 3781 Iste
2042 3726 2208 3794 frater
2241 3731 2360 3775 tuus
2401 3720 2648 3790 perierat,
2692 3728 2740 3770 et
2777 3715 3022 3768 inventus
3055 3724 3128 3765 est
3162 3725 3179 3764 :
3226 3718 3463 3765 mortuus

1898 3830 2038 3883 erat,
2068 3827 2117 3870 et
2165 3811 2524 3880 revixitlLuc.
2556 3825 2648 3871 xv,
2670 3809 2784 3875 52).
2808 3807 3097 3876 Nunquam
3123 3809 3268 3861 enim
3298 3808 3461 3872 perit,

1896 3911 2000 3966 nisi
2037 3909 2180 3978 quod
2206 3907 2354 3974 prius
2383 3904 2588 3956 salvum
2621 3899 2718 3952 l‘uit
2741 3915 2756 3962 ;
2782 3910 2837 3950 et
2897 3915 3174 3966 nunquam
3206 3899 3461 3962 moritur,

1897 4006 2001 4060 nisi
2030 4003 2172 4070 quod
2197 4011 2324 4054 ante
2357 3999 2585 4051 vixerat.
2611 3996 2751 4065 Ergo
2772 3993 2858 4048 isti
2884 3993 2976 4061 qui
3010 4006 3154 4045 nunc
3186 3989 3466 4058 appellan-

1899 4106 1986 4151 tur
2017 4096 2108 4150 lllii
2138 4090 2480 4164 perditionis,
2503 4089 2617 4143 sive
2644 4087 2949 4152 iniquitatis
2979 4100 3042 4138 ac
3061 4083 3312 4147 sceleris,
3340 4095 3468 4148 pro-

1897 4187 2016 4256 prio
2050 4187 2179 4239 vitio
2208 4181 2616 4246 dereliquerunt
2672 4180 2980 4237 Dominum,
3007 4184 3063 4228 et
3099 4174 3163 4226 tle
3193 4172 3319 4226 [iliis
3359 4171 3466 4224 Do-

1899 4279 2056 4343 mini,
2091 4276 2202 4346 lilii.
2231 4273 2561 4344 perditionis
2607 4285 2732 4326 esse
2788 4275 3091 4336 coeperunt,
3129 4265 3348 4319 dicente
3395 4263 3461 4316 ad

1897 4385 1992 4426 eos
2032 4370 2134 4422 hoc
2169 4368 2362 4421 eodem
2389 4363 2663 4430 Propheta
2703 4377 2716 4412 :
2768 4358 3132 4427 Dereliqnistis
3164 4355 3468 4418 Dominum,

1898 4471 1945 4516 et
1976 4461 2046 4514 ad
2072 4457 2408 4513 iracundiam
2439 4451 2762 4525 prouocastis
2810 4452 3072 4506 Sanctum
3126 4447 3294 4502 Israel
3324 4443 3465 4517 (Isa.

230 4587 437 4627 stauras
490 4572 650 4625 illud!
701 4572 845 4624 Alios
881 4573 1052 4624 sa’vos
1106 4572 1249 4637 fecit,
1302 4573 1525 4635 seipsum
1588 4571 1793 4623 salvum
1828 4557 1871 4611 ι)
1901 4571 1940 4615 1,
1994 4554 2072 4620 Δ).
2120 4552 2421 4606 Possumus
2471 4549 2586 4602 haec
2643 4545 2937 4600 secundum
2985 4541 3366 4608 tropologi‘am,
3410 4545 3466 4589 et

232 4667 403 4734 facere
439 4681 541 4716 nun
559 4672 747 4729 potest.
801 4662 1092 4716 Descendat
1126 4678 1260 4715 nunc
1298 4663 1360 4716 de
1394 4678 1570 4724 cruce,
1601 4670 1650 4713 et
1686 4675 1800 4712 cre-

233 4759 400 4810 dimus
430 4757 477 4808 ei
509 4753 667 4819 (Ibid.
705 4755 818 4819 40).

303 4845 478 4912 (νει-ε.
504 4843 556 4904 4,
587 4841 664 4910 5.)
704 4859 723 4892 ‹
766 4841 1014 4910 Nunquid
1048 4855 1152 4894 non
1184 4855 1281 4895 vos
1307 4840 1398 4893 lilii
1425 4839 1662 4901 scelesti,
1703 4852 1794 4890 se-

237 4953 352 4990 men
381 4937 636 5000 mendax,
669 4935 759 5004 qui
803 4933 1158 4988 consolamini
1187 4931 1238 4984 in
1271 4931 1374 4985 diis
1419 4930 1607 4984 subter
1636 4945 1798 4983 omne

237 5027 435 5095 lignum
467 5026 806 5090 frondosum,
828 5024 1176 5077 immolantes
1218 5022 1470 5090 parvulos
1502 5022 1556 5074 in
1583 5031 1798 5072 torren-

237 5119 376 5170 libus
395 5117 583 5172 subter
610 5115 958 5169 imminentes
978 5113 1155 5184 [νεαρ.
1177 5109 1500 5179 eminentes]
1521 5109 1740 5178 petras?
1773 5127 1792 5160 ι

238 5206 371 5260 LXX
407 5223 422 5260 :
466 5225 484 5256 ι
520 5203 712 5257 Nmme
751 5217 845 5256 vos
882 5202 1018 5254 estis
1061 5200 1156 5252 lilii
1193 5197 1519 5266 perditionis
1549 5211 1564 5248 :
1615 5209 1798 5248 semen

241 5297 502 5362 iniquum,
531 5295 621 5362 qui
653 5293 859 5347 vocatis
887 5291 1032 5344 idola
1060 5293 1082 5322 ³
1105 5289 1295 5343 subter
1317 5286 1606 5340 frondosae
1635 5284 1800 5338 arbo-

238 5401 322 5441 res
353 5405 365 5440 :
399 5386 748 5440 immolantes
779 5384 915 5437 ﬁlios
945 5392 1154 5436 vestros
1184 5381 1236 5434 in
1265 5379 1500 5433 vallibus
1531 5378 1584 5430 in
1621 5375 1799 5430 medio

243 5478 443 5548 prtrtn?
477 5497 496 5529 s
539 5477 667 5540 Vos,
704 5476 904 5546 inquit,
936 5476 1036 5528 ista
1086 5473 1318 5536 fecistis,
1347 5485 1467 5540 qua
1494 5468 1801 5538 praeteritus

317 5638 331 5666 ι
366 5632 779 5696 Ambrosianus,
843 5631 998 5684 Hanc
1074 5630 1420 5693 meretricem,
1502 5625 1645 5679 haud
1697 5624 1802 5678 du-

250 5706 408 5766 bium,
439 5714 546 5756 etc.

319 5778 336 5806 '
377 5773 541 5830 Idem,
574 5773 663 5830 qui
710 5771 931 5825 vocastis
981 5768 1049 5821 ad
1103 5767 1246 5820 idola
1275 5808 1289 5832 ,

319 5778 336 5806 ¹
377 5773 541 5830 Idem,
574 5773 663 5830 qui
710 5771 931 5825 vocastis
981 5768 1049 5821 ad
1103 5767 1246 5820 idola
1275 5808 1289 5832 ,
1350 5767 1503 5838 juxta
1552 5765 1802 5821 Aldinum

254 5843 515 5914 ssetnplar
559 5841 802 5898 Graecum
836 5840 926 5892 int
956 5841 1024 5893 τὰ
1061 5838 1274 5893 εἰδωλα.

1900 4659 2066 4712 super
2105 4640 2375 4695 haereticis
2405 4639 2676 4703 accipere,
2707 4637 2799 4703 qui
2834 4633 2928 4686 lilii
2965 4632 3283 4700 perditionis
3310 4637 3461 4687 sunt.

1899 4746 1953 4790 et
1993 4749 2174 4788 semen
2211 4731 2522 4801 pessimum,
2551 4729 2665 4782 sive
2693 4725 2984 4779 mendacii.
3020 4725 3101 4775 Ab
3132 4723 3286 4775 initio
3313 4721 3458 4775 enim

1901 4825 2192 4881 tuendaces
2219 4832 2365 4886 sunt,
2403 4821 2542 4875 sicut
2587 4818 2856 4880 diabolus,
2891 4816 2982 4882 qui
3016 4826 3099 4868 est
3138 4823 3290 4878 pater
3319 4813 3459 4880 ejus.

1903 4916 1994 4982 qui
2023 4924 2108 4969 est
2141 4923 2297 4984 pater
2330 4911 2509 4967 omnis
2533 4908 2824 4964 mendacii.
2859 4905 2949 4960 Isti
2978 4914 3171 4957 vocant
3202 4918 3296 4956 eos
3330 4917 3467 4970 quos

1903 5010 2237 5073 decepcrunt
2271 5007 2338 5057 ad
2376 5001 2544 5065 idola,
2577 5001 2692 5052 site
2722 4999 2788 5050 ad
2821 4997 3113 5050 simulacra
3151 4995 3464 5062 dogmatutn

1905 5117 2148 5166 suorum,
2206 5101 2397 5154 subter
2457 5096 2744 5148 frondosus
2793 5089 3015 5143 arbores
3067 5099 3227 5156 atque
3275 5101 3462 5140 nemo.

1905 5207 2080 5256 rosas,
2109 5189 2419 5256 voluptates
2472 5184 2580 5237 illis
2629 5193 2686 5234 et
2735 5179 2958 5233 delicias
2985 5177 3322 5245 pollicentes,
3349 5177 3467 5230 sive

1905 5285 2143 5338 celantes
2176 5279 2517 5350 impnritates
2543 5288 2691 5327 suas.
2727 5270 2885 5325 Unde
2907 5281 2961 5323 et
2985 5269 3157 5322 Adam
3179 5279 3466 5339 postquam

1907 5381 2244 5443 peccaverat.
2283 5366 2568 5423 abscondit
2597 5379 2656 5418 se
2687 5363 2739 5415 in
2773 5362 3029 5430 paradiso
3073 5362 3263 5414 subter
3309 5362 3469 5414 arbo-

1906 5483 2042 5527 rem,
2077 5477 2144 5516 ne
2184 5461 2274 5514 Dei
2304 5466 2509 5528 pateret
2544 5453 2790 5523 aspectui
2815 5451 2968 5524 (Gen.
2992 5451 3467 5520 ttt).Necdubium

1978 5619 1999 5650 ³
2036 5615 2382 5672 Ambrosian.
2441 5609 2782 5671 lmmolastis,
2835 5608 2932 5667 ait,
2974 5606 3224 5659 homines.
3267 5603 3467 5658 Confer

1905 5689 2050 5742 hunc
2098 5690 2275 5739 locum
2321 5685 2373 5735 in
2424 5679 2840 5749 Hicronymiana
2887 5677 3156 5730 versione.
3178 5673 3467 5749 fictorius

1906 5757 2173 5813 immolare
2215 5753 2448 5807 homines
2491 5744 2682 5804 vitulos
2721 5747 3028 5814 adorantes,
3056 5760 3124 5800 ex
3177 5744 3467 5809 llebraico,

1908 5840 1962 5884 et
1993 5828 2210 5884 llieron.
2242 5821 2635 5881 commentario
2668 5820 2718 5873 in
2758 5815 2973 5872 Oscam.
