3856 6172
456 348 556 414 571

1607 356 1670 418 S.
1703 356 2017 419 EUSEBII
2073 359 2509 424 HIERONYMI
3537 362 3620 425 572

453 474 557 527 est,
584 463 714 534 quin
757 463 1063 521 istiusmodi
1091 465 1415 535 perditionis
1449 468 1565 536 lilii,
1597 481 1653 527 et
1697 488 1884 528 semen
1917 475 2021 531 ini-
2049 479 2099 537 Α
2127 484 2180 536 in
2214 485 2447 538 excelsis
2469 481 2750 538 montibus
2769 479 3110 544 collibusque
3135 476 3234 532 diis
3256 477 3467 546 gentium
3487 479 3622 539 lsraei

456 570 646 624 quum.
673 556 908 610 habeant
939 557 1201 626 plurimos
1239 560 1379 616 filios
1411 577 1764 635 quoscunque
1786 569 2018 638 decepe-

458 646 588 713 rint,
617 655 671 701 et
701 648 953 702 occidant
993 650 1044 701 iu
1091 650 1372 717 profundis
1406 654 1656 720 vallibus,
1687 667 1741 711 et
1777 659 1829 712 in
1869 662 2026 713 bara-

463 738 589 792 thro
639 737 938 803 impietatis
983 742 1172 794 subter
1224 742 1569 800 imminentes
1641 759 1845 815 petras,
1901 766 2021 817 quae

461 840 675 895 semper
707 828 984 880 minantttr
1011 830 1220 894 ruinas,
1252 846 1370 895 quae
1399 849 1496 901 pro
1516 835 1835 891 diversitate
1869 853 2026 892 men-

463 916 627 980 dacii,
655 925 709 970 et
735 921 998 971 varietate
1035 921 1352 990 dogmatum
1407 940 1815 992 perversorum.
1842 927 2025 994 plures

463 1007 802 1074 appellantur
820 1011 1120 1074 petraeNos
1138 1027 1312 1068 autem
1334 1031 1491 1070 unam
1511 1018 1774 1072 habemus
1792 1030 2026 1087 petram,

463 1112 583 1161 quae
614 1112 825 1165 semper
857 1101 1102 1167 sequitur
1132 1103 1385 1170 populum
1417 1104 1535 1168 Dei,
1564 1106 1629 1158 de
1670 1122 1777 1175 qua
1812 1108 2030 1162 bibebat

465 1192 738 1250 quondam
779 1194 1013 1260 populus
1043 1193 1228 1259 Israel,
1254 1197 1473 1264 quando
1510 1197 1886 1255 familiaritate
1922 1198 2030 1254 Do-

466 1282 595 1334 tuini
629 1282 931 1338 fruebatur.

537 1372 718 1441 (Vers.
748 1375 827 1443 li.)
865 1395 883 1428 s
918 1375 974 1430 in
1009 1376 1254 1445 partibus
1277 1380 1536 1435 torrentis
1558 1396 1685 1449 pars
1725 1392 1816 1438 tua
1857 1400 1876 1453 ;
1919 1384 2034 1438 haec

467 1476 544 1520 est
578 1467 737 1536 671
774 1481 894 1521 sors
927 1478 1039 1534 tua,
1073 1477 1124 1523 et
1155 1469 1286 1539 ipsis
1315 1470 1548 1526 el‘fudisti
1578 1473 1840 1536 libamen,
1871 1474 2034 1530 obtu-

471 1559 578 1613 listi
607 1559 936 1615 sacrificium
968 1578 982 1626 ;
1023 1562 1264 1632 nunquid
1294 1577 1458 1632 super
1505 1563 1592 1618 bis
1639 1579 1746 1618 non
1782 1564 2037 1635 indigna-

470 1652 606 1704 bor?
639 1670 657 1703 s
683 1651 823 1705 LXX
854 1667 870 1706 :
913 1671 931 1704 ι
968 1651 1090 1708 Haec
1116 1662 1199 1706 est
1223 1668 1349 1722 pars
1371 1663 1485 1718 tua,
1512 1654 1623 1708 haec
1645 1665 1729 1709 est
1749 1668 1868 1710 sors
1905 1666 1994 1711 tua
2017 1695 2035 1722 ,

470 1754 521 1796 et
557 1743 666 1797 illis
697 1743 934 1798 eﬂ‘udisti
962 1744 1224 1800 libamina
1255 1755 1311 1799 et
1338 1746 1422 1800 his
1463 1748 1775 1816 praeparasti
1805 1748 2032 1802 hostias.

2126 577 2337 631 hostias
2362 573 2678 638 immolarit,
2715 585 2768 627 et
2795 573 2952 638 quasi
2977 570 3350 638 procacissima
3375 571 3514 641 672
3539 587 3622 627 me

2128 671 2294 726 retrix
2341 669 2553 723 cunctis
2598 666 2937 719 daemonibus
2968 662 3276 715 divaricarit
3302 663 3448 728 pedes
3500 679 3621 729 suos,

2128 779 2280 818 sacra
2330 769 2515 814 narrat
2558 758 2784 815 historia
2823 775 2837 813 :
2885 757 3178 824 nullusque
3221 755 3372 808 fuerit
3397 755 3528 808 locus
3555 757 3626 822 qui

2129 873 2238 912 non
2279 855 2598 909 idololatriae
2634 852 2890 906 sordibus
2934 849 3242 916 inquinatus
3271 848 3355 914 sit,
3387 848 3435 902 in
3459 858 3627 903 tantum

2131 958 2190 1003 ut
2219 958 2343 1015 post
2372 947 2517 1000 fores
2542 945 2826 997 domorum
2855 942 2993 995 idola
3020 951 3299 1008 ponerent.
3339 955 3462 1008 quos
3481 941 3632 994 dome-

2132 1045 2301 1097 sticos
2328 1039 2602 1104 appellant
2628 1038 2795 1093 Lares
2811 1037 2863 1106 μ’,
2885 1045 2935 1088 et
2957 1043 3066 1088 tam
3096 1033 3304 1100 publice
3321 1050 3468 1097 quam
3491 1035 3634 1102 priva-

2131 1136 2226 1190 tim
2262 1133 2565 1186 animarum
2599 1142 2821 1182 suarum
2865 1130 3186 1189 sanguinem
3238 1125 3515 1177 funderent.
3543 1123 3633 1176 Hoc

2133 1237 2324 1278 errore
2344 1231 2395 1275 et
2417 1220 2650 1290 pessima
2676 1216 3069 1272 consuetudine
3091 1215 3369 1267 vetustatis
3392 1222 3632 1265 multarum

2134 1312 2536 1382 provinciarum
2575 1309 2737 1362 urbes
2772 1308 3073 1361 laborant:
3111 1305 3331 1369 ipsaque
3378 1307 3524 1355 Koma
3568 1317 3634 1353 or-

2135 1404 2220 1457 bis
2255 1400 2470 1454 domina
2505 1401 2558 1452 in
2593 1397 2820 1465 singulis
2854 1395 3044 1451 insulis
3076 1395 3443 1460 domibusque,
3474 1391 3638 1445 Tutela!

2136 1493 2484 1550 simulacrum
2517 1490 2690 1545 cereis
2727 1503 2996 1544 venerans
3033 1503 3096 1541 ac
3128 1487 3384 1550 lucernis,
3415 1499 3557 1553 quam
3586 1483 3638 1535 ad

2140 1588 2425 1641 tuitionem
2459 1583 2656 1639 aedium
2689 1583 2796 1637 isto
2827 1580 3100 1652 appellant
3126 1579 3359 1641 nomine,
3389 1587 3443 1632 ut
3467 1589 3556 1630 tam
3580 1576 3642 1629 in-

2141 1685 2349 1731 trantes
2381 1689 2546 1743 quam
2583 1683 2848 1728 exeuntes
2873 1672 3064 1724 domos
3096 1682 3247 1730 suas,
3280 1666 3442 1721 inoliti
3471 1679 3642 1732 semper

2140 1775 2590 1821 commoueantur
2643 1763 2871 1817 erroris.
2904 1759 3163 1816 Haeretici
3207 1773 3429 1828 quoque.
3455 1772 3641 1826 quorum

471 1838 645 1903 Super
695 1839 781 1894 his
823 1853 953 1909 ergo
1003 1854 1109 1893 non
1146 1840 1392 1895 irascar?
1422 1859 1442 1892 ι
1505 1841 1661 1894 lsaiae
1694 1841 2029 1910 temporibus

2146 1874 2227 1914 :or
2249 1858 2493 1913 elevatur
2522 1858 2573 1911 in
2596 1855 2925 1924 superbiam,
2958 1861 3012 1908 et
3053 1852 3146 1920 qui
3204 1850 3542 1906 ecclesiastica
3566 1847 3642 1901 ιιιι-

471 1929 796 1984 conveniunt
841 1945 962 1999 quae
1006 1930 1288 1985 dicuntur.
1357 1931 1559 1985 Omnes
1597 1931 1740 1984 enim
1797 1940 2036 1993 montes,

468 2021 660 2083 valles,
685 2029 845 2089 atque
871 2029 1144 2076 torrentes
1175 2021 1322 2089 pleni
1346 2031 1505 2076 erant
1528 2022 1674 2076 cultu
1700 2022 2038 2088 daemonum,

473 2114 540 2168 de
571 2115 768 2182 quibus
807 2113 1049 2181 loquitur
1072 2111 1340 2170 Jeremias
1381 2153 1398 2179 ,
1450 2115 1604 2180 Quod
1640 2124 1823 2183 patres
1853 2131 1915 2170 ac
1948 2115 2040 2170 lilii

478 2203 626 2272 ligna
687 2213 1048 2271 comportent,
1071 2203 1364 2273 ignemque
1380 2206 1734 2271 succcndant,
1756 2214 1815 2260 ut
1842 2205 2044 2260 faciant

482 2292 759 2347 cbavouas
781 2293 988 2346 militiae
1014 2293 1161 2356 coeli,
1191 2296 1598 2348 conte-rentibus
1635 2295 1851 2349 feminis
1879 2308 2044 2364 atque

477 2385 836 2438 miscentibus
887 2385 1076 2438 similae
1134 2386 1370 2454 adipem,
1407 2394 1462 2438 ut
1510 2385 1794 2442 Dominum
1829 2390 1893 2443 ad
1933 2391 2040 2441 ira-

471 2478 723 2531 cundiam
744 2487 1100 2544 provocarent
1125 2476 1324 2545 (lcrem
1345 2520 1358 2534 .
1389 2478 1512 2549 vn).
1536 2479 1790 2550 anliqne
1817 2480 2040 2535 dubium

475 2569 604 2636 quin
639 2569 918 2634 placentas
961 2569 1291 2639 significent,
1329 2575 1442 2626 sive
1479 2575 1755 2628 crustulas
1789 2576 1840 2628 itt
1880 2591 2042 2628 manu

478 2661 704 2714 artificis
741 2673 1096 2730 preparatus.
1137 2663 1249 2717 Hoc
1285 2665 1428 2718 enim
1473 2667 1651 2734 lingua
1691 2676 1878 2721 nostra
1912 2669 2041 2720 clm-

473 2768 638 2807 nonas
673 2761 852 2808 sonat.
891 2755 962 2808 De
995 2755 1080 2808 his
1102 2770 1167 2808 ex
1202 2756 1412 2811 Domini
1447 2772 1704 2824 persona,
1737 2759 2042 2827 prophetali

475 2848 690 2911 spiritu,
725 2846 1054 2912 praecinebat
1084 2847 1293 2917 Moyses
1338 2854 1389 2902 ιιι
1429 2848 1659 2903 Cantico
1706 2850 2045 2904 Deuterono-

480 2938 574 2991 mii
609 2954 624 2991 :
663 2937 1015 2993 Irritaverunt
1050 2956 1131 2992 me
1156 2941 1209 2993 in
1250 2939 1353 2994 diis
1385 2941 1593 3004 alienis,
1628 2951 1676 2995 et
1703 2942 2048 2997 iuabomiua-

478 3031 708 3084 tionibus
735 3032 846 3084 suis
875 3030 946 3083 ad
975 3032 1316 3084 iracundiam
1364 3042 1776 3098 prouocauerunt
1807 3049 1826 3087 :
1863 3035 2048 3087 immo-

2141 1952 2367 2006 militate
2389 1956 2725 2017 contempta,
2755 1947 2857 2002 sibi
2889 1945 3100 2001 excelsa
3137 1944 3468 2012 promittunt,
3496 1953 3644 1994 ascen-

2139 2044 2275 2097 dunt
2317 2043 2627 2112 dogmatum
2663 2052 2894 2094 suorum
2921 2043 3136 2091 montes
3170 2032 3575 2094 sublimissimos,
3603 2039 3644 2083 et

2141 2137 2251 2191 illic
2289 2151 2442 2188 suum
2476 2132 2816 2187 daemonibus
2857 2129 3036 2184 cubile
3071 2128 3418 2194 prostituunt.
3455 2124 3514 2178 Et
3547 2124 3645 2192 quia

2141 2226 2436 2281 secundum
2490 2225 2836 2289 Prophetam,
2878 2223 3143 2276 conversi
3199 2229 3323 2274 sunt
3381 2228 3646 2278 retrorsum.

2143 2316 2418 2374 imitant'es
2450 2333 2672 2373 uxorem
2707 2315 2806 2368 Lot
2838 2314 2992 2383 (Gen.
3015 2315 3156 2380 six),
3195 2322 3466 2366 mutantur
3493 2311 3539 2363 in
3561 2318 3645 2360 sta.

2143 2422 2290 2468 tuam
2317 2412 2466 2472 salis.
2494 2412 2755 2463 habentes
2779 2408 3070 2476 imaginem
3096 2405 3472 2460 ecclesiasticze
3499 2400 3648 2454 condi-

2146 2515 2299 2566 turae,
2337 2514 2392 2558 et
2425 2517 2676 2572 saporem
2709 2502 2928 2569 penitus
2959 2515 3069 2554 non
3105 2499 3368 2554 habentes
3401 2515 3412 2551 :
3443 2497 3520 2563 qui
3555 2511 3652 2563 pro-

2139 2594 2407 2664 jiciuntur
2443 2591 2611 2652 foras,
2639 2598 2693 2644 et
2717 2591 2772 2644 in
2819 2589 2960 2643 nihil
2988 2590 3153 2643 utiles
3179 2599 3323 2650 sunt,
3353 2588 3446 2641 nisi
3478 2594 3528 2639 ut
3553 2600 3653 2638 cnn-

2145 2700 2352 2744 ctorum
2393 2685 2621 2755 pedibus
2650 2683 3064 2738 conculcentur.
3118 2681 3472 2748 Quamobrem
3507 2686 3652 2732 monet

2145 2779 2408 2834 Dominus
2449 2779 2502 2832 in
2544 2778 2857 2847 Evangelio,
2888 2786 2946 2830 ut
2971 2778 3061 2840 qui
3101 2775 3271 2828 aratri
3319 2774 3498 2827 stivam
3527 2777 3652 2828 tenet,

2147 2881 2267 2940 post
2306 2879 2516 2940 tergum
2545 2885 2653 2924 non
2692 2869 2945 2936 respiciat
2972 2869 3128 2936 (Luc.
3167 2868 3309 2927 vni).

2216 2961 2399 3031 (Vers.
2453 2961 2532 3031 9.)
2573 2981 2591 3014 ι
2641 2959 2776 3027 Quia
2823 2961 2974 3028 juxta
3037 2974 3128 3015 me
3178 2953 3581 3023 discoOpernisti,
3616 2962 3658 3005 et

2147 3053 2436 3121 suscepisti
2489 3053 2841 3108 adulterum:
2901 3050 3147 3106 dilatasti
3200 3049 3373 3104 cubile
3400 3058 3532 3101 tuum
3567 3061 3580 3100 :
3615 3051 3659 3097 et

479 3121 714 3176 triverunt
743 3123 1022 3176 daemoniis
1050 3133 1099 3177 et
1127 3139 1230 3176 non
1259 3123 1365 3177 Deo
1393 3123 1572 3193 (Deut.
1603 3140 1776 3188 xxx",
1811 3125 1897 3189 16,
1930 3127 2042 3194 i7),

2149 3146 2396 3214 pepigisti
2457 3158 2578 3198 cum
2636 3141 2930 3215 eis[Vulg.
2980 3143 3132 3196 addit
3185 3138 3381 3212 haedus]
3421 3132 3658 3197 :tlilex‘sti

477 3224 533 3270 et
567 3214 666 3268 hoc
704 3213 954 3269 fecerunt
997 3214 1213 3284 propria
1262 3214 1558 3276 voluntate,
1589 3217 1716 3285 quia
1753 3217 1806 3269 in
1855 3223 2046 3270 nostro

479 3309 731 3364 consistit
748 3307 976 3362 arbitrio
1008 3307 1212 3361 bonum
1243 3305 1513 3361 malumve
1547 3307 1775 3376 eligere.
1803 3309 2045 3376 Denique

479 3401 570 3458 his
591 3403 680 3469 qui
712 3415 771 3455 se
793 3401 905 3454 Deo
925 3399 1217 3454 virtutibus
1238 3399 1572 3464 obtulerunt,
1599 3399 1796 3454 dicitur
1826 3416 1840 3455 :
1876 3398 2046 3470 Elegit

482 3494 627 3548 vobis
675 3493 1036 3548 hmreditatsm
1083 3507 1277 3555 suam,
1325 3491 1775 3558 pulchritudinem
1875 3490 2046 3547 Jacob

480 3597 638 3650 quam
664 3583 846 3636 dilexit
872 3565 1043 3649 (Psal.
1077 3595 1223 3645 xcvi,
1253 3581 1329 3649 5).
1357 3579 1422 3634 Et
1455 3582 1507 3634 in
1529 3581 1638 3636 alio
1668 3580 1788 3635 loco
1821 3599 1834 3635 :
1871 3579 2046 3636 Facta

477 3683 556 3728 est
592 3689 716 3740 pars
749 3673 956 3727 Domini
999 3673 1224 3739 populus
1259 3672 1372 3742 ejus
1397 3672 1563 3726 Iacob
1595 3711 1612 3738 ,
1641 3672 1912 3740 [articulus
1943 3673 2050 3728 Iuc-

480 3765 721 3818 reditatis
752 3764 867 3834 ejus
897 3762 1068 3818 Israel
1099 3762 1273 3831 (Deut.
1303 3779 1478 3828 xuii,
1511 3763 1589 3832 9).
1626 3763 1696 3818 Et
1739 3763 1792 3818 in
1827 3763 2050 3820 Actibus

482 3855 858 3922 apostolorum
899 3854 1156 3918 refertur,
1193 3855 1339 3924 quod
1388 3855 1445 3908 in
1496 3865 1702 3924 partem
1735 3861 2052 3923 sortemque

480 3947 634 4002 Pauli
664 3957 721 4002 et
746 3945 872 4002 Sila:
904 3947 1119 4012 plurimi
1145 3961 1205 4003 se
1240 3947 1516 4002 dederint.
1553 3947 1660 4012 Qui
1695 3961 1828 4016 ergo
1854 3946 2055 4000 fuerint

482 4055 609 4109 pars
628 4049 681 4094 et
705 4055 826 4094 sors
854 4038 1089 4105 Domini,
1119 4040 1262 4094 sicut
1288 4038 1511 4102 Levita},
1541 4037 1818 4092 habebunt
1842 4046 2052 4106 partem

484 4132 698 4189 Domini
732 4141 788 4187 et
818 4130 1002 4186 dicere
1034 4139 1293 4200 poterunt
1323 4144 1444 4185 cum
1481 4129 1650 4183 David
1683 4142 1699 4181 :
1738 4126 1880 4181 Pars
1937 4144 2053 4182 mea

483 4227 744 4281 Dominus
767 4224 945 4296 (Psal.
973 4240 1139 4290 Lsxtt,
1169 4224 1287 4291 26).
1322 4222 1454 4288 Quae
1479 4235 1774 4292 possumus
1809 4229 1863 4275 et
1888 4234 2055 4288 super

486 4324 862 4376 haereticorum
891 4335 1124 4389 persons
1163 4319 1414 4386 accipere
1455 4332 1472 4381 ;
1506 4315 1616 4386 ipsi
1655 4315 1798 4372 enim
1827 4315 2056 4371 dimisso

484 4414 632 4467 cultu
668 4411 778 4472 Dei.
833 4427 1080 4466 errorum
1113 4424 1334 4466 suorum
1372 4408 1665 4462 simulacra
1696 4416 2050 4470 venerantur,

2150 3245 2385 3291 stratum
2447 3250 2638 3290 eorum
2693 3249 2854 3288 manu
2897 3243 3119 3302 aperta;
3161 3242 3218 3288 et
3263 3230 3459 3286 ornasti
3499 3238 3545 3282 te
3574 3225 3660 3292 regi

2148 3326 2302 3399 ίνυι.
2360 3326 2536 3398 regio]
2594 3336 2897 3396 unguento,
2929 3335 2989 3381 et
3040 3324 3410 3396 multiplicasti
3441 3321 3660 3391 pigmenta

2148 3430 2260 3475 tua.
2301 3418 2493 3474 Misisti
2538 3419 2749 3489 legatos
2792 3428 2914 3472 tuos
2977 3419 3194 3487 procul.
3227 3429 3283 3472 et
3339 3415 3585 3471 humiliata
3617 3423 3663 3464 es

2148 3526 2318 3582 usque
2370 3511 2436 3565 ad
2475 3511 2705 3567 inferos.
2745 3529 2766 3564 ι
2807 3507 2946 3565 LXX
2985 3526 3003 3570 :
3043 3529 3062 3562 ι
3100 3510 3340 3565 Putabas
3386 3506 3603 3572 quoniam
3627 3501 3661 3557 si

2147 3604 2474 3661 recessisses
2491 3617 2520 3656 a
2544 3619 2654 3669 me,
2672 3603 2792 3673 plus
2815 3603 3021 3671 aliquid
3041 3601 3298 3658 haberes.
3325 3597 3546 3655 Dilesisti
3568 3597 3665 3649 dor-

2147 3696 2384 3750 micntes
2414 3705 2615 3761 tecum,
2644 3702 2700 3749 et
2730 3692 3098 3762 multiplicasti
3135 3691 3528 3748 fornicationem
3549 3695 3664 3740 tuam

2150 3802 2273 3842 cum
2305 3788 2410 3853 eis,
2463 3786 2772 3856 multosque
2805 3785 2986 3841 fecisti
3019 3785 3215 3852 procul
3261 3801 3290 3838 a
3329 3792 3404 3847 te,
3429 3790 3477 3836 et
3509 3774 3664 3834 misisti

2151 3879 2358 3949 legatos
2393 3880 2531 3935 ultra
2566 3881 2830 3937 terminos
2857 3888 2998 3945 tuos,
3029 3889 3084 3932 et
3122 3877 3402 3932 humiliata
3431 3889 3487 3930 es
3527 3882 3664 3936 usque

2152 3973 2218 4027 ad
2245 3970 2468 4026 inferos.
2506 3989 2526 4023 ι
2556 3971 2795 4027 Primum
2819 3970 3148 4025 Hebraicum
3179 3971 3518 4027 disseramus,
3554 3958 3666 4031 quod

2154 4064 2208 4118 in
2244 4065 2348 4118 hoc
2371 4062 2490 4118 loco
2527 4063 2756 4118 multum
2784 4060 2948 4117 distat
2974 4077 3003 4116 a
3039 4060 3208 4116 LXX.
3238 4060 3322 4115 Ad
3353 4071 3501 4128 quam
3528 4065 3666 4122 supra

2153 4154 2364 4209 dixerat
2393 4173 2408 4209 :
2459 4153 2628 4222 Super
2667 4168 2896 4209 montem
2923 4152 3201 4209 excelsum
3236 4163 3287 4208 et
3330 4153 3572 4208 sublimem
3595 4159 3670 4214 po-

2155 4248 2308 4300 suisti
2335 4246 2508 4300 cubile
2559 4256 2732 4309 tuum,
2770 4257 2825 4300 et
2857 4248 3010 4316 quasi
3046 4247 3396 4301 meretricem
3441 4246 3668 4310 arguerat.

2155 4340 2208 4394 in
2244 4340 2466 4394 introitu
2510 4341 2792 4395 domorum
2820 4351 2877 4395 et
2920 4340 2976 4394 in
3028 4341 3171 4394 locis
3208 4336 3524 4394 tenebrosis.
3576 4336 3670 4399 Ροδί

2154 4435 2292 4486 ostia
2322 4433 2690 4500 prostitutam,
2711 4439 2772 4485 ut
2793 4431 3108 4500 quicunque
3145 4438 3296 4487 aedes
3318 4430 3471 4483 vellet
3488 4427 3670 4479 intrare.

484 4514 536 4553 et
575 4502 681 4554 illis
709 4501 945 4554 olieruut
968 4500 1217 4554 victimas
1243 4515 1305 4553 ac
1335 4499 1594 4551 libamina
1625 4497 1932 4560 effundunt,
1970 4495 2049 4548 fa-
2086 4529 2129 4585 υ
2159 4495 2383 4578 haber'et
2413 4534 2538 4579 ΜΗΘ
2585 4523 2774 4578 oculos
2812 4495 3122 4592 'emosiiam
3160 4522 3484 4590 vompmlem
3511 4535 3524 4568 ε
3556 4526 3672 4567 eam-

483 4595 690 4648 cientes
722 4592 1058 4651 abscondite.
1092 4607 1212 4660 quae
1242 4601 1395 4658 turpe
1442 4599 1524 4644 est
1556 4591 1722 4644 etiam
1754 4590 1963 4652 dicere,
1993 4597 2049 4645 et

489 4685 730 4754 captivas
783 4684 1046 4739 ducentes
1089 4681 1436 4736 mulierculas
1496 4689 1749 4736 oneratas
1789 4683 2053 4751 peccatis,

489 4795 610 4848 quae
641 4781 912 4834 ducuntur
939 4775 1108 4831 variis
1156 4775 1465 4837 desideriis,
1497 4788 1712 4843 semper
1758 4773 2053 4838 discentes,

483 4881 540 4925 et
573 4885 848 4940 nunquam
911 4869 979 4923 ad
1024 4869 1307 4924 scientiam
1356 4866 1610 4921 veritatis
1671 4867 2057 4927 pervenientes

487 4961 577 5032 (11
620 4962 758 5038 Tim.
789 4962 902 5031 ιιι).
935 4959 1070 5016 Cum
1112 4958 1279 5028 igitur
1303 4959 1406 5012 ista
1433 4959 1488 5012 in
1519 4967 1748 5024 utraque
1780 4957 2057 5026 impietate

486 5053 691 5108 faciant
738 5053 912 5124 impii,
975 5067 1158 5107 nonne
1205 5050 1414 5122 justum
1443 5059 1528 5106 est
1575 5048 1672 5104 Dei
1725 5059 1915 5105 contra
1960 5065 2058 5106 eos

487 5146 828 5200 iracundiam
862 5145 1196 5216 provocari?

561 5234 741 5307 (Vers.
780 5236 858 5306 7.)
889 5257 908 5290 s
945 5237 1122 5306 Super
1176 5243 1417 5290 montem
1463 5236 1734 5291 excelsum
1783 5242 1839 5288 et
1885 5232 2058 5288 subli-

490 5343 633 5382 mem
682 5327 908 5394 posuisti
956 5327 1132 5382 cubile
1163 5337 1338 5392 tuum,
1373 5335 1430 5380 et
1469 5325 1598 5380 illnc
1632 5324 1946 5386 ascendisti,
2001 5335 2058 5378 ttt

489 5418 804 5474 inunolarcs
842 5417 1064 5471 hostias.
1103 5417 1165 5471 Et
1191 5428 1313 5486 post
1339 5417 1559 5483 ostium,
1587 5424 1642 5470 et
1677 5424 1822 5470 retro
1847 5425 2056 5484 postem

490 5511 718 5582 posuisti
756 5509 1066 5564 memorinle
1095 5520 1267 5562 tuum.
1302 5527 1320 5559 ι
1373 5505 1517 5561 LXX
1578 5507 1847 5563 similiter.
1903 5506 2058 5571 Quod

549 5729 584 5796 ._‘
627 5732 946 5783 'l'crtnllian.
988 5729 1040 5782 in
1082 5729 1348 5798 dpologet.
1383 5744 1433 5782 c.
1470 5728 1536 5782 15
1591 5745 1605 5781 :
1647 5746 1666 5781 ι
1715 5728 2053 5782 Domesticos

497 5798 632 5854 deos
668 5817 808 5867 quos
854 5801 1020 5853 Lares
1075 5801 1281 5861 dicitis,
1315 5799 1611 5853 domestica
1645 5806 1912 5867 potestate
1946 5808 2057 5852 tra-

2157 4616 2275 4668 dem
2328 4630 2468 4668 uttuc
2519 4615 2671 4683 quasi
2707 4630 2930 4667 uxorem
2988 4613 3298 4668 adulteram
3331 4611 3498 4679 arguit
3543 4616 3673 4672 atque

2157 4704 2418 4764 confutat.
2468 4706 2610 4769 quod
2665 4704 2942 4757 dormiens
2995 4701 3106 4761 [ΑΙ.
3163 4702 3463 4756 dormiente
3488 4693 3558 4767 se]
3580 4705 3675 4747 cum

2157 4799 2298 4862 viro,
2325 4797 2468 4852 clam
2499 4795 2802 4850 adulterum
2823 4794 2988 4864 673
3015 4797 3337 4860 susceperit,
3363 4805 3414 4847 et
3434 4793 3677 4856 discoope-

2159 4891 2329 4945 ruerit
2361 4889 2605 4956 pallium,
2637 4887 2748 4942 imo
2807 4888 3118 4942 dilataverit
3155 4896 3386 4943 stratum
3443 4897 3599 4947 suum,
3633 4886 3676 4930 et

2159 4979 2349 5036 fecerit
2383 4990 2622 5048 pactum,
2667 4977 2823 5044 quasi
2857 4977 3000 5032 dotis
3027 4977 3386 5033 instrumenta
3425 4971 3676 5030 conﬁciens

2157 5086 2282 5128 cum
2321 5070 2600 5126 adulteris.
2633 5067 2750 5124 Hoc
2776 5077 2956 5124 autem
2991 5069 3150 5134 dicit,
3197 5078 3257 5122 ut
3293 5068 3528 5122 ostendat
3561 5058 3674 5128 quod

2157 5177 2266 5219 non
2289 5163 2464 5220 solum
2493 5164 2546 5216 in
2572 5161 2716 5232 agris
2741 5169 2798 5214 et
2823 5158 3079 5214 domibus
3110 5159 3255 5215 idola
3304 5155 3570 5215 coluerint,
3598 5144 3676 5204 sed

2159 5257 2214 5310 in
2243 5254 2445 5320 templo
2488 5266 2704 5319 quoque
2724 5249 3011 5319 posuerint
3029 5249 3378 5304 simulacrum
3402 5243 3539 5306 Baal,
3556 5234 3675 5309 quod

2161 5345 2409 5399 Ezechiel
2443 5358 2660 5412 quoque
2720 5340 2970 5410 perfosso
3018 5340 3229 5409 pariete
3261 5339 3454 5394 vidisse
3496 5348 3548 5389 se
3571 5325 3679 5384 dicit

2161 5435 2379 5502 (Each.
2409 5435 2548 5503 vui),
2586 5431 2847 5494 Dilcxisti,
2876 5431 3074 5501 inquit,
3097 5440 3327 5484 stratum
3349 5440 3516 5482 eorum
3546 5431 3677 5474 manu

2161 5535 2369 5592 aperta,
2401 5535 2459 5578 ut
2485 5539 2589 5577 non
2616 5522 2964 5578 erubesceres
2996 5522 3049 5574 in
3093 5529 3318 5590 peccato
3344 5527 3447 5580 tuo,
3478 5525 3565 5570 nec
3593 5508 3679 5562 fol"

2161 5724 2342 5778 etatis.
2373 5739 2395 5771 ι
2429 5719 2634 5775 Confer
2664 5717 2732 5773 de
2763 5716 2870 5772 Dea
2915 5715 3104 5775 Tutela
3132 5712 3418 5788 Augustin.
3450 5709 3533 5769 lib.
3560 5699 3676 5764 mlo

2163 5794 2318 5848 Civit.
2359 5792 2472 5856 Dei,
2504 5805 2624 5861 cap.
2659 5789 2712 5854 8,
2745 5797 2852 5845 etc.
