3902 6182
202 353 310 419 573

715 355 1125 416 COMMENTA
1143 358 1210 416 Β.
1251 356 1336 414 1N
1378 355 1643 417 ISAIAM
1684 353 2151 418 PBOPHETAM
2190 355 2342 416 LIB.
2377 355 2536 428 XVI,
2565 355 2720 417 CAP.
2764 356 2944 416 LVII.

3360 353 3468 416 δτι

203 439 496 523 nicattonis
517 481 744 538 cuperes
764 469 1094 524 abscondere
1112 446 1533 540 turpitudinem,
1553 473 1648 528 sed
1673 482 1784 528 tota
1811 481 1866 542 Α
1897 475 1998 529 Via
2027 477 2170 547 regia
2206 475 2522 538 ambulabis,
2551 483 2600 528 et
2638 490 2741 529 non
2773 473 3060 527 declinabis
3098 475 3166 525 ad
3198 475 3465 526 deateram

202 557 454 614 libertate
500 573 773 627 peccares.
821 559 885 614 Et
922 562 1130 614 ornasti
1214 572 1262 616 te
1322 565 1434 631 regi
1485 573 1772 632 unguenta,

205 660 258 705 et
291 651 656 718 multiplicasti
689 651 834 705 idola
860 661 972 705 tua.
999 651 1064 706 Et
1090 660 1172 706 est
1193 667 1386 707 sensus
1408 670 1422 707 :
1445 653 1604 708 Varia
1618 670 1780 710 orna-

204 755 387 794 menta
413 742 676 809 qtttesisti,
707 752 764 796 ut
804 752 861 797 et
896 744 1012 796 visu
1044 751 1095 797 et
1127 748 1297 798 odore
1337 746 1615 801 adulteros
1651 762 1780 815 pro-

200 847 450 886 vocares.
468 831 622 898 Quod
639 843 818 887 autem
837 833 1032 888 dicitur
1053 851 1067 888 :
1085 837 1289 889 ornasti
1301 845 1348 889 te
1362 838 1471 906 regi
1491 848 1776 906 unguento,

204 921 501 991 dupliciter
529 923 852 988 intelligitur
885 940 902 981 :
937 933 1034 978 aut
1058 926 1166 993 regi
1192 926 1322 987 Deo,
1356 926 1481 980 dum
1517 927 1600 982 his
1622 942 1786 983 orna-

205 1015 286 1067 ris
315 1029 440 1082 quae
490 1015 585 1068 ille
623 1016 868 1078 dederat,
917 1025 970 1070 et
1031 1015 1192 1071 idolis
1238 1018 1587 1086 prostitueris
1635 1036 1652 1074 :
1691 1028 1784 1072 aut

204 1115 362 1160 certe
393 1107 502 1175 rrgi
539 1106 684 1161 idolo
717 1108 1176 1174 Ammonitarnm,
1207 1110 1301 1178 qui
1331 1109 1640 1178 appellatur
1670 1110 1786 1165 Mo-

204 1192 348 1258 loels,
389 1205 440 1247 et
465 1194 517 1248 in
541 1195 719 1265 lingua
743 1207 954 1264 nostra,
981 1214 1156 1268 regem
1184 1207 1348 1252 sonat
1373 1217 1389 1253 :
1421 1215 1588 1270 quam
1622 1199 1781 1270 juxta

205 1285 354 1342 LXX
408 1287 463 1342 in
497 1287 620 1345 aliis
669 1287 808 1344 locis
860 1290 1118 1345 Melchom
1155 1291 1383 1363 legimus
1428 1293 1694 1364 (Sopltou.
1721 1295 1785 1364 ι).

206 1379 277 1435 Et
310 1380 506 1436 misisti
565 1381 762 1453 legatos
784 1392 900 1437 tuos
920 1384 1125 1452 procul,
1155 1392 1344 1439 utnon
1369 1384 1545 1440 solum
1569 1385 1622 1440 in
1649 1385 1788 1442 vici-

208 1487 410 1526 narum
451 1475 695 1540 gentium
736 1471 916 1536 idolis,
953 1475 1050 1529 sed
1094 1480 1151 1529 et
1179 1474 1236 1528 in
1288 1473 1450 1542 longe
1483 1474 1787 1543 positarum

207 1560 444 1616 haberes
475 1563 712 1618 studium
736 1563 1067 1619 fornicandi.
1098 1561 1384 1632 Significat
1410 1575 1590 1621 autem
1616 1564 1791 1636 Baby-

208 1653 398 1708 lonios
446 1656 580 1709 deos
650 1666 704 1710 et
763 1655 1071 1726 Egyptios.
1117 1655 1187 1709 Et
1238 1657 1524 1712 humiliata
1565 1674 1640 1722 es,
1691 1660 1789 1724 ait,

210 1762 382 1816 usque
409 1749 480 1800 ad
517 1747 734 1817 inferos.
775 1748 894 1801 Non
921 1763 984 1802 ea
1019 1747 1330 1803 humilitate
1363 1764 1488 1819 quae
1527 1751 1580 1805 in
1632 1749 1792 1805 laude

1884 582 2052 630 neque
2083 568 2153 620 ad
2189 567 2463 620 sinistram
2490 564 2668 634 (Deut.
2706 581 2757 629 v,
2795 565 2909 631 52).
2945 563 3061 618 Una
3099 565 3181 616 via
3215 573 3297 616 est
3325 565 3470 617 veri-

1887 657 2033 718 tatis,
2059 672 2174 724 qua:
2201 655 2334 709 dicit
2365 657 2417 708 in
2454 655 2747 720 Evangelio
2780 675 2792 708 :
2829 654 2943 725 Ego
2982 672 3095 709 sum
3138 656 3246 716 ria,
3275 656 3470 707 veritas

1886 756 1935 798 et
1963 747 2066 799 vita
2104 745 2280 814 (Joan.
2313 761 2426 804 xtv.
2459 745 2540 813 6');
2573 755 2628 798 et
2669 745 2854 799 multa;
2896 745 3305 799 mendaciorum
3346 744 3470 811 viae,

1888 854 1984 908 per
2013 854 2149 908 quas
2181 855 2322 894 nunc
2353 841 2656 896 ambulasse
2693 842 2937 909 arguitur
2963 839 3290 900 Jerusalem,
3329 854 3467 906 qna-

1891 947 2007 985 rum
2046 933 2256 986 viarum
2291 933 2432 987 Deus
2462 935 2642 989 sciens
2673 933 3055 992 dillerentiam.
3089 948 3250 998 supra
3287 932 3462 999 loqui-

1893 1032 1980 1076 tur
2023 1025 2090 1077 ad
2139 1033 2389 1078 errantes
2425 1040 2440 1078 :
2480 1023 2604 1078 Non
2657 1025 2793 1078 sicut
2840 1024 2935 1077 via:
2969 1040 3116 1085 meat,
3149 1024 3243 1078 uite
3286 1035 3469 1076 restria

1893 1113 2030 1182 (fsa.
2063 1129 2150 1179 ιν,
2186 1115 2265 1181 8),
2301 1130 2422 1184 qua:
2453 1114 2640 1170 dicunt
2689 1115 2917 1168 Domino
2963 1115 3284 1170 cantiteutes
3316 1132 3333 1171 :
3366 1113 3472 1166 Deo

1893 1205 2093 1262 clinare
2132 1201 2305 1278 fecisti
2351 1205 2462 1260 uias
2505 1215 2715 1260 nostras
2751 1223 2785 1260 a
2825 1206 2921 1260 uiis
2957 1208 3062 1259 tuis
3107 1205 3280 1274 (Psal.
3315 1220 3471 1269 thtt,

1895 1298 2008 1366 i9).
2047 1297 2273 1368 Cognita
2314 1298 2484 1366 igitur
2527 1312 2631 1351 una
2684 1297 2769 1350 via
2822 1295 2993 1366 regia,
3026 1297 3308 1350 videamus
3353 1309 3473 1360 qua:

1897 1388 2101 1444 dextra!
2139 1389 2246 1443 vite
2279 1389 2391 1442 sint
2429 1396 2486 1444 et
2529 1387 2790 1453 sinistrae,
2823 1403 2923 1458 per
2952 1401 3089 1457 quas
3122 1386 3476 1454 prohibemur

1897 1480 2177 1536 incedere.
2206 1479 2306 1534 Via
2332 1480 2479 1549 regia
2501 1488 2800 1548 temperata
2825 1479 2938 1551 [ΑΙ.
2964 1475 3348 1548 temperantia]
3373 1487 3476 1540 est,

1898 1586 2002 1628 nec
2033 1571 2156 1642 plus
2181 1568 2236 1626 in
2266 1585 2328 1626 se
2357 1570 2567 1626 habens
2596 1585 2697 1626 nec
2730 1572 2933 1625 minus.
2966 1567 3128 1625 Verbi
3159 1571 3358 1637 gratia,
3391 1568 3478 1622 via

1899 1672 2048 1719 recta
2080 1673 2136 1717 et
2165 1663 2337 1732 regis,
2369 1662 2652 1728 prudentia
2683 1669 2788 1716 est.
2825 1661 3166 1716 Decliuamus
3195 1661 3260 1714 ad
3291 1661 3482 1714 dexte-

1899 1770 2038 1821 ram,
2071 1754 2118 1809 si
2162 1756 2283 1824 plus
2315 1755 2557 1821 sapimus
2589 1768 2750 1822 quam
2798 1759 3009 1821 oportet
3053 1765 3263 1820 sapere,
3301 1761 3352 1805 et
3386 1765 3481 1819 pro

211 1849 318 1902 est,
345 1837 439 1893 sed
475 1854 578 1907 qua
616 1839 845 1892 Ammon
882 1854 1124 1893 sororem
1158 1855 1310 1894 suam
1339 1839 1580 1896 Thamar
1601 1843 1784 1897 humi-
1816 1849 1863 1906 Β
1897 1847 2182 1916 prudentia
2236 1846 2590 1917 calliditatem
2646 1844 2960 1915 diligimus,
3014 1844 3137 1912 quia
3188 1842 3302 1914 [ΑΙ.
3350 1841 3478 1913 qua]

211 1929 448 1983 liaverat
470 1929 537 1997 (ll
560 1929 687 2000 Reg.
721 1931 864 1999 xm).
894 1929 959 1984 Et
990 1945 1178 1986 revera
1231 1935 1451 1999 grandis
1485 1935 1786 2000 humilitas,

213 2019 329 2072 imo
381 2035 553 2089 usque
603 2023 670 2074 ad
746 2020 953 2076 inferos
1017 2023 1406 2091 praecipitatio,
1456 2025 1522 2080 de
1573 2025 1692 2080 luce
1737 2035 1792 2080 et

213 2112 459 2168 culmine
488 2114 755 2168 castitatis
804 2114 860 2168 in
905 2116 1160 2171 tenebras
1228 2113 1532 2183 lupanaris,
1585 2117 1698 2173 imo
1737 2119 1789 2171 in

214 2204 536 2258 barathrum
593 2205 883 2262 libidinum
938 2210 1294 2277 praecipitari.
1348 2209 1447 2266 Cui
1498 2209 1700 2264 dicitur
1739 2211 1793 2263 in

218 2296 328 2351 alio
355 2297 473 2352 loco
510 2314 524 2352 :
562 2297 732 2368 Usque
758 2299 828 2352 ad
863 2299 1062 2371 inferos
1093 2303 1395 2356 deduceris.
1426 2300 1587 2357 Juxta
1621 2301 1792 2366 LXX,

221 2390 276 2444 in
329 2389 416 2444 his
473 2405 593 2460 quae
643 2392 946 2458 dissonent,
981 2393 1069 2449 hic
1107 2393 1241 2450 mihi
1301 2409 1498 2450 sensus
1533 2396 1794 2451 videtur:

227 2480 462 2546 Putasti,
526 2484 806 2552 meretrix,
851 2485 994 2553 quod
1047 2485 1092 2540 si
1141 2500 1172 2540 a
1233 2500 1320 2541 me
1372 2488 1695 2542 recessisses
1745 2498 1800 2544 et

225 2573 500 2639 iunxisses
531 2585 581 2628 te
600 2574 932 2632 amatoribus
955 2561 1082 2642 tuis,
1103 2577 1224 2645 plus
1247 2577 1453 2646 aliquid
1482 2579 1800 2636 invenires?

227 2664 330 2719 Cui
365 2674 421 2719 et
447 2681 543 2736 per
572 2664 821 2722 Ezechiel
849 2667 1092 2738 loquitur
1122 2668 1306 2725 Deus:
1341 2668 1599 2724 Omnibus
1632 2686 1802 2725 mere-

231 2756 452 2810 tricibus
482 2757 682 2812 dantur
711 2763 1013 2826 mercedes;
1051 2773 1106 2815 tu
1139 2771 1317 2816 autem
1367 2761 1562 2816 dedisti
1605 2778 1803 2819 merce-

231 2848 344 2906 des.
373 2856 423 2901 et
449 2849 504 2901 in
528 2856 579 2903 te
610 2865 909 2920 peruersum
942 2853 1140 2922 factum
1162 2862 1235 2906 est
1269 2853 1411 2907 istud
1439 2851 1660 2917 (Euris.
1689 2869 1800 2921 xu,

230 2939 352 3008 '55).
383 2937 504 2994 Non
544 2942 722 2996 solum
746 2941 890 2997 enim
922 2943 1056 2999 nihil
1081 2933 1342 3012 accepisti
1378 2945 1447 3001 ab
1469 2946 1808 3002 amatoribus

233 3031 367 3096 tuis,
399 3033 494 3086 sed
517 3034 682 3088 etiam
713 3048 774 3088 ea
797 3048 921 3102 quae
943 3049 973 3089 a
996 3033 1118 3090 viro
1147 3051 1457 3106 acceperas.
1492 3037 1806 3108 perdidisti.

231 3125 496 3194 Quodque
526 3125 768 3194 sequitur
798 3141 817 3180 :
853 3124 1107 3180 Dilatasti
1166 3129 1340 3183 cubile
1370 3139 1545 3194 tuum,
1576 3139 1628 3184 et
1657 3131 1808 3200 pepi-

230 3217 359 3287 gisti
407 3233 524 3271 eum
554 3218 653 3282 eis,
687 3219 743 3273 in
773 3217 922 3275 LXX
974 3235 1084 3276 non
1143 3220 1397 3277 habetur.
1438 3221 1563 3279 Haec
1611 3223 1804 3280 dilexit

231 3308 568 3364 dormientes
623 3323 810 3366 secum
867 3311 1240 3379 speculatores
1288 3328 1482 3381 caecos,
1535 3325 1592 3369 et
1639 3328 1805 3372 canes

233 3409 440 3463 mutos,
502 3399 594 3468 qui
653 3402 990 3459 dormientes
1033 3403 1222 3458 vident
1277 3406 1488 3459 somnia
1528 3407 1802 3462 vanitatis.

234 3488 303 3542 Et
331 3490 715 3562 multiplicavit
744 3493 1164 3551 fornicationem
1190 3510 1370 3557 suam.
1406 3507 1465 3552 ut
1493 3512 1603 3552 non
1636 3499 1804 3554 semel

232 3598 352 3636 eum
386 3599 512 3649 uno,
548 3584 644 3640 sed
677 3584 1001 3656 frequenter
1026 3597 1082 3640 et
1111 3603 1233 3642 cum
1270 3589 1518 3658 plurimis
1549 3590 1810 3646 miscere‘

235 3687 338 3728 tur.
361 3675 531 3746 674
575 3675 808 3746 Propter
851 3678 996 3747 quod
1050 3680 1252 3734 multos
1295 3681 1426 3735 fecit
1464 3695 1492 3734 α
1537 3695 1596 3736 se
1647 3684 1806 3752 longe

235 3768 526 3822 recedere:
585 3768 816 3840 Angelos
866 3771 1053 3838 quiin
1110 3772 1231 3840 ejus
1285 3771 1566 3845 praesidiis
1622 3782 1806 3836 erant,

239 3858 321 3912 vel
362 3868 586 3916 sanctos
614 3861 765 3916 viros
801 3862 898 3932 qui
964 3863 1034 3919 ab
1089 3863 1457 3933 hujuscemodi
1504 3865 1810 3921 meretricis

240 3950 514 4005 consortio
537 3963 900 4008 recesserunt.
934 3953 1090 4020 Quod
1119 3953 1340 4022 quidem
1373 3963 1426 4009 et
1481 3954 1552 4011 de
1595 3955 1814 4011 haereti-

237 4041 315 4093 ris
346 4055 638 4111 possumus
691 4045 899 4110 dicere,
936 4045 1030 4116 qui
1061 4045 1328 4102 derelicto
1378 4046 1512 4111 Deo,
1543 4062 1674 4103 suos
1722 4061 1810 4102 se-

239 4142 478 4199 qnuntur
503 4149 721 4191 errores
758 4136 798 4200 ⁸,
821 4147 877 4192 et
905 4147 1102 4204 putant
1130 4153 1191 4193 se
1213 4138 1418 4206 aliquid
1443 4137 1565 4208 plus
1605 4138 1812 4195 habere

241 4235 362 4278 clm
413 4233 704 4292 sequentes
751 4227 1060 4292 mendacia,
1111 4228 1451 4297 perdiderint
1498 4229 1810 4294 veritatem,

242 4323 294 4366 et
324 4312 808 4383 multiplicaverint
828 4314 1246 4373 fornicationem
1271 4333 1446 4384 suam,
1478 4333 1588 4372 non
1613 4317 1668 4372 in
1702 4333 1810 4373 uno

243 4403 512 4470 dogmate,
539 4406 632 4459 sed
660 4407 711 4460 in
742 4406 1010 4475 pluribus,
1041 4417 1095 4463 et
1127 4410 1354 4464 fecerint
1387 4424 1418 4464 a
1449 4423 1508 4464 se
1537 4408 1812 4464 Ecclesia-

242 4508 360 4546 rnm
397 4495 654 4564 pmsides
682 4497 902 4566 angelos
937 4499 1192 4553 recedere
1235 4515 1250 4553 :
1288 4500 1380 4568 qui
1414 4514 1522 4552 non
1565 4499 1808 4554 contenti
1845 4528 1889 4581 υ

244 4583 600 4642 fornicatione
629 4589 830 4653 vicina,
864 4591 1088 4645 mittunt
1113 4592 1321 4660 legatos
1352 4591 1492 4645 ultra
1552 4590 1814 4645 terminos

243 4690 370 4732 suos
393 4680 462 4733 ad
489 4680 777 4749 gentilium
811 4682 1064 4752 dogmata
1091 4692 1146 4736 et
1175 4697 1396 4738 errores
1417 4685 1662 4754 gentium
1695 4683 1820 4736 bar-

244 4767 519 4834 bararum,
552 4780 612 4824 ut
633 4772 876 4828 novitate
892 4785 1208 4828 sermonum
1221 4772 1496 4843 decipiant
1515 4772 1818 4830 audientes.

315 4861 496 4933 (Vera.
533 4861 647 4931 lO.)
690 4881 710 4916 ι
747 4863 804 4918 In
853 4864 1203 4920 multitudine
1241 4866 1362 4921 vita:
1394 4873 1500 4920 tute
1532 4864 1818 4930 laborasti,

247 4967 298 5008 et
328 4971 434 5009 non
477 4956 656 5012 dixisti
685 4973 702 5015 :
735 4956 1056 5024 Quiescam;
1090 4958 1256 5014 vitam
1294 4973 1486 5014 manus
1527 4967 1628 5013 tua:
1669 4959 1820 5014 inve-

249 5048 392 5112 nisti,
423 5056 707 5116 propterea
743 5063 850 5103 non
893 5049 1096 5120 rogasti
1131 5065 1217 5105 me
1249 5048 1438 5124 [ναις.
1469 5051 1588 5106 silet
1620 5049 1757 5122 me].
1798 5069 1816 5103 ι

250 5135 386 5192 LXX
423 5152 440 5192 :
481 5158 498 5190 ι
539 5139 719 5195 Multis
772 5141 1064 5196 itineribus
1113 5141 1220 5197 tuis
1271 5143 1566 5208 lahorasti,
1611 5153 1668 5198 et
1715 5159 1822 5198 non

253 5232 456 5295 dixisti,
481 5232 734 5288 Desinam
762 5251 778 5288 :
812 5233 1116 5289 confortata
1154 5233 1329 5291 fecisti
1372 5236 1509 5302 hac,
1541 5244 1824 5307 pr0pterea

259 5335 364 5375 non
397 5324 597 5394 rogasti
632 5339 740 5380 me.
771 5343 794 5378 ι
836 5326 940 5394 Qui
974 5327 1216 5381 ambulat
1243 5327 1296 5380 in
1323 5329 1409 5382 vis
1439 5341 1542 5381 una
1569 5337 1626 5382 et
1653 5328 1822 5398 regia,

263 5424 360 5464 non
394 5412 629 5477 laborat,
663 5413 731 5470 de
771 5429 878 5484 qua
923 5429 1022 5486 per
1067 5414 1286 5490 Moysen
1331 5417 1589 5487 praecepit
1627 5415 1772 5473 Deus
1805 5432 1822 5476 :

329 5570 344 5644 ξ
380 5571 546 5644 antea
572 5580 690 5626 erat
713 5572 962 5626 derelicto
991 5571 1098 5626 Deo
1124 5589 1242 5637 suo,
1272 5585 1584 5644 sequuntur,
1614 5583 1718 5630 etc.

326 5640 348 5669 ⁸
379 5640 528 5706 Mss.,
558 5658 590 5695 α
616 5658 719 5710 qua
743 5644 996 5707 declinat,
1025 5652 1132 5696 etc.

326 5710 348 5738 ³
382 5711 566 5777 Iidem,
595 5713 664 5766 ad
694 5722 746 5768 te
775 5712 937 5766 leuam
971 5713 1206 5766 animum
1242 5729 1431 5767 meum.

333 5778 354 5808 "
385 5779 533 5837 Unus
557 5781 925 5848 Ambrosiam,
951 5783 1004 5836 in
1030 5783 1208 5836 multis
1233 5785 1329 5838 uiis
1353 5785 1512 5840 deviis
1541 5783 1822 5840 laboravit.

1893 1952 2120 2006 serpens
2169 1937 2491 2006 prudentior
2527 1943 2646 1990 erat
2689 1937 2945 1991 omnibus
2994 1935 3184 1988 bestiis
3229 1935 3280 1988 in
3320 1949 3483 2001 para-

1896 2029 2018 2082 diso
2069 2025 2224 2096 (Gen.
2271 2029 2409 2096 ttt):
2451 2025 2513 2078 Et
2567 2026 2660 2080 lilii
2711 2026 3058 2081 tenebrarum
3110 2025 3486 2092 prudentiores

1894 2130 2022 2173 sunt
2056 2119 2181 2173 (iliis
2221 2118 2362 2174 lucis
2393 2118 2544 2189 (Luc.
2582 2118 2714 2188 xvt).
2752 2117 2836 2172 Ad
2878 2118 3268 2185 sinistramque
3307 2117 3486 2169 diver-

1895 2211 2104 2273 timus,
2154 2212 2372 2280 quando
2425 2211 2572 2265 stulti
2624 2225 2850 2276 sumus,
2904 2218 2960 2263 et
3008 2209 3186 2264 minus
3241 2210 3486 2277 sapimus

1897 2317 2058 2371 quam
2114 2317 2338 2358 necesse
2388 2312 2491 2358 est.
2533 2302 2607 2355 De
2655 2302 2857 2372 quibus
2905 2301 3107 2356 dictum
3159 2309 3294 2358 est:
3335 2301 3486 2353 Dixit

1899 2392 2093 2446 stultus
2131 2393 2186 2446 in
2221 2394 2375 2446 corde
2407 2408 2503 2444 suo
2529 2430 2544 2454 ,
2585 2389 2712 2444 Non
2749 2400 2827 2445 est
2859 2388 3002 2443 Deus
3045 2387 3214 2456 (Psal.
3255 2402 3373 2449 xttt,
3409 2387 3487 2452 ί).

1903 2483 2088 2537 Pietas
2117 2497 2330 2551 quoque
2361 2492 2415 2536 et
2448 2496 2576 2535 vera
2620 2482 2832 2551 religio,
2864 2480 2952 2534 via
2986 2480 3131 2548 regia
3170 2489 3272 2534 est.
3312 2478 3489 2530 Decli-

1903 2583 2000 2628 nat
2027 2574 2048 2604 ²
2081 2571 2146 2626 ad
2179 2573 2482 2636 dexteram,
2511 2571 2600 2639 qui
2633 2571 3044 2640 superstitiosus
3072 2578 3176 2630 est,
3213 2578 3266 2621 et
3308 2581 3486 2620 mere-

1907 2675 1995 2718 tnr
2027 2663 2238 2729 audire,
2271 2661 2355 2716 Ne
2379 2665 2454 2717 sis
2478 2665 2700 2718 multum
2724 2665 2903 2733 justus
2937 2661 3105 2733 (Eccl.
3130 2675 3226 2724 vn,
3262 2658 3370 2724 l7).
3405 2657 3486 2710 Ad
3599 2709 3602 2714 .

1905 2757 2208 2824 sinistram,
2245 2757 2338 2826 qui
2374 2758 2596 2828 negligit
2638 2756 2842 2812 cultum
2887 2755 3006 2818 Dei,
3038 2765 3091 2809 et
3128 2753 3270 2808 inter
3305 2751 3489 2805 haedos

1905 2848 2202 2918 hircusque
2246 2861 2583 2905 numeratur.
2628 2849 2950 2904 Liberalitas
2991 2861 3210 2918 quoque
3239 2843 3404 2914 675
3433 2852 3491 2897 et

1907 2943 2246 3014 dispensatio
2288 2943 2460 3000 virtus
2505 2942 2742 2998 maxima
2785 2951 2892 3006 est,
2923 2957 2952 2994 a
2997 2955 3104 3010 qua
3145 2938 3379 2994 declinat
3421 2937 3487 2989 ad

1909 3036 2214 3099 dexteram,
2244 3036 2340 3106 qui
2387 3049 2589 3108 parcus
2626 3043 2730 3100 est,
2767 3040 2820 3088 et
2860 3047 2970 3088 non
3000 3029 3175 3086 solum
3218 3027 3362 3092 aliis,
3391 3025 3491 3083 sed

1911 3145 1981 3186 ne
2016 3131 2119 3186 sibi
2151 3130 2372 3200 quidem
2418 3129 2605 3184 tribuit
2655 3127 2799 3198 quod
2841 3139 3066 3182 necesse
3107 3133 3210 3179 est.
3243 3121 3322 3176 Ad
3351 3121 3493 3176 sini-

1911 3231 2108 3287 stram,
2148 3222 2240 3290 qui
2288 3220 2526 3288 comedit
2569 3219 2932 3275 substantiam
2967 3231 3120 3272 snam
3157 3228 3282 3269 cum
3314 3227 3496 3268 mere-

1908 3311 2157 3378 tricibus,
2188 3321 2244 3366 et
2273 3313 2403 3367 dicit
2436 3327 2559 3366 cum
2590 3310 2757 3366 Israel
2791 3329 2804 3364 :
2841 3309 3223 3365 Handucemus
3260 3317 3310 3362 et
3349 3305 3498 3361 biba-

1907 3422 2066 3460 mus:
2098 3422 2218 3460 cras
2247 3407 2387 3461 enim
2418 3407 2701 3459 moriemur
2726 3403 2860 3472 (Isa.
2895 3419 3033 3469 χιιι,
3066 3404 3176 3470 15).
3211 3401 3496 3456 Fortitudo

1907 3498 2071 3549 etiam
2101 3505 2264 3564 atque
2293 3496 2599 3550 constantia
2631 3495 2718 3548 via
2756 3494 2901 3566 regia
2929 3503 3034 3559 est,
3063 3507 3092 3546 a
3119 3507 3227 3560 qua
3259 3491 3491 3546 declinat

1908 3589 1976 3640 ad
2019 3589 2320 3651 dexteram,
2351 3588 2448 3656 qui
2498 3586 2818 3641 temerarius
2865 3595 2920 3641 et
2965 3584 3214 3653 pertinax
3263 3591 3389 3636 est:
3428 3581 3496 3635 ad

1912 3677 2219 3743 sinistram,
2255 3679 2345 3745 qui
2397 3677 2782 3739 formidolosus
2824 3688 2880 3732 et
2926 3674 3174 3744 pavidus.
3211 3670 3367 3727 Unde
3413 3671 3498 3724 vir

1911 3781 2132 3824 sanctus
2161 3785 2256 3840 per
2283 3773 2424 3823 viam
2452 3779 2655 3824 rectam
2685 3769 2836 3840 gradi
2865 3768 3089 3836 cupiens
3116 3766 3440 3833 deprecatur
3473 3777 3492 3820 ι

1911 3863 2096 3916 Deduc
2122 3879 2223 3925 me,
2255 3860 2494 3920 Domine.
2515 3863 2570 3914 in
2592 3863 2674 3915 uia
2706 3872 2847 3916 recta
2873 3859 3050 3930 (Psal.
3073 3872 3334 3922 cxxxvttt,
3357 3855 3450 3924 24)
3479 3873 3494 3917 ;

1912 3965 1968 4008 et
1997 3953 2048 4006 in
2081 3953 2189 4007 alio
2218 3952 2340 4006 loco
2387 3968 2402 4005 :
2442 3949 2644 4005 Notam
2687 3952 2773 4020 {ac
2808 3949 2960 4013 mihi,
3007 3948 3246 4010 Domine,
3278 3946 3415 4000 uiam
3445 3946 3501 3999 in

1912 4061 2018 4115 qua
2062 4044 2363 4106 ambulent,
2392 4043 2643 4111 quoniam
2680 4041 2750 4101 ad
2783 4050 2831 4095 te
2875 4041 3040 4095 levavi
3087 4039 3263 4092 oculos
3308 4052 3448 4090 meos
3479 4035 3502 4067 ⁸

1917 4135 2092 4207 (Psal.
2116 4150 2282 4198 cxut,
2305 4134 2386 4203 8).
2421 4133 2496 4190 De
2521 4133 2828 4188 istiusmodi
2861 4133 2949 4185 vis
2980 4142 3035 4185 et
3063 4131 3190 4184 alibi
3218 4128 3501 4195 Scriptura

1913 4237 2349 4283 commemorat:
2389 4225 2623 4291 Qumite
2668 4225 2808 4278 uiam
2853 4221 3047 4276 bonam
3069 4258 3086 4285 ,
3138 4227 3188 4274 et
3234 4217 3504 4272 ambulate

1915 4313 1970 4370 in
2001 4333 2086 4379 ea,
2111 4326 2158 4372 et
2191 4317 2462 4371 invenietis
2505 4315 2932 4388 puriﬁcationem
2962 4312 3266 4366 animarum
3306 4321 3506 4363 restra-

1916 4425 2036 4462 rum
2085 4405 2307 4480 (Jerem.
2361 4423 2453 4472 v1,
2510 4407 2622 4478 lii).
2678 4404 2983 4460 Jerusalem
3041 4419 3170 4472 ergo
3217 4411 3504 4470 propterea

1915 4501 2197 4556 humiliata
2227 4509 2511 4568 estusque
2559 4499 2627 4552 ad
2670 4497 2898 4562 inferos,
2925 4496 3051 4566 quia
3095 4496 3144 4548 in
3184 4495 3374 4547 multis
3408 4491 3508 4546 viis

1919 4593 2254 4656 laboravit‘,
2284 4607 2463 4662 neque
2492 4591 2628 4645 dixit
2664 4607 2680 4646 :
2712 4590 3027 4645 Emendabo
3061 4603 3300 4642 errorem
3334 4584 3508 4654 paeni-

1923 4684 2127 4750 tentia;
2160 4683 2256 4738 sed
2303 4697 2334 4738 e
2380 4680 2682 4743 contrario,
2721 4678 3091 4735 Confortabor
3137 4677 3372 4745 ittCrplo,
3411 4689 3507 4726 nec

1921 4774 2125 4830 curabo
2167 4775 2490 4830 sententiam
2545 4771 2950 4828 commonentis
2984 4786 3000 4824 :
3048 4768 3235 4821 Arerte
3267 4768 3288 4799 ⁸
3324 4765 3505 4835 pedem

1924 4877 2071 4922 tuum
2099 4885 2131 4920 a
2157 4868 2241 4922 via
2268 4883 2478 4936 aspera,
2507 4876 2557 4921 et
2592 4874 2775 4937 guttur
2803 4874 2954 4918 tuum
2994 4879 3027 4915 a
3060 4861 3154 4914 siti
3185 4856 3406 4928 (Jerem.
3439 4871 3502 4923 tt,

1920 4956 2036 5025 25).
2069 4957 2309 5027 Denique
2339 4957 2588 5024 sequitur
2615 4972 2631 5008 :
2667 4956 2735 5008 At
2765 4953 2854 5008 illa
2897 4950 3195 5019 respondit,
3231 4947 3509 5016 Ἀνδρίσοο

1926 5065 2049 5116 μαι,
2081 5049 2134 5102 id
2170 5057 2276 5112 est,
2312 5048 2478 5117 Agam
2518 5047 2764 5110 uiriliter,
2812 5043 2958 5114 quod
3007 5056 3148 5094 nunc
3192 5039 3358 5093 verbo
3403 5038 3508 5093 alio

1925 5140 2124 5195 dicitur
2157 5180 2176 5204 ,
2209 5138 2584 5210 Confortabor.
2620 5137 2681 5190 Et
2713 5136 2838 5204 quia
2876 5134 3003 5189 fecit
3042 5132 3158 5187 hac
3203 5146 3326 5201 quae
3367 5146 3509 5202 prte-

1928 5234 2121 5288 teritus
2148 5247 2328 5288 sermo
2354 5230 2618 5294 narravit,
2649 5230 2772 5285 ideo
2800 5244 2906 5282 non
2944 5237 3028 5281 est
3072 5223 3364 5280 Dominum
3413 5225 3508 5277 de-

1924 5333 2169 5396 precata,
2198 5325 2251 5378 in
2285 5324 2400 5378 suis
2429 5322 2602 5390 magis
2633 5321 2845 5376 viribus
2876 5333 3043 5388 quam
3078 5317 3130 5370 in
3164 5317 3274 5370 Deo
3303 5316 3506 5369 habens

1925 5418 2200 5473 ﬁduciam.
2245 5416 2417 5471 Porro
2464 5413 2605 5485 quod
2647 5413 2804 5482 juxta
2852 5411 3178 5468 Hebraicum
3223 5407 3444 5480 ponitur
3482 5421 3500 5458 :

1999 5580 2020 5612 ⁸
2055 5575 2265 5648 Vulgati
2309 5573 2647 5648 antea__libri,
2679 5571 2932 5628 Converte
2961 5568 3166 5641 pedem,
3201 5573 3330 5648 et_c_.,
3364 5563 3506 5617 haud

1929 5649 2088 5709 bene.
2109 5636 2590 5718 etvrefragantibus
2617 5636 2748 5718 mss.
2773 5653 2828 5698 et
2853 5636 3012 5718 sacrit
3043 5648 3216 5718 te_xtu.
3242 5636 3378 5691 Mox
3408 5648 3509 5702 pro

1929 5719 2278 5792 ἀνδρίσομαι,
2308 5712 2362 5771 in
2389 5714 2754 5771 Ambrosiano
2782 5721 2869 5769 est
2894 5712 3244 5784 ἀνδριοῦμαι.
