3902 6182
201 257 299 320 57³1

724 253 1218 316 COMMENTAR.
1255 255 1332 314 IN
1370 254 1635 316 ISAIAM
1679 255 2146 318 PROPHETAM
2184 255 2330 317 LIB.
2374 253 2530 324 XVI,
2558 253 2718 320 CAP.
2761 256 2946 321 LVII.

3332 256 3436 320 578

195 380 241 422 et
286 367 464 420 dicent
487 379 511 420 :
541 363 598 421 hi
640 365 889 421 videlicet
923 366 1013 431 qui
1054 366 1408 435 possidebunt
1450 379 1676 432 terram,
1710 377 1766 421 et
1791 376 1838 431 Α
1866 368 2120 434 quoniam
2155 383 2249 437 ego
2291 375 2508 423 sanctus
2552 385 2668 423 sum
2715 369 2904 440 (Leuit.
2937 383 3015 433 ιι,
3052 369 3161 435 tl).
3198 367 3261 422 Et
3296 383 3438 438 quo-

197 457 512 512 btereditate
570 464 973 526 consequentur
1029 467 1268 511 montem
1334 467 1584 512 sanctum
1645 458 1758 514 Dei.

194 546 303 602 Nec
334 559 495 602 erunt
524 548 742 617 propria
770 548 947 602 salute
975 549 1214 602 contenti
1242 567 1255 602 :
1286 549 1378 603 sed
1411 549 1573 603 etiam
1606 558 1764 606 caete-

195 656 284 696 ros
333 640 402 694 ad
449 639 755 694 docendum
807 640 1031 708 populos
1077 640 1471 709 provocabunt.
1517 638 1762 710 Symma-

193 735 328 787 chus
375 735 522 786 hunc
550 733 729 784 locum
773 732 845 783 ita
884 732 1266 799 interpretatus
1294 741 1378 783 est
1408 747 1422 784 :
1454 729 1558 794 Qui
1589 741 1764 784 autem

191 824 412 893 conﬁdit
442 824 498 877 in
529 840 627 884 nte.
659 823 940 892 possidebit
973 833 1192 883 terram,
1223 832 1271 874 et
1301 823 1610 876 haereditate
1636 838 1766 876 con-

195 925 442 984 sequetur
472 923 698 968 montem
743 923 986 967 sanctum
1033 929 1202 967 meum
1239 927 1286 966 et
1333 913 1466 966 dicet
1499 928 1517 967 :
1552 912 1767 966 Rectam

193 1011 335 1064 viam
377 1008 560 1077 facile,
591 1017 646 1061 et
677 1005 906 1075 reliqua.
958 1003 1036 1058 Eo
1081 1006 1222 1072 quod
1273 1005 1390 1072 ipse
1429 1008 1522 1074 qui
1566 1014 1765 1057 terram

196 1111 552 1168 montemque
601 1097 912 1166 possiderit,
951 1106 1176 1152 caeteros
1225 1096 1482 1160 instruat,
1521 1104 1578 1149 ut
1627 1095 1766 1147 viam

194 1194 430 1250 Domino
460 1203 668 1262 parent.

257 1286 452 1358 (γεγε.
487 1286 599 1355 15.)
640 1304 658 1338 t
689 1284 827 1351 Quia
856 1284 972 1338 haec
1000 1283 1132 1338 dicit
1160 1283 1410 1337 excelsus
1435 1289 1490 1336 et
1517 1281 1768 1336 sublimis

195 1381 470 1436 habitator
493 1377 834 1440 aeternitatis,
853 1385 1173 1443 etsanctum
1199 1390 1390 1429 nomen
1414 1374 1564 1441 ejus:
1587 1374 1642 1427 in
1669 1389 1768 1427 ex-

195 1476 342 1530 celso
367 1474 503 1528 etin
527 1484 718 1526 sancto
742 1471 1013 1532 habitans,
1032 1481 1085 1522 et
1105 1484 1225 1522 cum
1249 1470 1480 1522 contrito
1501 1479 1556 1521 et
1579 1466 1768 1521 humili

195 1568 427 1636 spiritu;
459 1575 518 1618 ut
555 1563 786 1616 virilicet
832 1563 1082 1630 spiritum
1128 1559 1408 1613 humilium
1449 1568 1502 1612 et
1536 1559 1770 1612 viviﬁcet

193 1673 288 1712 cor
320 1660 701 1711 contritormn.
724 1672 743 1705 ι
775 1651 913 1706 LXX
939 1669 954 1708 :
990 1672 1006 1702 ι
1035 1650 1157 1705 Haec
1180 1651 1310 1704 dicit
1334 1649 1610 1713 Excelsus,
1631 1658 1683 1703 et
1717 1650 1767 1701 in

195 1751 434 1808 excelsis
453 1749 704 1801 habitans
725 1746 777 1799 in
801 1758 1083 1809 aeternum;
1113 1743 1342 1796 Sanctus
1365 1743 1416 1795 in
1441 1746 1642 1796 sanctis
1668 1758 1768 1794 no-
1801 1726 1842 1782 Β

193 1858 322 1896 meti
352 1840 450 1893 illi.
475 1838 734 1892 Excelsus
763 1836 816 1888 in
841 1836 1045 1904 sanctis
1071 1832 1436 1901 requiescens,
1459 1841 1520 1886 et
1543 1833 1766 1900 pusilla-

196 1932 367 1988 nimis
387 1933 522 1984 dans
548 1929 857 1997 patientiam
885 1935 940 1978 et
964 1926 1125 1980 vitam
1152 1925 1236 1978 his
1252 1923 1343 1992 qui
1367 1925 1529 1978 corde
1549 1924 1768 1978 contriti

196 2036 347 2080 sunt.
393 2041 416 2075 ι
462 2020 714 2088 Crepcrat
765 2034 944 2073 sermo
994 2017 1342 2086 pmpheticus
1379 2024 1563 2070 contra
1603 2030 1772 2085 pepu-

197 2120 310 2173 lum
345 2115 680 2177 Iudaeorum,
714 2126 942 2182 quorum
996 2110 1282 2180 magistros
1333 2109 1616 2176 appellavit
1649 2121 1772 2176 spe-

200 2211 480 2264 culatores
508 2219 700 2267 caecos,
731 2212 785 2256 et
824 2217 986 2256 canes
1025 2208 1223 2262 mutos,
1253 2209 1308 2252 et
1339 2210 1585 2268 pastores
1619 2200 1773 2266 igno-

204 2309 392 2352 rantes
445 2295 876 2364 intelligentiam,
915 2298 969 2344 et
1023 2291 1163 2344 ﬁlios
1213 2291 1448 2359 iniquos,
1482 2300 1533 2345 et
1586 2305 1772 2344 semen

206 2387 582 2440 adulterorum
612 2393 774 2451 atque
819 2382 1124 2436 meretricis
1154 2398 1170 2447 ;
1199 2393 1322 2451 post
1355 2398 1475 2452 quae
1509 2385 1657 2436 venit
1703 2384 1773 2437 ad

202 2477 534 2539 Jerusalem,
573 2476 660 2529 cui
709 2475 1000 2543 exprobrat
1049 2475 1462 2530 fornicationem
1516 2477 1655 2546 ejus,
1707 2492 1774 2530 eo

202 2572 351 2640 quod
379 2567 690 2623 dilataverit
715 2567 894 2621 cubile
923 2567 1254 2621 amatoribus
1280 2569 1412 2631 suis,
1439 2577 1495 2623 et
1526 2585 1776 2637 suscepe-

203 2662 272 2714 rit
305 2675 406 2714 eos
447 2673 606 2712 manu
636 2667 846 2725 aperta,
877 2665 932 2710 et
963 2657 1237 2711 ornaverit
1278 2673 1338 2711 se
1371 2661 1585 2713 cunctis
1621 2660 1776 2714 idolis

205 2763 256 2806 ct
312 2751 528 2805 miserit
582 2749 786 2817 legatos
841 2749 1062 2816 procul;
1114 2759 1170 2802 ut
1217 2750 1516 2818 peregrinis
1561 2767 1777 2820 quoque

209 2841 552 2895 amatoribus
586 2839 882 2894 frueretur.
923 2837 1038 2903 Qua
1073 2838 1443 2907 increpatione
1476 2841 1644 2903 (inita,
1693 2857 1780 2894 ve-

211 2941 292 2988 nit
325 2935 394 2986 ad
433 2947 528 2986 eos
557 2931 650 3000 qui
681 2931 958 2986 conﬁdunt
986 2931 1039 2984 in
1070 2930 1316 2996 Domino,
1351 2941 1405 2985 et
1437 2932 1636 3002 quibus
1672 2941 1780 2987 ter-

211 3039 331 3076 ram
361 3034 712 3089 montemque
750 3022 1073 3089 promiserat
1121 3025 1502 3090 possidendum
1545 3033 1600 3078 et
1643 3039 1778 3094 quo-

212 3131 336 3169 rum
362 3115 664 3169 reversioni
683 3114 787 3169 iter
805 3115 1041 3182 jnsserat
1065 3117 1352 3185 praeparari
1381 3115 1528 3171 haud
1556 3119 1776 3174 dubium

209 3211 344 3278 quin
376 3206 638 3276 apostolis
668 3207 733 3258 ad
769 3221 1000 3274 quorum
1037 3209 1475 3273 praedicationem
1525 3212 1591 3263 de
1629 3219 1781 3264 utro-

213 3314 325 3368 que
356 3297 554 3367 populo
593 3295 959 3351 crediderunt.
998 3294 1150 3350 Unde
1181 3313 1210 3350 a
1245 3299 1493 3352 laudibus
1523 3297 1618 3353 Dei
1649 3300 1777 3354 inci-

210 3392 290 3460 pit
321 3399 380 3442 et
414 3403 537 3457 quae
581 3391 648 3440 de
693 3386 866 3440 reditu
901 3387 1082 3456 pupuli
1130 3391 1214 3442 sui
1259 3387 1529 3457 pollicitus
1563 3390 1657 3455 sit,
1697 3404 1786 3444 se-

207 3482 400 3551 quenti
448 3495 704 3535 sermone
748 3489 995 3534 teatatur.
1029 3479 1153 3534 Haec
1187 3486 1331 3535 enim
1367 3481 1496 3535 dicit
1525 3479 1784 3536 Dominus

211 3573 472 3626 execlsus
501 3582 666 3639 atque
693 3570 964 3637 sublimis,
997 3573 1088 3638 qui
1121 3571 1332 3626 habitat
1364 3570 1416 3624 in
1451 3571 1701 3636 excelsis,
1733 3581 1787 3627 et

213 3665 454 3718 Sanctus
496 3663 549 3714 in
584 3662 810 3724 sanctis,
839 3676 948 3715 non
979 3661 1118 3724 loco,
1144 3660 1312 3730 679
1347 3662 1440 3716 sed
1470 3663 1666 3716 merito
1691 3677 1788 3717 eo-

214 3774 336 3810 rum
368 3757 424 3809 in
455 3756 654 3824 quibus
689 3755 918 3814 habitat.
949 3770 1176 3824 quorum
1211 3771 1351 3809 unus
1384 3758 1513 3810 dicit
1553 3757 1604 3808 in
1635 3755 1789 3810 Psal-

213 3866 305 3902 ino
346 3863 364 3905 :
397 3846 665 3901 Exaltabo
700 3857 772 3914 te,
807 3847 1051 3912 Domine,
1082 3850 1334 3918 quoniam
1381 3851 1660 3918 suscepisti
1708 3866 1789 3903 me

216 3941 400 4012 (Psal.
433 3958 584 3998 xxix.
619 3943 694 4012 1).
729 3942 794 3995 Ει
818 3946 1010 3997 iterum
1045 3958 1062 3998 :
1110 3946 1385 4008 Eaastnre,
1419 3944 1665 4006 Domine,
1701 3945 1790 4012 qui

210 4038 428 4103 judicas
477 4048 676 4090 terram
705 4033 881 4105 (Psal.
913 4050 1063 4097 xcm,
1104 4035 1198 4104 2);
1242 4050 1345 4088 non
1377 4051 1484 4104 quo
1520 4033 1662 4090 Deus
1693 4037 1793 4088 hu-

219 4130 414 4183 manis.
451 4129 794 4182 sermonibus
841 4129 1104 4190 elevetur,
1140 4129 1232 4181 sed
1271 4127 1426 4198 juxta
1477 4129 1604 4182 illud
1648 4128 1791 4198 quod

216 4223 351 4276 alibi
381 4222 578 4275 dicitur
611 4236 628 4278 ς
663 4219 918 4273 Dominus
975 4221 1103 4274 mihi
1146 4220 1318 4289 factus
1358 4229 1433 4274 est
1475 4222 1532 4272 in
1567 4221 1790 4276 salutent

217 4314 396 4385 (Psal.
430 4328 562 4374 cm,
582 4312 700 4380 2|),
723 4315 884 4367 etiam
920 4314 1215 4367 humilibus
1239 4314 1492 4369 excelsus
1521 4316 1612 4368 ﬂat
1637 4331 1652 4368 :
1686 4314 1789 4379 Qui

1867 459 2026 512 modo
2057 459 2109 512 in
2141 472 2452 526 perversam
2483 460 2719 512 animam
2755 475 2860 513 non
2891 459 3193 528 ingreditur
3222 462 3439 526 sapiena-

1867 551 1977 612 tia,
2021 563 2199 618 neque
2257 547 2472 604 habitat
2527 548 2585 604 in
2637 563 2867 618 corpore
2918 549 3140 604 subdito
3197 549 3441 618 peccatis

1867 637 2018 707 (Sep.
2049 639 2088 709 t)
2118 656 2134 695 :
2163 639 2242 694 sic
2260 649 2482 694 sanctus
2509 640 2560 694 in
2582 643 2784 694 sanctis
2800 639 3008 694 habitat
3027 660 3042 704 ;
3060 647 3114 693 et
3135 641 3441 706 ubicunque

1865 730 2068 810 sordes:
2101 730 2321 795 iuerint,
2355 747 2464 785 non
2511 739 2688 801 potest
2735 733 2981 786 habitare
3026 732 3315 796 munditia,
3352 731 3441 784 di-

1867 834 2022 878 cente
2052 815 2241 878 sancto
2267 823 2337 877 ad
2373 824 2656 878 Dominum
2689 840 2702 877 :
2733 823 2806 876 Tu
2835 832 3009 877 autem
3041 825 3095 876 in
3124 833 3308 877 sancto
3342 823 3441 874 Ita-

1867 915 2026 979 bitas,
2061 914 2180 968 laus
2228 914 2402 969 Israel
2443 915 2617 984 (Psal.
2653 931 2803 978 niti,
2839 913 2915 984 4).
2964 914 3116 969 Unde
3159 925 3212 968 et
3253 929 3348 968 nos
3387 916 3439 968 in

1867 1008 2118 1062 oratione
2152 1009 2418 1061 audemus
2461 1007 2644 1061 dicere
2677 1025 2690 1059 :
2729 1005 2890 1059 Pater
2931 1015 3126 1070 noster,
3163 1008 3253 1076 qui
3292 1022 3344 1059 es
3386 1009 3442 1058 in

1867 1099 2032 1163 culis,
2060 1099 2426 1166 sanctificetur
2449 1115 2634 1151 nomen
2662 1109 2830 1152 tuum.
2862 1099 2928 1152 Et
2958 1101 3008 1151 in
3039 1099 3272 1152 secundo
3300 1101 3441 1165 psal-

1869 1204 1958 1243 mo
1994 1189 2260 1258 legimus:
2295 1192 2399 1256 ραι
2439 1190 2648 1243 habitat
2692 1191 2748 1242 in
2789 1193 2928 1244 cretis
2969 1192 3204 1243 irridebit
3245 1208 3352 1253 eos,
3393 1199 3442 1242 ct

1874 1271 2128 1335 Dominus
2151 1280 2495 1335 subsannabit
2520 1297 2606 1335 eos
2629 1279 2806 1350 (Psal.
2833 1298 2894 1346 ιι,
2916 1281 2992 1350 4).
3021 1282 3268 1334 Christus
3299 1283 3440 1333 enim

1870 1387 1979 1426 non
2012 1373 2066 1426 in
2096 1373 2186 1427 his
2208 1372 2423 1428 habitat
2453 1375 2544 1442 qui
2584 1375 2782 1427 terreni
2815 1383 2964 1436 sunt,
2998 1375 3090 1426 sed
3129 1374 3177 1426 in
3219 1371 3304 1424 his
3347 1373 3440 1440 qni

1869 1463 2321 1531 supercmlestes,
2373 1465 2466 1532 qui
2519 1475 2770 1518 enarraut
2818 1464 3044 1532 gloriam
3094 1462 3327 1526 Domini,
3376 1463 3444 1516 de

1870 1554 2069 1630 quibus
2100 1555 2297 1608 dicitur
2329 1570 2345 1608 :
2378 1555 2650 1609 Exuudiat
2692 1572 2808 1609 eum
2851 1556 2914 1607 de
2954 1557 3080 1607 calo
3120 1563 3302 1606 sancto
3346 1570 3442 1606 suo

1873 1645 2064 1713 (Psal.
2106 1662 2218 1714 nx,
2258 1647 2349 1716 7).
2389 1648 2458 1702 Et
2513 1649 2703 1702 iterum
2755 1664 2768 1703 :
2817 1647 3015 1702 Caelum
3059 1647 3174 1700 caeli
3221 1647 3443 1699 Domino

1874 1737 2040 1808 (Psal.
2075 1754 2231 1806 cun,
2271 1740 2357 1810 16)
2397 1757 2410 1806 ;
2447 1741 2503 1794 in
2539 1756 2699 1810 quem
2743 1757 2958 1794 sensum
3006 1749 3062 1795 et
3107 1740 3316 1808 Moyses
3365 1739 3442 1791 la-

1871 1831 2047 1884 mulus
2089 1832 2181 1886 Dei
2233 1835 2350 1901 pari
2393 1847 2523 1886 voce
2569 1833 2838 1886 consentit
2873 1848 2886 1885 ι
2924 1831 3056 1886 Ecce
3098 1832 3312 1885 Domini
3351 1830 3444 1882 Dei

1873 1923 1948 1976 lui
1980 1922 2184 1987 caelum,
2217 1933 2265 1975 et
2294 1922 2478 1976 caelum
2509 1922 2622 1975 cali
2651 1922 2830 1991 (Deut.
2862 1939 2914 1984 χ,
2948 1921 3064 1989 M);
3092 1922 3231 1988 quod
3263 1923 3446 1986 utique

1873 2028 2162 2088 non'more
2188 2013 2416 2069 Jutlaico
2453 2013 2713 2070 debemus
2757 2015 3026 2082 accipere,
3061 2023 3116 2066 ut
3154 2013 3296 2066 Deus
3336 2011 3446 2064 ullo

1872 2106 2157 2161 claudatur
2187 2108 2308 2162 loco
2336 2116 2392 2163 et
2435 2107 2486 2160 in
2531 2107 2667 2160 caelo
2703 2117 2911 2160 tantum
2949 2105 3174 2170 habitet,
3204 2107 3292 2174 qui
3329 2105 3448 2157 ubi-

1872 2213 1979 2267 que
2008 2197 2237 2253 tlill'usus
2271 2207 2376 2263 est,
2408 2207 2462 2251 et
2491 2212 2520 2251 a
2552 2212 2658 2266 quo
2700 2199 2882 2252 omnia
2931 2198 3316 2254 continentur:
3350 2195 3445 2250 sed

1873 2288 2087 2342 excelsa
2131 2299 2184 2342 et
2220 2289 2409 2351 cmlos,
2449 2298 2664 2343 sanctos
2705 2290 2899 2342 merito
2959 2288 3322 2357 intelligamus
3359 2299 3448 2340 at-

1876 2397 1980 2451 que
2013 2383 2273 2437 virtutes.
2310 2381 2419 2436 Iste
2459 2391 2542 2436 est
2575 2381 2719 2436 enim
2746 2382 2836 2446 qui
2869 2381 3075 2434 habitat
3108 2380 3159 2434 in
3188 2381 3448 2446 cmloyde

1875 2490 1982 2544 quo
2024 2474 2074 2527 in
2108 2473 2393 2543 Evangelia
2437 2475 2696 2541 scriptum
2739 2485 2820 2527 est
2853 2486 2867 2524 :
2905 2473 3068 2527 Nemo
3117 2477 3348 2526 ascendit
3391 2473 3446 2526 iit

1877 2568 2059 2621 calum
2089 2568 2191 2619 nisi
2213 2567 2303 2635 qui
2329 2567 2595 2620 descendit
2653 2569 2714 2620 de
2742 2568 2887 2630 coelo,
2915 2565 3086 2620 Filius
3109 2569 3332 2620 hominis
3361 2566 3449 2628 qui

1881 2671 1958 2715 est
1988 2663 2041 2714 in
2078 2661 2202 2713 caelo
2238 2661 2420 2730 (Joan.
2454 2675 2534 2723 ιιι,
2567 2659 2676 2731 15).
2709 2660 2816 2714 lslc
2847 2661 3135 2730 requiescit
3163 2662 3215 2713 in
3246 2660 3451 2712 sanctis

1878 2759 1931 2804 et
1963 2751 2164 2802 habitat
2196 2747 2248 2801 in
2284 2749 2575 2803 humilibus
2612 2759 2666 2802 et
2711 2750 2762 2802 in
2814 2749 2898 2802 his
2937 2752 3027 2818 qui
3073 2749 3290 2803 contriti
3325 2758 3454 2802 sunt

1878 2842 2095 2911 Spiritu.
2127 2840 2201 2896 De
2227 2842 2424 2910 quibus
2471 2842 2714 2896 dicitur:
2751 2841 3084 2910 Sacriﬁcium
3130 2842 3260 2906 Deo,
3299 2841 3455 2907 δμὶιίο

1881 2946 1964 2987 tus
2002 2928 2169 3004 680
2218 2933 2644 2999 contribulatus;
2681 2950 2770 2986 cor
2803 2937 3082 2989 contritum
3122 2946 3171 2988 et
3205 2935 3456 2987 humilia-

1807 3059 1850 3116 ο
1885 3037 1994 3079 tum
2022 3025 2164 3080 Deus
2197 3042 2298 3079 non
2331 3026 2549 3092 despicit
2583 3024 2753 3095 (Psal.
2787 3041 2841 3091 ι,
2871 3028 2980 3096 19).
3017 3025 3134 3096 Ipse
3178 3026 3458 3096 pusillani-

1887 3119 1990 3172 mis
2041 3118 2130 3172 dat
2175 3118 2513 3186 patientiam,
2549 3128 2608 3172 ut
2637 3118 2692 3172 in
2739 3120 3322 3186 angustiisc0nstitnti,
3357 3135 3456 3186 spe

1883 3209 2212 3276 futurorum,
2247 3211 2651 3265 tribulationem
2700 3214 3027 3266 sustineant.
3074 3213 3195 3280 Ipse
3239 3214 3330 3264 «lat
3371 3214 3456 3266 vi-

1887 3307 2018 3364 tam,
2051 3300 2234 3367 utique
2263 3299 2346 3352 his
2374 3300 2466 3366 qui
2495 3307 2720 3368 peccato
2768 3303 2966 3354 mortui
3013 3313 3190 3354 erant.
3240 3298 3314 3353 De
3349 3317 3457 3369 quo

1885 3391 2126 3448 dicitur:
2158 3392 2307 3459 Apud
2339 3401 2388 3444 te
2412 3402 2486 3446 est
2521 3397 2638 3462 fons
2669 3393 2790 3447 vitae
2819 3391 2989 3462 (Psal.
3021 3409 3186 3458 xxxv,
3211 3395 3319 3463 10).
3353 3394 3456 3458 Qui

1885 3485 2125 3554 loquitur
2153 3484 2204 3538 in
2234 3483 2528 3554 Evangelia
2563 3500 2579 3540 :
2612 3482 2725 3555 Ego
2758 3502 2875 3538 sum
2907 3486 3015 3549 via,
3045 3488 3238 3538 veritas
3266 3497 3312 3538 et
3349 3487 3459 3540 vita

1887 3578 2069 3649 (Joan.
2102 3594 2214 3646 xrv,
2246 3580 2323 3650 6).

1961 3674 2143 3742 (Vers.
2177 3673 2288 3739 16.)
2329 3673 2480 3726 tNon
2511 3671 2567 3726 in
2607 3670 3256 3741 sempiternmnlitigabo,
3283 3685 3460 3742 neque

1891 3779 2064 3834 usque
2109 3766 2160 3818 in
2197 3765 2356 3817 linem
2393 3764 2633 3818 irascar:
2668 3765 2797 3834 quia
2828 3765 3056 3832 spiritus
3113 3777 3143 3815 a
3172 3763 3310 3816 facie
3343 3780 3459 3816 mea

1891 3856 2200 3926 egredietur
2229 3867 2283 3909 et
2311 3853 2472 3908 ﬂatus
2507 3869 2606 3923 ego
2653 3855 2903 3908 faciam.»
2957 3854 3136 3908 LXX:
3178 3871 3195 3902 t
3245 3852 3363 3906 Non
3405 3853 3460 3906 in

1891 3937 2154 4002 aiternuin
2186 3946 2419 4001 ulciscar
2447 3945 2502 4002 in
2524 3961 2654 4001 vos:
2692 3961 2870 4016 neque
2896 3961 3111 4015 semper
3131 3948 3336 4000 irascar
3365 3963 3460 4002 vo-

1893 4041 1998 4097 bis.
2040 4040 2278 4110 Spiritus
2309 4041 2456 4095 cnim
2485 4053 2514 4092 a
2557 4052 2646 4093 me
2669 4038 3002 4107 egredietur,
3035 4047 3090 4091 et
3123 4036 3310 4090 ﬂatum
3341 4054 3461 4092 0m-

1894 4148 2018 4188 nem
2049 4148 2148 4202 ego
2178 4131 2338 4187 feci.»
2375 4129 2636 4186 Dominus
2665 4130 2756 4198 qui
2798 4130 2856 4184 in
2889 4130 3120 4183 excelsis
3149 4128 3377 4192 habitat,
3409 4136 3466 4182 ct

1894 4227 2124 4282 humilia
2156 4227 2402 4294 respicit,
2432 4224 2588 4292 cujus
2618 4240 2816 4279 nomen
2845 4236 2930 4278 est
2963 4236 3233 4289 sanctum,
3279 4233 3334 4278 et
3383 4241 3467 4276 re-

1895 4321 2129 4390 quiescit
2160 4319 2212 4372 in
2245 4321 2485 4372 sanctis:
2517 4319 2606 4386 qui
2630 4327 2900 4371 sustentat
2931 4317 3179 4381 alﬂictos,
3211 4331 3263 4371 et
3299 4319 3464 4369 vitam

215 4409 456 4477 superbis
501 4406 718 4472 resistit,
747 4416 795 4460 et
829 4405 1112 4461 humilibus
1143 4408 1236 4460 dat
1278 4409 1507 4477 gratiam
1542 4405 1680 4467 (Jac.
1715 4423 1788 4473 iv,
1824 4406 1870 4461 D
1898 4408 2087 4463 tribuit
2115 4410 2392 4477 oppressis
2428 4407 2602 4478 (Psal.
2630 4408 2784 4475 cm),
2827 4408 2938 4461 haec
2966 4407 3173 4461 locutus
3194 4420 3311 4460 est:
3344 4407 3468 4461 Non

216 4500 308 4567 6);
353 4510 417 4553 ut
453 4512 550 4552 eos
591 4498 765 4552 elevet
805 4507 860 4550 ct
902 4497 1108 4550 habitet
1150 4499 1201 4549 in
1243 4499 1496 4552 excelsis.
1543 4496 1792 4550 Excelsus

214 4594 359 4646 enirn
395 4591 674 4655 Dominus,
709 4600 757 4643 et
803 4589 1023 4643 humilia
1065 4590 1312 4659 prospicit
1344 4588 1514 4658 (Psal.
1555 4605 1790 4656 cxxxvu,

216 4687 299 4756 6).
344 4686 411 4740 Et
460 4686 515 4736 in
559 4684 850 4753 Evangelio
911 4683 1085 4752 angeli
1137 4684 1416 4738 clamitant
1463 4701 1478 4737 :
1530 4682 1709 4737 Gloria
1740 4685 1796 4736 in

217 4783 439 4838 excelsis
473 4780 604 4842 Deo,
639 4789 687 4833 et
726 4794 883 4846 super
921 4789 1121 4832 terram
1156 4794 1264 4848 paa:
1295 4777 1448 4848 (Luc.
1482 4795 1541 4844 ιι,
1578 4779 1685 4848 14).
1731 4778 1798 4832 Et

219 4891 444 4931 rursum
493 4873 548 4926 in
597 4871 870 4927 Psalmis:
909 4871 1149 4924 Laudate
1187 4871 1471 4924 Dominum
1514 4871 1578 4924 de
1608 4871 1748 4925 ctzlis
1777 4889 1797 4927 :

222 4970 443 5022 laudate
488 4982 607 5021 eum
652 4967 708 5018 in
755 4964 971 5018 excelsis
1007 4963 1179 5034 (Psal.
1221 4979 1442 5028 chvnt,
1474 4964 1549 5028 1).
1586 4965 1652 5018 Ει
1690 4978 1797 5018 non

228 5060 414 5116 solum
446 5059 708 5114 Excelsus
739 5058 946 5110 habitat
983 5059 1032 5110 in
1069 5059 1319 5121 excelsis,
1354 5057 1449 5111 sed
1477 5068 1531 5111 et
1578 5070 1802 5112 sanctus

224 5155 286 5209 in
331 5154 555 5207 sanetis.
602 5149 704 5215 Qui
755 5151 885 5204 dicit
934 5151 990 5203 in
1041 5149 1148 5204 alio
1183 5150 1304 5204 loco
1339 5167 1352 5203 :
1385 5149 1568 5204 Sancti
1604 5161 1802 5214 estote;

310 5334 326 5362 ⁸
351 5330 506 5385 Falso
538 5331 800 5384 hactenus
851 5344 945 5398 pro
980 5327 1192 5382 duobus
1238 5328 1388 5383 hisce
1419 5329 1622 5392 verbis.
1681 5345 1803 5396 qua:

226 5401 500 5454 vetustior
545 5400 888 5454 Ambrosian.
947 5398 1067 5453 cod.
1130 5399 1432 5452 nncialibus
1486 5401 1677 5454 litteris
1728 5405 1803 5454 ita

230 5473 429 5541 pingit,
502 5467 1161 5541 ΠΕΡΙΕΙΛΗΘΗΟΕῙΔΙ,
1227 5479 1282 5522 et
1357 5470 1801 5541 ΠΕΡΙΒΑΛΛΕΙ,

232 5536 406 5593 imum
438 5541 834 5601 tantummodo,
864 5542 1009 5609 quod
1026 5536 1290 5593 Erasmus
1318 5539 1610 5593 divinando
1655 5544 1804 5600 ierit.

229 5611 547 5663 obtinuerat
572 5609 1009 5679 περιελεύσεται,
1047 5612 1176 5663 etin
1210 5623 1410 5675 nupera
1455 5625 1672 5678 quoque
1699 5612 1806 5664 He-

235 5681 526 5748 xsplorum
557 5682 797 5737 editione
832 5695 997 5734 unum
1032 5680 1173 5735 istud
1215 5681 1544 5746 obtruditur,
1579 5685 1805 5750 pct‘itttle

1895 4517 2096 4570 semper
2119 4502 2350 4565 irascar,
2376 4516 2466 4555 nec
2506 4502 2706 4570 jugitcr
2735 4501 3072 4571 indignabor.
3109 4502 3206 4567 Qui
3251 4509 3316 4554 ad
3365 4501 3468 4554 hoc

1896 4595 2168 4664 percutio,
2203 4604 2264 4646 ut
2313 4594 2621 4658 emendem,
2671 4593 2791 4648 ideo
2823 4593 3033 4657 occido,
3075 4603 3133 4646 ut
3177 4592 3467 4644 riviftcem.

1900 4685 2163 4741 Misereor
2190 4686 2612 4740 enimcreatura:
2639 4703 2768 4740 mea:
2796 4703 2812 4753 ;
2844 4700 2896 4741 et
2917 4703 3052 4756 quos
3086 4687 3197 4754 ipse
3226 4683 3484 4746 condidi,

1902 4781 1958 4835 in
2017 4790 2281 4835 aeternum
2325 4779 2505 4849 perire
2555 4795 2659 4834 non
2715 4781 2912 4850 patiar.
2965 4779 3207 4848 Spiritus
3255 4790 3470 4845 quoque

1901 4887 2076 4939 meus,
2114 4873 2206 4942 qui
2236 4887 2304 4926 ex
2337 4887 2421 4926 me
2453 4872 2777 4940 egredietur,
2796 4873 2910 4926 sive
2940 4872 3053 4938 qui,
3069 4869 3222 4938 juxta
3247 4867 3474 4922 Hebrai-

1903 4981 2050 5032 cnm,
2121 4965 2392 5036 Aquilam,
2460 4965 2844 5035 Symmachum
2901 4974 2958 5019 et
3005 4962 3470 5024 Theotlotionem,

1904 5065 2098 5111 cuncta
2118 5056 2405 5109 circumdat
2438 5057 2563 5125 (hoc
2577 5057 2721 5109 enim
2752 5052 3024 5123 signiﬁcat
3055 5053 3474 5122 aegisono-.335-

1905 5167 1995 5205 ται
2056 5151 2158 5206 ‘et
2189 5149 2561 5219 περιϐαλλεῖ),
2623 5136 2900 5217 vegetatur
2954 5159 3038 5202 est
3076 5149 3340 5202 omnium.
3402 5147 3472 5199 Et

1909 5347 1972 5385 ac
2011 5332 2055 5386 si
2079 5330 2267 5386 eodem
2311 5330 2402 5385 illo
2427 5340 2534 5383 trcs
2559 5329 2637 5381 usi
2668 5327 2990 5396 interpretes
3020 5327 3148 5382 sint.
3189 5325 3353 5396 Nunc
3381 5340 3468 5377 ve-

1909 5417 1972 5455 ro
2007 5402 2354 5470 intelligimus
2412 5415 2476 5454 ex
2510 5395 2856 5452 Ambrosian.
2942 5414 3074 5451 mss.
3145 5395 3356 5449 tametsi
3422 5398 3474 5446 in

1907 5475 2160 5526 eumdem
2190 5469 2415 5524 sensum
2459 5471 2723 5531 recidant,
2786 5485 2893 5523 non
2942 5469 3080 5522 idern
3122 5477 3298 5519 tamen
3358 5479 3475 5516 ver-

1910 5545 2038 5596 bum
2067 5541 2226 5594 abiis
2265 5543 2520 5608 positum.
2563 5541 2739 5608 Atque
2763 5539 2957 5612 Aquila
2987 5540 3204 5606 quidem
3237 5545 3287 5587 et
3323 5534 3476 5612 §ytri~

1913 5621 2137 5666 machus
2169 5612 2240 5684 in_
2257 5604 2436 5678 priore
2465 5604 3018 5684 consenserini,_qui
3046 5621 3145 5660 nec
3175 5604 3345 5684 semel
3372 5604 3475 5684 ali-

1912 5684 1991 5747 bi,
2044 5693 2168 5749 puta
2213 5676 2335 5735 Job.
2397 5697 2624 5747 XXXVIII,
2672 5682 2726 5747 9,
2774 5693 2828 5737 et
2874 5676 3200 5741 Ps_al.cxut,
3236 5676 3290 5739 4,
3334 5676 3474 5728 idem
