3902 6182
208 297 303 364 581

694 287 1189 355 COMMENTAR.
1230 287 1312 349 IN
1356 285 1614 347 ISAIAM
1660 282 2121 344 PROPHETAM
2167 284 2315 347 LIB.
2355 282 2511 349 XVI.
2551 286 2708 348 CAP.
2746 289 2956 351 LVIII.

3341 283 3448 351 582

210 411 309 462 bus
337 401 470 460 dicit
496 410 551 458 et
573 400 868 472 Apostolus
892 438 910 464 ,
953 398 1110 453 Voltis
1134 396 1340 468 quidem
1358 395 1780 467 oportebatprte-
1806 407 1852 464 Α
1882 394 2154 460 ﬂuctibus,
2206 397 2438 466 ﬁnisque
2497 399 2612 468 ejus
2641 401 2811 457 lutum
2857 408 2944 456 est
2993 406 3050 456 et
3089 396 3446 456 conculteatio.

211 498 378 553 dicari
406 499 616 552 uerbum
639 494 778 560 Dei;
827 494 918 548 sed
943 494 1072 562 quia
1096 492 1336 560 indignos
1375 505 1464 544 nos
1483 489 1772 559 judicastis

205 592 406 657 salute,
445 604 563 642 ecce
599 586 954 641 convertimur
1000 585 1070 638 ad
1096 591 1269 652 gentes
1321 580 1464 652 (Act.
1501 597 1620 646 xm,
1654 580 1771 648 i6).

210 684 313 750 Qui
345 681 591 736 scribens
623 680 693 734 ad
726 676 1022 748 Ephesios,
1054 685 1108 731 et
1131 675 1200 730 de
1237 673 1435 744 popqu
1479 674 1774 727 circumci-

208 773 374 829 sionis
401 780 563 838 atque
582 771 820 841 gentium
847 769 1162 837 plenissime
1187 766 1494 836 disputans,
1548 764 1728 820 intulit
1755 779 1771 818 :

211 863 369 918 Nunc
393 871 570 916 autem
599 862 655 914 in
692 859 906 915 Christo
929 857 1079 923 Iesu,
1113 873 1202 914 vos
1229 859 1318 926 qui
1345 856 1635 927 aliquando
1654 872 1777 910 era-

210 957 275 1009 tis
313 954 488 1022 longe,
524 950 656 1020 facti
679 951 808 1004 estis
836 963 997 1018 prope
1027 949 1084 1001 in
1131 947 1386 1018 sanguine
1409 946 1628 1002 Christi.
1654 944 1777 1024 Ipse

205 1057 279 1102 cst
310 1047 451 1100 enim
503 1057 612 1114 pax
663 1051 853 1097 nostra
878 1081 896 1107 ,
948 1042 1040 1112 qui
1090 1040 1216 1110 fecit
1244 1049 1468 1110 utraque
1503 1054 1688 1104 unum,
1725 1047 1776 1094 et

206 1138 435 1192 medium
461 1138 717 1203 parietem
763 1132 1032 1199 maceriae,
1085 1133 1291 1192 solvens
1337 1132 1680 1186 inimicitiam
1721 1131 1777 1185 in

205 1246 362 1284 carne
397 1245 518 1292 sua,
543 1236 600 1283 et
629 1229 835 1296 reliqua
865 1227 1081 1295 (Ephes.
1106 1240 1168 1289 ιι,
1199 1224 1288 1290 13,
1320 1223 1434 1293 ii);
1463 1230 1517 1277 et
1554 1223 1774 1288 iterum,

213 1318 280 1372 Et
326 1320 560 1382 ueniens,
593 1318 930 1372 annuntiavit
989 1332 1168 1383 pacem
1209 1313 1351 1368 vobis
1381 1315 1471 1384 qui
1501 1313 1674 1383 longe,
1722 1320 1776 1366 et

207 1428 386 1480 pacem
415 1414 493 1465 his
531 1413 620 1481 qui
643 1426 802 1481 prope
834 1419 985 1464 erant
1016 1408 1207 1479 (Ibid.,
1243 1409 1353 1477 i7).
1386 1407 1652 1472 Quoniam
1683 1420 1778 1476 per

207 1503 383 1571 ipsum
425 1503 684 1558 habemus
707 1515 985 1556 accessum
1009 1501 1228 1570 utrique
1261 1501 1313 1554 in
1352 1513 1460 1553 uno
1488 1499 1680 1568 spiritu
1710 1496 1778 1552 ad

209 1592 431 1646 Patrem
458 1629 475 1656 ,
516 1591 657 1646 dans
679 1605 867 1660 pacem
893 1605 1056 1660 super
1082 1605 1268 1660 pacem
1300 1589 1382 1643 bis
1414 1589 1506 1656 qui
1565 1588 1781 1643 fuerant

212 1683 392 1752 longe,
423 1692 480 1736 et
503 1680 596 1751 qui
625 1695 789 1751 prope
831 1679 849 1712 ⁸
877 1688 931 1734 et
959 1679 1051 1749 qui
1097 1693 1207 1734 non
1245 1678 1548 1733 habuerant
1579 1676 1779 1748 Legem

1947 490 2102 559 (Cap.
2132 490 2311 544 LVIII.
2345 524 2415 534 --
2449 492 2602 548 Vers.
2633 495 2712 564 l.)
2763 511 2782 547 t
2823 493 3036 556 Clama,
3086 507 3153 546 ne
3199 505 3386 546 cesses
3429 507 3446 549 :

1875 583 2028 652 quasi
2055 583 2178 636 tuba
2208 585 2384 638 exalia
2420 599 2608 640 vocem
2637 597 2807 654 tuam,
2850 595 2905 641 et
2937 585 3197 640 annuntia
3249 583 3448 654 pOIlUIO

1875 687 1997 728 meo
2047 677 2256 728 scelera
2286 689 2499 740 eorum,
2534 687 2590 731 et
2622 677 2808 732 domui
2859 677 3028 733 Jacob
3082 687 3305 745 peccata
3357 690 3451 728 eo-

1878 779 2018 819 rum.
2051 783 2070 815 ι
2097 765 2239 819 LXX
2275 783 2288 819 :
2323 785 2342 817 t
2384 767 2569 821 Clama
2597 769 2652 822 in
2683 769 3026 835 fortitudine,
3049 779 3098 822 et
3126 785 3192 822 ne
3219 781 3446 838 parcas:

1874 857 2031 928 quasi
2064 857 2192 910 tuba
2224 858 2401 912 exalta
2435 875 2620 913 vocem
2653 871 2824 926 tuam,
2864 869 2920 916 et
2958 861 3218 915 annuntia
3252 861 3451 930 populo

1875 956 2098 1017 peccata
2123 960 2336 1009 eorum,
2365 957 2418 1002 et
2441 947 2625 1000 douiui
2649 946 2820 1002 .lscob
2844 947 3160 1016 iniquitates
3182 960 3392 1000 eorum.
3425 961 3445 995 s

1877 1038 2058 1094 Finito
2111 1039 2278 1108 priori
2305 1038 2570 1107 capitulo,
2621 1040 2673 1092 in
2708 1053 2816 1107 quo
2865 1053 2967 1108 pax
2999 1038 3186 1108 justis,
3223 1043 3277 1090 et
3305 1035 3452 1088 nulla

1879 1131 2099 1194 requies
2129 1128 2308 1197 impiis
2340 1129 2646 1190 nuntiatur,
2694 1128 2940 1196 praecipit
2973 1129 3112 1182 Deus
3139 1127 3288 1179 lsaiae
3323 1137 3452 1191 pro-

1880 1221 2076 1290 phetat,
2133 1229 2192 1274 ut
2237 1220 2437 1274 clamet
2484 1221 2534 1272 in
2597 1219 2940 1283 fortitudine,
2975 1228 3031 1272 et
3076 1218 3254 1272 instar
3309 1217 3453 1268 tubae

1879 1311 2079 1367 exultet
2126 1326 2314 1366 vocem
2344 1325 2519 1376 suam,
2556 1321 2610 1365 et
2633 1319 2852 1378 peccata
2889 1324 2952 1364 ac
3009 1309 3216 1364 scelera
3268 1306 3453 1375 populi

1879 1401 2046 1458 Israel
2088 1406 2271 1458 dicere
2319 1417 2421 1455 non
2463 1401 2743 1466 formidet,
2811 1415 3157 1469 nequaquam
3224 1409 3452 1452 mortem

1882 1505 2150 1561 metuens,
2209 1510 2309 1549 uec
2357 1494 2646 1560 impiorum
2700 1490 2956 1546 terricula
3006 1493 3028 1523 ¹
3070 1501 3124 1545 et
3169 1492 3454 1552 convicia;

1879 1589 1975 1645 sed
2033 1588 2205 1658 magis
2255 1585 2566 1640 consideret
2609 1586 2968 1653 imperantem
3023 1581 3334 1637 Dominum.
3389 1581 3456 1634 Et

1881 1679 2005 1750 quia
2036 1679 2232 1733 surdas
2279 1691 2439 1732 aures
2468 1675 2725 1739 habeant,
2755 1685 2810 1730 et
2855 1675 3050 1729 audire
3080 1675 3167 1727 vix
3221 1677 3454 1743 possint,

212 1786 262 1830 et
295 1773 604 1843 prOphetas
651 1781 705 1826 et
733 1771 827 1842 qui
857 1782 982 1824 ante
1010 1781 1378 1836 susceperant,
1405 1769 1650 1840 suscepit
1693 1783 1787 1824 eos
1818 1771 1861 1826 Β
1887 1773 2040 1842 juxta
2065 1768 2450 1839 Symmachum
2485 1776 2542 1821 et
2567 1766 2841 1835 Aquilam,
2879 1773 3066 1835 guttur
3085 1779 3242 1818 suum
3282 1771 3458 1817 vertat

211 1873 372 1930 atque
396 1862 629 1916 sanavit.
660 1862 814 1931 [mpii
837 1871 1039 1926 autem,
1064 1862 1176 1916 sive
1206 1861 1398 1928 iniqui,
1423 1860 1782 1924 ﬂuctuabant,

213 1954 367 2024 quasi
397 1968 550 2007 mare
589 1952 822 2013 fervens,
878 1956 1282 2023 et'quiescere
1321 1968 1596 2022 nunquam
1628 1961 1785 2022 pote-

216 2055 362 2100 runt.
401 2043 557 2110 Quod
593 2044 721 2099 licet
757 2044 824 2098 de
855 2044 1004 2098 omni
1032 2045 1198 2114 impio
1231 2045 1403 2113 possit
1431 2044 1680 2111 intelligi,
1704 2051 1786 2098 ta-

218 2151 334 2190 men
373 2135 594 2204 proprie
640 2128 876 2189 refertur
922 2135 988 2188 ad
1015 2135 1272 2205 populum
1303 2132 1636 2201 Judatorum,
1689 2136 1782 2204 qui

215 2241 458 2283 consona
482 2241 615 2282 voce
645 2227 918 2293 clamavit,
949 2236 1006 2281 et
1035 2227 1403 2296 perseveravit
1424 2227 1478 2281 in
1510 2225 1786 2296 impietate

215 2330 332 2381 sua,
370 2316 558 2372 dicens
595 2331 612 2369 :
658 2316 942 2386 Cruci/Ege,
969 2317 1214 2386 cruci/ige
1237 2316 1418 2371 talem.
1452 2314 1574 2370 Non
1630 2315 1779 2368 habe-

215 2422 329 2460 tnus
361 2421 536 2475 regem
570 2406 676 2459 nisi
699 2405 966 2461 Casarem
999 2405 1184 2477 (Joan.
1217 2422 1332 2472 xxx,
1360 2405 1472 2477 15).
1503 2404 1656 2460 Sicut
1681 2406 1782 2472 igi-

217 2509 306 2553 tur
330 2513 488 2554 mare
527 2498 746 2553 fervens
778 2499 1061 2568 quiescere
1081 2514 1188 2554 non
1219 2509 1420 2570 potest,
1444 2499 1539 2554 sed
1587 2499 1787 2551 redun-

215 2590 345 2644 dant
379 2589 581 2644 ﬂuctus
611 2590 752 2659 ejus,
792 2599 849 2644 et
877 2591 1233 2645 revolvuntur
1269 2590 1337 2644 ad
1383 2589 1592 2653 littora,
1622 2600 1788 2657 atque

220 2683 416 2736 iterum
455 2683 826 2745 resorbentur,
867 2689 924 2735 et
963 2681 1098 2737 inse
1130 2679 1316 2746 fracti,
1341 2681 1516 2735 lutum
1541 2678 1788 2735 efilciunt

217 2774 361 2842 quod
395 2773 620 2843 pedibus
648 2773 998 2828 conculcatur
1028 2789 1044 2840 ;
1092 2773 1170 2828 sic
1199 2774 1348 2844 impii
1396 2782 1615 2828 eterna;
1661 2787 1789 2827 con-

223 2865 519 2919 culcationi
542 2865 916 2936 subjacebunt,
942 2880 1170 2935 quorum
1190 2866 1393 2920 nullum
1419 2875 1502 2920 est
1533 2865 1788 2935 gaudium

223 2958 394 3026 etqui
430 2957 572 3010 nulla
599 2971 730 3026 pace
767 2959 1112 3027 requiescunt
1131 2961 1184 3012 in
1220 2972 1285 3012 eo
1309 2958 1453 3028 quod
1484 2957 1636 3025 impii
1668 2973 1787 3028 per-

221 3054 500 3102 severant.
568 3046 794 3111 Quidam
853 3049 996 3102 hunc
1056 3047 1230 3102 locmn
1265 3049 1576 3116 specialiter
1627 3063 1792 3119 super

225 3139 512 3192 Salvatore
547 3138 880 3206 intelligunt,
927 3139 1069 3208 quod
1111 3147 1328 3208 prOpter
1353 3148 1574 3208 peccata
1605 3141 1789 3194 mundi

223 3231 288 3284 ad
333 3231 612 3285 modicum
660 3237 1022 3284 contristatus
1078 3230 1170 3293 sit,
1213 3233 1437 3296 dicens,
1495 3230 1681 3285 Tristis
1715 3241 1792 3285 est

224 3323 404 3375 anima
447 3337 561 3374 mea
585 3335 744 3390 usque
767 3320 837 3374 ad
877 3330 1095 3374 mortem
1129 3321 1338 3391 (Matth.
1373 3338 1518 3386 mu,
1568 3322 1658 3393 58)
1691 3340 1707 3388 ;
1741 3331 1794 3378 et

226 3413 564 3481 percusserit
611 3429 734 3466 eum
764 3412 924 3467 Pater
949 3414 1039 3481 qui
1065 3414 1302 3482 loquitur
1325 3429 1419 3483 per
1447 3412 1792 3470 Zachariam:

229 3503 546 3558 Percutiam
567 3515 852 3574 pastorem,
877 3517 925 3560 et
950 3522 1065 3560 oves
1085 3506 1448 3577 dispergentur
1465 3507 1530 3579 (Z
1535 3510 1650 3562 ach.
1674 3525 1794 3574 xm,

230 3595 280 3664 7)
304 3613 318 3660 ;
357 3597 450 3662 qui
479 3605 534 3648 et
561 3600 672 3664 ipse
697 3597 764 3650 de
791 3611 848 3648 se
875 3595 930 3648 in
959 3598 1292 3666 sexagesimo
1326 3607 1528 3651 octavo
1587 3598 1795 3666 psalmo

229 3687 432 3740 dixerit
459 3702 475 3742 ;
510 3684 770 3749 Quoniam
799 3700 950 3755 quem
969 3694 1024 3737 tu
1053 3686 1376 3752 percussisti,
1416 3687 1518 3756 ipsi
1540 3689 1797 3757 persecuti

229 3792 352 3831 sunt
404 3777 578 3846 (Psal.
633 3792 820 3842 LXVI",
875 3776 967 3846 27)
995 3793 1012 3844 ;
1044 3787 1097 3832 et
1125 3778 1384 3832 averterit
1418 3782 1556 3833 Deus
1605 3780 1796 3834 faciem

231 3885 383 3923 suam
411 3869 480 3922 ab
520 3884 608 3935 co,
633 3879 692 3922 ut
721 3871 947 3924 fortnam
983 3871 1126 3925 servi
1166 3870 1444 3939 paulisper
1499 3871 1796 3940 acciperet,

235 3963 542 4016 atnbularet
567 3961 761 4026 tristis,
798 3970 853 4017 et
877 3961 1068 4034 lugens
1100 3971 1320 4030 peccata
1372 3963 1580 4031 populi,
1614 3956 1800 4031 deploé

233 4071 359 4110 rans
383 4063 438 4109 ct
467 4056 724 4125 plangens
753 4052 1082 4110 Jerusalem.
1117 4055 1184 4111 Et
1232 4054 1326 4125 qui
1383 4055 1582 4110 viderit
1642 4055 1803 4110 Pater

232 4149 347 4202 vias
382 4147 524 4216 ejus,
566 4153 852 4217 pr0pterea
883 4148 1160 4202 sanaverit
1189 4163 1334 4213 eum,
1363 4148 1457 4217 qui
1511 4147 1612 4200 fuit
1661 4147 1803 4200 inter

235 4247 478 4291 mortuos
512 4237 646 4290 liber
668 4274 684 4302 ,
721 4247 774 4290 et
800 4250 928 4290 caro
945 4239 1062 4304 eius
1089 4250 1197 4290 nou
1229 4236 1802 4306 viditcorruptionem,

233 4339 292 4383 ut
328 4329 421 4398 qui
445 4343 736 4396 percussus
764 4327 932 4400 684
962 4339 1047 4384 est
1078 4331 1129 4384 in
1157 4343 1340 4397 cruce,
1409 4338 1694 4385 sanaretur
1745 4329 1803 4383 in

1886 1864 1942 1917 in
1981 1862 2288 1924 buccinam,
2329 1875 2449 1929 quae
2483 1857 2745 1914 Hebraice
2779 1858 2982 1912 dicitur
3008 1870 3206 1912 δοριωι
3235 1854 3452 1925 (πεπυ),

1883 1968 2046 2024 quam
2081 1951 2403 2022 κερατίνην,
2428 1949 2482 2006 id
2511 1959 2616 2017 est,
2652 1964 2899 2005 corneam
2931 1947 3270 2019 interpretati
3306 1955 3454 2002 sunt.

1885 2047 1952 2102 Et
1971 2059 2135 2114 supra
2157 2045 2372 2114 quidem
2400 2041 2490 2098 ubi
2518 2043 2786 2112 apostolis
2806 2041 3117 2106 dicebatur,
3141 2040 3210 2095 In
3230 2049 3458 2094 montem

1883 2137 2147 2194 excelsum
2194 2137 2439 2202 ascende,
2495 2135 2587 2206 qui
2637 2135 2968 2206 euangelicos
3032 2132 3163 2187 Sion
3211 2146 3230 2186 :
3281 2131 3461 2186 exaltu

1885 2232 2199 2301 fortitudine
2227 2245 2400 2285 vocem
2429 2240 2599 2294 tuam,
2631 2230 2722 2300 qui
2755 2228 3082 2298 euangelicos
3108 2225 3407 2280 Jerusalem
3439 2239 3459 2278 :

1885 2325 2087 2388 exalto,
2131 2325 2242 2378 noti
2275 2326 2456 2376 timere
2496 2320 2629 2394 (Isa.
2659 2337 2748 2387 η,
2779 2321 2868 2390 9);
2918 2334 3016 2375 nec
3048 2319 3274 2374 buccina
3306 2331 3462 2371 assu-

1889 2415 2074 2479 mitur,
2106 2427 2209 2468 nec
2239 2412 2387 2475 tuba,
2435 2412 2530 2466 sed
2564 2409 2801 2465 montem
2844 2410 3114 2479 iubentur
3138 2407 3458 2461 ascendere.

1889 2504 1990 2559 Hic
2015 2514 2196 2558 autem
2225 2504 2353 2574 quia
2387 2511 2707 2572 peccatores
2735 2509 2915 2566 erant,
2963 2500 3159 2570 quibus
3199 2499 3459 2570 nuntian-

1887 2597 2020 2652 dum
2055 2604 2162 2662 est,
2183 2604 2238 2651 et
2264 2595 2617 2651 morabantur
2638 2593 2915 2658 deorsum,
2951 2607 3057 2646 non
3081 2591 3302 2660 iubetur
3333 2604 3464 2660 pro-

1890 2687 2052 2757 pheta
2105 2699 2165 2740 ut
2199 2687 2468 2741 ascendat
2516 2685 2570 2738 in
2629 2692 2871 2739 montem
2927 2699 2942 2737 :
2986 2683 3083 2737 sed
3141 2691 3350 2735 tantum
3407 2689 3467 2733 ut

1889 2777 2095 2832 exaltet
2123 2776 2273 2831 sicut
2313 2775 2442 2830 tuba
2466 2789 2654 2830 vocem
2686 2788 2863 2838 suam,
2888 2781 2944 2828 et
2965 2772 3046 2827 eis
3077 2773 3291 2827 nuntiet
3323 2769 3462 2826 bella

1889 2881 2138 2926 ventura.
2173 2869 2424 2938 Alioquin
2471 2867 2524 2922 in
2571 2867 2661 2922 die
2688 2865 2909 2937 iudicii,
2945 2865 3160 2936 quando
3192 2865 3246 2919 in
3281 2878 3466 2918 resur-

1891 2963 2135 3018 rectione
2186 2969 2524 3017 mortuorum
2578 2969 2632 3014 et
2687 2960 2985 3015 novissima
3047 2957 3172 3011 tuba
3239 2958 3462 3018 dicitur,

1893 3056 2154 3123 scriptum
2185 3063 2268 3108 est
2295 3067 2311 3106 :
2341 3051 2510 3108 Canet
2540 3052 2675 3106 enim
2708 3051 2858 3112 tuba,
2892 3061 2939 3104 et
2971 3049 3167 3103 mortui
3198 3057 3466 3118 resurgant

1896 3146 2191 3215 incorrupti
2229 3144 2280 3214 (I
2332 3144 2455 3200 Cor.
2512 3159 2601 3208 xv,
2658 3142 2748 3215 52)
2799 3161 2813 3197 :
2869 3152 2927 3195 ut
2967 3143 3236 3212 quomodo
3279 3141 3357 3195 illi
3399 3141 3466 3194 ad

1894 3253 2082 3294 vocem
2121 3238 2262 3291 tubae
2293 3244 2418 3290 sunt
2462 3235 2739 3302 iudicandi
2780 3253 2792 3287 :
2825 3233 2990 3306 685
3023 3234 3104 3288 sic
3135 3233 3303 3290 Israel
3345 3248 3471 3302 pec-

1896 3340 2019 3386 cato
2049 3339 2296 3383 mortuus
2336 3329 2520 3380 audiat
2555 3326 2762 3381 scelera
2792 3341 2926 3393 sua;
2961 3327 3234 3395 simulque
3274 3326 3469 3395 appel-

1897 3421 2044 3475 latur
2079 3417 2312 3488 populus
2344 3417 2459 3480 Dei,
2497 3425 2557 3470 ut
2602 3414 2777 3469 discat
2836 3418 3051 3483 qualem
3099 3428 3310 3484 patrem
3341 3433 3468 3484 per-

1898 3509 2129 3572 diderit,
2171 3509 2262 3576 qui
2328 3507 2492 3560 etiam
2560 3514 2906 3576 peccatoretu
2981 3514 3141 3561 vocet
3207 3509 3464 3576 ροιιυιιιιιι

1898 3585 2079 3659 suunu

1899 3748 1904 3753 .
1969 3693 2147 3766 (Vers.
2182 3692 2262 3763 2.)
2299 3712 2318 3745 t
2357 3691 2440 3747 Me
2477 3694 2678 3747 etenim
2711 3693 2777 3748 de
2802 3692 2890 3747 die
2927 3693 2981 3747 in
3013 3692 3154 3747 diem
3197 3701 3470 3761 qna-runt,

1899 3799 1951 3843 et
1979 3791 2118 3842 scire
2143 3787 2256 3840 vias
2284 3801 2431 3840 tneas
2477 3787 2697 3841 volunt:
2733 3787 2886 3856 quasi
2914 3801 3046 3858 gens
3067 3784 3471 3854 quzcjustitiam

1901 3881 2109 3943 fecerit,
2134 3887 2188 3932 et
2213 3894 2332 3948 qua:
2354 3878 2624 3948 judicium
2663 3879 2754 3931 Dei
2781 3880 2862 3932 sui
2896 3892 3002 3931 non
3029 3877 3399 3945 dereliquerit.
3442 3893 3461 3926 ι

1903 3970 2045 4026 LXX
2074 3971 2346 4026 similiter.
2367 3969 2514 4024 -lioc
2567 3971 2783 4039 proprie
2816 3966 3015 4024 Iudicis
3055 3967 3331 4032 convenit,
3379 3967 3470 4037 qui

1903 4081 2001 4135 per
2060 4065 2303 4134 singulos
2338 4063 2458 4118 dies
2510 4074 2740 4118 currunt
2790 4065 2858 4118 ad
2903 4077 3228 4135 synagogas,
3279 4071 3336 4116 et
3374 4060 3471 4115 Dei

1902 4159 2070 4228 legem
2105 4157 2460 4221 meditantur,
2513 4155 2657 4212 scire
2686 4155 2966 4224 cupientes
3009 4155 3139 4224 quid
3171 4154 3466 4218 Abraham,

1903 4242 2052 4300 lsaac
2071 4251 2126 4299 et
2160 4244 2350 4310 Jacob,
2385 4245 2515 4314 quid
2539 4254 2593 4299 et
2634 4243 2816 4298 caeteri
2879 4253 3192 4298 sanctorum
3223 4242 3472 4308 iecerint,

1905 4347 1961 4390 et
1997 4336 2165 4392 libros
2221 4337 2600 4405 prophetarum
2635 4350 2699 4390 ac
2729 4335 2898 4405 Moysi
2953 4338 3268 4391 memoriter
3300 4336 3476 4390 revol-

233 4423 739 4477 resurrectione.Et
771 4423 1082 4478 consolatus
1104 4437 1246 4488 sum,
1295 4423 1493 4492 inquit,
1524 4437 1649 4478 eum
1669 4424 1790 4478 dant

1907 4441 2118 4494 ventes,
2141 4429 2631 4484 decantantdivina
2659 4432 2934 4496 mandata,
2952 4429 3151 4498 quibus
3171 4431 3474 4484 rectissime

229 4517 278 4567 ei
319 4532 418 4584 pro
453 4531 559 4569 una
595 4525 754 4584 gente
778 4511 1117 4579 Judaeorum,
1169 4515 1488 4570 universum
1521 4515 1800 4570 mundum.

234 4606 298 4657 Et
329 4607 580 4675 lugentes
610 4607 748 4674 ejus,
777 4607 1123 4674 subauditur,
1155 4607 1468 4662 consolatus
1517 4621 1659 4663 sum.
1693 4605 1806 4662 Nec

232 4698 461 4753 dubium
481 4699 609 4766 quin
633 4699 906 4768 apostolos
929 4698 1216 4770 signiticet.
1236 4699 1304 4754 Et
1323 4699 1621 4770 complevit
1654 4699 1804 4756 fruc-

233 4799 350 4842 tum
378 4789 650 4842 labiorutn
677 4804 930 4853 suorum,
969 4789 1063 4860 qui
1096 4789 1306 4846 dixerat
1336 4791 1388 4846 ei
1441 4807 1457 4845 :
1500 4790 1725 4845 Postuta
1773 4807 1806 4844 a

234 4896 342 4944 me,
367 4893 413 4933 et
441 4880 577 4934 dabo
594 4879 688 4934 tibi
707 4889 882 4949 gentes
912 4880 1276 4936 latenditatem
1305 4891 1478 4947 tuam,
1507 4893 1556 4937 et
1607 4898 1808 4950 posses-

232 4977 435 5026 sionem
469 4980 618 5025 tuam
652 4974 900 5028 terminos
951 4983 1107 5030 terra:
1157 4975 1327 5045 (Psal.
1377 4991 1437 5039 ιι,
1473 4976 1529 5042 8)
1571 4992 1585 5029 :
1617 4989 1806 5045 pacem

236 5080 402 5133 super
437 5079 646 5133 pacem,
668 5067 928 5120 mundum
964 5068 1326 5130 reconcilians
1343 5067 1472 5132 Deo,
1509 5077 1566 5120 ut
1595 5067 1806 5120 ntruiu-

235 5171 342 5223 que
380 5159 632 5225 populum
663 5168 881 5212 voearet
904 5163 970 5212 ad
1006 5174 1086 5220 se,
1126 5171 1178 5214 et
1224 5172 1514 5213 sanaretur
1562 5176 1590 5212 a
1625 5160 1802 5213 Patre.

237 5252 438 5316 impios
473 5260 675 5314 autem,
709 5252 778 5303 de
811 5251 1008 5318 quibus
1034 5267 1198 5319 supra
1236 5253 1499 5315 diximus,
1523 5261 1804 5321 comparat

242 5344 403 5401 mari.
435 5342 578 5410 quod
633 5358 901 5409 nunquam
940 5354 1113 5411 potest
1148 5347 1451 5411 quiescere,
1506 5346 1602 5398 sed
1637 5349 1799 5397 etiam

236 5433 288 5486 in
321 5448 531 5485 summa
564 5434 973 5502 tranquillitate,
1001 5435 1182 5488 fractis
1219 5437 1284 5488 ad
1374 5437 1553 5488 littora
1577 5437 1806 5489 volvitur

315 5630 335 5660 ⁸
366 5631 690 5699 Supplemus
722 5651 844 5688 cum
880 5636 1114 5691 Victorii)
1167 5637 1350 5702 verba,
1385 5647 1431 5690 et
1474 5639 1564 5707 qui
1618 5653 1800 5706 prope,

242 5715 365 5768 quae
394 5717 456 5754 an
470 5713 550 5758 ιρίι
578 5707 672 5757 ιιρξιὲ
684 5722 733 5757 re
747 5717 821 5757 ut.

1907 4520 2040 4574 illud
2067 4519 2340 4588 aptabitur
2361 4537 2376 4573 :
2401 4516 2658 4583 Quaerent
2680 4531 2768 4571 me
2791 4517 2938 4582 mali,
2959 4527 3012 4572 et
3035 4532 3142 4571 non
3171 4517 3478 4571 invenient.

1908 4609 1998 4664 Sic
2033 4610 2174 4664 enim
2209 4609 2471 4676 scriptum
2524 4617 2608 4662 est
2641 4625 2656 4662 :
2706 4603 2890 4662 Omnis
2922 4608 3012 4676 qui
3053 4608 3245 4676 quierit
3280 4607 3474 4660 invenit

1909 4702 2128 4776 (Matth.
2164 4715 2258 4767 vtt,
2281 4699 2337 4769 8)
2379 4719 2390 4754 :
2423 4699 2733 4768 quicunque
2782 4715 2884 4753 non
2910 4699 3136 4764 invenit,
3162 4699 3300 4753 male
3328 4715 3476 4766 qua:-

1908 4795 2045 4849 sisse
2061 4792 2433 4857 convincitur;
2460 4789 2718 4844 Dominus
2735 4790 2876 4843 enim
2899 4789 3174 4843 invenitur
3191 4789 3256 4842 ab
3278 4786 3361 4841 his
3383 4785 3474 4855 qui

1909 4900 2032 4940 eum
2057 4893 2308 4952 quaerunt
2336 4883 2390 4936 in
2421 4881 2679 4948 bonitate,
2713 4890 2766 4935 et
2797 4881 3101 4935 ostenditur
3128 4879 3230 4933 illis
3261 4878 3349 4948 qui
3369 4894 3472 4931 non

1910 4989 2032 5034 sunt
2067 4979 2114 5032 ei
2150 4978 2436 5032 increduli.
2461 4977 2594 5031 Cum
2623 4978 2786 5046 igitur
2812 4977 3081 5045 justitiam
3105 4975 3476 5043 iudiciumque

1909 5071 2224 5139 reliquerint
2260 5071 2370 5132 Dei,
2402 5071 2599 5139 quibus
2662 5068 2966 5122 nominibus
2999 5067 3250 5121 Christus
3299 5076 3481 5118 osten-

1909 5164 2073 5223 ditur,
2100 5164 2312 5216 dicente
2355 5162 2766 5230 psalmograpr
2802 5178 2814 5212 :
2848 5159 3006 5220 Deus,
3034 5160 3296 5228 judicium
3329 5169 3478 5210 tuum

1910 5260 2021 5326 regi
2049 5258 2140 5321 da,
2179 5267 2224 5309 et
2249 5257 2513 5324 justitiam
2535 5267 2676 5307 tuam
2714 5254 2824 5321 [ilio
2851 5255 2983 5323 regis
3009 5252 3173 5322 (1)δηί.
3206 5269 3351 5312 Lxxt,
3386 5251 3432 5319 l)
3462 5269 3480 5301 :

1910 5352 2160 5405 Christus
2187 5352 2331 5401 enim
2367 5348 2543 5400 factus
2569 5356 2650 5399 est
2672 5346 2827 5399 nobis
2856 5347 3176 5411 redemptio,
3197 5341 3481 5404 sanctitas,

1911 5440 2195 5509 ctiustitia
2241 5437 2291 5504 (ι
2326 5436 2448 5491 Cor.
2487 5452 2500 5489 ι
2532 5437 2551 5506 )
2585 5455 2597 5490 :
2633 5436 2830 5490 flustra
2887 5436 3020 5505 lrgis
3066 5437 3272 5503 jactant
3298 5431 3486 5487 scien-

1985 5649 2004 5678 ¹
2035 5645 2200 5699 litium
2229 5660 2318 5698 nec
2349 5644 2624 5710 impiorum
2654 5643 2952 5697 truculenta
2986 5639 3248 5694 convicia.
