3856 6172
458 262 568 329 583

1611 264 1675 324 S.
1727 263 2044 327 EUSEBII
2099 265 2531 328 HIERONYMI
3547 276 3630 342 58L

460 378 616 439 tiam,
667 387 790 428 cum
832 381 1051 429 sanctus
1087 388 1194 428 non
1247 373 1302 428 in
1347 373 1538 429 notitia
1597 372 2022 444 Seripturarum,
2055 383 2103 439 Α
2129 389 2267 444 quos
2311 376 2450 430 Deus
2499 373 2672 442 arguit
2719 387 2815 444 per
2850 374 3173 442 Prophetam
3211 390 3226 429 :
3262 373 3458 431 Peccata
3492 385 3635 447 populi

453 464 552 520 sed
581 464 634 518 in
661 464 920 531 operibus
969 466 1250 534 glorietur,
1288 465 1515 520 dicens:
1555 464 1707 518 Viam
1744 463 2026 518 mandato-

457 572 576 610 rum
626 565 834 609 tuorum
885 557 1119 620 cucurri,
1165 556 1381 625 quando
1436 556 1686 611 dilatasti
1732 572 1824 609 cor
1855 572 2027 610 meum

457 645 632 718 (Psal.
667 663 854 713 cum,
894 647 1006 718 52).

531 735 710 808 (Vers.
748 737 824 804 3.)
861 755 878 786 ε
914 735 1128 806 Rogant
1149 737 1719 808 mejudiciajustitiae,
1751 749 1808 795 et
1835 754 2028 809 appro-

457 827 723 895 pinquare
769 824 878 879 Deo
916 826 1124 880 volunt.
1177 827 1355 893 Quare
1402 828 1790 898 jejunavinius,
1835 841 1890 884 et
1921 845 2026 883 non

456 912 751 982 aspexisti?
775 914 1176 969 humiliavimus
1195 917 1406 971 animas
1426 929 1663 982 nostras,
1693 928 1748 974 et
1770 919 2030 973 nescisti?

459 1000 594 1055 Ecce
619 1003 670 1054 in
701 1003 784 1054 die
815 1003 1008 1071 jejnnii
1039 1005 1206 1059 vestri
1234 1007 1544 1061 invenietur
1566 1007 1676 1079 [ΑΙ.
1706 1007 2026 1078 invenitur],

458 1093 706 1147 voluntas
729 1105 908 1149 vestra
939 1096 955 1126 ¹
998 1106 1053 1150 et
1090 1111 1282 1151 Omnes
1315 1099 1589 1154 debitores
1627 1111 1839 1155 vestros
1873 1116 2031 1169 repe-

458 1183 597 1237 tistis
625 1181 736 1254 [ΑΙ.
771 1186 1060 1259 repetitis].
1110 1187 1250 1243 Ecce
1288 1191 1355 1244 ad
1412 1190 1532 1245 lites
1564 1202 1618 1245 et
1652 1194 2030 1248 contentiones

453 1273 736 1342 jejunatis,
766 1285 820 1328 et
852 1279 1134 1343 percutitis
1162 1296 1337 1348 pugno
1370 1282 1550 1351 impie.
1595 1300 1614 1334 ι
1642 1281 1784 1336 LXX
1810 1301 1827 1334 :
1866 1302 1898 1344 ι,
1926 1284 2030 1338 Pe-

462 1372 580 1415 tunt
615 1378 698 1416 me
743 1379 890 1418 nunc
926 1366 1191 1434 judicium
1224 1370 1450 1438 justum,
1483 1380 1538 1425 et
1589 1373 2030 1446 appropinquare

461 1450 574 1504 Deo
605 1453 850 1521 cupiunt,
885 1454 1131 1510 dicentes
1166 1471 1180 1509 :
1210 1458 1389 1524 Quare
1419 1461 1810 1530 jejunavimus,
1836 1473 1890 1516 et
1924 1478 2031 1518 non

462 1541 677 1596 vidisti?
724 1545 1129 1602 humiliavimus
1162 1554 1373 1606 animas
1410 1562 1652 1618 nostras,
1685 1562 1741 1607 et
1787 1569 1890 1608 non
1943 1569 2034 1608 co-

459 1635 736 1702 gnovisti?
796 1637 852 1691 ln
917 1639 1107 1694 diebus
1152 1642 1298 1694 enim
1349 1642 1696 1711 jejuniorum’
1731 1656 2032 1700 vestrorum

2129 469 2232 521 mei
2315 468 2591 520 comedunt
2649 464 2798 535 (οδε,
2857 482 2913 528 v,
2965 467 3043 530 8).
3099 465 3164 520 Et
3215 481 3407 522 rursum
3438 485 3452 525 :
3484 471 3628 535 Quare

2131 558 2374 611 tacuistis
2411 559 2734 625 impietatem
2765 573 2968 620 eorum,
3006 567 3056 610 et
3087 558 3374 626 iniquitates
3401 562 3636 616 vindemio-

2129 650 2223 703 stis
2289 627 2339 702 et
2395 650 2690 702 eomedistis
2737 647 3054 715 frumentum
3080 649 3330 701 mendacii
3387 651 3552 719 (Osee,
3593 671 3637 721 ι,

2133 738 2201 791 13
2260 752 2366 790 sec.
2387 736 2596 803 LXX)?
2626 736 2725 802 Qui
2757 736 2922 805 igitur
2943 747 3321 805 proposuerant
3343 743 3637 808 quaestionem

2132 826 2267 890 Deo,
2293 829 2369 882 sci
2382 842 2438 882 re
2474 828 2755 896 cupientes
2783 842 2953 896 quare
2979 828 3334 895 jejunaveriut
3361 840 3408 882 et
3437 831 3640 887 humilis-

2135 920 2315 970 verint
2349 916 2560 970 animas
2584 931 2734 977 suas,
2761 924 2819 968 et
2848 916 2992 969 Dens
3024 931 3128 970 non
3162 920 3446 982 respexerit
3476 921 3639 976 :olditi

2133 1011 2337 1061 veteris
2361 1007 2622 1071 historiae,
2650 1022 2748 1059 cur
2765 1021 2870 1060 non
2896 1006 3196 1074 respexerit
3214 1007 3277 1061 ad
3297 1023 3496 1062 munera
3515 1012 3640 1078 Cain,

2132 1097 2225 1167 qui
2255 1104 2402 1149 recte
2433 1095 2651 1164 quidem
2683 1093 2967 1165 offerebat,
2993 1097 3087 1148 sed
3123 1110 3230 1150 non
3261 1107 3400 1151 recte
3417 1101 3642 1156 dividebat

2133 1202 2256 1240 cum
2289 1184 2457 1240 fratre
2511 1185 2670 1254 (Gen.
2705 1186 2804 1255 tv),
2845 1185 2936 1241 Dei
2983 1203 3088 1240 non
3141 1186 3323 1242 videns
3351 1190 3642 1256 cbaritatem.

2135 1276 2354 1329 dicente
2391 1275 2676 1344 Scriptura
2708 1293 2724 1331 :
2763 1275 2965 1344 Diliges
3007 1277 3282 1330 Dominum
3325 1277 3480 1332 Deum
3529 1291 3646 1336 tuum

2136 1381 2200 1419 ea:
2213 1375 2320 1418 toto
2345 1369 2498 1420 corde
2524 1375 2752 1432 tuo,.....
2774 1379 2820 1420 et
2842 1370 3144 1435 proximum
3161 1380 3306 1422 tuum
3324 1374 3449 1424 sicut
3468 1376 3645 1440 teipsam

2137 1457 2366 1526 (Matth.
2413 1474 2550 1524 nn,
2603 1460 2696 1526 37,
2728 1459 2820 1525 59)
2855 1477 2870 1513 :
2918 1470 3202 1529 pr0pterea
3232 1464 3488 1532 respondit
3513 1464 3646 1528 Deus,

2137 1549 2281 1619 quod
2307 1565 2415 1605 non
2439 1550 2647 1620 jejunis
2685 1551 2958 1621 reprobet,
2995 1552 3090 1606 sed
3117 1568 3281 1621 opera
3313 1569 3426 1622 qua:
3461 1556 3506 1607 in
3539 1555 3650 1622 jeju-

2142 1644 2246 1696 niis
2279 1642 2432 1709 fiunt,
2459 1644 2646 1698 dicens
2681 1661 2694 1697 :
2733 1643 2796 1698 ln
2839 1644 3020 1698 diebus
3052 1644 3375 1712 jejuniorum
3415 1657 3648 1699 vestrorum

465 1726 810 1782 inveniuntur
841 1730 1152 1787 voluntates
1189 1745 1404 1799 vestrae,
1439 1746 1494 1788 et
1526 1751 1714 1790 omnes
1750 1736 2031 1807 subjecms
2067 1719 2106 1773 Β
2135 1736 2299 1805 687
2354 1737 2688 1790 inveniuntur
2739 1741 3032 1792 voluntates
3089 1747 3290 1804 vestrae,
3325 1749 3381 1792 ut
3427 1754 3519 1792 non
3558 1739 3648 1805 Dei,

461 1818 615 1872 vobis
656 1819 916 1891 aﬂligitis,
967 1823 1034 1876 ad
1067 1823 1270 1890 judicia
1299 1833 1352 1879 et
1393 1825 1566 1896 jurgia
1611 1826 1943 1896 jejunantes,
1981 1838 2036 1882 et

461 1912 746 1978 percutitis
799 1914 995 1981 pugnis
1043 1915 1323 1970 humilem.
1385 1935 1405 1967 ι
1465 1916 1558 1972 Est
1608 1917 1712 1971 alia
1755 1919 2035 1973 temeritas

459 2000 790 2065 Judaeorum,
835 2006 989 2073 quasi
1043 2006 1238 2062 fiducia
1286 2007 1442 2063 bona:
1478 2012 1848 2076 conscientiae,
1883 2012 2032 2081 judi-

459 2095 603 2146 cium
652 2095 930 2162 postulant
984 2097 1216 2165 justum,
1263 2108 1316 2152 et
1370 2100 1651 2152 imitantur
1713 2114 2028 2158 sanctorum

460 2186 625 2236 verba
698 2183 994 2240 dicentium
1043 2185 1287 2241 :Judica
1334 2205 1435 2250 me,
1501 2188 1744 2255 Domine,
1784 2194 2033 2262 quoniam

453 2289 550 2341 ego
589 2275 639 2326 in
671 2277 967 2329 innocentia
994 2294 1106 2330 mea
1135 2279 1402 2348 ingressus
1436 2295 1552 2332 sum
1594 2280 1770 2349 (Psal.
1800 2299 1928 2342 xxv,
1953 2285 2029 2351 1).

455 2365 522 2418 Et
556 2367 747 2420 iterum
781 2385 794 2422 :
826 2368 1001 2422 Proba
1041 2387 1140 2435 me,
1177 2373 1419 2437 Domine,
1459 2382 1509 2425 et
1539 2385 1684 2428 tenta
1715 2392 1794 2429 me
1820 2392 1838 2430 :
1864 2377 2033 2449 686

455 2475 550 2511 ure
601 2475 745 2513 renes
791 2477 930 2514 meos
973 2473 1024 2516 et
1063 2479 1154 2515 cor
1211 2481 1383 2518 meum
1416 2464 1578 2534 (Ibid.
1613 2468 1692 2536 '2).
1740 2469 1807 2522 Et
1841 2471 1893 2523 in
1925 2472 2033 2526 alio

455 2551 619 2605 loco:
659 2551 854 2606 Judica
903 2571 1119 2608 causam
1159 2573 1350 2621 meam,
1401 2568 1448 2611 et
1495 2561 1691 2612 redime
1742 2578 1820 2613 me
1851 2559 2029 2630 (l’sal.

453 2658 643 2709 rxvni,
707 2645 854 2716 i54).
914 2646 981 2699 Et
1027 2651 1462 2718 appropinquare
1495 2651 1606 2706 Deo
1652 2653 1966 2708 desiderant
2011 2673 2026 2710 :

455 2748 576 2787 cum
606 2735 710 2788 hoc
736 2751 844 2790 non
872 2737 926 2790 in
969 2739 1087 2791 loco
1118 2739 1207 2805 sit,
1244 2744 1338 2795 sed
1372 2745 1420 2795 in
1445 2741 1662 2805 allectu,
1701 2759 1800 2800 nec
1832 2745 2030 2800 mentis

455 2825 662 2890 otiosae,
693 2827 786 2880 sed
819 2827 1073 2882 laboriosi
1093 2832 1294 2896 operis.
1321 2832 1566 2901 Denique
1587 2836 1716 2903 quid
1739 2836 1809 2889 sit
1834 2851 2030 2905 appro-

457 2917 721 2984 pinquare
767 2917 896 2984 Deo,
927 2919 1146 2974 instruit
1176 2921 1477 2992 Scriptura,
1515 2928 1722 2993 dicens,
1795 2927 2030 2992 Quaerite

457 3006 740 3060 Dominum
787 3008 920 3077 (Isa.
977 3024 1064 3075 LV,
1103 3012 1180 3081 6).
1224 3013 1357 3068 Cum
1411 3025 1587 3068 autem
1629 3021 2096 3108 appropintha-C

455 3099 598 3152 verit
652 3100 826 3166 vobis,
888 3100 1238 3173 derelinquat
1276 3105 1474 3175 impius
1532 3109 1646 3162 vias
1670 3125 1818 3177 suas,
1867 3123 1920 3165 et
1946 3114 2028 3167 vir

457 3191 672 3257 iniquus
705 3193 1070 3261 cogitationes
1104 3210 1255 3250 suas.
1289 3198 1706 3269 Appropinquat
1736 3203 1882 3256 enim
1918 3205 2025 3258 Do.

457 3283 633 3336 minus
687 3286 1247 3356 appropinquantibus
1305 3291 1430 3358 sibi,
1480 3303 1536 3345 et
1593 3293 1678 3347 his
1729 3296 1822 3363 qui
1878 3296 2028 3364 juste

457 3374 598 3450 quod
621 3370 829 3440 justum
855 3384 937 3428 est
964 3386 1385 3446 persequuntur,
1415 3390 1470 3434 et
1507 3393 1732 3450 possunt
1781 3385 1963 3438 dicere
2007 3401 2026 3442 :

453 3461 588 3516 Illi/ii
621 3477 796 3519 autent
847 3469 1114 3524 adhwrere
1167 3471 1272 3525 Deo
1304 3476 1494 3525 bonum
1524 3483 1601 3528 est
1637 3474 1806 3544 (Psal.
1853 3492 2024 3543 Lxxtt,

450 3551 566 3614 27).
601 3551 655 3607 Si
679 3555 819 3608 enim
856 3559 1196 3627 omnipotens
1249 3561 1388 3615 Deus
1454 3561 1615 3617 Pater
1655 3575 1740 3619 est
1788 3566 2026 3622 veritatis

449 3651 612 3710 atque
636 3642 878 3711 justitia,
916 3648 1224 3717 quicunque
1279 3661 1362 3705 est
1405 3653 1635 3706 mendax
1663 3665 1717 3708 et
1761 3655 2019 3724 injustus,

449 3736 884 3803 appropinquare
910 3736 1018 3792 Deo
1037 3753 1143 3793 non
1164 3748 1362 3808 potest,
1391 3742 1457 3796 de
1479 3757 1585 3812 quo
1609 3746 1867 3814 scriptum
1896 3759 1977 3799 εει
2006 3763 2022 3803 ε

451 3823 575 3879 Non
629 3828 877 3882 habitabit
901 3829 1061 3899 juxta
1123 3843 1170 3884 te
1213 3834 1498 3902 malignus,
1563 3852 1726 3907 neque
1753 3853 2022 3904 permane-

450 3917 575 3969 bunt
609 3919 794 3986 injusti
826 3930 944 3973 ante
993 3924 1171 3977 oculos
1229 3935 1345 3978 tuos
1381 3924 1552 3990 (Psal.
1604 3942 1663 3992 v;
1707 3930 1783 3998 (i).
1839 3930 2020 3994 Quare

445 4009 840 4079 jejunavimus,
877 4013 1152 4080 inquiunt,
1182 4026 1235 4069 et
1287 4031 1389 4070 non
1443 4020 1737 4086 aspexisti?
1771 4022 2020 4076 humilia-

449 4116 624 4155 vunus
682 4104 894 4155 animas
944 4116 1182 4169 nosuas,
1237 4116 1291 4160 et
1352 4110 1609 4163 nescisti?
1671 4111 1949 4179 lujustitia:
1998 4115 2018 4144 ⁸

450 4204 682 4261 arguunt
713 4193 1022 4260 Dominum,
1056 4200 1197 4266 quod
1227 4202 1364 4253 bona
1396 4217 1559 4269 opera
1590 4217 1692 4254 non
1734 4205 2012 4272 respiciat,

451 4285 728 4353 solamque
777 4290 982 4344 ventris
1014 4292 1276 4354 esuriem,
1309 4291 1513 4360 absque
1555 4305 1720 4361 Opere
1756 4296 2012 4348 virtutum

2138 1829 2233 1882 sed
2272 1839 2484 1882 vestras
2517 1828 2732 1883 faciatis
2773 1829 3100 1893 voluntates,
3139 1845 3271 1899 quas
3319 1829 3500 1884 Paulus
3539 1831 3649 1884 scri-

2138 1920 2268 1972 bens
2296 1917 2546 1987 Ephesiis
2579 1922 2832 1988 reprobat
2866 1939 2883 1976 :
2912 1921 3080 1974 Juxta
3113 1922 3395 1990 principem
3423 1923 3646 1990 potestatis

2136 2011 2295 2074 aeris,
2321 2014 2538 2080 spiritus
2568 2014 2659 2082 qui
2692 2030 2827 2066 nunc
2859 2023 3108 2080 aperatur
3139 2016 3194 2065 in
3216 2014 3338 2082 ﬁliis
3361 2014 3650 2067 incredulita-

2137 2101 2226 2165 tis,
2282 2103 2336 2153 in
2382 2103 2568 2169 quibus
2618 2111 2668 2154 et
2696 2118 2787 2156 nos
2818 2119 2996 2156 omnes
3031 2094 3324 2156 conuersari
3370 2118 3531 2156 sumus
3570 2102 3652 2154 ali-

2133 2193 2363 2258 quando,
2396 2195 2447 2245 in
2479 2193 2751 2248 desideriis
2783 2195 2958 2248 carnis
2989 2207 3208 2258 nostrae,
3239 2195 3476 2264 facientes
3501 2193 3650 2246 volun-

2136 2289 2294 2334 :atem
2351 2284 2528 2337 carnis
2577 2294 2627 2337 et
2680 2286 3077 2354 cogitationum.
3131 2283 3204 2340 Et
3254 2301 3450 2338 eramus
3497 2297 3648 2337 natura

2098 2371 2232 2438 .ﬁlii
2279 2373 2395 2437 ine,
2431 2376 2565 2426 sicut
2593 2384 2640 2426 et
2686 2377 2861 2428 caeteri
2895 2374 3110 2444 (Ephes.
3146 2391 3206 2435 ιι,
3235 2375 3289 2439 2,
3320 2374 3391 2442 ὅ).
3427 2373 3649 2442 Quodque

2135 2463 2382 2530 sequitur
2405 2463 2561 2531 juxta
2593 2463 2731 2518 LXX
2761 2480 2778 2520 :
2804 2463 2871 2517 Et
2900 2482 3077 2520 omnes
3108 2466 3368 2530 subjectos
3393 2468 3518 2519 vobis
3539 2482 3650 2519 com-

2132 2555 2390 2622 pungitis,
2425 2555 2539 2610 sive
2569 2555 2825 2625 a/jligitis,
2861 2557 3055 2612 melius
3101 2547 3404 2614 Theodotio
3442 2567 3491 2612 et
3528 2557 3651 2628 Sym-

2136 2648 2368 2701 machus
2412 2631 2828 2714 transtulerunt,
2859 2665 2998 2718 quos
3035 2665 3134 2705 nos
3169 2653 3222 2705 in
3254 2649 3353 2706 hoc
3381 2651 3488 2705 luco
3514 2649 3649 2704 secuti

2133 2754 2340 2806 sumus,
2371 2739 2438 2792 Et
2473 2756 2650 2794 omnes
2684 2742 2941 2796 debitores
2975 2751 3172 2798 vestros
3208 2746 3448 2814 repetitis.
3477 2744 3542 2797 Ex
3566 2755 3651 2810 quo

2131 2832 2392 2897 ostendit,
2422 2847 2526 2886 non
2554 2847 2677 2887 esse
2707 2835 2908 2902 absque
2938 2837 3186 2902 periculo
3229 2847 3461 2905 repetere
3488 2848 3652 2904 paupe-

2131 2935 2244 2974 rem
2274 2925 2367 2991 qui
2403 2923 2660 2978 solvendo
2686 2938 2791 2978 non
2826 2925 2920 2992 sit,
2947 2937 3003 2981 et
3030 2926 3253 2995 pallium
3283 2928 3419 2994 quod
3453 2923 3652 2995 pignoris

2132 3014 2248 3067 loco
2281 3015 2495 3078 tuleris,
2519 3015 2721 3085 algenti
2756 3031 2862 3070 non
2889 3019 3114 3072 reddere
3134 3018 3383 3083 debitori,
3405 3031 3466 3071 ne
3488 3016 3654 3070 clamor

2131 3107 2250 3175 ejus
2302 3109 2582 3174 perveniat
2611 3108 2678 3162 ad
2707 3108 2901 3163 Deum.
2936 3110 3041 3176 Qui
3081 3112 3228 3165 enim
3259 3114 3524 3166 miseretur
3548 3123 3652 3178 pau-

2131 3199 2294 3265 peris,
2332 3197 2440 3254 Deo
2475 3198 2684 3254 fenerat
2737 3200 2914 3270 (Prov.
2971 3202 3126 3273 xix);
3161 3213 3214 3258 et
3273 3202 3555 3257 econtrario
3579 3197 3651 3266 qui

2130 3291 2324 3359 repetit
2355 3305 2460 3344 non
2491 3290 2805 3356 habentem,
2840 3291 2951 3347 Deo
2999 3293 3132 3348 facit
3165 3295 3483 3348 violentiam.
3511 3293 3654 3358 Atque

2129 3394 2185 3432 ut
2216 3380 2454 3435 sciamus
2515 3381 2658 3436 hunc
2710 3398 2929 3438 sensum
2960 3399 3083 3439 esse
3141 3385 3199 3440 in
3241 3385 3483 3454 presenti
3537 3383 3650 3444 loco,

2125 3473 2290 3526 etiam
2342 3475 2395 3526 in
2453 3477 2917 3543 consequentibus
2975 3479 3030 3531 in
3090 3477 3199 3534 hoc
3235 3482 3421 3534 eodem
3455 3476 3655 3546 capitqu

2127 3566 2328 3621 lecturi
2385 3583 2574 3624 sunms
2623 3585 2638 3622 :
2687 3569 2925 3624 Dissolve
2977 3570 3342 3641 colligationes
3389 3570 3650 3638 impietatis,

2123 3657 2260 3708 solue
2311 3657 2591 3725 fasciculos
2649 3659 3014 3726 deprimentes.
3067 3660 3224 3715 Haud
3290 3661 3498 3715 dubium
3544 3659 3646 3728 quin

2129 3748 2492 3816 chirographa
2526 3749 2798 3819 signiticet
2833 3770 2846 3806 :
2881 3751 3021 3818 Quid
3049 3755 3198 3806 enim
3235 3756 3451 3822 prodest
3472 3752 3649 3821 iejuniis

2131 3856 2226 3892 ora
2261 3841 2482 3908 pallere,
2519 3853 2574 3895 et
2604 3846 2670 3895 ad
2704 3845 2825 3897 lites
2875 3853 2930 3897 et
2969 3848 3034 3898 ad
3077 3845 3266 3916 jnrgia
3314 3847 3563 3916 jejunare,
3593 3846 3655 3895 di-

2125 3941 2280 3984 cente
2304 3933 2606 4000 Scriptura,
2640 3935 2744 3999 Qui
2772 3949 2920 3990 amat
2953 3951 3194 4005 peccata,
3263 3942 3446 4010 gaudet
3502 3938 3655 4004 iurgii!

2124 4023 2304 4092 (Ρνου-
2349 4041 2480 4088 XVII,
2510 4027 2568 4082 Η
2607 4043 2711 4081 see.
2748 4027 2955 4097 LXX)?
3004 4031 3225 4085 Seruum
3281 4041 3450 4086 autem
3482 4031 3655 4084 Domini

2123 4132 2224 4169 non
2245 4127 2441 4181 oportet
2485 4118 2712 4187 litigare,
2761 4122 2848 4174 sed
2895 4137 3006 4174 esse
3043 4138 3377 4177 mansuetum
3423 4121 3506 4192 (II
3536 4121 3646 4176 Tim.

2124 4220 2186 4268 ll,
2216 4205 2330 4268 24),
2363 4217 2414 4259 et
2440 4207 2639 4260 imitari
2673 4223 2795 4262 eum
2819 4213 2908 4280 qui
2944 4213 3076 4266 dicit
3105 4229 3120 4266 :
3153 4214 3352 4268 Discite
3381 4231 3410 4267 a
3444 4230 3532 4276 me,
3554 4213 3653 4282 quia

2124 4298 2263 4348 mitis
2307 4313 2426 4350 sum
2471 4309 2520 4351 et
2572 4301 2786 4354 humilis
2825 4303 2978 4357 corde
3035 4302 3260 4372 (Matth.
3303 4323 3376 4368 si,
3429 4305 3514 4374 29)
3559 4321 3570 4356 :
3609 4312 3653 4354 ut

451 4375 700 4442 ingerunt
736 4375 844 4429 Deo
875 4421 892 4446 ,
951 4395 1054 4432 non
1121 4382 1479 4435 comedentes
1543 4399 1636 4437 eos
1687 4384 1840 4438 cibos
1889 4400 2026 4454 quos
2057 4387 2100 4440 D
2132 4389 2405 4443 humilitas
2437 4405 2542 4444 non
2575 4393 2646 4445 sit
2671 4395 2947 4457 allectata,
2974 4401 3068 4449 sed
3101 4401 3311 4464 cordis,
3339 4415 3433 4452 nec
3465 4402 3655 4469 gloriam

449 4465 653 4519 creavit
706 4466 844 4522 Deus
877 4469 1126 4524 fidelibus
1157 4481 1206 4525 et
1239 4473 1324 4525 his
1355 4476 1447 4541 qui
1500 4487 1836 4543 cognoscunt
1871 4480 2017 4533 veri-

449 4564 636 4624 tatem,
673 4569 970 4615 utsumant
1019 4579 1113 4618 eos
1153 4578 1275 4618 cum
1306 4566 1600 4634 gratiarum
1632 4569 1867 4637 actione,
1924 4570 2018 4624 sed

448 4645 571 4701 illos
610 4650 676 4702 de
726 4652 924 4720 quibus
970 4655 1236 4725 scriptum
1278 4665 1362 4710 est
1408 4658 1460 4711 in
1497 4657 1807 4714 Proverbiis
1871 4677 1888 4716 :
1943 4661 2018 4714 lli

446 4738 586 4790 enim
628 4740 870 4795 aluntur
925 4744 1048 4797 cibis
1099 4747 1383 4814 impietatis
1432 4758 1479 4800 et
1536 4749 1658 4802 vino
1717 4750 2014 4820 iniquitatis

447 4829 782 4886 incbriantur
842 4835 1025 4904 (Prov.
1081 4853 1172 4900 IV,
1231 4837 1343 4908 Π).
1393 4837 1780 4907 llujusccntodi
1842 4842 2013 4908 epulis

445 4933 721 4978 suluratus
749 4927 1071 4990 l’harisieus,
1106 4930 1243 4983 inter
1286 4940 1482 4982 czetera
1530 4931 1694 4983 verba
1725 4933 2012 4999 superbiae,

441 5015 528 5068 bis
563 5016 615 5068 in
672 5015 914 5071 Sabbato
948 5034 1006 5072 se
1053 5020 1297 5088 jcjunare
1323 5022 1562 5087 jactabat
1596 5019 1749 5088 (Luc.
1801 5024 1959 5090 xviii)
1993 5064 2009 5088 ,

443 5118 534 5171 qni
560 5121 666 5158 non
699 5107 907 5160 biberat
933 5111 1114 5161 vinum
1143 5111 1209 5162 de
1242 5112 1396 5163 vinea
1433 5111 1621 5172 Sorcc,
1648 5111 1742 5163 scd
1779 5115 1849 5166 de
1864 5114 2013 5165 vinea

444 5195 823 5263 Sodomorum,
859 5203 1016 5266 cujus
1054 5204 1236 5254 vinum
1283 5203 1434 5255 furor
1480 5204 1779 5256 draconum
1817 5214 1920 5268 est,
1962 5215 2016 5258 ct

444 5285 599 5340 furor
625 5287 866 5355 aspidum
895 5293 1238 5359 insanabilis,
1264 5306 1318 5348 et
1341 5311 1438 5347 uva
1461 5310 1676 5358 eorum,
1699 5309 1797 5347 uva
1828 5293 1971 5351 fellis
1995 5335 2010 5359 ,

516 5441 533 5473 ⁸
582 5442 884 5511 Antiquiss.
950 5445 1296 5504 Ambrosian.
1365 5465 1469 5502 non
1543 5451 1705 5504 habet
1763 5451 2004 5506 additum

435 5523 582 5586 astra
612 5529 628 5566 ε
666 5515 807 5581 quod
840 5515 1056 5586 quidem
1099 5532 1270 5586 neque
1304 5521 1356 5572 in
1391 5519 1619 5575 Hebraeo
1658 5532 1762 5576 est.

509 5584 724 5655 {Antea
759 5596 874 5636 erat
916 5585 1110 5652 injuste
1149 5584 1403 5655 arguunt.

511 5652 532 5682 ³
562 5655 876 5721 Μυίιιηεεὶ,
913 5657 1084 5722 inquit
1114 5652 1407 5722 Victorius,
1443 5676 1608 5730 quam
1648 5662 1834 5718 omnia
1873 5673 2009 5719 tem-

2127 4494 2377 4547 quaerens
2405 4481 2705 4549 hominum,
2733 4488 2829 4540 sed
2861 4488 3074 4541 anitum.
3103 4493 3508 4545 conscientiam.
3533 4487 3656 4554 Jeju-

2130 4571 2289 4630 natis,
2348 4572 2546 4639 inquit,
2603 4589 2656 4628 et
2718 4572 3003 4644 percutitis
3048 4583 3249 4650 pugnis
3305 4583 3564 4647 humilem,
3616 4589 3658 4632 et

2128 4661 2299 4728 alapis
2362 4666 2680 4721 verberatis.
2716 4667 2866 4724 Unde
2917 4673 3204 4740 cpiscopus
3233 4691 3338 4729 non
3391 4678 3536 4730 debet
3561 4685 3658 4726 esse

2127 4766 2420 4818 percussor
2443 4754 2492 4826 (1
2533 4755 2670 4812 Tim.
2703 4759 2810 4829 tn).
2833 4760 3116 4827 Quomodo
3136 4769 3284 4821 enim
3313 4778 3483 4836 potest
3507 4763 3658 4820 libidi-

2127 4857 2248 4895 nem
2285 4844 2580 4910 refrenare,
2616 4850 2706 4916 qui
2743 4865 2840 4906 nec
2866 4869 3083 4908 manum
3113 4858 3259 4912 valet
3287 4861 3548 4917 cohibere,
3579 4870 3658 4909 nec

2125 4933 2408 5002 linguam?
2443 4938 2840 5007 Ηυῇυδεθιιιοιίί
2872 4945 3080 5014 jejunia
3114 4959 3166 5002 et
3199 4952 3252 5002 in
3285 4954 3500 5006 exordio
3528 4949 3658 5019 hujus

2126 5029 2404 5093 prophetae
2455 5029 2712 5086 Dominus
2767 5038 2964 5103 arguit,
3013 5039 3201 5094 dieens
3251 5060 3266 5094 :
3314 5042 3569 5112 Jejunium
3615 5051 3656 5092 et

2124 5118 2313 5180 otium,
2348 5124 2645 5174 neomenias
2673 5135 2720 5176 et
2761 5127 3013 5196 Sabbata,
3051 5141 3099 5184 et
3149 5134 3290 5187 alius
3337 5136 3656 5189 solemnitates

2124 5219 2321 5259 vestras
2354 5210 2461 5261 odit
2506 5215 2684 5266 anima
2710 5232 2819 5268 mea
2855 5219 2990 5286 (lsa.
3034 5237 3070 5282 ι.
3111 5224 3196 5288 15,
3237 5225 3346 5294 14).
3383 5225 3523 5281 Unde
3544 5241 3656 5294 prae-

2123 5299 2319 5365 ripitur
2351 5318 2444 5369 per
2478 5304 2594 5359 Jocl
2626 5324 2642 5360 :
2674 5307 3015 5377 Sanctiﬁcate
3042 5315 3314 5384 jejunium
3355 5335 3373 5373 :
3405 5321 3654 5390 prtedicate

2123 5474 2253 5550 pore
2293 5471 2357 5550 let
2410 5463 2616 5550 incuria
2688 5483 3130 5550 corrumpantur.
3202 5477 3307 5550 Pro
3366 5481 3654 5550 frumentum

2121 5532 2403 5615 tegendum
2424 5546 2502 5587 est
2535 5535 2564 5602 f
2567 5548 2794 5615 ructant,
2819 5532 3085 5615 qui-lorus
3109 5558 3193 5601 cst
3219 5532 3432 5615 Osee'x,
3455 5532 3653 5604 habent-

2121 5617 2226 5736 ;jue
2242 5601 2354 5722 “px
2368 5600 2438 5653 Χ.
2463 5600 2702 5676 καρπὸν,
2756 5600 2810 5664 et
2836 5600 3107 5676 Ἦειπηὶυ.
3127 5600 3250 5686 971:2,w
3261 5600 3506 5691 ips-aqu;
3520 5600 3652 5686 illla-

2150 5687 2238 5721 ΓΗΒ
2304 5689 2371 5725 nt.
