3902 6182
234 290 243 297 ’
284 314 393 380 sas

281 517 441 573 bonis
478 516 753 587 operibus,
811 516 1127 587 curatisque
1176 517 1436 585 peccatis,
1489 520 1617 571 tiant
1666 527 1855 571 sancta

279 608 513 679 iejunia.
553 607 797 680 Denique
842 611 1089 679 sequitur
1132 626 1147 661 :
1183 608 1507 679 Egrediatur
1539 606 1858 676 sponsusde

281 702 441 757 cubili
466 717 588 769 suo,
625 711 675 757 et
703 718 898 771 sponsa
929 702 993 757 de
1045 701 1282 757 thatamo
1333 717 1472 765 suo;
1505 710 1561 754 ut
1618 710 1859 771 tempore

279 793 470 866 jejunii
512 808 770 849 vacemus
808 794 981 865 688
1012 794 1249 848 orationi
1280 810 1297 860 ;
1330 807 1397 849 ne
1437 793 1665 848 interior
1698 793 1859 847 homo

281 897 471 942 noster
496 886 754 943 draconis
790 897 1046 941 vescatur
1075 886 1354 953 carnibus,
1380 886 1472 956 qui
1498 886 1658 941 datus
1690 893 1774 940 est
1803 882 1857 939 in

281 994 463 1035 escam
516 979 732 1049 populis
768 979 1110 1047 Ethiopum.
1155 977 1224 1034 Et
1275 985 1389 1033 haec
1444 979 1700 1043 dicimus,
1748 991 1856 1031 non

282 1090 394 1145 quo
436 1073 643 1144 jejunia
694 1073 1075 1143 reprobemus,
1132 1087 1229 1140 per
1280 1087 1400 1142 quae
1446 1080 1502 1127 et
1553 1070 1743 1125 Daniel
1779 1070 1861 1124 vir

282 1167 677 1222 desideriorum
705 1166 884 1220 futura
914 1167 1167 1236 cognovit
1199 1163 1367 1238 (Dan.
1397 1165 1498 1232 ix),
1526 1175 1580 1220 et
1605 1162 1860 1218 Ninivitte

282 1262 422 1316 iram
468 1261 814 1330 placaverunt
845 1259 939 1315 Dei
976 1260 1149 1332 (Jonas
1176 1261 1281 1330 ιιι),
1311 1270 1365 1316 et
1394 1259 1542 1315 Elias
1582 1255 1697 1328 (III
1730 1256 1857 1327 Reg.

282 1354 424 1423 xxx),
451 1369 516 1409 ac
548 1353 758 1425 Moyses
801 1354 993 1424 (Exod.
1013 1363 1228 1423 sunt),
1259 1353 1615 1424 quadraginta
1649 1352 1860 1406 dierum

281 1446 484 1513 esurio,
529 1446 623 1500 Dei
649 1445 1017 1501 familiaritate
1050 1445 1278 1500 saturati
1319 1453 1468 1507 sunt,
1512 1452 1566 1499 et
1613 1443 1729 1513 ipse
1762 1442 1865 1497 Do-

279 1542 462 1593 minus
514 1537 726 1608 (Matth.
762 1538 838 1608 ις)
875 1537 1096 1592 totidem
1132 1537 1324 1592 diebus
1352 1537 1406 1590 in
1456 1534 1749 1592 solitudine
1774 1534 1861 1604 je-

278 1629 518 1701 junavit,
555 1641 615 1683 ut
649 1628 807 1684 nobis
841 1629 1116 1683 solemnes
1162 1627 1497 1698 jejuniorum
1532 1627 1651 1681 dies
1690 1625 1859 1679 relin-

278 1732 477 1793 queret
504 1739 523 1776 :
550 1723 644 1776 sed
673 1735 781 1791 quo
816 1735 924 1775 non
971 1722 1144 1791 prosit
1186 1735 1416 1776 vacuum
1466 1728 1684 1790 portare
1733 1732 1864 1774 ven-

771 310 1268 375 COMMENTAR.
1310 310 1391 373 IN
1432 312 1695 373 ISAIAM
1736 311 2202 375 PROPIIETAM
2237 312 2386 375 LIB-
2424 312 2559 375 XVI
2572 346 2587 369 ι
2627 310 2787 374 CAP.
2851 308 3069 372 LVIII.

283 426 608 484 curationem
640 424 779 497 (Joet
821 442 884 491 ιι,
925 426 1053 496 15);
1108 434 1167 479 ut
1197 440 1227 481 a
1256 426 1407 480 vitiis
1441 426 1776 496 jejunemus,
1808 435 1862 481 et
1891 444 1934 496 Α
1968 435 2145 497 potest
2173 425 2449 480 silentium
2485 435 2665 479 cornus
2690 422 2922 489 audire;
2959 432 3017 477 ut
3044 421 3280 483 clament
3317 422 3371 476 in
3420 436 3535 479 cor'
3630 486 3639 493 ,

3426 308 3533 378 586
3554 384 3559 387 Α

1966 514 2128 575 (ιιι)υέ
2178 518 2313 583 suis,
2343 518 2488 572 Abba
2526 525 2680 586 pater
2738 515 2913 587 (liam.
2970 531 3087 581 vni,
3146 514 3276 584 i5);
3332 524 3535 570 etnon

1965 611 2330 667 exterminent
2357 610 2524 666 facies
2554 625 2703 675 suas,
2753 610 2848 665 sed
2877 609 3060 664 lavent
3090 623 3254 689 aqua,
3289 616 3345 663 et
3371 616 3540 675 caput

1968 714 2171 775 ungant
2193 704 2335 759 oleo.
2361 701 2437 758 De
2458 717 2567 773 quo
2603 712 2658 758 et
2680 700 2918 757 Joannes
2940 694 3272 772 evangelista
3302 699 3493 755 scribit
3521 713 3537 754 :

1968 794 2037 850 Et
2058 812 2148 849 vos
2174 805 2495 867 unguentum
2518 794 2720 849 habetis
2750 810 2783 848 a
2814 804 2997 849 sancto
3025 793 3072 864 (1
3105 791 3269 847 Joan.
3306 806 3367 856 ιι,
3395 790 3488 861 20)
3521 809 3537 845 :

1967 905 2075 959 quo
2102 905 2223 944 cum
2260 890 2409 943 uncti
2446 887 2669 955 fuerint,
2707 889 2872 943 etiam
2902 888 3005 959 ipsi
3027 886 3203 943 sancti
3237 885 3390 939 tiant.
3419 884 3538 938 Non

1966 980 2111 1037 enim
2154 979 2347 1051 quaerit
2394 980 2537 1037 Dens
2587 980 2936 1036 alllictionem
2966 979 3137 1035 solam
3176 987 3230 1035 et
3282 976 3543 1032 humilia-

1970 1073 2172 1128 tionem
2221 1071 2416 1128 animae
2468 1088 2566 1143 per
2611 1072 2869 1143 injuriam
2920 1072 3165 1142 corporis
3202 1089 3216 1127 :
3253 1079 3316 1124 ut
3367 1069 3542 1124 instar

1968 1162 2154 1220 circuli
2188 1174 2435 1235 torqueat
2459 1178 2677 1234 corpus,
2710 1173 2765 1220 et
2807 1165 2945 1219 colla
2969 1165 3275 1230 submittat,
3328 1174 3392 1216 ac
3438 1159 3543 1215 tri-

1979 1257 2083 1312 stis
2116 1257 2351 1312 incedat.
2386 1255 2545 1313 Juxta
2576 1255 2703 1311 illud
2738 1256 2880 1326 quod
2913 1257 2969 1311 in
3018 1254 3247 1309 Psalmis
3280 1252 3481 1308 dicitur
3523 1266 3542 1308 :

1969 1349 2205 1421 Aﬁlictus
2255 1365 2395 1413 sum,
2446 1359 2495 1404 et
2531 1350 2836 1404 incurvatus
2877 1364 3042 1419 usque
3081 1347 3149 1401 ad
3193 1346 3395 1417 ﬁnem:
3431 1353 3549 1398 tota

1970 1443 2056 1496 die
2084 1443 2428 1497 contristatus
2454 1442 2755 1497 incedebant
2789 1439 2965 1512 (Psat.
2998 1456 3208 1505 xxxvii,
3243 1438 3320 1508 9).
3355 1436 3464 1491 Nec
3487 1442 3545 1490 ut

1970 1550 2130 1590 sacco
2161 1534 2283 1604 quis
2312 1534 2603 1599 vestiatur,
2628 1544 2682 1589 et
2718 1533 2771 1589 in
2808 1535 2996 1591 cinere
3018 1532 3280 1595 dormiat,
3308 1529 3449 1598 quod
3483 1530 3549 1583 de

1971 1627 2139 1682 David
2169 1634 2221 1682 et
2255 1625 2322 1682 de
2372 1626 2561 1681 Achab
2596 1625 2824 1695 legimus
2872 1623 2959 1698 (II
2988 1626 3116 1698 Reg.
3150 1642 3245 1693 ιιι;
3290 1623 3387 1679 111
3420 1623 3546 1694 Reg.

1972 1728 2086 1792 ut)
2116 1739 2130 1776 :
2167 1721 2263 1777 sed
2299 1730 2356 1775 ut
2392 1736 2526 1776 cum
2560 1721 2678 1776 istis
2710 1721 2827 1776 base
2858 1722 3021 1777 faciat
3065 1737 3184 1792 quae
3226 1728 3549 1791 sequuntur.

280 1820 445 1875 trem,
486 1819 540 1864 et
585 1809 691 1864 alia
728 1808 907 1863 facere
943 1825 1063 1879 qua:
1094 1808 1202 1864 Deo
1250 1808 1566 1878 displicent.
1596 1808 1776 1877 Atque
1808 1812 1865 1861 ut
1893 1797 1942 1860 Β
1968 1815 2228 1884 Alioquin
2259 1822 2312 1870 et
2343 1814 2637 1886 Apostolus
2674 1814 2999 1886 frequenter
3050 1815 3303 1885 jejunare
3331 1828 3391 1869 se
3420 1813 3550 1868 dicit

279 1911 480 1960 catera
528 1902 959 1986 praetermittam,
1006 1902 1377 1956 exterminare
1421 1899 1591 1956 facies
1626 1914 1775 1963 snas,
1809 1908 1867 1955 ut

279 2002 587 2063 appareant
634 1990 949 2047 hominibus
1004 1989 1255 2060 jejunare
1325 1987 1435 2062 [AL
1499 1987 1865 2062 jejunantes],

277 2086 377 2156 qui
418 2087 471 2139 in
508 2084 762 2154 praasenti
819 2083 1050 2156 gloriam
1099 2090 1522 2152 consequentes,
1574 2083 1868 2138 excluden-

284 2183 378 2226 tur
403 2187 434 2225 a
464 2186 632 2241 regno
657 2172 778 2239 Dei,
811 2172 939 2243 quia
996 2180 1323 2243 receperunt
1367 2173 1673 2228 mercedem
1709 2184 1865 2228 suam

281 2263 510 2337 (Matth.
553 2265 656 2335 vi).
702 2262 859 2320 Unde
898 2273 953 2320 et
1003 2264 1300 2334 Apostolus
1331 2263 1380 2334 (1
1435 2262 1559 2320 Cor.
1613 2279 1738 2330 xm,
1785 2265 1865 2337 ὅ),

281 2356 335 2411 si
365 2355 532 2409 etiam
561 2369 766 2427 corpus
806 2369 962 2410 suum
1012 2354 1191 2409 tradat
1234 2355 1517 2425 martyrio,
1579 2364 1638 2409 ut
1682 2355 1869 2409 ardeat

284 2446 406 2503 sive
437 2449 697 2516 glorietur
723 2447 1043 2518 (utrumque
1071 2448 1214 2502 enim
1247 2446 1421 2502 fertur
1452 2448 1505 2500 in
1538 2447 1869 2518 exemplari-

284 2542 441 2614 bus),
464 2544 672 2612 absque
700 2538 795 2595 Dei
820 2540 1117 2605 charitate,
1146 2554 1265 2609 quae
1299 2548 1381 2593 est
1409 2539 1463 2592 in
1509 2540 1691 2595 cordis
1737 2555 1871 2596 con-

283 2635 544 2698 Scicnlia,
574 2632 783 2688 frustra
811 2647 870 2687 se
903 2632 1034 2687 dicit
1061 2631 1378 2701 sanguinem
1405 2631 1657 2687 fundere.

362 2728 543 2797 (Vers.
593 2726 648 2793 4,
704 2726 782 2801 5.)
835 2744 853 2778 ι
892 2723 1070 2801 Nolite
1097 2722 1342 2794 jejunare
1392 2723 1538 2778 sicut
1590 2738 1762 2794 usque
1801 2725 1867 2779 ad

286 2822 436 2876 banc
466 2821 630 2886 diem,
686 2827 744 2873 ut
785 2799 1040 2873 audiatur
1091 2817 1144 2871 in
1177 2815 1398 2871 excelso
1429 2817 1637 2871 clamor
1663 2827 1866 2872 vester.

295 2915 575 2987 Nuqmuid
618 2912 726 2968 tale
759 2921 846 2969 est
888 2911 1179 2982 jejunium,
1219 2909 1360 2979 quod
1406 2910 1568 2980 elegi,
1606 2924 1704 2980 per
1726 2910 1870 2965 diem

284 3009 527 3079 adligere
554 3006 828 3061 hominem
857 3006 1094 3062 animam
1122 3016 1275 3057 suam
1297 3001 1320 3055 ’ἒ
1346 3000 1617 3072 Numquid
1651 3010 1872 3056 contor-

1971 1902 2055 1976 (ΙΙ
2082 1902 2219 1960 Cor.
2262 1920 2315 1961 vr
2346 1914 2396 1959 et
2427 1904 2524 1973 xi),
2557 1913 2614 1959 et
2651 1905 2933 1970 Dominus,
2983 1919 3105 1960 cum
3137 1919 3368 1973 sponsus
3400 1918 3430 1957 a
3474 1903 3550 1956 di-

1969 1996 2194 2068 scipulis
2235 1997 2349 2053 suis
2380 1996 2543 2053 fuerit
2580 1997 2815 2065 ablatus,
2852 1999 3013 2053 docet
3066 2012 3161 2055 eos
3205 1997 3552 2066 jejunaturos

1969 2088 2190 2160 (Matth.
2247 2089 2377 2160 vi):
2429 2098 2486 2144 et
2535 2089 2591 2144 in
2641 2089 2873 2146 Psalmis
2922 2090 3194 2160 pmnitens
3247 2090 3482 2160 loquitur
3536 2105 3551 2143 :

1971 2179 2294 2237 Handucavi
2346 2184 2481 2237 sicut
2513 2182 2741 2238 cinerem
2794 2199 2985 2252 panem
3038 2200 3236 2249 meum,
3285 2193 3334 2239 et
3372 2194 3554 2248 potum

1968 2290 2141 2330 meum
2178 2292 2296 2330 cum
2338 2277 2464 2346 ﬂetu
2491 2276 2774 2332 miscebam
2812 2277 2987 2347 (Psat.
3048 2293 3122 2343 cu,
3176 2278 3288 2347 10).
3325 2275 3392 2332 Et
3433 2294 3552 2331 cum

1970 2368 2102 2423 mihi
2155 2370 2363 2424 molesti
2396 2352 2883 2437 essent,.induebar
2936 2372 3108 2426 cilicio
3146 2370 3313 2443 (Psal.
3365 2388 3551 2435 xxxrv,

1978 2462 2087 2531 15).
2114 2462 2193 2517 Ex
2252 2479 2359 2534 quo
2390 2464 2654 2519 discimus
2697 2465 2813 2520 hac
2844 2462 3097 2518 facienda
3142 2463 3385 2534 primum
3430 2477 3557 2519 esse

1970 2567 2094 2622 qua:
2125 2552 2239 2607 vult
2268 2551 2555 2619 Dominus,
2584 2562 2640 2609 et
2668 2570 2775 2610 non
2808 2553 2913 2608 alia
2950 2554 3358 2623 prtetereunda.

2045 2640 2226 2714 (Vers.
2266 2644 2323 2710 6,
2355 2643 2432 2713 7).
2468 2662 2486 2697 ι
2515 2643 2705 2701 Nonne
2732 2644 2837 2702 hoc
2871 2643 3064 2718 [ναις.
3124 2646 3287 2701 addit
3304 2644 3410 2718 est]
3436 2660 3555 2699 ma-

1970 2739 2051 2808 gis
2072 2737 2339 2810 jejunium
2365 2738 2508 2807 quod
2541 2738 2679 2815 elegi
2710 2737 3009 2795 tDissolve
3035 2737 3417 2809 colligationes
3448 2739 3555 2792 im-

1972 2828 2213 2899 pietatis,
2241 2828 2392 2886 solve
2450 2830 2736 2887 fasciculos
2767 2831 3135 2903 deprimentes
3166 2851 3182 2894 ;
3215 2833 3426 2888 dimitte
3461 2846 3556 2887 eos

1970 2922 2065 2991 qui
2097 2921 2366 2978 confracti
2395 2933 2521 2978 sunt
2555 2923 2781 2990 liberos,
2814 2933 2871 2979 et
2898 2939 3061 2981 omne
3084 2940 3226 2983 onus
3250 2926 3552 2995 disrumpe.

1971 3015 2182 3087 Frange
2209 3018 2469 3073 esurienti
2502 3031 2701 3086 panem
2734 3027 2914 3084 tuum,
2967 3026 3022 3073 et
3053 3033 3254 3089 egenos
3283 3032 3557 3091 vagosque

287 3114 461 3173 qnere
508 3099 661 3168 quasi
703 3095 965 3152 circulum
1016 3102 1180 3163 caput
1223 3108 1405 3154 suum,
1457 3103 1512 3147 et
1565 3106 1786 3149 saccum
1817 3099 1867 3146 et

298 3192 339 3209 -9
394 3203 526 3209 ---μ
568 3186 851 3209 -.-....Α....ιι
882 3183 1157 3209 Κτηκηηηελ
1189 3185 1330 3209 ξιιμηι
1358 3184 1575 3209 ..ηΑηιιεη
1608 3184 1865 3209 ι..;....ι......

1976 3108 2143 3165 induc
2179 3109 2232 3163 in
2259 3108 2481 3165 domum
2514 3106 2712 3183 [Vulg.
2738 3109 2887 3164 addit
2945 3107 3138 3182 tuam].
3171 3109 3308 3166 Cum
3355 3109 3557 3165 videris

285 3192 532 3247 cinerem
564 3186 851 3243 sternere?
881 3183 1159 3255 Numquid
1187 3185 1331 3240 istud
1358 3184 1578 3239 vocabis
1603 3184 1868 3254 jejunium

284 3290 345 3337 et
382 3281 527 3334 diem
584 3277 968 3346 acceptabilem
1019 3275 1291 3332 Domino?
1344 3292 1364 3328 ι
1422 3273 1614 3332 LXX:
1655 3292 1674 3327 ι
1727 3275 1871 3342 Quid

288 3375 423 3431 mihi
446 3374 708 3441 jejunatis
728 3374 767 3440 ί,
798 3371 943 3427 sicut
976 3370 1229 3446 llodie_ut
1258 3369 1508 3424 audiatur
1538 3370 1595 3424 in
1632 3368 1873 3425 clamore

290 3484 396 3522 vox
428 3466 650 3522 vestra?
684 3464 803 3519 Non
837 3463 940 3519 tale
987 3464 1254 3535 jejunium
1305 3463 1464 3533 elegi,
1507 3470 1565 3518 et
1598 3463 1739 3519 diem
1774 3464 1872 3518 hu~

291 3560 505 3614 initiare
558 3559 792 3612 animam
848 3572 1003 3611 suam
1056 3559 1097 3610 ⁸.
1166 3553 1357 3623 Neque
1404 3557 1448 3610 si
1499 3554 1872 3611 incurvaveris

288 3651 448 3721 quasi
477 3650 742 3705 circulum
764 3649 965 3705 collum
997 3656 1169 3712 tuum,
1197 3658 1252 3701 et
1278 3647 1518 3702 cilicium
1552 3656 1607 3703 et
1627 3648 1870 3703 cinerem

290 3745 660 3802 substraveris
706 3760 721 3797 :
777 3757 877 3798 nec
908 3742 988 3797 sic
1012 3742 1278 3797 vocabitis
1330 3740 1641 3812 'jejunium
1707 3737 1867 3797 acce-

290 3838 520 3908 ptabile.
563 3855 584 3889 ι
626 3833 707 3890 Ne
736 3836 982 3891 videatur
1036 3833 1331 3904 rcprobare
1381 3834 1667 3906 jejunium,
1724 3834 1869 3906 quod

290 3931 410 3999 ipse
450 3936 810 4000 praeceperat,
842 3928 1001 3983 docet
1060 3926 1333 3994 quomodo
1356 3926 1716 3999 jejunandcm
1747 3927 1817 3983 sit
1850 3940 1867 3985 :

291 4019 403 4075 imo
457 4029 751 4089 antequam
802 4017 997 4073 doceat
1048 4017 1179 4088 quid
1256 4026 1580 4088 sequantur,
1643 4016 1869 4072 instruit

289 4110 424 4181 quid
456 4111 690 4165 debeant
740 4109 1017 4164 declinare
1068 4104 1185 4166 :Ut
1223 4109 1506 4176 audiatur,
1553 4108 1750 4177 inquit,
1812 4108 1870 4161 in

287 4206 500 4259 excelso
549 4204 753 4255 clamor
803 4210 989 4256 vester.
1026 4198 1106 4256 Ne
1146 4202 1215 4255 ad
1263 4200 1570 4255 orationem
1610 4199 1873 4255 deieratis

289 4298 610 4361 clamorem,
643 4304 863 4350 orantes
894 4294 951 4349 in
995 4294 1283 4365 synagogis
1330 4302 1385 4348 et
1415 4290 1634 4364 angulis
1662 4291 1871 4361 platea-

290 4406 439 4456 rum,
483 4398 544 4444 ut
584 4389 652 4442 ab
711 4387 1025 4443 hominibus
1080 4385 1373 4442 videamini
1433 4383 1645 4456 (Matth.
1680 4384 1777 4454 v1),
1815 4389 1872 4439 et

1974 3202 2203 3268 nudum,
2226 3203 2379 3271 operi
2405 3217 2549 3270 eum,
2577 3213 2633 3258 et
2655 3217 2879 3259 carnem
2915 3212 3063 3258 tuam
3093 3218 3162 3258 ne
3184 3203 3550 3273 despexeris.»

1973 3293 2117 3350 LXX
2151 3310 2170 3353 :
2211 3293 2431 3351 «Nonne
2459 3294 2564 3351 tale
2589 3295 2859 3366 jejunium
2887 3295 3071 3367 elegi?
3100 3297 3229 3353 dicit
3254 3295 3513 3352 Dominus
3539 3316 3554 3357 :

1973 3387 2069 3443 sed
2105 3386 2256 3443 solve
2272 3400 2489 3443 omnem
2523 3388 2902 3459 colligaturam
2935 3389 3269 3460 iniquitatis.
3308 3388 3557 3445 Dissolve

1973 3478 2341 3565 obligationes
2362 3478 2728 3536 violentarum
2772 3481 3119 3536 cautionem.
3188 3482 3414 3539 Dimitte
3444 3482 3557 3537 ira-

1973 3582 2097 3629 ctos
2119 3573 2175 3628 in
2208 3572 2608 3642 remissionem,
2640 3582 2695 3629 et
2719 3587 2934 3630 omnem
2954 3574 3286 3646 scripturam
3314 3577 3554 3645 iniquam

1973 3665 2287 3722 conscinde.
2315 3663 2530 3735 Frange
2560 3665 2822 3722 esurienti
2857 3681 3053 3737 panem
3101 3676 3278 3732 tuum,
3322 3679 3377 3724 et
3417 3655 3555 3740 pan:

1972 3773 2131 3830 peres
2163 3757 2284 3813 sine
2309 3765 2452 3814 tecto
2482 3757 2649 3815 induc
2690 3759 2744 3814 in
2768 3759 2989 3816 domum
3036 3769 3204 3815 tuam.
3245 3760 3303 3818 Si
3354 3765 3556 3838 gideris

1972 3850 2200 3914 nudum,
2231 3850 2403 3918 operi,
2453 3857 2509 3905 et
2530 3849 2864 3908 domesticos
2892 3852 3115 3908 seminis
3162 3854 3238 3908 tui
3267 3868 3335 3908 ne
3364 3852 3559 3924 despe.

1973 3943 2142 4006 xeris,
2179 3959 2199 3994 ι
2237 3940 2530 4009 Postquam
2560 3941 2929 4014 docuitquale
2956 3943 3222 4015 jejunium
3274 3946 3552 4013 reprobat,

1973 4036 2214 4091 ostendit
2256 4034 2420 4107 quale
2465 4034 2706 4091 libenter
2749 4036 3004 4108 accipiat.
3038 4036 3299 4102 Dissolve,
3355 4039 3555 4109 inquit,

1972 4126 2333 4197 colligationes
2384 4127 2677 4197 impietatis
2717 4143 2736 4183 :
2766 4129 2905 4183 solve
2938 4128 3221 4198 fasciculos
3252 4130 3556 4200 deprimen-

1974 4231 2051 4274 tes
2079 4235 2097 4274 :
2128 4221 2242 4277 sive
2280 4228 2340 4274 ut
2371 4218 2514 4275 LXX
2538 4219 2881 4277 manifestius
2906 4220 3323 4290 transtulerunt,
3353 4223 3558 4292 obliga-

1975 4312 2144 4366 tioues
2174 4310 2520 4366 violentarum
2565 4313 2907 4376 cantionum,
2957 4327 3096 4384 quas
3155 4314 3354 4382 nostri,
3405 4316 3555 4371 verbi

1974 4404 2330 4476 ambiguitate
2375 4403 2607 4476 decepti,
2651 4405 2708 4461 id
2736 4415 2821 4461 est
2854 4407 3349 4479 συναλλαγμάτων,
3406 4424 3555 4462 cont-

288 4481 520 4538 elevetis
555 4493 741 4535 vocem
776 4479 830 4533 in
861 4478 1159 4544 excelsum,
1188 4487 1242 4533 et
1272 4492 1396 4533 cum
1441 4474 1741 4543 Pliaristeo,
1774 4474 1866 4545 qui

1975 4474 2292 4554 mutationes
2322 4512 2421 4570 pro
2453 4474 2810 4570 chirographis
2833 4474 3178 4572 interpretati
3206 4501 3552 4574 sunt.Signi-

289 4573 507 4631 Domini
519 4572 728 4642 judicio
748 4571 1162 4636 condemnatur,
1188 4579 1372 4626 vestra
1391 4567 1600 4639 jejunia
1620 4578 1680 4623 et
1699 4580 1867 4638 opera

288 4668 599 4739 praedicetis
626 4664 782 4738 (Luc.
811 4664 993 4735 xvm).
1018 4660 1250 4735 Propter
1273 4678 1394 4733 quae
1436 4662 1699 4719 Dominus
1728 4660 1871 4716 Pha-

291 4764 578 4817 risaeorum
630 4758 930 4829 reprobatis
983 4759 1310 4825 orationem,
1366 4758 1524 4814 docet
1572 4755 1871 4825 discipulos

292 4852 572 4922 quomodo
599 4865 762 4906 orare
789 4851 1025 4906 debeant
1060 4850 1278 4918 (Matth.
1315 4854 1419 4921 vi),
1470 4851 1656 4905 clauso
1701 4847 1873 4920 689

293 4941 534 5016 pectoris
565 4942 649 4998 sui
687 4941 961 5008 cubiculo,
1011 4951 1073 4995 ut
1114 4946 1216 4996 soli
1254 4942 1556 5012 loquantur
1591 4940 1725 5005 Deo,
1774 4940 1869 5011 qui

367 5127 387 5159 ⁸
444 5125 537 5200 Sic
572 5140 703 5200 mss.
734 5124 933 5200 habent
982 5125 1531 5200 Graccusqueitestus
1577 5127 1665 5183 τνα
1690 5128 1746 5200 jri
1780 5146 1871 5200 μοι

293 5197 616 5269 νηστεύετε,
676 5196 751 5272 ᾡς
805 5197 1046 5272 σήμερον
1087 5198 1464 5272 -ἁκᾳυσθῆνιιι,
1502 5210 1609 5255 etc.
1660 5196 1874 5272 Vulgati

295 5266 427 5325 vero
453 5278 631 5333 antea,
668 5266 961 5337 jejunatis,
987 5281 1041 5320 ut
1075 5269 1227 5321 hodie
1264 5266 1549 5335 audiatur,
1581 5281 1692 5325 etc.

367 5341 387 5369 ²
411 5338 695 5411 interserit
710 5338 975 5411 Victorius
998 5339 1258 5411 hominem
1284 5356 1350 5394 ex
1368 5338 1553 5396 Graeco
1566 5341 1872 5411 ἄνθρωπον.

368 5411 389 5442 ³
437 5407 785 5482 Martianaeus
817 5409 1196 5482 aliiqneediti,
1238 5425 1329 5463 nec
1377 5411 1426 5464 si
1470 5407 1684 5467 vocabis
1726 5413 1877 5482 jeju-

296 5484 443 5534 nium
469 5488 517 5534 et
556 5481 694 5532 diem
738 5478 1130 5546 acceptabitem.
1154 5477 1286 5545 Quae
1316 5495 1413 5535 nos
1441 5477 1872 5552 castigarnus'ad

296 5552 548 5606 Graecum
591 5558 801 5603 textum
833 5564 936 5616 ope
987 5551 1338 5606 Ambrosiani
1381 5553 1704 5608 vetustioris
1762 5568 1872 5609 ms.

296 5626 523 5676 Constat
546 5619 816 5688 siquidem
838 5621 1104 5691 scriptum
1138 5636 1167 5673 a
1196 5618 1339 5675 LXX
1364 5623 1604 5691 plurium
1640 5639 1871 5679 numero

297 5694 579 5756 καλέσετε,
640 5690 912 5751 vocabitis,
973 5706 1076 5745 non
1137 5690 1412 5757 καλέσειζ,
1462 5695 1667 5748 vocabis
1704 5711 1723 5749 .'
1759 5702 1871 5748 lunt

300 5778 460 5819 voces
491 5771 540 5817 et
588 5761 750 5824 diem,
779 5765 875 5814 καὶ
906 5763 1146 5832 ἡμέραν,
1184 5779 1290 5821 non
1325 5766 1874 5839 Septuagintaviralis

624 5861 892 5923 PATROL.
934 5862 1152 5925 XXIV.

1971 4593 2294 4650 fieatautem
2327 4591 2641 4648 chartarum
2667 4592 2981 4661 fasciculos,
3029 4594 3197 4666 690
3236 4595 3291 4650 in
3343 4594 3545 4664 quibus

1973 4685 2339 4741 feneratorum
2363 4684 2648 4741 calumniae
2680 4684 3060 4767 continentur,
3084 4698 3139 4742 et
3162 4688 3548 4756 opprimuntur

1972 4794 2240 4850 pauperes
2265 4793 2374 4835 tere
2410 4779 2609 4845 alieno,
2632 4793 2754 4848 qua:
2788 4778 2844 4834 in
2879 4780 3096 4834 cunctis
3131 4779 3354 4833 urbibus
3398 4780 3548 4833 sedi-

1974 4870 2140 4926 tionis
2174 4885 2336 4926 causa
2371 4869 2454 4925 vel
2487 4871 2722 4924 maxima
2777 4879 2862 4925 est
2895 4869 2938 4924 ⁸.
2977 4867 3128 4924 Unde
3157 4879 3210 4923 et
3268 4870 3551 4923 Romanus

1975 4962 2206 5034 populus
2235 4961 2447 5018 vicinos
2481 4970 2713 5030 occupat
2763 4971 2997 5028 montes,
3021 4968 3078 5014 et
3111 4959 3332 5014 Tabulae
3377 4975 3555 5024 novre,

1976 5140 2252 5204 versiou’is
2290 5159 2436 5211 esse,
2465 5145 2559 5201 sed
2589 5142 2988 5199 Theodotionis
3018 5156 3083 5196 ac
3112 5138 3450 5211 Symmachi.

2048 5221 2071 5252 ⁵
2092 5218 2440 5280 Ambrosian,
2467 5215 2761 5283 antiquior,
2793 5215 2871 5266 vel
2896 5211 3064 5265 ruina:
3084 5222 3183 5283 est.
3210 5212 3344 5264 Tum
3367 5211 3561 5266 ordine

1977 5292 2216 5345 inverso.
2252 5286 2397 5343 Unde
2416 5295 2464 5340 et
2491 5282 2684 5339 tabula.-
2709 5299 2877 5349 novae,
2902 5293 3011 5337 etc.
3044 5282 3373 5337 Dicebantur
3398 5296 3561 5350 porro

1981 5359 2197 5416 Tabula:
2215 5373 2378 5423 nocte,
2400 5356 2618 5425 quando
2648 5371 2766 5408 cum
2800 5353 3085 5408 creditoris
3108 5352 3306 5423 injuria
3335 5353 3563 5425 etdam-

1920 5468 1925 5473 -
1982 5446 2053 5485 no
2093 5429 2252 5484 simul
2292 5421 2555 5481 acsemel
2584 5425 2764 5480 omnia
2799 5433 3029 5480 eatenus
3061 5421 3342 5480 contracta
3374 5421 3564 5478 debita

1980 5499 2429 5569 expungebantur
2486 5504 2671 5569 atque
2700 5493 3097 5569 abolebantur,
3152 5494 3378 5569 perinde
3422 5505 3484 5546 ac
3514 5496 3564 5548 si

1982 5562 2302 5638 soluta'jam
2336 5562 2589 5621 fuissent.
2629 5566 2827 5636 Χρέων
2857 5562 3179 5638 ᾁπωωιιξςὸις,Δ
3202 5574 3260 5618 ιιι
3286 5562 3438 5638 Hier.
3468 5578 3567 5638 no—

1983 5649 2080 5768 :ag,
2107 5632 2282 5695 (ἓτὼυί
2307 5638 2649 5710 appellabant
2669 5632 2694 5692 ξ
2713 5651 2851 5708 quos
2880 5636 3027 5692 inter
3047 5635 3317 5692 Diodorus
3345 5632 3562 5690 Siculus

2006 5728 2016 5764 l
2062 5751 2075 5768 .
2107 5726 2219 5767 xix.

2006 5726 2075 5768 ID.
2107 5726 2219 5767 XIX.

3151 5863 3222 5927 19
