3856 6172
386 321 488 387 587

1579 316 1642 378 S.
1687 315 1999 380 EUSEBII
2033 315 2475 381 HIERONYMI
3491 326 3576 393 588

383 445 520 504 quas
533 429 991 502 Graecijtmpellant
1015 430 1193 503 χρέων
1215 427 1520 492 ἁποκοπέις.
1544 425 1663 484 Non
1684 444 1815 500 ergo
1831 446 1969 500 prae-
1998 435 2045 494 Α
2071 434 2326 502 spexeris.
2345 430 2534 487 Omnis
2555 428 2698 486 enim
2731 428 2894 484 homo
2913 440 3042 483 caro
3060 433 3237 483 nostra
3263 438 3354 486 est.
3383 431 3438 486 Et
3457 434 3578 504 juxta

380 524 514 592 cipit
540 523 809 592 Propheta
836 539 902 578 ne
930 524 1108 592 exigat
1139 521 1515 590 unusquisque
1544 520 1688 591 quod
1715 523 1955 576 debitum

378 627 487 685 est,
507 619 740 673 maxime
757 618 898 687 quod
916 617 1060 686 juste
1077 614 1223 669 dedit
1240 626 1292 668 et
1312 615 1455 684 juste
1478 615 1666 684 repetit
1692 629 1705 669 :
1729 613 1961 684 alioquin

393 711 689 765 tribunitiae
727 720 871 764 esset
907 708 1188 764 seditionis
1237 716 1501 762 assertor.
1562 706 1667 762 Sed
1723 708 1811 762 ubi
1861 709 1964 762 ini-

381 817 486 873 qua
514 814 596 856 est
633 803 831 867 cautio,
884 803 974 856 ubi
1006 802 1394 872 opprimuntur
1455 815 1718 870 pauperes
1754 802 1959 856 calum-

383 897 470 947 nia
507 907 521 950 :
559 895 630 948 ibi
668 895 914 950 fasciculi
953 897 1299 960 cantionum,
1329 905 1382 950 et
1415 897 1595 950 omnia
1655 895 1959 964 iniquitatis

381 987 592 1040 vincula
633 989 931 1056 rumpenda
960 1000 1110 1042 sunt.
1142 986 1243 1042 Vel
1285 998 1434 1043 certe
1496 989 1600 1044 hoc
1646 989 1956 1053 dicendum,

379 1081 504 1148 quia
536 1080 840 1150 dejejnniis
872 1097 1054 1136 sermo
1094 1089 1197 1144 est,
1234 1089 1287 1134 ct
1313 1079 1577 1149 jejunium
1606 1078 1955 1135 afﬂictionetn

377 1183 538 1241 atque
571 1174 1002 1228 huntiliationem
1039 1174 1199 1227 habet
1232 1172 1423 1226 anim-.1:
1457 1171 1720 1230 :alllictio
1773 1182 1956 1226 autem

376 1268 624 1334 corporis
667 1276 1018 1335 peccatorum
1060 1266 1446 1332 indulgentiam
1483 1267 1824 1336 deprecatur.
1853 1264 1958 1320 Do-

377 1369 464 1412 cet
527 1357 810 1426 Scriptura
855 1358 1060 1422 divina,
1107 1369 1164 1412 ut
1219 1357 1559 1412 dimittamus
1614 1357 1954 1412 debitoribus

377 1449 612 1513 nostris,
655 1457 791 1504 utet
818 1447 980 1502 Pater
1014 1447 1256 1502 caelestis
1293 1447 1528 1502 dimittat
1561 1448 1717 1501 nobis
1769 1445 1954 1501 debita

379 1549 566 1593 nostra
620 1537 812 1608 (Marc.
849 1539 948 1608 χι).
984 1538 1148 1594 Vetus
1173 1545 1361 1592 narrat
1424 1536 1672 1602 historia,
1695 1551 1837 1591 anno
1871 1552 1954 1589 re-

378 1630 654 1684 missionis
683 1631 938 1700 septimo,
963 1631 1046 1685 vel
1077 1628 1551 1699 quinquagesimo,
1583 1627 1678 1698 qui
1739 1637 1823 1681 est
1860 1641 1952 1681 ve-

380 1740 474 1779 rus
500 1723 776 1791 Juhilaeus,
811 1738 1002 1778 omnes
1031 1722 1401 1791 possessiones
1447 1721 1623 1775 redire
1654 1721 1719 1774 ad
1771 1720 1950 1775 domi-

377 1833 500 1882 nos,
531 1826 583 1872 et
612 1817 758 1873 reddi
787 1816 958 1871 servis
987 1815 1271 1884 pristinam
1299 1814 1951 1882 libertatem,cunctaque
1985 1807 2027 1862 Β

375 1910 623 1973 nomina,
659 1923 778 1977 quin
804 1907 966 1974 vulgo
1001 1906 1276 1975 appellant
1300 1905 1612 1968 cautiones,
1643 1904 1796 1958 irrita
1835 1902 1952 1958 fieri

377 1999 568 2069 (Leuit.
602 2015 707 2051 xxv
752 2006 801 2052 et
834 2000 1026 2067 χχιιι).
1059 1998 1113 2052 Si
1142 1995 1258 2070 [Αἰ.
1294 1996 1414 2068 Sin]
1441 2008 1622 2050 autem
1647 1994 1751 2050 hoc
1782 1998 1954 2051 veteri

376 2090 519 2160 Lege
548 2091 742 2161 (Exod.
766 2107 879 2157 xxi,
906 2091 1064 2160 χχιιι)
1097 2089 1410 2158 praecipitur
1439 2099 1682 2158 :quanto
1705 2088 1874 2160 magis
1899 2090 1956 2144 in

375 2183 692 2254 Evangelio,
717 2182 803 2237 ubi
832 2180 1058 2253 (Matth.
1091 2183 1142 2253 v)
1169 2181 1353 2236 omnia
1381 2196 1502 2253 qua:
1533 2182 1675 2236 bona
1706 2193 1834 2237 sunt
1856 2184 1954 2237 du-

374 2275 684 2342 plicantur:
715 2286 768 2330 et
797 2287 1140 2347 nequaquam
1167 2272 1380 2329 oculum
1405 2289 1501 2345 pro
1528 2274 1704 2343 oculo,
1737 2276 1952 2332 dentem

373 2383 473 2439 pro
505 2367 940 2438 dentejubemur
970 2383 1166 2423 eruere
1200 2385 1216 2425 ε
1245 2369 1338 2422 sed
1364 2370 1674 2423 verberanti
1711 2369 1956 2438 praebere

371 2461 645 2516 maxillam
667 2461 868 2530 !A°tque
886 2469 942 2514 ut
957 2461 1188 2515 sciamus
1209 2459 1340 2514 illud
1359 2459 1498 2529 quod
1517 2459 1953 2529 supradiximus:

375 2552 567 2608 Omnes
627 2553 888 2607 debitores
933 2563 1132 2607 vestros
1168 2552 1423 2619 repetitis,
1477 2553 1543 2606 de
1593 2551 1957 2606 creditoribus

374 2649 564 2714 scribi,
603 2649 672 2702 de
717 2648 1054 2704 debitoribus
1111 2647 1356 2719 jungitur
1406 2645 1748 2702 manifestius
1792 2662 1809 2706 :
1865 2646 1957 2701 Di-

371 2742 520 2795 mitte
549 2757 636 2794 eos
667 2741 758 2810 qui
783 2739 1047 2809 confracti
1095 2749 1220 2794 sunt
1261 2738 1474 2805 liberos,
1533 2738 1638 2792 hoc
1695 2747 1801 2804 est,
1861 2736 1956 2806 qui

371 2842 692 2902 paupertate
721 2842 849 2888 sunt
889 2833 1069 2898 fracti,
1104 2847 1240 2902 quos
1265 2831 1454 2885 afﬂixit
1486 2829 1690 2900 inopia,
1729 2845 1795 2884 ne
1821 2829 1956 2884 libe-

373 2940 461 2979 ros
475 2926 620 2980 sinas
634 2925 966 2980 mendicare.
999 2922 1064 2978 Et
1086 2938 1247 2978 omne
1269 2938 1405 2978 onus
1429 2937 1535 2990 quo
1559 2923 1952 2992 deprimuntur,

370 3033 579 3086 rumpe.
608 3019 709 3073 Pro
737 3033 846 3090 quo
873 3016 1212 3071 manifestius
1243 3015 1598 3086 Septuaginta
1657 3016 1957 3069 transtule-

372 3121 518 3177 runt,
579 3123 626 3165 et
683 3127 887 3164 onmem
943 3113 1260 3180 scripturam
1311 3111 1544 3178 iniquam
1607 3109 1885 3163 conscinde
1925 3125 1945 3166 :

369 3204 515 3274 quod
545 3203 904 3274 Symmachus
942 3203 1216 3258 transtulit
1250 3219 1266 3262 ;
1301 3201 1367 3255 Et
1401 3218 1604 3256 omnem
1633 3201 1934 3256 cautionem

371 3297 566 3366 falsam
595 3298 882 3367 disrumpe.
919 3296 1024 3352 Sed
1055 3307 1267 3367 poterat
1298 3296 1438 3361 fieri,
1499 3296 1769 3365 ulaliquis
1801 3297 1946 3352 dicc-

373 3399 454 3444 ret
487 3407 502 3447 :
537 3388 654 3447 Non
693 3392 864 3447 habeo
893 3391 1186 3458 debitores,
1213 3390 1342 3460 quid
1400 3390 1578 3446 facere
1635 3389 1831 3454 debeo,
1886 3397 1945 3444 ut

369 3481 697 3550 suscipiatur
731 3479 999 3550 jejunium
1065 3478 1290 3536 meum?
1343 3477 1654 3548 Sequitur:
1725 3476 1942 3548 Frange

369 3575 622 3628 esurienti
641 3589 830 3643 panem
851 3583 1020 3626 tuum.
1055 3571 1169 3626 Non
1199 3571 1383 3643 plures
1407 3586 1604 3641 panes,
1630 3587 1698 3628 ne
1723 3573 1788 3626 de
1811 3589 1942 3642 pau-

368 3676 576 3739 pertate
605 3664 870 3733 causeris,
901 3666 994 3722 sed
1020 3680 1184 3720 unum
1208 3679 1423 3735 panem.
1451 3661 1560 3720 Nec
1626 3666 1801 3734 ipsum
1861 3675 1944 3720 to-

373 3769 508 3823 tum,
541 3757 635 3812 Sed
671 3768 881 3826 partem
944 3758 1102 3828 panis
1136 3774 1150 3812 :
1205 3771 1366 3826 quam
1405 3756 1448 3812 si
1480 3771 1587 3811 non
1645 3756 1944 3828 jcjunares,

369 3864 688 3903 (Otncsurus
709 3863 861 3915 eras;
897 3858 955 3902 ut
977 3847 1248 3918 jejunium
1281 3859 1433 3907 tuum
1465 3865 1573 3903 non
1630 3851 1702 3903 sit
1731 3849 1943 3904 lucrum

370 3940 651 4007 marsupii,
688 3938 782 3993 sed
817 3941 1078 3994 saturitas
1111 3939 1327 3994 animm.
1383 3940 1726 4011 Pulchreque
1775 3941 1940 4013 691

370 4034 576 4087 addidit
606 4044 772 4099 tuum,
812 4048 880 4088 ne
911 4034 976 4088 de
1037 4033 1227 4103 rapina
1263 4033 1434 4090 iacias
1487 4035 1887 4107 eleemosynam
1924 4052 1940 4103 ς

368 4123 674 4190 Redemptio
697 4126 834 4178 enim
865 4126 1056 4180 anima:
1082 4125 1200 4190 viri,
1245 4128 1473 4194 propria:
1529 4129 1723 4184 divitia:
1755 4129 1943 4200 (Prov.

368 4234 492 4283 χιιι,
523 4219 598 4284 8).
624 4219 752 4270 litin
786 4219 890 4271 alio
919 4218 1055 4288 loco,
1087 4236 1102 4274 :
1129 4219 1349 4275 Honora
1389 4220 1669 4275 Dominum
1745 4223 1808 4276 de
1839 4223 1946 4277 tuis

364 4310 521 4378 justis
545 4310 811 4362 laboribus
851 4311 1031 4382 (Prov.
1065 4329 1144 4379 ιιι,
1179 4315 1259 4382 9).
1323 4313 1480 4368 Certe
1512 4316 1554 4368 si
1605 4331 1802 4387 panem
1840 4333 1944 4371 non

368 4402 560 4467 habes,
584 4415 636 4456 et
668 4404 1027 4457 esurientium
1057 4406 1288 4475 plurima
1318 4407 1608 4462 multitudo
1630 4420 1737 4474 est,
1767 4409 1946 4476 praebe

2070 525 2449 593 Evangelicam
2474 521 2812 593 parabolam,
2839 520 2958 590 ejus
2985 520 3074 587 qui
3103 517 3169 574 de
3195 517 3462 578 Jerusalem
3515 527 3584 580 de-

2070 599 2363 671 scendebat
2410 613 2648 678 Jericho,
2704 623 2760 666 et
2821 629 2851 666 a
2890 611 3188 665 latronibus
3209 611 3478 668 vulneratus
3498 628 3580 679 est,

2067 711 2158 765 ille
2195 711 2477 780 proximus
2497 707 2796 776 appellatur
2818 704 2908 776 qui
2923 703 3246 759 benefecerit
3264 701 3397 773 (Luc.
3423 709 3489 771 ι).
3509 706 3585 763 vel

2065 813 2212 858 certe
2241 801 2392 870 juxta
2424 799 2780 870 Septuaginta
2831 797 2920 866 qui
2945 796 3202 851 dixerunt
3238 813 3252 852 :
3280 796 3338 850 Et
3377 797 3584 853 domesti-

2065 914 2148 951 cos
2178 897 2388 950 seminis
2412 897 2486 949 tui
2519 911 2581 948 ne
2616 893 2899 961 despicias,
2921 892 3242 946 domesticos
3270 893 3466 946 seminis
3491 893 3588 947 illos

2063 991 2462 1058 intelligamus,
2493 987 2560 1041 de
2583 987 2781 1056 quibus
2805 998 2860 1040 et
2883 985 3178 1054 Apostolus
3209 984 3352 1038 docet
3376 985 3585 1039 omnibus

2062 1082 2367 1136 faciendam
2422 1096 2548 1134 esse
2589 1080 3013 1148 eleemosynam,
3058 1075 3289 1130 maxime
3328 1085 3484 1129 autem
3511 1078 3588 1130 do-

2061 1177 2304 1231 mesticis
2329 1175 2448 1228 fidei
2477 1173 2685 1244 (Galat.
2713 1172 2808 1242 vi).
2840 1171 2916 1224 llli
2941 1169 3091 1223 enim
3119 1183 3247 1222 caro
3271 1179 3438 1222 nostra
3465 1180 3586 1232 sunt,

2059 1278 2321 1323 etscmeu
2357 1279 2628 1332 nostrum,
2687 1266 2776 1334 qui
2809 1265 2876 1317 de
2934 1277 3040 1318 uno
3109 1262 3375 1317 nobiscum
3404 1271 3591 1330 parente

2058 1369 2407 1433 generantur.
2444 1360 2522 1412 Ad
2551 1374 2686 1432 quos
2707 1356 3033 1410 extendebat
3061 1354 3367 1409 ctSalvator
3389 1370 3590 1420 manum,

2057 1455 2299 1518 dicens).
2326 1452 2500 1506 Mater
2525 1469 2640 1505 mea
2672 1460 2721 1504 et
2743 1450 2937 1519 fratres
2973 1450 3074 1501 mei
3093 1447 3148 1501 lii
3177 1448 3594 1517 sunt,qui{acittnt

2058 1549 2379 1605 voluntatem
2417 1545 2602 1601 Patris
2647 1545 2749 1598 mei
2773 1541 2966 1614 (Marc.
3002 1557 3084 1605 ιιι,
3109 1541 3202 1606 54,
3227 1541 3336 1608 '55).
3374 1541 3524 1610 Atque
3548 1547 3596 1594 ιιι

2056 1641 2298 1696 sciamus
2347 1655 2514 1693 unum
2564 1651 2684 1692 esse
2727 1635 3016 1689 Dominum
3052 1643 3106 1689 et
3153 1633 3281 1688 Novi
3317 1639 3369 1687 et
3421 1631 3596 1686 Veteris

2057 1733 2436 1797 lnstrumeuti,
2473 1731 2660 1785 eadem
2695 1741 2750 1783 et
2785 1729 3045 1783 Dominus
3075 1727 3312 1796 loquitur
3345 1726 3394 1778 in
3449 1725 3600 1778 Evan-

2057 1826 2195 1896 gelia
2217 1826 2282 1881 de
2313 1825 2394 1880 his
2422 1825 2510 1894 qui
2545 1826 2596 1877 in
2628 1824 2715 1877 die
2742 1821 2933 1892 judicii
2953 1835 2981 1874 a
3012 1821 3216 1874 dextris
3254 1818 3435 1874 staturi
3456 1825 3596 1870 sunt:

2071 1918 2272 1982 Venite,
2304 1917 2560 1972 benedicti
2594 1915 2774 1970 Patris
2805 1915 2928 1979 mei,
2957 1912 3223 1978 possideh
3253 1926 3454 1980 regnum
3490 1923 3600 1976 prte-

2058 2019 2306 2080 paratum
2338 2009 2482 2063 vobis
2513 2025 2542 2061 ιι
2580 2008 2955 2062 constitutione
2981 2005 3191 2060 mundi.
3230 2001 3427 2056 Esurivi
3462 2002 3595 2064 enim,

2058 2113 2106 2157 et
2139 2101 2357 2156 dedistis
2410 2100 2536 2154 mihi
2582 2101 2933 2152 manducare.
2962 2095 3142 2160 Sitivi,
3177 2106 3226 2149 et
3261 2094 3468 2147 dedistis
3500 2089 3602 2143 mihi

2059 2193 2252 2247 bibere.
2281 2191 2537 2259 Inﬁrmus
2582 2205 2729 2245 erant
2755 2199 2804 2243 et
2843 2191 2898 2243 in
2959 2203 3192 2251 carcere,
3233 2195 3283 2240 et
3327 2185 3517 2239 venistis
3545 2180 3601 2233 ad

2059 2307 2159 2346 me.
2200 2289 2534 2361 Peregrinus,
2574 2294 2621 2339 et
2669 2283 2895 2337 duxistis
2934 2297 3016 2334 me
3063 2282 3116 2334 in
3153 2281 3364 2332 domum
3391 2285 3604 2331 vestram.

2061 2382 2130 2437 Et
2172 2383 2363 2448 nudus,
2394 2392 2442 2435 et
2486 2378 2710 2432 vestistis
2735 2391 2815 2429 me
2845 2373 3064 2447 (Matth.
3105 2387 3238 2436 xxv,
3268 2369 3466 2439 34-46).
3495 2367 3607 2421 Illis-

2063 2490 2171 2544 que
2205 2474 2514 2530 humilitate
2544 2471 2872 2536 dicentibus,
2911 2482 2972 2523 se
3027 2466 3165 2521 nihil
3198 2464 3390 2521 fecisse
3411 2463 3606 2518 Domino

2060 2565 2368 2628 Salvatori,
2435 2562 2714 2634 respondit
2782 2579 2797 2618 :
2858 2561 3109 2628 Quandiu
3171 2559 3367 2627 fecistis
3418 2557 3499 2608 uni
3552 2553 3606 2606 de

2057 2655 2312 2726 fratribus
2337 2654 2438 2710 mei
2471 2652 2728 2718 minimis,
2771 2652 2901 2706 mihi
2922 2651 3122 2721 fecistis
3159 2645 3607 2723 (Ibid.40).1uxta

2061 2749 2414 2817 tropologiam
2441 2747 2553 2801 haec
2585 2760 2878 2816 possumus
2906 2745 3090 2800 dicere
3139 2761 3153 2800 ;
3183 2743 3286 2810 Qui
3337 2741 3527 2812 jejunat
3551 2739 3606 2791 ab

2056 2840 2310 2895 omnibus
2342 2839 2520 2904 malis,
2552 2848 2608 2892 et
2642 2837 2751 2891 vult
2779 2853 2936 2892 suum
2964 2837 3240 2907 jejunium
3282 2835 3494 2902 reSpici,
3517 2846 3606 2885 non

2059 2931 2234 2988 solum
2290 2931 2524 2986 declinet
2577 2946 2606 2984 a
2649 2929 2816 2993 malo,
2885 2930 2980 2982 sed
3037 2937 3094 2982 et
3127 2927 3296 2982 faciat
3327 2925 3533 2983 bonum,
3561 2929 3608 2972 ιιι

2057 3022 2230 3079 solvat
2255 3038 2416 3078 omne
2443 3025 2718 3076 vinculum
2748 3021 2912 3092 692
2937 3021 3270 3091 iniquitatis,
3298 3032 3407 3089 quo
3431 3014 3610 3084 simpli-

2058 3131 2147 3171 ces
2169 3116 2368 3186 quique
2391 3114 2727 3170 credentium
2746 3114 3125 3168 bmreticorum
3155 3111 3435 3166 fraudibus
3478 3106 3610 3162 colli-

2047 3208 2156 3278 gati
2181 3218 2333 3263 sunt.
2362 3207 2430 3262 Et
2463 3189 2860 3277 στράγγαλιὰς,
2887 3205 3244 3275 obligationes
3285 3203 3613 3258 violenturum

2048 3307 2396 3364 tractatuum,
2424 3315 2560 3369 quas
2580 3308 2635 3354 et
2668 3301 2720 3352 in
2749 3298 2954 3368 psalmo
2980 3295 3258 3366 Propheta
3292 3297 3612 3352 demonstrat,

2045 3391 2230 3448 dicens
2265 3408 2280 3448 :
2311 3391 2641 3445 Declinantes
2687 3401 2863 3445 autem
2903 3392 2958 3444 in
2997 3385 3615 3460 {obligationes,adducet

2046 3487 2302 3540 Dominus
2334 3502 2451 3539 cum
2485 3485 2820 3554 aperantibus
2850 3485 3194 3554 iniquitatem
3237 3480 3408 3550 (Psal.
3454 3489 3615 3534 cum,

2047 3579 2124 3651 5).
2157 3577 2358 3635 Omnes
2380 3578 2523 3632 enim
2553 3579 2642 3648 qui
2665 3576 3040 3632 hareticorum
3071 3575 3311 3630 vinculis
3338 3571 3614 3640 alligantur,

2046 3672 2325 3729 declinant
2359 3686 2389 3725 a
2416 3671 2645 3726 Domino
2675 3688 2690 3735 ;
2723 3678 2778 3724 et
2808 3671 2968 3739 quasi
3009 3669 3112 3725 bos
3153 3671 3356 3723 ductus
3389 3667 3450 3718 ad
3483 3659 3618 3713 victi-

2047 3780 2228 3823 mam:
2294 3774 2350 3819 et
2383 3763 2594 3833 eligunt
2627 3770 2790 3832 atque
2856 3772 3204 3816 commutant
3275 3774 3373 3830 pro
3412 3756 3616 3809 veritate

2049 3857 2414 3914 mendacium.
2478 3855 2789 3910 Istiusmodi
2834 3855 2998 3926 igitur
3045 3855 3326 3918 homines,
3379 3853 3466 3920 qui
3515 3857 3622 3900 sunt

2050 3947 2205 4004 fracti
2231 3947 2460 4016 judicio,
2489 3945 2731 4001 dimittat
2769 3946 2852 3998 vir
2889 3945 3316 4001 Ecclesiasticus
3338 3953 3496 4011 atque
3526 3938 3620 3992 dis-

2050 4042 2225 4098 solvat
2256 4047 2308 4111 ς,
2332 4049 2386 4094 et
2428 4053 2647 4094 omnem
2708 4039 3038 4107 scripturam
3104 4038 3514 4094 haereticorum,
3568 4030 3623 4082 de

2049 4135 2247 4204 quibus
2271 4133 2360 4188 hic
2398 4132 2542 4188 idem
2578 4131 2846 4197 Draphela
2901 4131 3083 4185 dicit:
3123 4130 3216 4186 Vae
3264 4131 3357 4201 qui
3412 4127 3622 4181 scribunt

2049 4227 2382 4298 iniquitatem
2412 4225 2733 4280 :scribentes
2769 4224 2904 4277 enim
2931 4222 3172 4277 scribunt
3205 4223 3492 4284 malitiam,
3545 4233 3626 4269 rae

2048 4319 2240 4388 pientes
2259 4317 2525 4387 judicium
2553 4332 2842 4387 pauperum
2879 4316 3064 4382 populi
3120 4318 3227 4370 mei
3273 4315 3415 4387 (Isa.
3473 4328 3524 4374 ι,
3580 4308 3623 4369 1,

2047 4413 2130 4480 2),
2162 4411 2340 4466 solvat
2376 4419 2540 4479 atque
2581 4409 2907 4478 disrutnpal,
2953 4419 3011 4461 ut
3045 4425 3405 4480 nequaquam
3439 4403 3628 4474 laqueis

367 4499 435 4551 de
469 4513 574 4566 quo
615 4497 816 4552 nullum
847 4499 1104 4551 damnum
1147 4500 1370 4567 pateris.
1395 4498 1453 4554 In
1488 4515 1595 4570 quo
1653 4501 1800 4554 nulla
1835 4502 1951 4556 dis-
1984 4497 2028 4552 Β
2054 4507 2173 4562 suis
2197 4505 2476 4574 simplices
2503 4518 2751 4574 quosque
2806 4512 3026 4556 teneant
3077 4502 3353 4557 irretitos.
3400 4503 3460 4553 Et
3517 4510 3624 4552 cum

367 4590 566 4661 pendia
600 4599 748 4652 sunt,
809 4603 1063 4661 pauperes
1109 4591 1312 4660 absque
1346 4603 1506 4660 tecto,
1538 4595 1696 4646 induc
1744 4595 1793 4648 in
1849 4595 1950 4648 do-

367 4696 507 4732 mum
543 4691 708 4732 tuam.
734 4677 859 4732 Sive
884 4678 1014 4733 ut’in
1045 4676 1310 4736 Hebraico
1341 4683 1591 4749 habetur,
1627 4686 1678 4737 in
1704 4685 1950 4751 domum,

366 4783 425 4827 ut
449 4772 494 4827 si
524 4782 667 4827 tuam
699 4787 802 4826 non
838 4771 1275 4839 habes,inducas
1307 4774 1362 4828 in
1397 4775 1774 4844 hOSpitiolum,
1804 4778 1949 4845 quod

365 4865 449 4917 vel
485 4865 732 4920 mercede
754 4865 1103 4931 conductum,
1144 4865 1226 4919 vel
1277 4866 1542 4922 beneficio
1583 4869 1854 4938 possides.
1889 4868 1954 4924 Si

366 4958 556 5011 videris
587 4963 808 5025 nudum,
835 4959 1002 5026 operi.
1037 4957 1192 5023 Quod
1226 4967 1278 5012 et
1331 4958 1591 5014 Dominus
1623 4963 1674 5014 in
1707 4963 1946 5031 Evange-

368 5049 440 5102 Iio
464 5051 782 5121 loquebatur
816 5068 829 5082 ο
867 5053 973 5117 Qui
1002 5050 1154 5104 liabet
1182 5049 1315 5105 duas
1341 5052 1571 5116 tunicas,
1609 5057 1694 5106 det
1718 5054 1946 5109 alteram

367 5153 469 5192 non
495 5139 871 5202 ltubenti(Luc.
907 5157 987 5207 ιιι,
1042 5140 1149 5212 Η).
1201 5141 1318 5195 Non
1379 5145 1524 5196 enim
1595 5161 1755 5196 unam
1781 5145 1946 5212 jussit

367 5231 537 5287 scindi
579 5242 636 5286 et
662 5234 852 5300 dividi,
891 5235 1037 5304 quod
1073 5238 1221 5291 multi
1272 5239 1550 5308 popularis
1604 5253 1749 5293 aura:
1779 5255 1950 5295 causa

365 5328 594 5394 faciunt,
652 5330 744 5384 sed
773 5331 996 5386 alteram
1018 5346 1126 5386 non
1161 5335 1390 5396 servari,
1449 5349 1650 5407 augens
1682 5349 1950 5405 praecepta

361 5421 606 5490 justitite,
638 5431 694 5477 ut
719 5425 880 5478 etiam
913 5425 1138 5480 calicem
1173 5444 1326 5496 aqua:
1364 5427 1575 5499 frigida:
1627 5438 1946 5499 porrectum

369 5513 569 5570 habere
601 5517 821 5585 praemia
858 5517 1081 5572 diceret.
1116 5517 1180 5571 Et
1208 5537 1440 5590 carnem,
1470 5524 1567 5588 ait,
1603 5534 1748 5577 tuam
1774 5541 1835 5578 ne
1861 5533 1951 5578 de-

2056 4598 2160 4654 hoc
2196 4597 2411 4664 fecerit,
2443 4597 2657 4666 frangat
2681 4596 2943 4651 doctrinae
2967 4594 3372 4651 ecclesiasticas
3400 4593 3628 4648 esurien-

2058 4692 2200 4748 tibus
2224 4707 2417 4761 panem
2448 4705 2623 4755 suum,
2653 4691 2797 4760 quod
2826 4689 2956 4744 fecit
3010 4700 3067 4744 et
3096 4690 3396 4754 Dominus,
3445 4687 3629 4741 fractos

2057 4801 2226 4858 panes
2250 4784 2512 4855 apostolis
2547 4784 2817 4848 tribuens,
2837 4798 2974 4853 quos
3005 4784 3158 4839 eisin
3192 4793 3410 4854 septem
3438 4779 3625 4850 sportis

2055 4888 2110 4935 et
2162 4877 2450 4933 duodecim
2507 4876 2777 4945 c0phinis,
2820 4889 3171 4944 nequaquam
3237 4877 3482 4942 integros
3505 4870 3632 4924 sicut

2059 4972 2404 5026 habebantur
2437 4969 2489 5024 in
2522 4969 2660 5038 lege,
2695 4968 2789 5023 sed
2825 4968 3200 5021 comminutos
3236 4977 3407 5037 atque
3433 4962 3635 5020 confra-

2054 5079 2171 5122 ctos
2199 5066 2248 5117 in
2284 5061 2574 5134 Evangelio
2590 5061 2899 5130 dereliquit,
2936 5069 2994 5114 ιιι
3027 5059 3304 5114 haberent
3345 5057 3486 5129 quod
3513 5069 3634 5124 pau-

2054 5152 2626 5224 peribuslargirentur
2655 5148 2869 5219 (Matth.
2908 5150 3020 5220 xv).
3075 5148 3236 5214 Quos
3293 5150 3496 5205 videris
3538 5159 3632 5200 non

2056 5246 2318 5300 habentes
2345 5245 2580 5297 caiorem
2609 5244 2752 5307 fidei,
2783 5241 2875 5297 sed
2908 5252 3060 5296 extra
3086 5242 3405 5297 Ecclesiam
3434 5238 3635 5309 frigori-

2057 5337 2159 5392 bus
2199 5338 2534 5392 infidelitatis
2561 5335 2831 5406 algentes,
2864 5339 3050 5404 inopcs
3085 5345 3265 5406 atque
3305 5336 3632 5407 peregrinos.

2055 5431 2238 5497 induc,
2271 5430 2369 5495 ait,
2405 5433 2456 5484 in
2481 5432 2701 5484 domum
2729 5428 2983 5485 Ecclesia
3028 5430 3065 5492 ί.
3101 5439 3160 5484 et
3188 5430 3346 5498 Operi
3403 5429 3636 5481 incorru-

2059 5525 2259 5595 ptionis
2287 5523 2490 5592 pallio;
2548 5532 2606 5577 ιιι
2632 5521 2809 5578 vestiti
2829 5522 3025 5578 Christi
3047 5524 3264 5590 tunica,
3305 5531 3636 5592 nequaquam

443 5698 460 5728 ¹
494 5695 781 5778 Drixianus
808 5710 1052 5778 vetustus
1076 5707 1195 5760 cod.
1231 5723 1390 5775 penes
1433 5709 1650 5774 Victum,
1685 5707 1852 5762 Indue
1875 5710 1927 5764 in
1965 5709 2179 5766 domum
2207 5719 2376 5778 tuam,
2438 5709 2534 5764 hoc
2565 5717 2641 5764 est
2682 5709 2732 5764 in
2787 5711 3002 5764 domum
3040 5706 3304 5763 Ecclesia:
3347 5722 3365 5763 ;
3398 5717 3555 5776 quam
3585 5714 3639 5758 et

372 5767 490 5838 ipse
514 5767 802 5824 lectionem
839 5773 1061 5841 probat.
