3902 6182
323 273 430 340 1289

804 281 1301 355 COMMENTAR.
1341 289 1422 350 IN
1475 290 1741 352 lSAIAM
1781 293 2241 357 PROPHETAM
2305 299 2450 362 LIB.
2496 299 2651 372 XVI,
2675 301 2836 363 CAP.
2879 303 3092 365 LVIII.
3487 307 3590 369 590

322 401 580 451 maneant
606 394 659 449 in
695 398 982 468 sepulcris,
1008 404 1153 472 quod
1177 404 1243 460 de
1268 419 1333 460 eo
1369 405 1619 476 legimus,
1655 408 1745 476 qui
1774 425 1903 479 pos-
1932 415 1985 473 Α
2019 412 2253 468 animam
2311 415 2562 470 allliclam
2627 416 2963 486 repleveris:
3020 427 3148 473 tunc
3185 417 3206 490 [
3238 417 3391 490 Vulg.
3452 423 3600 475 abest

318 501 508 543 sessus
539 503 573 544 a
617 489 924 547 daemonum
979 496 1212 566 legione,
1273 498 1450 553 nudus
1513 499 1792 554 habitabat.
1847 505 1898 553 in

319 577 601 632 memoriis
621 589 984 638 mortuorum.
1014 585 1285 654 Cumque,
1313 588 1512 659 inquit,
1539 591 1651 645 hare
1679 589 1924 656 feceris,.

317 677 375 720 et
416 668 718 728 liberalitas
751 682 842 729 tua
883 676 952 730 ad
982 690 1175 732 omnes
1195 681 1440 749 exposita
1465 680 1653 749 fuerit,
1686 684 1903 752 specia-

317 759 442 816 liter
477 777 546 818 ne
566 765 838 835 despicias
860 769 1188 828 domesticos
1228 772 1373 828 ﬁdei.

391 892 570 964 (Vers.
603 896 658 961 8,
683 896 766 969 9.)
803 917 824 952 ι
858 900 1012 958 Tunc
1042 917 1292 976 erumpet
1313 909 1472 978 quasi
1513 923 1674 967 mane
1716 911 1900 967 lumen

315 994 492 1051 tuum,
530 1000 584 1044 et
610 991 818 1048 sanitas
847 1004 934 1048 tua
961 997 1072 1051 cito
1096 995 1286 1072 [Vulg.
1318 999 1504 1075 citius]
1555 1005 1786 1071 orietur,
1850 1014 1904 1060 et

313 1080 548 1135 anteibit
577 1081 773 1139 faciem
807 1096 954 1142 tuam
973 1088 1186 1158 justitia
1211 1101 1301 1148 tua
1346 1109 1362 1150 :
1390 1105 1443 1149 et
1491 1095 1662 1165 gloria
1686 1097 1900 1154 Domini

313 1170 536 1242 colliget
564 1181 637 1230 te.
677 1174 832 1232 Tunc
869 1179 1260 1250 invocabis,-et
1302 1185 1566 1242 Dominus
1597 1191 1900 1246 exaudiet:

311 1263 598 1334 clamabis,
633 1279 690 1324 et
721 1271 866 1328 dicet
898 1289 914 1330 :
946 1274 1090 1332 Ecce
1144 1277 1358 1336 adsum.
1408 1299 1429 1334 ι
1457 1281 1640 1338 LXX:
1691 1303 1711 1336 ι
1751 1284 1902 1340 Tunc

309 1367 568 1424 erumpet
591 1363 922 1418 matutinum
945 1365 1130 1423 lumen
1165 1376 1337 1436 tuum,
1395 1379 1453 1426 et
1509 1373 1774 1429 sanitates
1798 1383 1903 1428 tua:

311 1449 427 1502 cito
470 1451 740 1521 orientur,
773 1464 830 1510 et
859 1459 1071 1525 praeibit
1102 1459 1157 1514 in
1193 1470 1491 1532 conspectu
1551 1475 1642 1522 tuo
1687 1465 1900 1534 justitia

308 1546 430 1604 tua,
461 1552 516 1596 et
541 1543 712 1613 gloria
739 1547 833 1604 Dei
862 1551 1221 1608 circumdabit
1248 1564 1320 1610 te.
1348 1553 1504 1612 Tunc
1538 1556 1820 1624 clamabis,
1850 1568 1904 1614 et

309 1631 459 1690 Deus
488 1637 750 1693 exaudiet
767 1648 845 1694 te.
881 1642 1076 1699 Adhuc
1104 1645 1362 1716 loquente
1418 1657 1494 1715 te,
1528 1651 1693 1718 dicet,
1759 1651 1901 1708 Ecce

307 1725 564 1782 adsum.»
592 1728 818 1795 Quando
843 1733 931 1788 illa
961 1749 1068 1790 non
1088 1736 1285 1796 feceris
1309 1756 1431 1813 qum
1457 1747 1766 1813 praeteritus
1783 1762 1900 1803 ser-
1929 1756 1975 1816 Β

307 1833 402 1873 mo
419 1823 683 1886 narravit,
709 1833 761 1878 et
779 1824 882 1880 ista
906 1825 1100 1883 feceris
1120 1831 1187 1885 de
1213 1833 1411 1901 quibus
1435 1850 1579 1891 nunc
1628 1837 1858 1895 diximus
1878 1879 1892 1900 .

307 1919 446 1967 tunc
495 1915 828 1983 acceptabile
861 1920 965 1974 erit
1010 1921 1281 1993 jejunium
1335 1936 1508 1997 tuum,
1553 1938 1608 1983 et
1649 1940 1911 2001 erumpet

306 2006 636 2060 matutinum
675 2007 854 2065 lumen
907 2022 1104 2081 tuum;
1151 2015 1316 2087 693
1361 2020 1441 2074 sol
1509 2022 1760 2078 videlicet
1805 2025 1894 2094 ju-

303 2095 496 2162 stitiae,
524 2099 590 2153 de
612 2114 719 2168 quo
743 2101 1041 2159 Malachias
1092 2111 1352 2178 propheta
1411 2124 1478 2166 ex
1531 2127 1764 2181 persona
1799 2117 1893 2172 Dei

303 2187 491 2245 Patris
524 2193 812 2262 loquitur:
865 2194 1085 2252 Orietur
1147 2201 1290 2256 vobis
1344 2203 1650 2260 timentibus
1707 2224 1893 2265 nomen

302 2298 504 2351 meum,
542 2288 623 2340 sol
640 2288 887 2356 justiticc,
921 2300 973 2346 et
1025 2296 1232 2348 sanitas
1273 2297 1330 2350 in
1358 2301 1542 2366 pennis
1593 2301 1712 2370 ejus
1749 2300 1892 2371 (Ma-

301 2378 444 2434 lach;
480 2394 553 2445 tv,
580 2382 660 2450 2).
711 2381 813 2449 Qui
843 2385 916 2440 ibi
942 2386 1045 2451 sol,
1072 2387 1162 2444 hic
1192 2389 1280 2444 lux
1311 2393 1532 2449 dicitur.
1562 2396 1715 2455 Sicut
1743 2402 1888 2456 enim

302 2471 574 2526 matutina
603 2472 694 2528 lux
728 2475 892 2530 solvit
950 2479 1226 2549 tenebras,
1279 2483 1351 2536 ita
1400 2485 1581 2542 lumen
1644 2492 1892 2547 scientiae

300 2572 356 2618 et
386 2566 631 2620 veritatis
656 2581 846 2626 omnes
862 2587 1079 2628 errores
1102 2574 1264 2643 fugat.
1297 2574 1367 2629 Et
1391 2581 1670 2649 sanitates,
1715 2584 1891 2657 inquit

299 2665 412 2710 ture
433 2659 536 2711 cito
554 2658 811 2716 orientur.
845 2661 950 2719 Pro
981 2680 1088 2735 quo
1123 2668 1343 2736 Aquila,
1376 2672 1598 2728 verbum
1631 2677 1697 2731 de
1726 2683 1892 2737 verbo

299 2751 644 2818 exprimens,
674 2755 856 2821 posuit
890 2757 996 2822 ;Et
1023 2761 1249 2814 cicatrix
1278 2764 1509 2820 uulneris
1543 2770 1620 2822 tui
1662 2771 1766 2827 cito
1796 2776 1889 2829 ob-

298 2841 574 2908 ducetur;
605 2854 662 2898 ut
690 2846 903 2902 scilicet
939 2851 1162 2907 vulnera
1184 2867 1536 2924 peccatorum
1570 2872 1886 2921 nostrorum

299 2937 369 2988 ad
409 2946 589 2992 ortum
652 2938 783 2995 solis
837 2941 1085 3012 iustitiae,
1144 2947 1254 3003 cito
1309 2951 1546 3009 obducta
1601 2956 1885 3026 cicatrice,

297 3027 648 3083 claudantur.
679 3031 784 3086 Pro
805 3042 872 3086 eo
906 3039 1049 3103 quod
1090 3036 1448 3111 Septuaginta
1489 3051 1887 3108 transtulerunt

1968 1895 2091 1949 "ubi
2149 1910 2248 1951 nos

2011 512 2140 558 tunc
2171 506 2192 577 ]
2223 509 2432 561 orietur
2464 508 2518 562 in
2549 510 2792 564 tenebris
2824 507 2914 564 lux
2945 519 3060 574 tua,
3084 518 3140 565 et
3194 512 3431 566 tenebras
3495 523 3598 566 tua:

2005 605 2167 650 erunt
2196 598 2339 653 sicut
2366 601 2640 655 meridies.
2677 619 2695 652 ι
2740 600 2929 659 LXX:
2975 620 2993 654 ι
3033 601 3092 656 Si
3146 603 3440 660 abstuleris
3469 623 3496 658 a
3542 615 3594 659 te

2006 687 2427 760 colligationem,
2451 701 2503 746 et
2525 693 2920 748 ordinationem
2951 704 3004 749 et
3028 695 3253 750 verbum
3283 711 3592 750 murmura-

2008 781 2191 848 tionis,
2221 791 2277 837 et
2303 783 2519 840 dederis
2547 786 2812 842 esurienti
2842 802 3038 857 panem
3083 795 3234 841 luunt
3273 803 3340 842 ex
3405 791 3590 842 animo

2007 880 2123 938 tuo,
2153 881 2206 928 et
2235 874 2473 929 animam
2505 876 2845 932 humiliatam
2878 879 3214 934 saturaveris
3243 895 3254 933 :
3293 889 3423 934 tunc
3446 879 3593 933 orie—

2009 973 2097 1020 tur
2136 964 2191 1020 in
2232 966 2474 1022 tenebris
2500 967 2684 1022 lumen
2716 980 2891 1037 tuum,
2915 979 2970 1026 et
3000 970 3238 1026 tenebrae
3290 981 3394 1025 tuae
3430 983 3595 1027 erunt

2006 1058 2152 1114 sicut
2228 1060 2514 1116 meridies.
2564 1079 2582 1112 ι
2625 1062 2863 1118 Verbum
2899 1061 3225 1118 l‘lebraicum
3261 1079 3405 1120 non
3438 1074 3602 1124 31:17:

2006 1150 2152 1219 quod
2186 1151 2238 1204 in
2254 1150 2490 1208 Jeremia
2520 1163 2730 1224 torques
2745 1154 2922 1224 ferrea
2945 1154 3336 1225 interpretatur
3367 1154 3589 1224 (Jerem.

2006 1243 2182 1312 xvm),
2211 1243 2266 1297 in
2291 1246 2547 1312 praesenti
2577 1245 2815 1313 capitulo
2847 1245 2932 1300 bis
2963 1245 3177 1316 legitur.
3210 1245 3266 1300 lu
3319 1259 3385 1300 eo
3441 1247 3588 1301 enim

2007 1334 2127 1391 loco
2160 1336 2251 1390 ubi
2285 1352 2447 1406 supra
2477 1336 2635 1406 juxta
2669 1337 3020 1409 Septuaginta
3048 1339 3321 1396 diximus:
3354 1339 3592 1394 Dissolue

2007 1427 2354 1498 obligatioues
2383 1429 2732 1485 violentarum
2755 1432 2770 1462 ί
2801 1431 3291 1496 commutationum,
3314 1430 3481 1504 694,
3497 1447 3593 1498 pro

2006 1536 2115 1577 uno
2143 1521 2308 1577 verbo
2335 1537 2482 1578 non
2511 1524 2751 1579 sciamus
2778 1540 2873 1580 eos
2903 1524 3152 1594 posuisse
3177 1523 3430 1579 violentas
3455 1541 3591 1579 cau-

2006 1615 2191 1681 tiones,
2265 1629 2366 1684 pro
2452 1617 2651 1688 quibus
2729 1618 2924 1688 Aquila
3004 1635 3269 1685 errorem,
3339 1617 3591 1690 Symma-

2010 1707 2148 1764 chus
2191 1707 2621 1778 declinationem,
2646 1711 2945 1766 Theodotio
2972 1714 2992 1743 '
3018 1711 3216 1779 κλοιὸν,
3258 1712 3312 1766 id
3366 1721 3450 1767 est
3477 1720 3589 1765 tor-

1999 1815 2192 1872 quem,
2251 1803 2670 1860 transtulerunt.
2746 1803 2980 1862 Rursum
3044 1807 3097 1862 in
3165 1809 3419 1878 praesenti
3468 1807 3589 1862 loco

2309 1897 2573 1953 vertimus
2625 1897 2746 1954 :Si
2783 1899 3066 1954 abstuleris
3138 1906 3200 1955 de
3269 1903 3439 1956 medio
3511 1903 3590 1955 tui

1999 1994 2282 2054 catenam,
2335 1998 2388 2042 et
2434 2004 2530 2058 pro
2588 2000 2773 2044 catena
2830 1989 3182 2064 Septuaginta
3253 1993 3583 2062 συνδεσμδν,

1998 2078 2048 2134 id
2075 2091 2158 2136 est
2197 2080 2619 2153 colligationem,
2647 2083 2763 2138 sive
2792 2083 3084 2152 vinculum,
3131 2084 3530 2140 transtulerunt
3568 2100 3585 2150 ;

1994 2171 2218 2240 Aquila,
2276 2175 2420 2229 sicut
2469 2190 2653 2244 supra,
2707 2191 2962 2239 errorem,
3019 2177 3412 2245 interpretatus
3461 2183 3580 2240 est;

1997 2260 2359 2334 Symmachus
2392 2267 2445 2321 in
2496 2266 2888 2324 Thcodotionis
2929 2269 3068 2324 scita
3123 2269 3432 2323 concedens
3467 2266 3582 2341 [ΑΙ.

1995 2358 2332 2432 concidens],
2365 2367 2604 2430 torquem
2639 2364 2840 2432 posuit.
2864 2362 2980 2418 Iloc
3009 2363 3076 2419 de
3113 2362 3584 2433 interpretationis

1993 2452 2255 2509 varietate
2283 2455 2358 2508 sit
2389 2455 2616 2511 dictum.
2670 2456 2925 2524 Alioquin
2947 2471 3143 2512 sensus
3169 2456 3248 2510 sic
3279 2470 3398 2510 cum
3429 2469 3586 2524 supe-

1994 2545 2234 2601 rioribus
2270 2544 2514 2617 jungitur
2541 2564 2555 2602 :
2589 2547 2810 2606 Orietur
2840 2549 2936 2604 tibi
2972 2549 3238 2603 matutina
3267 2548 3379 2610 lux,
3408 2555 3462 2601 et
3491 2562 3580 2601 sa-

1993 2640 2191 2696 nitates
2230 2651 2334 2695 tua:
2369 2643 2479 2698 cito
2516 2645 2763 2698 orientur
2795 2659 2811 2698 :
2843 2650 2898 2698 et
2947 2643 3216 2713 praecedet
3277 2651 3329 2696 te
3359 2641 3576 2711 justitia

1992 2742 2105 2797 tua,
2136 2741 2191 2788 et
2217 2734 2386 2802 gloria
2414 2734 2628 2791 Domini
2658 2736 2946 2792 coronabit
2976 2746 3050 2791 te.
3076 2736 3580 2805 Deprecanlemque

1991 2827 2174 2881 statim
2199 2829 2474 2895 exaudiet,
2509 2839 2562 2884 et
2596 2845 2655 2885 se
2680 2830 2934 2886 ostendet
2964 2845 3083 2886 esse
3115 2841 3464 2900 praesentem.
3499 2827 3579 2884 Ita

1993 2919 2296 2986 dumtaxat,
2335 2921 2380 2976 si
2411 2924 2478 2977 ad
2508 2923 2794 2992 superiora
2824 2939 2990 2994 opera
3030 2925 3146 2979 haec
3182 2938 3402 2995 quoque
3425 2923 3580 2977 addi-

1992 3011 2161 3077 deris,
2195 3021 2252 3067 ut
2288 3015 2447 3069 tollas
2474 3017 2541 3069 de
2587 3025 2639 3070 te
2673 3017 3061 3087 obligationem
3095 3030 3151 3075 et
3189 3031 3436 3076 catenam
3471 3030 3577 3085 qua

297 3122 370 3172 τὰ
404 3119 612 3187 ιάματά
629 3137 745 3187 σου,
771 3121 826 3177 id
849 3136 954 3190 est,
972 3127 1232 3184 sanitates
1259 3108 1386 3201 tuae,
1406 3133 1583 3192 Latini
1613 3138 1889 3212 interpre-
1912 3117 1959 3178 θ
1995 3115 2082 3212 ξω
2116 3108 2313 3212 animi
2341 3108 2590 3177 compta
2620 3119 2726 3212 Fs"
2871 3121 3067 3212 q"“_°‘
3089 3113 3286 3171 Petrus
3318 3115 3574 3186 “quem-

303 3221 410 3273 tes,
445 3213 590 3267 ducti
622 3215 862 3272 nominis
899 3218 1282 3292 similitudine,
1326 3225 1539 3296 ἱμάτια,
1576 3229 1630 3284 id
1674 3241 1779 3301 est,
1808 3250 1892 3288 oe-

300 3304 569 3357 stimenta
611 3317 934 3373 posuerunt.
975 3309 1130 3366 Unde
1162 3317 1318 3372 multi
1340 3321 1715 3379 translationis
1746 3326 1890 3382 falsi-

301 3405 413 3450 tate
440 3398 673 3467 decepti,
688 3400 755 3455 ad
771 3406 1233 3463 resurrectionem
1255 3415 1502 3482 corporis
1526 3420 1890 3488 comproban-

299 3490 450 3553 dam,
485 3490 589 3546 hoc
617 3502 848 3548 utuntur
877 3498 1218 3566 testimonio,
1269 3519 1378 3572 quo
1445 3507 1659 3564 scilicet
1717 3514 1888 3568 vesti-

301 3592 552 3636 mentum
581 3585 777 3640 animae
801 3599 1004 3658 corpus
1033 3592 1205 3662 accipi
1264 3596 1454 3664 velint,
1489 3601 1636 3668 quod
1693 3602 1746 3656 in
1799 3603 1887 3659 die

301 3677 724 3734 resurrectionis
746 3681 978 3737 oriatur.
1010 3682 1080 3738 Et
1109 3689 1397 3755 antecedet,
1431 3690 1630 3761 inquit,
1650 3695 1704 3748 in
1763 3712 1889 3750 con-

295 3782 484 3839 spectu
513 3782 603 3826 tuo
641 3773 858 3843 justitia
897 3785 991 3832 tua
1027 3777 1185 3849 (Gen.
1226 3798 1356 3851 xxx,
1415 3787 1505 3853 3'5,
1528 3804 1634 3844 sec.
1698 3790 1885 3862 LXX).

303 3864 619 3920 Secundum
653 3866 782 3922 illud
813 3871 960 3940 quod
987 3871 1230 3942 loquitur
1257 3874 1429 3933 Jacob
1458 3898 1472 3934 :
1507 3881 1771 3940 Exaudiet
1807 3903 1887 3942 me

303 3976 422 4014 cras
443 3959 656 4029 justitia
682 3977 798 4017 mea
821 3979 842 4028 ;
870 3973 925 4020 et
955 3965 1274 4038 implebitur
1302 3973 1446 4042 quod
1475 3978 1740 4047 scriptum
1777 3992 1884 4037 est:

305 4051 443 4108 Ecce
475 4054 657 4121 homo,
695 4065 748 4112 et
770 4071 935 4127 opera
965 4059 1102 4128 ejus.
1130 4059 1202 4115 Et
1223 4063 1394 4134 gloria
1423 4067 1638 4124 Domini
1661 4074 1886 4128 circum-

301 4145 451 4199 dabit
484 4156 552 4213 te,
582 4149 741 4217 quasi
794 4162 944 4206 veste
995 4154 1386 4224 pulcherrima,
1447 4167 1507 4215 ut
1560 4164 1886 4232 glorificeris

301 4242 450 4310 apud
483 4238 651 4294 Deum
678 4250 733 4296 et
791 4243 931 4311 apud
995 4246 1266 4305 homines.
1305 4250 1456 4307 Tunc
1495 4256 1780 4337 invocabis,
1832 4272 1884 4319 et

305 4333 564 4386 Dominus
589 4334 838 4388 exaudiet
872 4355 887 4391 :
910 4335 1187 4408 clamabis,
1221 4349 1274 4397 et
1293 4344 1428 4399 dicet
1451 4359 1472 4400 :
1499 4345 1636 4404 Ecce
1666 4333 1878 4422 adsum,

303 4439 411 4478 non
442 4439 597 4490 voce,
637 4430 732 4481 sed
762 4442 928 4498 opere
952 4445 969 4495 ;
996 4445 1100 4486 non
1135 4438 1510 4508 responsione,
1555 4443 1648 4498 sed
1680 4444 1881 4501 beneﬂ-

1993 3207 2082 3253 tur
2132 3199 2199 3254 ad
2261 3198 2680 3258 Simonemzln
2737 3204 2862 3273 felle
2909 3207 3051 3262 enim
3109 3211 3492 3266 amaritudinis
3524 3221 3573 3266 et

1992 3292 2316 3364 obligatione
2345 3296 2644 3366 iniquitatis
2700 3298 2852 3352 video
2879 3311 2926 3354 te
2984 3318 3096 3357 esse
3133 3304 3271 3375 (Act.
3301 3320 3421 3374 Vill,
3457 3307 3570 3379 23).

1994 3386 2061 3441 Et
2109 3385 2308 3443 Paulus
2349 3389 2585 3456 dolebat,
2634 3391 2930 3464 obligatam
2972 3411 3203 3453 cernens
3251 3399 3575 3457 idololatria:

1973 3480 2406 3536 Atheniensium
2441 3482 2742 3539 civitatem.
2789 3483 3031 3542 Funibus
3068 3489 3210 3543 enim
3237 3503 3574 3561 peccatorum

1993 3588 2212 3628 suorum
2236 3577 2590 3646 unusquisque
2637 3579 3220 3652 constringitur(Prov.
3258 3602 3312 3649 v,
3344 3587 3458 3655 εἰ).
3497 3589 3575 3644 De

1993 3665 2192 3734 quibus
2241 3671 2437 3723 animae
2499 3672 2738 3728 vinculis
2794 3684 2850 3729 et
2898 3675 3067 3731 David
3127 3680 3455 3744 precabatur
3515 3683 3566 3734 iu

1992 3758 2247 3813 Psalmo:
2290 3760 2369 3814 Ab
2404 3761 2626 3818 occultis
2677 3767 2806 3820 meis
2839 3769 3053 3835 gmunda
3107 3787 3208 3836 me,
3243 3771 3490 3838 Domine,
3521 3787 3570 3828 et

1992 3853 2058 3908 ab
2088 3852 2276 3909 alienis
2306 3872 2462 3922 parce
2489 3873 2636 3912 seruo
2685 3867 2777 3914 tuo
2803 3859 2979 3930 (Psal.
3013 3877 3168 3928 svrtt,
3204 3864 3314 3934 15).
3347 3864 3572 3922 Difficile

1993 3946 2268 4014 reperitur
2294 3949 2387 4016 qui
2421 3947 2510 4002 his
2534 3963 2643 4004 non
2667 3951 2966 4020 stringatur
2997 3956 3222 4010 catenis.
3250 3955 3395 4012 Raro
3421 3958 3576 4013 inve;

1991 4039 2140 4093 nitur
2170 4042 2350 4094 anima
2383 4056 2504 4111 quae
2548 4042 2690 4098 hanc
2737 4046 3116 4115 gravissimam
3167 4058 3416 4120 torquem
3459 4067 3568 4108 non

1990 4130 2189 4188 habeat
2214 4149 2317 4189 suo
2347 4135 2490 4190 collo
2522 4135 2938 4206 circumdatam,
2971 4141 3040 4194 ad
3067 4150 3282 4198 terrena
3309 4159 3370 4200 se
3399 4159 3566 4214 Opera

1989 4226 2409 4296 deprimentem,
2448 4241 2508 4285 ut
2565 4245 2909 4303 nequaquam
2961 4235 3181 4305 uelum,
3217 4241 3312 4294 sed
3361 4248 3565 4297 terram

1987 4321 2235 4390 aspiciat.
2295 4321 2450 4390 Quod
2482 4331 2538 4378 et
2569 4331 2636 4380 de
2674 4328 2986 4398 evangelica
3040 4330 3272 4387 refertur
3319 4335 3566 4400 muliere,

1987 4429 2153 4484 quam
2195 4417 2446 4472 vinxerat
2478 4417 2716 4475 Satanas
2767 4437 2863 4492 per
2893 4438 3066 4482 annos
3125 4427 3312 4482 decem
3341 4438 3396 4484 et
3417 4442 3565 4494 octo,

300 4518 425 4573 ciis.
441 4517 592 4585 Quod
604 4521 758 4591 juxta
775 4521 1006 4577 litteram
1021 4533 1074 4579 et
1095 4526 1144 4579 in
1165 4491 1456 4601 Evangelio
1471 4537 1878 4605 comprobatur,

1992 4515 2047 4562 ut
2093 4507 2397 4578 incurvata,
2429 4512 2675 4568 caelestia
2728 4529 2837 4570 non
2879 4517 3085 4573 videret
3134 4518 3285 4592 (Luc.
3320 4522 3465 4592 sui).
3507 4523 3564 4579 Si

307 4616 528 4682 quando
551 4614 767 4670 dicente
783 4617 851 4671 ad
875 4617 1490 4691 Dominumleproso,Si
1511 4627 1608 4694 vis,
1625 4640 1770 4698 potes
1802 4649 1882 4688 me

302 4709 580 4774 mundare,
599 4711 870 4779 respondit
902 4709 1163 4772 Dominus
1189 4717 1410 4774 dicens:
1450 4717 1876 4787 Volo,mundare.

373 4847 552 4919 (Vers.
584 4849 697 4920 10.)
723 4868 745 4903 ι
774 4849 831 4906 Si
856 4829 1150 4910 abstuleris
1183 4857 1250 4912 de
1273 4860 1452 4916 medio
1487 4864 1564 4918 tui
1600 4875 1876 4932 catenam.

299 4951 357 5000 et
380 4943 611 4999 desieris
661 4945 884 5014 digitum
941 4949 1264 5013 extendere,
1312 4961 1365 5006 et
1415 4953 1559 5022 loqui
1583 4959 1731 5027 quod
1768 4975 1875 5016 non

300 5040 538 5106 prodest.
569 5035 704 5092 Cum
728 5037 985 5094 ell'uderis
1009 5041 1273 5097 esurienti
1327 5047 1567 5102 animam
1601 5060 1774 5118 tuam,
1823 5063 1879 5109 et

374 5239 389 5269 ⁸
415 5238 648 5312 Reponit
675 5239 881 5324 Victor.
914 5247 1339 5328 cautionumpro
1367 5259 1870 5328 commutationum,

300 5324 650 5391 erroretriqtte
678 5314 755 5367 ait
785 5325 970 5391 patere
993 5333 1059 5372 ex
1091 5314 1294 5384 verbis,
1323 5336 1546 5391 Ipsoque
1583 5329 1697 5379 τῶν
1727 5314 1869 5386 LXX

303 5389 502 5464 textu.“
531 5382 638 5436 Sed
691 5398 796 5464 non
856 5388 1189 5442 ditiitendum
1211 5382 1570 5464 συὺάίλλαῆμα
1591 5407 1644 5451 et
1672 5382 1872 5454 securi:

300 5453 422 5503 dum
463 5451 664 5508 Graecae
695 5455 892 5524 lingua:
927 5463 1334 5535 proprietatem,
1357 5451 1867 5535 irtter'pretariil‘l‘ie-

301 5534 594 5606 rouy‘r‘num.
635 5529 1095 5606 commutationem
1131 5530 1184 5583 in
1229 5531 1469 5606 subnexa
1503 5529 1867 5606 expositione.

371 5594 390 5622 ³
413 5591 618 5669 fiosui,
648 5605 701 5669 et
730 5612 866 5664 quos
896 5598 1146 5669 hlartiau.
1172 5603 1467 5669 consuluit,
1499 5591 1628 5662 mss.
1663 5591 1870 5666 aliud;

303 5657 380 5736 8.Δ
413 5657 613 5718 Ductor
676 5657 768 5720 lib'.
803 5670 866 5721 de
901 5666 1222 5724 Nominibus
1248 5657 1525 5728 Hebraicis
1554 5657 1817 5735 εἶπειῶ
1843 5657 1863 5736 έ

308 5749 327 5781 ⁸
363 5731 544 5802 Ῑιυκδν
614 5737 809 5806 induit,
863 5742 1082 5809 quidam
1151 5731 1583 5813 interpretantur
1653 5731 1859 5823 ᾇὶὲιδῖδ

1957 4603 2134 4673 'ergo.
2153 4605 2250 4670 ait,
2278 4606 2471 4662 tuleris
2500 4607 2570 4663 de
2597 4611 2774 4667 medio
2798 4613 2981 4668 cordis
3007 4615 3082 4668 tui
3121 4617 3262 4671 hanc
3289 4627 3558 4686 catenam,

1983 4704 2038 4751 et
2073 4695 2384 4752 istiusmodi
2406 4699 2623 4756 vincula
2654 4702 3030 4774 dissipaveris,
3070 4715 3124 4762 et
3156 4710 3552 4778 σχειροῖονίαν,

1979 4801 2082 4858 pro
2109 4803 2216 4860 qua
2254 4799 2364 4846 tres
2396 4793 2488 4848 alii
2522 4792 2851 4866 interpretes
2919 4813 3053 4854 voce
3095 4815 3332 4855 consona
3371 4810 3560 4856 exten-

1942 4891 2094 4935 rtum
2127 4884 2353 4954 digitum
2397 4890 2796 4946 transtulerunt
2836 4908 2850 4944 :
2884 4900 2940 4944 ut
2990 4907 3094 4946 non
3138 4893 3310 4946 solum
3354 4895 3555 4948 malum

1981 4974 2156 5041 ipsum
2199 4989 2302 5030 non
2334 4981 2563 5050 cogites,
2592 4991 2650 5036 et
2678 4996 2784 5036 non
2825 4982 3014 5046 facias,
3060 4985 3154 5038 sed
3193 5000 3259 5039 ne
3294 4987 3556 5042 detrahas

1979 5066 2194 5136 quidem
2238 5072 2485 5138 proximo
2514 5082 2628 5139 tuo,
2666 5081 2721 5129 et
2756 5075 3000 5144 singulos
3036 5077 3188 5145 quasi
3249 5077 3418 5147 digito
3456 5096 3556 5135 no-

1978 5275 2227 5335 torquem
2257 5269 2943 5350 ﬁdelicetdamnatorum,
2987 5293 3148 5350 quam
3184 5282 3340 5350 vulgo
3365 5278 3550 5336 Boiam

1979 5349 2244 5418 vocant-zu»
2267 5338 2422 5418 Paria
2452 5342 2874 5418 babetinferius
2906 5338 3232 5418 inderemia:
3253 5338 3547 5418 c‘ap.xsvtl.

2047 5407 2452 5488 :‘yreodotio
2510 5415 2710 5488 κλοιὸν,
2767 5423 2875 5488 etc.
2922 5417 3052 5472 Mss.
3099 5407 3334 5474 codices.
3371 5423 3552 5488 legunt

1975 5476 2208 5531 KAYON
2234 5489 2294 5532 ut
2321 5489 2475 5536 antea
2506 5476 2913 5538 observavimus
2945 5489 3012 5543 ad
3044 5488 3238 5545 librum
3264 5476 3548 5546 Nomiuum

1975 5555 2041 5627 ad
2074 5565 2258 5627 vocem
2312 5549 2486 5615 Laza,
2533 5570 2707 5627 quam
2769 5557 2985 5624 quidam
3032 5560 3364 5627 interpretati
3421 5568 3552 5614 sunt

1976 5619 2178 5682 κλοιὸν,
2214 5632 2458 5689 torquem
2475 5619 2741 5700 ‘videlicel
2763 5619 3338 5700 dauutatorumjvulgo
3361 5629 3549 5696 Boiam

1977 5699 2242 5745 vocatam.
2285 5694 2521 5750 Consule
2576 5698 2750 5752 locum
2774 5709 2826 5753 et
2889 5699 3096 5756 scholia
3144 5694 3349 5757 nostra.
3393 5694 3548 5758 Mn-

1977 5775 2124 5812 TlAN.
