3902 6182
361 346 464 415 591
1559 338 1616 402 S.
1658 331 1978 400 EUSEBII
2018 323 2458 392 HIERONYMI
3519 317 3604 379 592

361 478 463 530 tes,
506 471 558 517 et
589 459 826 531 loquaris
864 457 1008 529 quod
1046 471 1149 512 non
1189 455 1409 527 prodest
1457 453 1652 508 animae
1688 462 1814 514 tuae,
1841 461 1948 502 non
1987 446 2040 508 Α
2065 443 2166 496 tua:
2202 457 2318 512 ante
2352 441 2407 493 in
2443 445 2492 491 te
2520 444 2623 500 est,
2656 433 2879 489 tenebrae
2905 437 3044 499 sunt,
3076 432 3199 500 ipsa:
3229 427 3438 482 tenebras
3460 438 3605 498 quan‘

358 567 448 609 tua
493 554 655 620 mala,
697 553 791 609 sed
823 552 1052 607 altorum
1111 561 1326 604 errores
1369 545 1724 601 considerans
1759 559 1774 595 :
1803 539 1954 592 acci-
2073 545 2140 589 to:
2172 543 2296 588 sunt
2327 529 2551 602 (Matth.
2575 544 2651 594 vi,
2683 527 2809 597 ιδῃ
2842 524 3259 580 Consideremus
3281 528 3485 592 quantis
3513 522 3606 576 vir-

362 652 480 716 pies
529 661 648 716 quas
697 658 930 714 sequens
980 655 1158 696 sermo
1229 638 1524 694 subnectit.
1585 632 1834 700 Plerique
1865 643 1961 682 no-
2052 627 2273 682 ’tutibus
2341 622 2728 694 perveniamus
2805 620 2870 675 ad
2930 619 3107 672 lucem
3167 615 3284 680 Dei,
3319 624 3377 668 ut
3403 614 3608 668 tenebrae

363 753 600 793 Str-orum
630 734 988 807 χειροτονίαν,
1051 731 1100 785 id
1141 739 1245 793 est,
1297 727 1689 782 ordinationem
1732 721 1949 775 clerico-
2067 724 2358 771 vertantur
2394 715 2450 767 in
2491 712 2801 774 meridiem,
2859 709 3214 775 dicamusque
3234 719 3351 757 cum
3389 716 3607 770 sponsa:

363 848 505 895 rum,
560 845 678 897 quae
732 842 836 882 non
897 825 1074 880 solum
1132 822 1196 875 ad
1265 817 1715 889 imprecationem
1781 813 1958 876 vocis,
2069 807 2169 862 Ubi
2195 808 2390 877 pascis,
2422 805 2510 860 ubi
2543 804 2803 866 cnbas,in
2838 799 3055 854 meridie
3090 797 3272 860 (Cant.
3301 811 3339 862 ι,
3368 795 3456 855 6)?

565 882 664 976 sed
717 918 782 973 ad
840 915 1248 986 impositionem
1309 882 1566 982 impletur
1629 920 1824 960 manus
1857 903 1954 973 (ne
2138 897 2321 968 (Vers.
2380 882 2491 964 if.)
2545 913 2563 946 ι
2609 891 2677 946 Et
2725 890 2969 959 requiem
3025 887 3176 942 dabit
3235 884 3331 939 tibi
3384 882 3615 937 Dominus

362 1017 589 1077 scilicet,
616 1014 748 1067 utin
791 1008 1113 1080 quibusdam
1161 1006 1404 1070 risimus,
1437 1001 1590 1057 vocis
1643 997 1962 1068 imprecatio
2065 1005 2302 1060 semper,
2333 995 2388 1042 et
2421 985 2670 1056 implebit
2694 980 3082 1052 splendoribus
3110 979 3349 1032 animam
3389 987 3542 1040 tuam,
3571 987 3620 1029 c;

363 1105 699 1161 clandestina
736 1103 968 1159 clericos
1003 1099 1223 1155 ordinet
1258 1092 1609 1160 nescientes),
1641 1091 1719 1146 sic
1756 1088 1955 1143 iutelli-
2064 1098 2192 1143 ossa
2219 1093 2307 1137 tua
2344 1080 2620 1136 liberabit.
2651 1078 2720 1132 Et
2779 1075 2892 1131 eris
2919 1075 2935 1104 ¹
2970 1072 3131 1144 quasi
3163 1072 3351 1125 hortus
3378 1069 3615 1138 irriguos.

364 1210 517 1269 guut,
573 1208 630 1250 ut
681 1204 977 1259 assumant)
1026 1191 1401 1247 testimonium
1462 1185 1614 1240 Pauli
1658 1181 1956 1238 scribentis
2065 1186 2118 1232 et
2151 1176 2298 1231 sicut
2331 1173 2453 1231 fons
2489 1185 2774 1242 aquarum,
2817 1169 2974 1238 cujus
3003 1182 3110 1222 non
3140 1164 3390 1219 deﬁcient
3417 1151 3613 1230 aqua.»

367 1297 430 1346 ad
457 1291 803 1347 Timotheum
836 1305 850 1342 :
886 1287 1080 1341 Manus
1119 1285 1222 1338 cito
1265 1281 1462 1336 nemini
1499 1277 1836 1348 imposneris,
1869 1290 1961 1329 ne-
2064 1267 2248 1322 LXX:
2283 1285 2301 1318 ι
2333 1267 2401 1320 Et
2427 1264 2533 1320 erit
2577 1263 2720 1318 Deus
2751 1274 2876 1316 tuus
2904 1270 3079 1316 tecum
3108 1269 3357 1327 semper:
3385 1263 3435 1309 et
3460 1254 3612 1322 imple

365 1400 464 1452 que
500 1380 972 1436 communicaveris
1001 1377 1227 1449 peccatis
1267 1373 1456 1426 alienis
1489 1368 1540 1439 (l
1574 1366 1716 1422 Tim.
1754 1380 1805 1431 ν,
1839 1363 1958 1434 22).
2063 1363 2212 1418 beris
2265 1362 2407 1418 sicut
2460 1359 2730 1415 desiderat
2781 1355 2963 1412 anima
3031 1362 3147 1420 tua,
3181 1361 3235 1406 et
3266 1366 3383 1405 ossa
3417 1359 3495 1403 tua
3523 1351 3623 1417 pitu

370 1477 492 1528 Non
529 1484 613 1529 est
675 1473 819 1528 enim
866 1477 1148 1541 peccatum
1197 1467 1336 1530 leve,
1370 1463 1586 1518 mittere
1632 1456 1960 1541 margaritas
2063 1462 2342 1524 guescent.
2391 1453 2461 1508 Et
2511 1459 2673 1507 erunt
2710 1449 2852 1504 sicut
2906 1448 3097 1503 hortus
3157 1445 3340 1515 ebrius
3370 1459 3384 1498 :
3415 1452 3464 1497 et
3503 1442 3623 1496 sictzt

529 1513 613 1529 νο.
868 1513 1148 1541 p...-.......--.
1197 1513 1336 1530 --.-,
1754 1513 1781 1526 ν
2063 1513 2093 1524 ν

373 1577 500 1620 ante
534 1579 750 1634 porcos,
785 1572 839 1617 et
871 1563 1001 1616 dare
1018 1566 1270 1614 sanctum
1336 1552 1566 1608 canibus
1606 1548 1820 1618 (Matth.
1861 1525 1958 1598 vn)
2064 1544 2183 1600 fons
2209 1587 2224 1611 ,
2257 1545 2343 1599 cui
2421 1559 2531 1599 non
2589 1542 2807 1597 deﬁciet
2871 1555 3035 1609 aqua.
3085 1557 3106 1591 ι
3136 1513 3288 1603 Quod
3329 1534 3381 1589 in
3420 1533 3620 1589 Alexan-

370 1667 427 1713 et
454 1656 856 1712 ordinationem
887 1652 1200 1716 clericatus,
1249 1659 1597 1717 nequaquam
1641 1638 1849 1696 sanctis
1903 1645 1958 1690 et

373 1753 425 1803 in
462 1751 578 1819 lege
609 1747 708 1802 Dei
751 1742 1105 1808 doctissimis,
1147 1740 1242 1797 sed
1283 1735 1510 1794 asseelis
1544 1732 1657 1789 suis
1693 1731 1954 1790 tribuere,

2060 1638 2236 1693 drinis
2266 1640 2286 1669 ³
2321 1635 2722 1705 exemplaribus
2789 1637 2845 1689 in
2919 1632 3193 1704 principio
3228 1630 3384 1698 hujus
3427 1626 3617 1698 capituli

2063 1730 2308 1784 additum
2339 1737 2422 1783 est
2454 1744 2471 1783 ;
2499 1727 2567 1781 Et
2612 1728 2783 1780 adhuc
2837 1727 2897 1779 in
2961 1733 3010 1778 te
3043 1724 3145 1778 erit
3190 1721 3308 1777 laus
3360 1736 3468 1774 mea
3509 1735 3620 1774 sem-

371 1854 424 1898 et
449 1841 640 1896 vilium
668 1837 971 1894 ollieiorum
1022 1830 1340 1888 ministris:
1380 1826 1639 1899 quodque
1675 1824 1760 1878 his
1791 1817 1955 1874 dede—
1983 1815 2032 1876 Β
2058 1836 2192 1892 per:
2232 1829 2288 1876 et
2329 1820 2384 1874 in
2436 1818 2566 1886 line,
2589 1829 2635 1872 et
2678 1833 2800 1872 ossa
2847 1828 2939 1870 tua
2981 1816 3136 1886 quasi
3193 1814 3352 1868 herba
3399 1812 3619 1879 orientur,

371 1935 618 1992 corosius
647 1943 754 2001 est,
796 1928 1244 1986 muliercularum
1293 1921 1573 1996 precibus.
1602 1919 1658 1973 In
1694 1931 1801 1987 quo
1829 1929 1962 1969 con-

372 2029 661 2086 sideranda
684 2024 956 2096 loquentis
989 2022 1043 2076 in
1069 2036 1127 2076 se
1156 2017 1362 2074 Christi
1387 2012 1633 2086 Apostoli
1665 2007 1962 2079 sapientia,

375 2124 464 2192 qui
502 2131 560 2176 ut
597 2116 959 2176 ordinationis
987 2110 1292 2186 periculum
1336 2109 1761 2175 demonstraret,
1787 2099 1974 2168 junxit

379 2224 641 2272 tormenta
661 2210 1006 2283 peccantium
1034 2223 1049 2264 :
1077 2203 1260 2274 Neque
1281 2198 1755 2257 communicaueris
1781 2207 1971 2265 pecca-

374 2312 441 2365 tis
475 2308 684 2363 alienis.
716 2304 874 2359 Sicut
929 2317 1059 2372 ergo
1098 2303 1150 2355 in
1183 2293 1630 2355 ordinationibus
1669 2288 1969 2344 malorum:

375 2401 650 2470 particeps
699 2406 784 2450 est
819 2403 1167 2464 peccatorum
1221 2389 1312 2461 qui
1349 2387 1485 2441 tales
1513 2379 1806 2439 constituit
1841 2395 1855 2433 :
1887 2377 1968 2433 sic

377 2496 429 2548 in
458 2491 805 2548 ordinatione
847 2497 1183 2550 sanctorum,
1227 2481 1503 2553 particeps
1537 2485 1621 2534 est
1652 2486 1842 2530 eorum
1877 2471 1963 2540 ju-

377 2587 559 2650 stitiaa,
593 2584 687 2655 qui
722 2583 893 2637 bonos
919 2578 1099 2649 elegit.
1132 2576 1430 2646 Sequitur:
1462 2571 1530 2625 Et
1563 2568 1775 2624 verbum
1810 2578 1960 2617 mur-

380 2677 719 2742 murationis,
750 2671 1098 2736 subauditur,
1133 2668 1242 2722 ἀπὸ
1274 2662 1482 2737 κφινοῦ,
1525 2662 1572 2718 si
1607 2655 1898 2716 abstuleris
1931 2668 1960 2707 a

377 2781 448 2825 te.
489 2767 721 2822 Verbqu
747 2775 927 2819 autem
961 2757 1409 2816 murmurationis
1443 2762 1546 2819 est,
1584 2749 1801 2822 quando
1831 2760 1960 2800 con-

378 2876 458 2918 tra
509 2875 608 2916 nos
653 2858 897 2926 loquitur
936 2855 1080 2908 Deus
1116 2869 1128 2904 :
1162 2850 1382 2904 Desinat
1428 2864 1461 2900 a
1494 2860 1571 2898 me
1599 2836 1960 2895 murmuratio

379 2953 558 3022 papuli
614 2952 796 3022 hujus,
823 2959 866 3002 et
901 2963 1003 3000 non
1055 2943 1350 3006 morietur;
1407 2946 1703 3004 nostraque
1736 2939 1958 3001 peccata

381 3047 668 3101 referimus
717 3044 780 3096 ad
818 3040 1008 3102 Deum,
1061 3037 1126 3090 ad
1184 3032 1526 3089 excusandas
1575 3023 1957 3082 excusationes

380 3160 432 3196 ιιι
461 3139 722 3211 peccatis,
760 3146 813 3189 et
836 3134 1068 3188 dicimus
1103 3127 1403 3198 :Corporis
1446 3137 1531 3178 me
1560 3119 1840 3191 superavit
1868 3131 1952 3170 ar-

380 3235 499 3298 dor,
554 3227 932 3288 adolescentiae
990 3224 1263 3279 incentiva
1333 3212 1801 3280 vicerunt,aDeo
1839 3208 1960 3264 talis

383 3337 602 3383 creatus
628 3339 746 3378 sum
785 3338 800 3375 :
834 3327 1126 3390 paupertas
1177 3315 1353 3385 coegit
1389 3311 1453 3366 ad
1507 3310 1734 3364 furtum.
1767 3305 1960 3373 Itaque

382 3426 426 3478 si
462 3437 568 3476 non
605 3416 898 3474 fecerimus
925 3413 1028 3467 ista
1058 3425 1178 3480 qua:
1214 3410 1358 3464 dicta
1395 3412 1544 3472 sunt,
1583 3409 1638 3457 et
1665 3399 1956 3455 fecerimus

379 3532 442 3571 ea
479 3528 599 3583 (iure
628 3509 858 3566 dicenda
880 3514 1030 3570 sunt,
1063 3512 1121 3558 ut
1148 3499 1432 3564 esurienti,
1459 3510 1566 3552 non
1595 3494 1740 3550 sicut
1775 3504 1962 3559 supra,

383 3609 573 3663 demus
612 3615 805 3673 panem
847 3597 1121 3657 nostrum,
1163 3591 1258 3649 sed
1299 3589 1537 3644 animam
1590 3593 1862 3644 nostram,
1906 3585 1967 3633 ut

395 3715 520 3754 eum
544 3698 598 3752 in
625 3695 1039 3766 quibuseunque
1086 3699 1380 3757 possumus
1413 3680 1748 3749 adiuvemus,
1783 3685 1968 3729 etnon

384 3789 540 3860 quasi
580 3801 647 3841 ex
680 3783 905 3839 tristitia
941 3790 996 3835 et
1027 3776 1371 3840 necessitate,
1408 3771 1503 3829 sed
1534 3784 1604 3825 ex
1655 3767 1839 3822 animo
1867 3762 1968 3819 tri«

328 3901 341 3912 ο
384 3856 636 3946 buamus,
693 3876 1023 3946 accipientes
1070 3870 1268 3941 magis,
1303 3881 1468 3938 quam
1520 3863 1714 3919 dantes
1766 3856 1972 3915 beneﬁ-

385 3979 532 4032 cium
565 3991 581 4029 :
615 3971 860 4026 Hilarem
879 3966 1018 4022 enim
1043 3964 1284 4018 datorem
1329 3959 1506 4028 diligit
1554 3953 1692 4009 Deus
1728 3949 1813 4023 (II
1840 3949 1966 4006 Cor.

388 4086 464 4135 ix,
499 4069 580 4137 7),
617 4075 678 4120 ut
711 4064 951 4118 animam
997 4056 1330 4114 esurientem
1381 4051 1498 4106 sive
1543 4047 1798 4102 atilictam
1859 4056 1968 4097 non

390 4135 755 4228 r-etoc-illemus
791 4169 858 4210 ex
916 4158 1097 4222 parte,
1129 4147 1229 4204 sed
1290 4153 1604 4201 saturemus
1640 4157 1654 4194 :
1687 4146 1743 4193 et
1783 4135 1971 4191 dolea-

390 4268 510 4308 mus
533 4226 664 4306 cum
692 4246 1022 4311 dolentibus,
1069 4241 1461 4308 lugeamusque
1495 4247 1620 4287 cum
1661 4226 1971 4300 lugentibus

392 4346 570 4417 (Rom.
608 4342 733 4412 xu),
773 4350 904 4395 tunc
957 4336 1164 4393 orietur
1221 4331 1275 4385 in
1327 4325 1566 4383 tenebris
1607 4324 1703 4378 lux
1759 4327 1969 4382 nostra,

392 4412 482 4494 ille
512 4436 602 4507 qui
627 4435 799 4489 dicit:
833 4431 946 4502 Ego
978 4430 1072 4482 tua:
1123 4425 1243 4479 veni
1269 4426 1325 4477 in
1374 4419 1676 4474 mundum:
1714 4422 1771 4468 ut
1799 4412 1969 4468 omnis

2077 1922 2126 1968 et
2171 1913 2539 1982 pinguescent,
2569 1919 2619 1964 et
2673 1909 2978 1964 Itwreditate
3019 1905 3351 1977 possidebunt
3393 1905 3446 1956 in
3492 1917 3619 1970 gene-

2075 2005 2333 2057 rationem
2374 2013 2424 2056 et
2476 2000 2836 2071 generationes
2863 1995 2903 2064 ³,
2941 1999 2998 2052 in
3042 1996 3309 2051 Hebraico
3355 2009 3453 2048 non
3484 1993 3619 2046 hahe-

2077 2104 2185 2162 tur,
2213 2097 2307 2152 sed
2347 2095 2401 2150 in
2439 2094 2792 2164 Septuaginta
2833 2092 3054 2162 quidem
3085 2088 3386 2144 emendatis
3417 2096 3468 2142 et
3498 2099 3617 2138 veris

2073 2187 2481 2259 exemplaribus
2516 2187 2698 2244 :uude
2729 2183 2890 2240 obelo
2933 2182 3349 2253 praeparandum
3386 2189 3482 2234 est.
3508 2175 3616 2232 Cum

2073 2281 2321 2345 tenebris,
2347 2281 2541 2351 inquit,
2580 2279 2806 2349 pectoris
2838 2278 2939 2341 tui,
2987 2285 3108 2332 orta
3145 2275 3285 2340 luce,
3319 2270 3618 2329 iuerintdis-

2069 2377 2282 2443 solutae,
2309 2385 2363 2432 et
2417 2389 2516 2446 pro
2551 2385 2715 2429 nocte
2763 2370 3027 2442 palpabili
3083 2368 3340 2425 meridies
3369 2365 3618 2422 lueritexo

2069 2479 2210 2534 orta,
2244 2479 2373 2524 tunc
2421 2481 2636 2536 semper
2680 2465 3046 2521 habitatorem
3103 2461 3328 2518 habebis
3347 2457 3615 2526 Deutn,qui

2068 2561 2293 2631 impleat
2325 2560 2708 2630 splendoribus
2768 2559 3008 2612 animam
3070 2565 3247 2610 tuam.
3271 2554 3348 2608 De
3375 2553 3616 2622 quibusin

2066 2655 2273 2726 psalmo
2302 2655 2502 2725 legitur
2539 2671 2554 2709 ;
2588 2653 2781 2709 Tecum
2835 2649 3164 2723 principium
3221 2649 3278 2705 in
3311 2647 3394 2704 die
3436 2644 3615 2710 uirtuti;

2063 2756 2193 2811 tute,
2221 2748 2275 2800 in
2315 2746 2680 2816 splendoribus
2714 2754 3042 2810 sanctorum,
3097 2757 3165 2797 ea:
3195 2750 3342 2796 utero
3367 2750 3480 2795 ante
3507 2739 3616 2792 luri-

2067 2838 2240 2908 ferum
2294 2841 2452 2911 genui
2505 2850 2552 2894 te
2583 2839 2757 2908 (Psal.
2822 2854 2932 2904 cu,
3001 2836 3077 2906 ὅ).
3139 2837 3268 2893 Sive
3319 2833 3616 2891 saturaberis

2080 2936 2294 2992 cunctis
2322 2952 2443 3008 quae
2469 2937 2742 2990 desiderat
2795 2935 2980 2990 anima
3012 2945 3132 2998 tua,
3172 2935 3298 3004 quia
3325 2944 3377 2988 et
3413 2931 3518 3001 ipse
3539 2943 3612 2980 sae

2067 3029 2263 3083 turasti
2296 3029 2531 3081 animam
2555 3027 2910 3093 esurientem,
2946 3035 3002 3080 et
3060 3024 3250 3082 dicere
3274 3022 3467 3094 poteris
3500 3017 3614 3076 :Be-

2063 3121 2234 3184 nedic,
2269 3121 2452 3174 anima
2490 3135 2627 3185 mea,
2649 3118 2900 3184 Domino,
2956 3119 3048 3188 qui
3081 3118 3264 3186 implet
3296 3119 3349 3171 in
3376 3115 3511 3171 bonis
3537 3113 3610 3164 den

2066 3213 2321 3267 siderium
2347 3223 2494 3265 tuum
2529 3211 2707 3282 (Psal.
2748 3227 2844 3276 cu,
2879 3211 2931 3279 1,
2966 3211 3062 3282 5);
3097 3221 3157 3266 et
3180 3226 3303 3268 ossa
3337 3208 3614 3264 tuslibera-

2069 3307 2275 3360 buntur
2306 3305 2374 3360 de
2419 3306 2644 3362 interitu
2679 3313 2736 3360 et
2791 3305 3231 3376 igne'perpetuo.
3297 3302 3417 3358 Sive
3445 3299 3610 3367 impin-

2069 3407 2348 3467 guescent,
2414 3407 2473 3452 ut
2525 3397 2812 3467 pristinam
2877 3396 3299 3452 crassitudinem
3361 3395 3612 3462 recipiant,

2069 3506 2190 3561 quae
2214 3490 2357 3545 fame
2385 3491 2656 3546 sermonis
2683 3489 2900 3544 Domini
2926 3499 3205 3544 attenuata
3239 3489 3461 3543 fuerant.
3484 3481 3612 3549 Quod

2071 3583 2288 3652 quidem
2327 3589 2381 3637 et
2427 3581 2583 3652 juxta
2615 3581 2854 3636 litteram
2894 3580 2964 3637 de
3022 3581 3415 3638 resurrectione
3453 3590 3611 3632 eorum

2078 3692 2200 3746 quae
2230 3692 2422 3734 casura
2452 3687 2584 3732 sunt
2617 3690 2929 3747 corporum,
2984 3675 3290 3746 intelligere
3337 3683 3610 3742 possumus,

2073 3784 2132 3827 et
2161 3771 2254 3840 de,
2269 3771 2564 3825 virtutibus
2585 3771 2801 3833 animae,
2821 3785 2954 3840 quas
3003 3770 3314 3840 significans
3329 3775 3527 3823 sanctus
3550 3761 3613 3815 lo-

2069 3862 2254 3932 quitur
2271 3861 2323 3916 in
2335 3861 2562 3929 psalmo,
2580 3858 2772 3916 Omnia
2790 3876 2909 3914 ossa
2929 3875 3043 3914 mea
3059 3860 3258 3926 dicent,
3275 3857 3499 3920 Domine,
3517 3853 3610 3924 quit

2069 3953 2260 4008 similis
2303 3952 2398 4007 tibi
2416 3951 2590 4022 (Psal.
2611 3967 2796 4018 χχιιι,
2814 3953 2902 4012 10)
2921 3953 2942 4006 ?
2961 3952 3248 4020 Dequibus
3269 3960 3322 4008 et
3343 3953 3394 4006 in
3414 3947 3612 4003 Prover-

2072 4044 2180 4102 biis
2216 4045 2480 4116 scriptum
2509 4057 2612 4110 est,
2645 4043 2821 4100 Fama
2848 4046 2984 4100 bona
3004 4047 3296 4118 impinguat
3327 4039 3608 4110 ossa(Prov.

2077 4155 2170 4203 xv,
2193 4139 2306 4208 50).
2323 4137 2392 4192 Et
2413 4139 2610 4208 quibus
2639 4138 2859 4209 praemia
2885 4141 3294 4210 promittuntur,
3315 4137 3512 4192 Sanitas
3529 4130 3612 4186 erit

2077 4231 2287 4302 corpori
2307 4242 2423 4298 tuo,
2450 4241 2498 4285 et
2520 4232 2726 4286 curatio
2747 4231 2950 4287 ossibus
2970 4232 3073 4286 tuis
3095 4231 3282 4296 (Prov.
3306 4247 3412 4294 xvr,
3429 4224 3526 4296 24).
3551 4222 3612 4276 De

2074 4321 2239 4394 69"]
2272 4324 2470 4392 quibus
2500 4338 2710 4378 rursum
2735 4325 2998 4394 scripturn
3017 4334 3119 4388 est,
3147 4325 3398 4380 Dominus
3417 4314 3611 4374 custodit

2080 4418 2256 4472 omnia
2279 4434 2399 4472 ossa
2429 4433 2606 4497 eorum
2621 4456 2637 4482 ,
2659 4433 2822 4472 unum
2839 4432 2904 4472 ex
2929 4419 3008 4472 his
3030 4434 3132 4474 non
3162 4426 3446 4474 conteretur
3465 4408 3608 4485 (Psal.

391 4532 482 4595 qui
519 4527 684 4583 credit
707 4528 761 4580 in
792 4540 893 4591 me,
946 4523 1000 4576 in
1034 4517 1260 4573 tenebris
1296 4529 1398 4568 non
1461 4518 1695 4576 maneat,
1742 4505 1833 4560 sed
1868 4506 1966 4559 Ita-
2003 4517 2049 4574 ι)
2081 4527 2276 4574 xxxiii.
2306 4511 2418 4581 21).
2455 4510 2798 4580 Econtrario,
2835 4513 2928 4582 Qui
2959 4522 3218 4584 peccator
3245 4523 3348 4577 est,
3372 4520 3424 4566 et
3447 4507 3613 4564 anima

314 4672 317 4674 .
391 4630 510 4680 beat
539 4622 704 4676 lucem
737 4618 860 4672 vita:
891 4613 1072 4684 (Joan.
1112 4625 1210 4676 ιιι,
1245 4607 1359 4677 46).
1389 4605 1634 4660 Lucerna
1665 4601 1811 4657 enim
1844 4611 1969 4653 cor-

395 4715 544 4784 poris
581 4709 756 4766 nostri
803 4711 886 4761 est
925 4701 1119 4758 oculus
1157 4718 1171 4754 :
1205 4698 1249 4753 si
1304 4695 1537 4766 simplex
1571 4691 1756 4758 fuerit,
1795 4696 1973 4744 totum

394 4779 597 4874 corpus
623 4796 790 4871 696
832 4802 1080 4849 nostrum
1119 4790 1224 4845 erit
1253 4787 1513 4842 lucidum.
1562 4783 1618 4838 Si
1669 4791 1849 4837 autem
1881 4779 1974 4850 qui

397 4898 488 4949 lux
515 4908 640 4948 esse
687 4891 932 4953 deberet,
973 4895 1165 4939 versus
1219 4878 1384 4934 fuerit
1431 4877 1484 4931 in
1523 4875 1803 4940 tenebras,
1845 4881 1974 4926 tunc

396 5000 560 5041 omne
588 4995 788 5052 corpus
825 4977 1173 5035 tenebrosum
1213 4972 1339 5038 erit,
1369 4977 1422 5024 et
1446 4967 1657 5022 dicetur
1678 4963 1834 5020 nobis
1867 4979 1881 5016 :
1912 4959 1976 5014 Si

477 5232 722 5296 ‘Antea,
784 5239 830 5282 et
889 5227 1009 5281 erit.
1067 5220 1330 5296 Hebraice
1396 5221 1577 5272 autem
1612 5215 1802 5292 nuru.
1846 5210 1979 5269 Vide

403 5294 948 5365 subnexam'llieron.
978 5294 1397 5365 expositionem:

478 5352 763 5440 Tamdiu
793 5352 1192 5440 Alexandrinis,
1238 5357 1780 5440 etc._Man_uscrlptus
1807 5352 1980 5440 codex

402 5425 826 5504 Alexandrinus,
874 5439 928 5492 in
983 5425 1296 5506 Polyglottis
1356 5425 1794 5506 Londineusibus
1836 5425 1978 5495 typis

407 5496 720 5588 Sipiééshs,
775 5496 974 5565 retinet
1032 5496 1346 5588 feiéﬁtolatn‘
1397 5496 1976 5588 hancce‘pericopeu}

409 5567 854 5659 ite—gitvevtiim'post
872 5590 1068 5656 vocem.
1087 5573 1230 5659 (ξδωρ
1256 5571 1498 5659 ultimam
1519 5567 1791 5649 undecimi
1817 5567 1980 5619 versi-

411 5640 538 5711 c'uali.
561 5640 627 5707 Et
652 5640 769 5708 ossa
794 5662 886 5704 tua
915 5647 1068 5715 quasi
1097 5640 1254 5696 herba
1280 5644 1517 5715 orientur
1540 5649 1588 5691 et
1607 5640 1979 5715 pinguescent;

413 5708 796 5780 etiltwreditate
819 5708 1153 5788 possidebunt
1177 5710 1538 5780 generationes
1561 5708 1976 5788 gener-alienum.

414 5779 631 5866 Esquo
667 5779 1012 5848 manilestum
1038 5793 1121 5838 est
1153 5779 1315 5836 unum
1345 5794 1467 5835 esse
1501 5794 1566 5835 ex
1597 5779 1980 5833 Alexandrinis

2081 4604 2247 4660 robur
2271 4606 2502 4674 perdidit
2535 4615 2698 4673 atque
2732 4607 3003 4674 virtutem,
3035 4608 3260 4678 plangit,
3284 4617 3333 4662 et
3373 4601 3610 4673 loquitur:

2078 4689 2353 4760 Dissipata
2385 4703 2506 4747 sunt
2557 4709 2680 4748 ossa
2739 4702 2920 4749 nostra
2961 4712 3108 4750 secus
3160 4697 3418 4768 infernum
3461 4685 3610 4762 (Psal.

2077 4796 2199 4848 CXL,
2230 4783 2307 4851 7).
2348 4783 2533 4854 Neque
2569 4787 2715 4840 enim
2764 4801 3059 4855 possumus
3093 4789 3315 4843 credere
3351 4783 3479 4856 quod
3507 4791 3610 4836 ossa

2078 4882 2427 4944 peccatorum
2447 4881 2554 4931 non
2583 4877 2637 4931 in
2666 4878 2881 4934 inferno
2899 4879 3030 4946 sint,
3058 4881 3151 4935 sed
3179 4880 3328 4950 juxta
3351 4875 3608 4931 infernum.

2081 4968 2146 5022 Et
2171 4967 2319 5034 fama
2347 4969 2483 5024 bona
2517 4970 2812 5054 impingunt
2837 4989 2955 5028 ossa
2992 5014 3008 5042 ,
3043 4989 3168 5046 qua:
3193 4974 3258 5030 ad
3283 4967 3511 5040 corporis
3532 4975 3610 5019 sa-

2081 5217 2501 5288 exemplaribus,
2540 5231 2770 5286 quorum
2805 5219 2908 5274 hoc
2964 5219 3082 5276 loco
3118 5217 3420 5276 recordatur
3445 5211 3608 5266 Hiero-

2080 5301 2298 5342 nvmus.
2335 5289 2609 5342 Maurus.

2123 5302 2298 5357 ymus.
2335 5302 2609 5343 MARTIAN.

2153 5360 2174 5391 ³
2212 5360 2414 5430 Estque
2454 5363 2508 5414 in
2541 5375 2608 5415 eo
2640 5358 2880 5424 cuidem,
2914 5361 3056 5430 quod
3108 5356 3508 5430 Alexandrinum

2083 5436 2244 5496 citur,
2276 5419 2594 5499 eiemplari,
2647 5419 3105 5500 quemadmodum
3163 5442 3214 5488 et
3255 5429 3509 5500 ingAl‘dino
3539 5419 3605 5473 ale

2087 5517 2199 5561 tera
2233 5501 2349 5557 haec
2378 5495 2629 5556 versiculi
2662 5495 2787 5570 'ejus
2837 5502 3110 5570 pericope,
3153 5502 3245 5556 καὶ
3279 5498 3343 5552 τὰ
3377 5495 3498 5570 occa
3526 5504 3604 5542 σου

2084 5579 2159 5640 ὡς
2188 5573 2405 5643 βωτάνη
2456 5563 2713 5645 araneis?
2769 5563 2861 5645 »ιαῖ
2901 5563 3273 5645 πιανῦἥσεται,
3333 5563 3605 5645 animi)?”

2085 5629 2611 5728 VO'tlilGOPM'YsW-ids
2647 5641 2874 5713 γενεῶν,
2908 5629 3156 5712 quam'et
3177 5629 3396 5713 Cyrillus
3417 5644 3464 5692 et
3489 5629 3606 5686 Pro-

2084 5719 2271 5786 copius
2304 5718 2506 5784 legunt.
