3856 6172
404 156 440 219 ὁ

243 285 350 353 593

749 288 1254 355 COMMENTAR.
1299 291 1380 354 IN
1424 292 1701 355 ISAIAM
1734 291 2220 360 PROPHETAM
2258 299 2415 361 LIB.
2461 298 2622 372 XVI,
2663 296 2824 361 CAP.
2864 298 3082 361 LVIII.

3428 299 3536 364 594

242 406 428 474 ginam
459 415 565 457 non
598 403 858 474 pertinet.
921 403 1186 474 Sequitur
1226 421 1240 459 :
1277 403 1348 459 Et
1411 407 1540 471 eris,
1579 408 1696 462 sive
1725 408 1846 470 erit,
1877 407 1924 466 Δ
1956 421 2080 462 cum
2117 410 2207 480 qui
2235 421 2396 466 natus
2430 422 2514 468 est
2546 413 2598 467 in
2637 427 2724 475 ea,
2774 411 3156 466 aedilicatorem
3203 412 3431 482 sepium.
3461 412 3538 470 De

239 496 294 551 id
323 503 430 563 est,
455 503 549 550 aut
583 506 665 558 tu,
702 505 800 551 aut
827 497 1010 550 anima
1053 506 1167 559 tua,
1199 498 1332 550 sicut
1372 499 1560 552 hortus
1579 498 1848 568 irrigatus:

241 587 310 642 de
346 602 455 658 quo
482 587 748 656 scriptum
778 598 863 644 est
904 606 916 641 :
945 587 1091 641 Fons
1147 589 1542 659 egrediebatur,
1574 600 1623 644 et.
1659 591 1848 661 irriga-

248 678 342 732 bat
385 695 594 732 onmem
619 679 811 747 faciem
863 680 1103 751 paradisi
1152 679 1305 749 (Gen.
1334 697 1400 746 tt,
1427 682 1508 750 6),
1532 698 1630 752 pro
1656 700 1764 756 quo
1794 685 1845 738 in

244 767 516 823 Hebraico
556 771 743 823 hortus
795 770 1020 839 legitur.
1051 769 1224 836 Quem
1280 771 1490 827 fontem
1536 789 1646 828 non
1677 775 1842 830 alium

240 873 539 927 pessumus
579 860 786 925 dicere,
816 861 916 914 nisi
954 875 1078 915 eum
1114 862 1202 915 cui
1247 862 1473 930 dicitur,
1509 865 1666 934 Apud
1695 875 1745 921 te
1771 877 1846 922 est

244 953 366 1020 fons
401 955 523 1007 vita:
547 952 725 1022 (Psal.
762 968 927 1019 xxxv,
964 953 1052 1022 10)
1087 972 1100 1008 :
1140 954 1234 1023 qui
1293 954 1672 1013 indesinenter
1701 959 1844 1028 rigat

243 1044 551 1100 Ecclesiam
576 1061 731 1100 suam
763 1057 816 1101 et
847 1055 1171 1118 cunctorum
1203 1049 1373 1104 corda
1409 1051 1774 1106 credentium.

315 1136 502 1207 (Vers.
531 1139 644 1201 l2.)
678 1156 696 1190 ι
733 1138 799 1192 Et
831 1139 1257 1194 :cdilicabuntur
1305 1141 1360 1196 iu
1401 1151 1456 1198 te
1503 1145 1716 1199 deserta
1744 1161 1845 1202 saa-

241 1231 503 1286 culorum
544 1231 946 1286 :l'undamenta
991 1234 1358 1302 generationis
1397 1243 1454 1290 et
1474 1236 1845 1306 generationis

239 1323 537 1378 suscitabis
569 1337 584 1378 :
617 1332 671 1378 et
700 1323 988 1380 vocabitur
1030 1324 1222 1398 [ναις.
1260 1338 1315 1382 et
1369 1329 1678 1402 vocaberis]
1709 1331 1762 1385 in
1794 1340 1846 1387 te

241 1416 546 1471 adiﬁcator
586 1417 823 1486 sepium,
850 1428 1180 1475 convertens
1227 1418 1419 1492 [Vulg.
1451 1421 1731 1495 avertens]
1759 1438 1848 1479 se-

244 1509 415 1565 mitas
449 1511 503 1566 in
537 1510 800 1581 quietem.
835 1529 854 1562 ι
881 1510 1035 1567 LXX
1077 1528 1093 1570 :
1137 1532 1156 1565 ι
1191 1514 1258 1568 Et
1297 1515 1714 1572 mdiﬁcabuutur
1749 1517 1846 1573 tibi

242 1604 468 1660 deserta
494 1618 525 1658 a
562 1601 790 1670 saeculo,
815 1612 870 1660 et
916 1612 1078 1660 erunt
1128 1603 1487 1662 fundamenta
1527 1617 1616 1662 tua
1644 1609 1848 1678 sempi-

247 1706 414 1753 terna
451 1697 504 1753 in
538 1698 932 1769 generationes
979 1707 1037 1754 et
1091 1699 1478 1768 generationes
1515 1702 1533 1732 ¹
1559 1719 1573 1756 :
1601 1710 1656 1756 et
1679 1717 1846 1758 voca-

242 1791 398 1848 beris
429 1765 727 1848 :edilicator
757 1792 1029 1858 maceriae,
1062 1765 1118 1849 et
1144 1792 1372 1848 semitas
1401 1794 1454 1848 in
1477 1795 1659 1850 medio
1685 1795 1846 1866 quie-
1873 1765 1924 1826 Β

245 1900 408 1941 scere
468 1885 662 1942 facies.
711 1904 728 1936 ο
757 1885 876 1942 Non
910 1886 1113 1953 solum,
1137 1886 1340 1958 inquit,
1373 1889 1583 1945 orietur
1603 1890 1658 1946 in
1698 1900 1850 1948 tene-

243 1977 368 2035 bris
405 1977 592 2034 lumen
620 1987 800 2043 tuum,
821 1987 877 2034 et
899 1978 1140 2036 tenebra
1163 1987 1270 2037 tuae
1301 1990 1466 2038 erunt
1496 1983 1652 2054 quasi
1681 1984 1855 2040 meri-

243 2073 392 2139 dies,
451 2083 508 2128 et
545 2071 696 2128 dabit
729 2071 827 2127 tibi
877 2072 1144 2131 Dominus
1205 2076 1449 2146 requiem
1501 2091 1740 2148 semper,
1793 2087 1850 2134 et

240 2164 364 2220 oris
394 2164 552 2232 quasi
582 2164 780 2221 hortus
806 2163 1067 2238 irriguus,
1127 2176 1185 2223 et
1219 2176 1454 2236 caetera;
1487 2169 1582 2226 sed
1606 2170 1852 2227 aediﬁca-

241 2259 456 2312 tutntur
482 2258 536 2312 in
584 2267 637 2315 te
666 2273 788 2328 qua:
817 2257 983 2330 longo
1044 2269 1291 2331 tempore
1328 2259 1542 2318 deserta
1597 2261 1848 2333 fuerant;

239 2361 312 2407 et
342 2351 396 2405 in
423 2351 612 2407 multis
631 2352 1082 2422 generationibus
1105 2368 1466 2423 permansura
1495 2356 1694 2412 rediu'm
1726 2365 1848 2412 tua-

242 2445 749 2501 rumlundamenta
785 2445 1062 2516 jacientur
1095 2464 1110 2503 :
1143 2448 1216 2504 ita
1243 2459 1304 2504 ut
1333 2448 1420 2507 vel
1454 2460 1507 2505 tu
1543 2451 1660 2520 ipse
1692 2465 1854 2507 voce-

241 2539 335 2593 ris
364 2538 660 2594 aediﬁcator
694 2540 904 2609 sepium
937 2549 1104 2612 atque
1163 2543 1547 2610 maceriarum,
1573 2544 1661 2598 vel
1701 2544 1850 2600 oria-

243 2643 346 2685 tur
376 2632 433 2686 in
460 2640 514 2687 te
554 2633 646 2702 qui
683 2635 704 2664 ²
736 2633 811 2687 sit
844 2632 1144 2691 aediﬁcator
1178 2637 1414 2704 sepium,
1437 2646 1493 2693 et
1517 2647 1731 2694 avertat
1766 2653 1852 2694 se-

240 2722 420 2778 mitas
447 2724 501 2778 in
539 2725 800 2795 quietem,
833 2726 971 2794 sive,
1027 2726 1186 2798 juxta
1241 2726 1624 2799 Septuaginta,
1685 2729 1849 2786 calles

239 2818 317 2870 in
346 2819 514 2873 medio
549 2819 713 2889 faciat
741 2822 1130 2891 conquiescere.
1187 2821 1312 2876 Ilaec
1358 2821 1530 2878 Judaei
1577 2832 1631 2878 et
1683 2821 1849 2878 amici

239 2920 467 2964 tantum
505 2912 812 2968 occidentis
845 2914 1064 2982 litterae,
1110 2915 1177 2969 ad
1208 2915 1668 2972 instaurationem
1709 2917 1851 2971 rele-

239 3010 386 3055 runt
416 3000 635 3056 urbium
669 3001 996 3058 Palaestinae.
1029 3003 1098 3057 Et
1132 3004 1221 3060 vel
1249 3004 1394 3060 facta
1421 3006 1524 3060 sub
1549 3005 1849 3063 Zorobabel

1959 517 2068 572 quo
2098 503 2150 557 in
2195 503 2401 570 psalmo
2438 504 2668 574 legimus
2697 519 2711 560 :
2744 499 2913 557 Homo
2964 511 3120 557 natus
3151 513 3223 556 est
3255 505 3308 557 in
3347 520 3407 557 ea
3445 510 3540 557 :et

1958 595 2068 664 ipse
2122 595 2360 666 fundavit
2413 612 2532 650 eam
2580 595 2891 650 Altissimus
2942 593 3119 665 (Psal.
3185 609 3402 659 Lxxxvt,
3459 593 3538 665 5).

1955 688 2102 754 Quas
2130 703 2289 759 sepes
2325 697 2487 758 atque
2543 690 2830 755 macerias,
2870 689 2970 742 hoc
3019 688 3164 742 enim
3204 687 3394 743 Grzcco
3421 701 3540 741 ser-

1960 795 2122 837 mone
2166 782 2440 850 signiﬁcat
2475 781 2786 853 φραγμοὺς,
2837 796 2965 850 agro
2994 789 3049 834 ct
3092 781 3268 836 vineis
3301 781 3539 835 circum-

1957 873 2074 928 dari
2125 872 2406 941 Scriptura
2454 883 2889 930 commemorat:
2935 872 3156 927 Vineam
3211 872 3272 928 de
3311 871 3540 943 Egypto

1957 966 2552 1035 transtulisti:ejecisti
2616 975 2811 1036 gentes,
2867 975 2914 1018 et
2965 964 3220 1036 plantasti
3275 980 3432 1026 eam;
3488 973 3544 1018 et

1955 1068 2077 1130 post
2112 1058 2389 1128 paululum
2433 1074 2448 1112 :
2480 1056 2658 1124 Quare
2711 1058 3018 1112 destruxisti
3058 1057 3343 1110 maceriam
3372 1057 3488 1125 ejus
3522 1072 3542 1111 :

1953 1163 2001 1205 et
2033 1151 2353 1206 vindemiant
2381 1168 2496 1205 eam
2534 1166 2714 1204 omnes
2743 1151 2835 1220 qui
2881 1159 3162 1204 transeunt
3191 1151 3333 1203 viam
3365 1146 3544 1219 (Psal.

1953 1261 2135 1310 Lxxtx,
2165 1245 2199 1300 9
2234 1253 2288 1300 et
2323 1244 2444 1312 l3)?
2470 1245 2535 1299 Et
2566 1245 2617 1298 in
2657 1245 2760 1298 hoc
2793 1246 2982 1299 eodem
3024 1245 3284 1313 propheta
3322 1259 3334 1297 :
3377 1242 3544 1297 Vinea

1955 1337 2189 1408 factajest
2219 1336 2406 1390 dilecto
2425 1335 2555 1401 (Isa.
2575 1350 2626 1400 v,
2649 1334 2702 1401 l)
2721 1350 2740 1401 ;-
2762 1348 2921 1403 quam
2947 1333 3171 1403 pulchro
3189 1334 3548 1388 scrmonedc-

1953 1429 2224 1495 scribens,
2260 1429 2445 1483 intulit
2478 1446 2491 1483 :
2524 1426 2814 1497 zEdi/icavi
2863 1435 3084 1490 turrem,
3111 1434 3159 1480 et
3189 1427 3417 1480 maceria
3448 1425 3547 1478 cir-

1955 1521 2198 1575 cumdedi
2233 1517 2398 1590 (Ibid.
2434 1519 2512 1588 2).
2558 1517 2731 1584 Quam
2767 1517 2859 1588 qui
2921 1517 3213 1582 destruxit,
3255 1518 3410 1587 juxta
3444 1514 3546 1571 Ec-

1953 1615 2244 1669 clesiasten
2279 1613 2420 1684 (cap.
2452 1628 2509 1678 x,
2535 1625 2676 1667 vers.
2708 1609 2787 1678 8),
2846 1608 3119 1664 mordebit
3144 1622 3271 1664 eum
3299 1607 3543 1663 coluber.

1956 1708 2087 1775 Quae
2110 1707 2233 1762 ideo
2265 1705 2597 1762 circumdata
2624 1712 2730 1769 est,
2765 1712 2826 1758 ut
2875 1702 3118 1759 omnium
3157 1703 3454 1756 bestiarum
3487 1703 3541 1756 in

1951 1799 2170 1854 vineam
2211 1797 2308 1853 Dei
2347 1796 2706 1868 prohibeatur
2765 1811 3052 1851 accessus.
3107 1795 3216 1850 Iste
3245 1804 3329 1850 est
3357 1806 3540 1853 autem

1952 1891 2180 1947 coluber
2211 1898 2513 1956 tortuosus,
2559 1889 2655 1958 qui
2707 1887 2919 1957 decepit
2948 1885 3118 1941 Evam
3174 1887 3228 1941 in
3263 1887 3540 1956 paradiso,

1953 1997 2073 2056 quae
2137 1983 2265 2054 quia
2327 1983 2422 2039 Dei
2487 1990 2758 2052 praecepta
2832 1979 3200 2046 destruxcrat,
3253 1987 3542 2050 propterea

1951 2078 2230 2135 morsibus
2259 2076 2379 2144 eius
2417 2075 2614 2146 patuit,
2657 2082 2712 2130 et
2742 2072 2952 2128 audivit
2983 2087 3010 2126 a
3036 2071 3290 2130 Domino.
3344 2070 3420 2126 Tu
3452 2071 3545 2125 ob-

1949 2171 2181 2228 servabis
2211 2179 2369 2240 caput
2399 2168 2550 2239 ejus;
2573 2176 2620 2222 et
2648 2165 2742 2220 ille
2769 2165 3062 2219 observabit
3087 2164 3182 2218 tibi
3217 2163 3544 2217 calcanenm

1953 2260 2110 2333 (Gen.
2144 2277 2228 2328 ιιι,
2262 2259 2374 2330 15).
2408 2258 2465 2314 In
2489 2273 2555 2314 eo
2586 2257 2729 2322 loco,
2762 2251 2857 2311 ubi
2887 2270 2983 2310 nos
3007 2255 3164 2324 juxta
3189 2253 3543 2326 Septuaginta

1965 2351 2306 2423 interpretati
2368 2363 2593 2416 sumus,
2638 2363 2707 2405 ne
2739 2349 2868 2420 quid
2897 2349 3160 2404 innovare
3211 2347 3542 2414 videremur,

1951 2447 2079 2518 quia
2102 2446 2380 2516 vulgatum
2414 2455 2501 2500 est
2529 2443 2924 2511 testimonium,
2965 2451 3016 2497 et
3071 2443 3340 2497 vocaberis
3370 2443 3543 2512 aediﬁ-

1951 2546 2101 2594 cator
2125 2539 2348 2608 sepium,
2381 2536 2436 2590 in
2472 2535 2740 2591 Hebraico
2771 2534 2985 2605 legitur,
3013 2545 3062 2591 et
3095 2536 3370 2590 vocabitur
3397 2538 3542 2601 inte,

1951 2648 2125 2689 constt
2166 2647 2364 2688 rnenss
2395 2631 2541 2718 (γῆξ)
2573 2629 2692 2701 '11:)
2750 2629 2895 2700 quod
2932 2628 3125 2699 Aqui-’a
3157 2630 3546 2700 interpretatus

1952 2734 2036 2783 est
2050 2728 2070 2760 ³
2089 2743 2155 2780 πε
2165 2727 2470 2796 ριφράκτης
2487 2724 2772 2794 διακοπῆς,
2798 2723 2941 2794 quod
2962 2738 3060 2778 nos
3076 2722 3243 2793 699
3260 2738 3546 2794 possumus

1945 2819 2103 2890 juxta
2134 2833 2357 2874 sensum
2390 2818 2595 2883 dicere,
2628 2818 2720 2888 qui
2771 2833 2824 2871 se
2853 2825 3067 2888 opponit
3104 2815 3200 2869 Dei
3251 2815 3548 2870 iracundia:

1948 2913 2186 2968 scevient.
2221 2909 2466 2978 Denique
2493 2909 2853 2980 Symmachus
2884 2907 3185 2974 transtulit,
3211 2923 3423 2962 murum
3455 2923 3550 2974 op-

1951 3020 2153 3076 ponens
2207 3005 2447 3066 credenti,
2500 3003 2678 3072 qualis
2712 3002 2813 3058 fuit
2874 3002 3112 3074 Moyses,
3159 3011 3213 3057 et
3260 3004 3465 3067 Aaron,
3493 3003 3550 3056 et

235 3091 498 3158 ethra,
525 3103 581 3148 et
619 3090 864 3159 Neemia,
920 3093 1002 3148 vel
1030 3094 1084 3148 in
1139 3094 1337 3152 ultimo
1386 3104 1634 3166 tempore
1660 3097 1846 3153 futura
1873 3125 1918 3186 ο
1952 3096 2192 3162 Samuel,
2229 3095 2325 3166 qui
2360 3096 2456 3149 irae
2489 3094 2706 3150 Domini
2745 3095 3089 3158 restiterunt,
3128 3103 3181 3148 et
3227 3093 3384 3162 quasi
3417 3092 3549 3146 trdi-

236 3191 598 3242 Contendunt
639 3203 654 3242 :
687 3197 744 3242 et
777 3188 844 3242 ad
873 3189 1326 3244 instaurationem
1362 3187 1666 3244 Jerusalem
1704 3201 1756 3244 et
1783 3191 1837 3245 in

238 3276 490 3334 circuitu
514 3278 794 3334 civitatum
850 3281 1114 3335 altissima
1143 3279 1314 3351 698
1368 3281 1719 3337 fundamenta
1757 3282 1845 3353 ja-

242 3371 475 3436 cienda,
508 3380 563 3426 et
590 3379 694 3426 tam
726 3371 975 3428 excelsos
1005 3387 1191 3428 muros
1225 3372 1600 3440 aedificandos,
1635 3382 1698 3428 ut
1723 3374 1844 3428 nul-

242 3461 343 3518 lus
375 3461 614 3516 hostium
642 3462 820 3533 possit
880 3463 1106 3528 intrare,
1133 3473 1190 3518 et
1251 3465 1497 3519 omnium
1539 3463 1594 3520 in
1617 3479 1711 3521 eas
1739 3465 1846 3520 ini-

242 3554 526 3610 micorum
553 3555 912 3622 prohibeatur
927 3555 1230 3626 ingressus.
1253 3555 1364 3613 Nos
1389 3565 1594 3624 autem,
1615 3572 1848 3629 sequen-

246 3659 338 3703 tes
379 3654 577 3716 emptae
599 3647 1006 3718 explanationis
1032 3649 1307 3716 ordinem,
1341 3664 1462 3718 qua!
1483 3650 1850 3724 deserta_fue-

237 3742 385 3792 rant
421 3739 476 3792 in
508 3737 731 3806 Judmis,
757 3737 996 3795 dicimus
1053 3739 1318 3796 aediﬁcari
1350 3741 1405 3795 in
1437 3741 1706 3808 Ecclesia,
1740 3759 1848 3798 non

245 3833 321 3886 ad
358 3833 531 3886 breve
562 3841 798 3901 tempus,
823 3831 920 3887 sed
949 3833 1004 3887 in
1030 3843 1375 3903 perpetuum,
1407 3844 1462 3892 et
1493 3835 1850 3892 fundamenta

244 3926 408 3982 illius
432 3941 502 3981 ex
538 3935 774 3997 utroque
801 3925 1022 3997 populo,
1052 3927 1103 3982 id
1140 3935 1224 3983 est
1262 3929 1319 3983 in
1373 3930 1586 3985 duabus
1620 3945 1852 4001 genera-

244 4018 522 4083 tionibus,
545 4019 880 4076 suscitanda.
904 4018 1055 4074 Unde
1082 4020 1300 4075 dicebat
1325 4023 1616 4094 Apostolus
1645 4040 1657 4076 :
1687 4023 1855 4089 Quasi

239 4112 469 4176 sapiens
499 4111 816 4166 architectus
857 4112 1258 4181 fundamentum
1287 4116 1438 4180 posui
1463 4129 1482 4169 .°
1504 4115 1642 4170 alius
1672 4133 1856 4184 super-

243 4203 494 4270 a'diﬁcat
527 4217 545 4255 :
576 4205 938 4274 unusquisque
972 4213 1150 4259 autem
1187 4205 1359 4259 videat
1412 4206 1542 4277 quid
1564 4210 1858 4278 supercrdi-

241 4297 386 4366 βίαι
423 4293 480 4366 (1
511 4295 638 4351 Cor.
669 4311 752 4358 ιιι,
784 4296 991 4368 lO);et
1025 4298 1079 4352 in
1146 4296 1254 4353 alio
1289 4298 1407 4354 loco
1441 4315 1456 4352 :
1490 4299 1588 4353 Dei
1621 4300 1858 4370 agricul-

243 4399 410 4452 tura,
454 4388 552 4441 Dei
598 4389 890 4458 a'diﬁcatio
922 4406 1106 4445 sumus
1141 4388 1311 4458 (Ibid.
1348 4391 1442 4461 9);
1483 4400 1540 4446 et
1595 4391 1794 4448 iterum
1836 4409 1852 4452 :

1949 3190 2118 3244 licato
2139 3203 2318 3253 muro,
2348 3187 2710 3258 indignationi
2753 3187 2872 3256 ejus
2904 3196 3207 3255 posuerunt
3234 3185 3546 3240 terminum.

1945 3281 2098 3350 Quod
2137 3291 2191 3335 et
2232 3279 2484 3336 Jeremite
2517 3279 2738 3343 dicitur,
2782 3291 2850 3333 ne
2895 3279 3150 3333 occurrat
3193 3277 3443 3345 Domino,
3479 3291 3549 3332 ne

1946 3387 2042 3443 ira:
2069 3375 2188 3445 ejus
2222 3373 2354 3428 velit
2389 3372 2668 3437 resistere,
2720 3380 2775 3426 et
2809 3371 3237 3441 indignationem
3267 3371 3340 3424 ita
3371 3371 3551 3440 preci-

1945 3470 2051 3524 bus
2082 3467 2239 3539 quasi
2272 3464 2511 3537 quodam
2549 3478 2707 3519 muro
2753 3462 3122 3518 intercludere
3157 3462 3374 3533 (Jerem.
3404 3463 3502 3533 vti)
3529 3479 3546 3519 :

1948 3559 2205 3633 etMoysi,
2225 3559 2381 3631 quasi
2412 3566 2692 3615 teneretur
2713 3557 2780 3611 ab
2797 3570 2863 3612 eo
2883 3553 3144 3611 Dominus
3164 3571 3178 3612 :
3204 3553 3424 3610 Dimitte
3443 3571 3548 3621 me,

1951 3653 2150 3724 inquit,
2170 3661 2219 3706 et
2230 3652 2525 3721 percutiam
2541 3649 2792 3718 populum
2811 3649 2971 3702 istum
3005 3644 3207 3718 (Exod.
3235 3663 3405 3713 χχχιι,
3429 3646 3545 3716 10).

1951 3744 2260 3801 Istiusmodi
2280 3758 2410 3813 ergo
2430 3742 2728 3798 aediﬁcator
2763 3740 3126 3796 maceriarum
3159 3750 3548 3807 murorumque

1954 3848 2008 3894 et
2035 3837 2270 3905 sepium,
2301 3845 2587 3891 convertet
2613 3833 2834 3890 semitas
2865 3832 2921 3888 in
2951 3832 3214 3903 quietem,
3245 3842 3307 3886 ut
3340 3844 3548 3900 nequa-

1955 3945 2117 4002 quam
2162 3929 2255 3984 Dei
2282 3928 2360 3982 ira
2385 3927 2664 3990 desaeviat,
2692 3925 2784 3981 sed
2803 3925 3045 3996 placatus
3072 3925 3141 3980 sit
3161 3925 3238 3979 eis
3263 3923 3542 3988 Dominus,

1956 4035 2015 4082 et
2049 4037 2248 4078 omnes
2301 4022 2355 4075 in
2397 4020 2738 4090 dignationis
2801 4020 3015 4073 semita:
3043 4018 3468 4087 conquiescant.

2037 4117 2218 4188 (Vers.
2253 4112 2365 4185 15.)
2404 4131 2424 4166 r
2457 4113 2513 4168 Si
2539 4113 2802 4168 averteris
2834 4127 2862 4166 a
2894 4112 3120 4166 sabbato
3148 4111 3332 4182 pedem
3364 4118 3542 4176 tuum,

1965 4210 2151 4266 lacere
2183 4209 2522 4264 voluntatem
2559 4216 2703 4260 tuam
2734 4205 2788 4259 in
2824 4204 2912 4259 die
2943 4214 3135 4259 sancto
3169 4219 3287 4258 meo
3317 4219 3330 4256 :
3363 4213 3418 4258 et
3444 4218 3546 4258 vo-

1961 4303 2175 4360 caveris
2224 4300 2514 4357 sabbatum
2569 4298 2880 4362 delicatum,
2928 4307 2980 4352 et
3028 4307 3271 4352 sanctum
3329 4295 3542 4350 Domini

1964 4395 2290 4467 gloriosum,
2323 4403 2377 4448 et
2414 4389 2810 4461 gloriﬁcaveris
2827 4406 2951 4444 eum
2977 4390 3105 4443 dum
3137 4404 3244 4443 non
3271 4389 3400 4444 facit
3432 4389 3548 4443 vias

239 4480 552 4550 Ᾱάίβταίί
580 4497 735 4549 ευμεν
775 4481 1183 4550 fundamentum
1215 4481 1592 4552 Apostolorum
1638 4493 1686 4538 et
1719 4484 1859 4540 Pro-
1889 4483 1935 4541 D
1966 4499 2110 4554 tuas,
2141 4497 2196 4543 et
2242 4501 2350 4541 non
2398 4485 2715 4540 invenietur
2768 4481 2956 4556 [Vulg.
3003 4481 3302 4555 invenitur]
3359 4482 3548 4537 volun-

236 4577 552 4646 plietaram'
580 4572 803 4644 (Ephes.
855 4589 917 4641 ιι,
949 4574 1077 4645 20);
1132 4583 1191 4631 et
1238 4577 1538 4632 vocandam
1571 4591 1717 4646 eam,
1741 4579 1858 4638 sive

336 4759 356 4790 ⁸
389 4758 721 4831 Αῑιεηιιιιει
785 4760 1172 4831 generationes,
1231 4759 1633 4831 quod__deerat,
1694 4764 1854 4831 juxta

234 4831 518 4888 Grmcum
549 4829 907 4899 archetypum
944 4830 1114 4884 nostri
1151 4844 1284 4884 mss.
1315 4829 1612 4887 sufﬁciunt.

335 4901 358 4933 ¹
387 4899 569 4955 Minus
613 4908 976 4982 recteantea,
1038 4901 1216 4969 quasi,
1248 4915 1348 4971 pro
1381 4916 1446 4956 eo
1485 4901 1628 4971 quod
1663 4903 1856 4972 praefe-

233 4980 395 5030 runt
432 4984 593 5036 mss.,
623 4980 711 5040 qut
734 4980 822 5024 sit.

334 5064 358 5096 ³
384 5059 589 5136 Locum
622 5061 768 5116 hunc
799 5077 971 5136 usque
999 5061 1138 5118 adeo
1169 5063 1440 5125 vitiatum,
1479 5074 1638 5136 utne
1663 5068 1855 5136 conjec

230 5145 422 5204 ctura
451 5132 670 5200 quidem
705 5134 998 5188 restituere
1022 5137 1251 5187 auderet
1281 5136 1350 5187 cl.
1382 5132 1848 5204 Montiaucouius,

225 5203 515 5280 pristinis
530 5204 902 5280 .certissimzeq
915 5219 982 5258 ue
998 5205 1227 5280 lectioni
1258 5205 1435 5280 reddit
1452 5203 1855 5280 ⁸Αιιιιιιόςιίιιιιιις

226 5273 407 5348 ind.
428 5273 822 5348 antiquio_r_,__i_n
835 5290 967 5348 _quo
996 5275 1226 5348 litteris
1248 5276 1551 5348 uncialibus
1579 5279 1845 5348 scriptum

228 5343 1253 5408 esiHEPI‘I’I’AK'I‘HCAIAKOIIIIC,
1308 5361 1429 5416 quae
1457 5347 1510 5401 in
1543 5348 1651 5403 duo
1687 5343 1851 5402 verba

225 5419 689 5480 distinguentcs,
720 5424 774 5468 ct
807 5431 912 5469 una
937 5417 1188 5475 alterave
1242 5417 1502 5482 littcrula,
1536 5433 1656 5486 qua:
1697 5418 1856 5475 facile

227 5487 436 5544 nimis
467 5486 765 5559 permutari
798 5485 1052 5559 invicem
1083 5488 1282 5559 solent,
1314 5485 1692 5548 emendantes,
1728 5489 1860 5559 legi.

229 5573 394 5615 "IIIS
426 5555 808 5628 περιφράκςης
840 5556 1128 5628 διακοπῆς.
1169 5555 1379 5611 Etenim
1413 5575 1478 5611 ex
1509 5575 1702 5614 vocum
1726 5555 1856 5613 ista-

233 5644 392 5684 rum
431 5627 830 5692 signiﬁcatione
862 5631 1001 5695 ipsa,
1035 5644 1155 5697 qua:
1177 5637 1277 5690 est,
1317 5630 1509 5682 obicem
1534 5647 1728 5696 ponens
1769 5633 1854 5683 in-

230 5697 565 5759 tcrrisioni,
602 5713 696 5764 pro
755 5699 952 5763 quibus
1004 5699 1364 5768 Symmachus
1402 5701 1582 5765 vertit,
1645 5717 1855 5756 murum

225 5783 538 5840 οιψυηεηδ
571 5769 834 5820 cadenti:
876 5780 989 5822 tum
1047 5786 1110 5824 ex
1169 5773 1433 5827 orationis
1492 5782 1746 5827 contextu
1792 5792 1853 5831 ac

1964 4591 2048 4637 tas
2076 4590 2191 4648 tua,
2224 4588 2284 4634 ut
2317 4578 2562 4648 loquaris
2592 4591 2925 4634 sermonem.
2976 4595 2995 4629 ι
3030 4573 3173 4630 LXX
3205 4590 3219 4628 :
3250 4595 3268 4628 ι
3307 4573 3363 4630 Si
3389 4589 3544 4630 aver-

1957 4766 2120 4830 serie,
2156 4773 2212 4819 et
2259 4761 2326 4817 ad
2364 4761 2688 4818 Hebraicum
2717 4768 2844 4824 V‘D
2866 4769 2969 4822 Tt:
3003 4755 3416 4820 convenientia,
3447 4755 3542 4809 de-

1958 4859 2124 4926 nique
2146 4851 2564 4926 Hieronymiana
2594 4851 2765 4926 juxta
2793 4863 3011 4926 sensum
3043 4845 3545 4926 e3.positione,ger-

1962 4915 2198 4981 manitas
2236 4915 2500 4977 restitutae
2549 4915 2798 4976 lectionis
2849 4920 3033 4986 liquet.
3070 4915 3181 4970 Nec
3216 4930 3381 4985 quem
3424 4931 3540 4971 rno-

1959 5007 2087 5052 veat
2108 4997 2354 5066 ignotum
2386 4992 2501 5046 fere
2531 4990 2954 5068 Lexicographis
2989 4988 3544 5068 _voc’abttlum“7:spt-

1959 5054 2246 5139 φράικτῖις,
2313 5078 2434 5119 cum
2479 5070 2641 5139 recte
2703 5054 2874 5139 [iussit
2937 5060 3002 5113 ad
3084 5054 3546 5139 Grtpcarlinguze

1959 5128 2263 5208 analogiam
2294 5153 2322 5190 a
2375 5135 2547 5189 verbo
2604 5128 2984 5208 περιφράττω,
3026 5129 3186 5208 Δηιιιιει
3243 5137 3344 5208 est.
3378 5129 3541 5208 sepia,

1958 5199 2191 5264 derivari
2220 5223 2236 5262 :
2259 5216 2313 5262 et
2338 5211 2552 5260 constet
2579 5203 2982 5256 contentiosum
3011 5199 3218 5269 Aquila}
3244 5199 3540 5269 ingenium,

1960 5289 2021 5335 ut
2052 5279 2273 5332 verbum
2315 5280 2380 5330 de
2414 5274 2576 5327 verbo
2605 5273 2878 5332 redderet.
2927 5268 3184 5340 pleraque
3212 5269 3314 5321 alia
3339 5268 3544 5340 Grzecis

1961 5348 2274 5406 auctoribus
2296 5362 2397 5418 non
2427 5354 2690 5418 usurpata
2739 5339 3390 5418 vocabulaescogitusse.
3424 5339 3544 5418 Cm:-

1963 5433 2135 5476 tcrum
2163 5427 2275 5471 erat
2309 5416 2376 5470 ad
2405 5410 2635 5468 monstri
2679 5413 2853 5489 instar
2883 5411 3031 5480 quod
3051 5410 3354 5489 divinanda
3390 5410 3538 5489 .scri-

1959 5491 2068 5560 psit
2095 5489 2372 5548 Erasmus,
2403 5500 2467 5539 ac
2517 5493 2732 5560 temere
2790 5482 2843 5536 iu
2886 5479 3220 5560 posteriores
3273 5479 3543 5531 editiones

1961 5554 2025 5614 ad
2066 5560 2206 5612 hanc
2274 5571 2445 5624 usque
2499 5557 2640 5608 diem
2690 5558 2936 5609 manavit
2997 5554 3392 5624 πεφράιεςισμρι
3453 5566 3545 5618 χο-

1958 5631 2079 5699 λῆς.
2115 5629 2222 5682 Nec
2260 5619 2440 5699 mian
2478 5626 2759 5692 depravati
2814 5634 2963 5699 sunt,
3015 5619 3152 5693 quos
3184 5619 3546 5699 Meminimu-

1961 5694 2086 5757 nius
2122 5697 2399 5752 cousuluit
2425 5711 2557 5750 nisa.
2597 5707 2810 5751 veteres
2847 5694 2992 5760 libri,
3023 5713 3052 5750 e
3086 5696 3284 5764 quibus
3320 5695 3408 5748 vix
3444 5707 3541 5761 po-

1963 5777 2065 5830 tuit
2096 5772 2325 5828 alterum
2366 5768 2634 5840 ὃιακθπῆς
2665 5770 2886 5825 verbum
2929 5771 3222 5822 excudere.
