3902 6182
375 350 484 414 595

1534 345 1595 404 s.
1643 340 1958 404 unseen
2015 311 2458 405 ntsnonvnt

2285 260 2305 294 Ι

3499 349 3586 414 596

374 460 512 518 ieris
544 459 599 514 in
627 455 881 514 Sabbﬁlis
902 453 1092 522 pellem
1125 460 1274 517 tuum
1313 471 1325 508 ε
1352 458 1409 506 ιιι
1433 467 1536 506 non
1568 451 1736 506 facias
1764 449 1954 503 volun-
1987 450 2030 509 Α
2061 455 2220 510 nobis
2267 455 2528 510 tribuitur
2577 454 2950 527 delinquendi.
2989 456 3145 526 Quod
3177 458 3222 514 si
3265 459 3474 515 stultum
3516 471 3587 518 est

376 562 522 610 tates
549 561 671 608 tuas
695 551 749 606 in
784 549 871 606 die
891 557 1103 604 sancta.
1123 547 1199 603 Et
1222 545 1443 602 vocabis
1475 544 1698 600 sabbata
1725 543 1951 598 delicata

376 655 567 700 sancta
607 643 835 698 Domino
867 658 884 697 :
917 657 1021 695 non
1055 640 1210 695 tolles
1253 637 1442 708 pedem
1489 647 1637 692 tuum
1691 635 1759 690 ad
1794 650 1952 704 opus,

378 749 558 806 neque
612 733 848 805 loqueris
891 733 1114 788 verbum
1145 745 1208 788 σε·
1240 731 1293 784 in
1344 731 1422 784 ira
1458 731 1526 783 de
1571 742 1667 782 ore
1700 737 1789 781 tuo
1815 727 1836 747 θ
1857 767 1899 794 ,.
1931 744 1950 778 ι

378 830 474 886 Cu‘
506 844 667 898 supra
721 829 937 882 dixerat
975 845 990 880 :
1020 826 1208 880 Nonne
1232 826 1330 878 hoc
1381 832 1456 877 est
1503 821 1760 890 jejunium
1789 821 1956 889 magis

377 922 519 992 quod
558 921 711 992 elegi,
767 919 992 974 dissolve
1053 918 1444 988 colligationem
1485 913 1794 984 impietatis,
1816 914 1958 969 solve

378 1016 663 1088 fasciculos
725 1014 1119 1084 deprimentes,
1183 1021 1241 1066 et
1295 1017 1488 1065 caetera
1532 1025 1547 1063 :
1589 1006 1752 1064 etiam
1810 1020 1958 1062 nunc

377 1109 600 1178 prmmia
631 1105 980 1178 repromittit,
1011 1104 1056 1160 si
1087 1105 1269 1160 facere
1301 1101 1532 1157 voluerit
1561 1115 1682 1170 quae
1712 1115 1956 1168 sequun-

379 1213 504 1268 tur;
547 1212 604 1256 ut
636 1201 725 1256 ltic
763 1198 972 1254 scilicet
1011 1196 1264 1252 cohibeat
1298 1198 1490 1263 pedem
1537 1209 1696 1248 suum
1733 1193 1787 1248 in
1822 1190 1962 1248 Sab-

378 1295 544 1359 batis,
573 1309 673 1350 nec
720 1293 886 1346 iaciat
926 1289 1238 1347 voluntates
1270 1301 1419 1352 suas,
1455 1295 1509 1342 et
1534 1286 1676 1341 diem
1711 1293 1958 1340 sanctum

379 1386 597 1441 Domini
627 1386 742 1440 suis
769 1382 1127 1439 commaculet
1154 1379 1525 1434 voluntatibus
1557 1376 1670 1448 [ΑΙ.
1711 1380 1962 1445 volupta-

385 1475 577 1549 tibus}.
621 1477 763 1547 Lege
816 1482 1142 1544 praeceptum
1197 1482 1300 1539 est,
1335 1489 1404 1528 ne
1443 1474 1496 1526 in
1530 1470 1796 1526 ‘Sabbatis
1827 1485 1964 1540 opus

387 1568 590 1623 servile
629 1567 912 1630 faciamus,
943 1580 1014 1619 ne
1047 1566 1408 1620 accendamus
1445 1563 1644 1634 ignem,
1679 1572 1738 1618 ut
1766 1563 1822 1617 in
1853 1575 1962 1618 uno

387 1661 676 1716 sedeamus
704 1658 843 1722 loco,
888 1665 946 1712 ut
980 1656 1072 1713 illa
1107 1665 1318 1711 tantum
1353 1655 1622 1711 faciamus
1649 1669 1813 1722 opera
1845 1668 1964 1724 quae

387 1748 456 1803 ad
501 1749 698 1802 animus
742 1749 968 1804 salutem
1010 1747 1283 1816 pertinent
1331 1744 1529 1816 (Exod.
1575 1746 1691 1814 xx).
1733 1745 1888 1812 Quod
1915 1746 1960 1800 si

382 1841 535 1912 juxta
601 1840 838 1896 litteram
891 1839 1244 1907 accipiamus,
1308 1839 1523 1906 penitus
1582 1837 1794 1907 impleri
1848 1853 1960 1893 non

382 1943 588 2002 potest.
627 1932 760 1998 Quis
788 1933 932 1988 enim
961 1939 1142 1998 potest
1183 1931 1284 1984 boc
1323 1930 1525 1992 facere,
1556 1939 1613 1983 ut
1644 1939 1754 1984 tota
1783 1929 1872 1984 die
1900 1943 1964 1986 ac

387 2038 546 2084 nocte
580 2029 775 2082 sedens
804 2027 860 2082 in
887 2025 1131 2084 Sabbato
1187 2027 1254 2080 de
1284 2039 1396 2079 uno
1431 2025 1550 2080 loco
1582 2039 1690 2079 non
1719 2025 1963 2089 recedat,

390 2123 501 2176 imo
555 2136 622 2175 ne
672 2120 862 2176 leviter
915 2118 1132 2190 quidem
1194 2133 1254 2174 se
1306 2126 1682 2183 commoveat;
1732 2116 1874 2186 quod
1920 2116 1966 2172 si

392 2214 612 2280 fecerit,
646 2213 1019 2279 transgress'or
1048 2211 1182 2282 legis
1226 2210 1340 2266 sit?
1366 2210 1441 2264 Ex
1475 2225 1585 2267 uno
1626 2210 1791 2280 igitur
1817 2224 1968 2264 man-

397 2310 545 2372 dato,
577 2307 720 2378 quod
743 2307 897 2377 juxta
924 2306 1160 2360 litteram
1191 2303 1530 2374 impossibile
1555 2314 1658 2370 est,
1689 2315 1745 2358 et
1772 2314 1969 2360 caetera

396 2403 649 2472 cogimur
686 2399 1042 2469 spiritualiter
1089 2397 1410 2467 intelligere,
1451 2411 1520 2452 ne
1559 2395 1826 2451 faciamus
1855 2412 1971 2452 ser-

393 2497 501 2552 vile
526 2510 681 2566 opus,
713 2503 767 2548 et
794 2494 1084 2562 perdamus
1116 2493 1312 2546 animos
1333 2491 1677 2558 libertatem;
1704 2490 1794 2560 qui
1823 2492 1972 2546 enim

396 2591 530 2646 facit
560 2598 862 2660 peccatum,
907 2601 1099 2642 servus
1137 2595 1220 2641 est
1249 2585 1453 2656 peccati
1487 2583 1674 2653 (Joan.
1702 2587 1822 2656 vm)
1856 2606 1868 2639 :
1899 2599 1975 2642 ne

398 2699 538 2740 onus
567 2691 844 2753 portemus
876 2680 930 2734 in
968 2677 1227 2743 Sabbato,
1270 2677 1431 2748 quale
1479 2677 1732 2747 portabat
1763 2677 1853 2732 ille
1883 2677 1974 2745 qui

399 2775 922 2846 dicitzlniquitates
959 2788 1091 2828 mete
1139 2773 1360 2826 elevata:
1415 2779 1535 2825 sunt
1586 2787 1750 2840 supra
1820 2780 1976 2838 caput

405 2887 578 2924 meum
605 2888 623 2926 :
650 2867 805 2937 quasi
857 2881 989 2920 onus
1034 2879 1190 2934 graue
1219 2873 1525 2933 aggravant:
1556 2873 1678 2916 sunt
1712 2877 1869 2930 super
1899 2878 1980 2914 me

404 2962 584 3028 (Psal.
615 2974 823 3026 xxxvii,
857 2959 940 3027 5).
973 2956 1048 3013 Ne
1092 2953 1350 3024 iniquitas
1379 2953 1542 3024 700
1563 2967 1684 3023 quae
1718 2953 1869 3008 sedet
1891 2968 1983 3006 su-

405 3068 504 3126 per
536 3053 803 3108 talentum
837 3047 1067 3117 plumbi,
1117 3047 1170 3101 in
1228 3047 1389 3101 nobis
1432 3046 1628 3100 habeat
1659 3054 1981 3115 potestatem

2054 548 2302 614 credere,
2334 557 2588 619 superest
2614 558 2667 604 ut
2715 551 3013 606 Sabbatnm
3043 553 3206 622 qund’
3235 553 3591 622 interpretatur

2059 639 2283 705 requies,
2317 641 2464 694 omni
2516 647 2762 708 tempore
2809 642 3259 697 sanetilicandum
3287 645 3404 697 sita
3440 643 3591 697 fideli-

2056 729 2183 792 bus,
2213 731 2474 787 dumnon
2503 734 2710 795 carnis,
2739 734 3053 789 sed'anima:
3071 731 3268 787 faciunt
3301 733 3590 790 voluntates.

2060 823 2329 894 Quodque
2366 824 2631 895 jungitur,
2664 825 2821 896 juxta
2853 825 3221 895 Septuaginta,
3247 826 3300 879 in
3342 826 3418 878 ira
3441 841 3498 878 es
3519 841 3595 878 ore

2058 926 2173 981 tuo,
2207 918 2258 972 in
2293 915 2560 973 Hebraico
2609 932 2716 973 non
2772 917 3020 973 habetur.
3056 919 3135 972 Ad
3173 917 3273 970 hoc
3305 915 3592 983 Sabbatum,

2059 1009 2205 1064 omni
2243 1009 2538 1065 festivitate
2567 1010 2971 1076 celebrandum,
3009 1009 3264 1065 Salvator
3292 1025 3386 1064 nos
3419 1022 3594 1078 provo-

2060 1111 2148 1157 cat
2186 1102 2239 1157 in
2272 1101 2580 1172 Evangelio,
2630 1103 2816 1159 dicens
2848 1119 2864 1160 :
2902 1101 3083 1158 Venite
3104 1101 3174 1170 ad
3208 1117 3307 1168 me,
3334 1117 3495 1155 omnes
3521 1099 3597 1169 qui

2061 1189 2320 1245 laboratis
2351 1200 2398 1244 et
2425 1192 2631 1246 onerati
2687 1195 2832 1259 estis,
2863 1201 2913 1247 et
2957 1211 3049 1264 ego
3076 1194 3216 1248 vobis
3245 1193 3376 1246 dabo
3399 1193 3599 1261 requiem

2064 1281 2278 1354 (Matth.
2329 1298 2406 1350 ιι,
2459 1285 2590 1353 28);
2644 1284 2747 1340 hoc
2811 1285 2957 1340 enim
3009 1285 3278 1356 signiﬁcat
3331 1282 3602 1337 ἀναπαύσω

2062 1375 2230 1444 ὑμᾶς,
2275 1384 2336 1430 ut
2373 1377 2600 1443 scilicet,
2661 1387 3010 1447 peccatorum
3063 1391 3228 1432 onera
3281 1376 3600 1444 deponentes,

2063 1469 2466 1524 sabbatizemus
2490 1469 2547 1523 in
2570 1468 2812 1532 Christo,
2838 1478 2894 1525 et
2923 1471 3170 1524 dicamus
3202 1485 3217 1522 :
3253 1466 3443 1523 Statuit
3465 1480 3603 1536 supra

2063 1571 2270 1631 petram
2321 1563 2479 1631 pedes
2528 1577 2668 1617 meos
2699 1561 2867 1634 (Psal.
2913 1579 3100 1627 χχιιι,
3139 1562 3220 1632 '5),
3253 1561 3476 1628 illudque
3495 1560 3605 1610 vite-

2066 1668 2188 1710 mus
2217 1655 2361 1724 qnod
2413 1664 2636 1711 sanctus
2684 1669 2821 1724 pene
2867 1653 3202 1709 sustinuisse
3262 1666 3321 1708 se
3351 1651 3490 1714 dicit,
3519 1646 3605 1702 Hei

2067 1759 2184 1798 vero
2213 1759 2344 1813 pene
2369 1746 2496 1799 moti
2528 1753 2651 1798 sunt
2684 1744 2840 1814 pedes
2875 1743 3050 1815 (Psal.
3081 1757 3254 1810 um,
3279 1740 3358 1813 2).

2142 1836 2322 1909 (Vere.
2361 1837 2472 1906 14.)
2505 1856 2524 1889 ι
2562 1837 2718 1893 Tunc
2775 1837 3134 1892 delectaberis
3165 1851 3327 1905 super
3355 1832 3607 1887 Dominum

2067 1929 2256 2007 [ναις.
2291 1929 2588 2003 Domino];
2621 1941 2676 1988 et
2719 1933 2997 1986 sustollant
3033 1941 3085 1985 te
3132 1943 3302 1998 super
3329 1923 3610 1979 altitudines

2067 2037 2246 2092 terrae,
2270 2036 2326 2084 et
2363 2025 2558 2082 cibabo
2591 2033 2644 2081 te
2683 2024 3004 2099 haereditate
3027 2023 3199 2080 Iacob
3231 2019 3395 2092 patris
3437 2017 3524 2070 tui.
3549 2015 3610 2071 0s

2067 2122 2210 2180 enim
2239 2119 2455 2176 Domini
2505 2118 2745 2174 locutum
2781 2123 2888 2173 est.
2927 2134 2944 2167 ι
2975 2114 3160 2171 LXX:
3199 2133 3218 2167 ι
3256 2113 3322 2168 Et
3346 2112 3449 2166 eris
3474 2108 3607 2179 701

2069 2213 2350 2272 conlidens
2395 2224 2566 2280 super
2613 2208 2905 2265 Dominum
2942 2225 2957 2262 :
2992 2215 3048 2264 et
3091 2205 3332 2262 elevablt
3377 2212 3427 2258 te
3474 2214 3612 2270 super

2071 2309 2210 2368 bona
2245 2315 2429 2369 terrae,
2458 2309 2514 2359 et
2574 2302 2780 2358 cibabit
2835 2310 2888 2357 te
2942 2301 3263 2358 haereditate
3287 2295 3446 2353 Jacob
3469 2291 3612 2364 patris

2076 2399 2176 2455 tui.
2212 2399 2283 2454 Os
2314 2397 2458 2452 enim
2499 2395 2712 2450 Domini
2745 2393 2984 2450 locutum
3025 2401 3128 2448 est.
3171 2411 3191 2445 ι
3237 2391 3512 2459 Ροειίιιηπι
3533 2401 3611 2439 vo-

2073 2490 2291 2546 caveris
2319 2488 2561 2543 Sabbata
2587 2486 2844 2554 delicata,
2867 2485 3048 2553 etlnon
3077 2483 3380 2540 moverisin
3407 2477 3613 2535 Sabbato

2075 2581 2264 2652 pedem
2329 2588 2479 2635 tuum
2523 2577 2591 2632 ad
2645 2591 2784 2645 opus
2837 2576 3038 2631 servile
3089 2574 3415 2637 faciendum,
3466 2583 3614 2639 neque

2076 2671 2303 2726 verbum
2356 2669 2573 2723 locutus
2617 2667 2811 2733 fueris,
2844 2667 2897 2721 id
2932 2674 3038 2731 est,
3071 2680 3290 2735 semper
3317 2662 3552 2724 tacueris,
3573 2665 3618 2714 et

2079 2761 2389 2830 impleveris
2441 2758 2585 2829 quod
2645 2768 2973 2829 praeceptum
3029 2769 3151 2814 est:
3191 2758 3382 2814 Cohibe
3420 2757 3617 2824 linguam

2083 2863 2226 2908 tuam
2261 2870 2293 2906 a
2315 2853 2478 2916 malo,
2499 2858 2550 2906 et
2585 2852 2727 2906 labia
2760 2859 2853 2906 tua
2885 2867 2947 2906 ne
2972 2850 3258 2920 loquantur
3285 2850 3454 2903 dolum
3473 2842 3616 2916 (Psal.

2081 2960 2285 3010 xxxiii,
2318 2945 2404 3015 Η)
2437 2959 2452 2998 :
2481 2953 2613 3001 tunc
2647 2942 3004 3000 delectaberis
3042 2945 3098 2996 in
3133 2940 3383 3002 Domino,
3409 2947 3460 2993 et
3498 2935 3620 2989 vide-

2086 3040 2173 3096 bis
2213 3039 2265 3092 in
2316 3046 2370 3094 te
2421 3052 2544 3094 esse
2584 3037 2909 3105 completum
2949 3052 2965 3091 :
3002 3034 3281 3090 Delectare
3329 3034 3382 3085 in
3414 3028 3621 3090 Domino,

407 3120 597 3218 (Zaclt.
636 3146 713 3215 v),
753 3157 819 3198 ne
852 3155 951 3197 nos
991 3139 1238 3210 voluptas
1277 3137 1522 3206 corporis
1555 3146 1609 3192 et
1660 3138 1827 3192 libido
1857 3153 1982 3192 suc-
2013 3135 2053 3194 C
2088 3141 2134 3186 et
2162 3132 2309 3185 dabit
2339 3130 2434 3184 tibi
2484 3131 2756 3200 petitiones
2787 3129 2960 3184 cordis
3020 3131 3096 3183 tui
3147 3127 3326 3198 (Psal.
3372 3137 3537 3184 xxxvi,
3559 3120 3622 3187 ι).

407 3240 639 3294 ceudant
671 3254 685 3290 :
717 3235 909 3290 Omnes
965 3235 1105 3288 enim
1159 3231 1520 3286 adulterantes
1553 3230 1708 3301 quasi
1753 3229 1986 3285 clibanus

407 3333 572 3390 corda
625 3346 808 3387 eorum
860 3330 1015 3397 (Osee
1050 3342 1141 3391 vn,
1201 3326 1259 3390 4,
1318 3325 1411 3395 6);
1465 3334 1520 3378 et
1567 3323 1768 3379 diaboli
1808 3325 1987 3393 jacula

410 3425 581 3496 ignita
636 3431 785 3485 sunt,
842 3431 898 3474 ut
956 3419 1208 3488 sagittent
1255 3417 1312 3469 in
1365 3415 1582 3470 obscuro
1635 3424 1799 3468 rectos
1833 3414 1991 3468 corde

408 3516 769 3594 (Psal.x,'5).
826 3512 1152 3582 Pracipitur
1197 3523 1415 3578 quoque
1464 3507 1618 3562 nobis
1666 3516 1726 3562 ut
1777 3515 1992 3575 arrepto

411 3622 616 3677 aratro,
668 3623 782 3664 non
839 3604 1194 3675 respiciamus
1235 3609 1358 3671 post
1409 3607 1620 3676 tergum
1667 3598 1824 3667 (Luc.
1873 3597 1986 3666 ix):

418 3718 478 3764 ut
503 3716 767 3763 tectorum
799 3699 1138 3756 altitudinem
1168 3694 1612 3759 conscendentes,
1645 3708 1987 3763 nequaquam

418 3804 487 3858 ad
525 3796 764 3856 tollenda
814 3793 1002 3851 saeculi
1041 3790 1364 3849 vestimenta
1400 3786 1629 3842 velimus
1657 3786 1997 3842 descendere

414 3899 638 3974 (Matth.
677 3896 775 3967 x);
807 3896 904 3949 sed
941 3899 1001 3946 ut
1048 3889 1332 3944 audiamus
1366 3899 1492 3941 eum
1542 3883 1744 3954 Moyse,
1774 3881 1853 3936 Tu
1878 3896 1994 3936 vero

414 3997 501 4050 hic
522 4003 608 4051 sta
647 4004 849 4045 mecum
875 3985 1078 4058 (Exod.
1109 3996 1294 4046 xxxw,
1322 3978 1416 4049 2);
1449 3987 1506 4034 et
1549 3978 1839 4034 sedeamus
1867 3991 1992 4030 cum

419 4087 674 4153 Domino,
716 4081 848 4138 lassi
879 4081 931 4134 in
985 4077 1071 4132 via
1115 4073 1276 4137 huius
1338 4069 1548 4137 saeculi,
1579 4083 1743 4137 super
1771 4077 1994 4136 puteum

419 4176 781 4235 Samaritanat
804 4183 861 4228 et
886 4168 1301 4226 conversionem
1333 4163 1744 4228 errantiumque
1767 4159 1994 4213 salutem

421 4273 673 4330 sitientes
707 4267 891 4337 (Joan.
931 4264 1029 4331 tv),
1069 4270 1129 4316 ut
1164 4261 1451 4316 audiamus
1493 4252 1814 4325 Apostolum
1843 4268 1995 4307 com-

421 4371 752 4423 monentem,
785 4357 935 4411 State
956 4354 1097 4420 ﬁrmi
1115 4361 1165 4408 et
1195 4348 1484 4410 immobiles
1517 4349 1570 4418 (ι
1601 4345 1730 4402 Cor.
1755 4361 1846 4412 xv,
1878 4342 1994 4411 58),

423 4471 492 4512 ne
521 4451 795 4524 patiamur
825 4449 952 4504 illud
985 4445 1128 4517 quod
1174 4443 1346 4499 ludas
1381 4455 1574 4511 passus
1602 4447 1686 4494 est
1726 4439 1996 4508 proditor,

2093 3225 2219 3280 Sive
2251 3223 2505 3279 ﬁduciam
2539 3223 2766 3278 habebis
2801 3224 2854 3277 in
2881 3223 3132 3284 Domino,
3165 3221 3324 3291 juxta
3357 3217 3478 3273 illud
3507 3211 3624 3284 quod

2091 3316 2356 3386 scriptum
2385 3325 2472 3372 est
2502 3332 2517 3370 :
2556 3316 2664 3382 Qui
2693 3317 2910 3384 conﬁdit
2967 3318 3021 3370 in
3077 3315 3328 3377 Domino,
3374 3311 3536 3365 beatus
3566 3311 3625 3359 est

2095 3410 2274 3483 (Prov.
2313 3426 2427 3474 xw,
2467 3409 2583 3479 20).
2618 3408 2684 3463 Et
2725 3409 2779 3463 in
2827 3407 3061 3464 Jeremia
3091 3423 3106 3462 :
3135 3405 3445 3461 Benedictus
3499 3399 3628 3451 homo

2092 3503 2184 3573 qui
2212 3501 2428 3570 conﬁdit
2473 3502 2527 3554 in
2571 3499 2822 3566 Domino,
2876 3509 2923 3554 et
2978 3499 3077 3552 erit
3125 3495 3380 3550 Dominus
3407 3507 3510 3560 spes
3534 3489 3628 3556 eius

2095 3591 2319 3663 (Jerem.
2353 3607 2483 3657 xvn,
2510 3592 2583 3662 7).
2634 3592 2700 3646 Et
2753 3591 2883 3645 alibi
2915 3606 2930 3645 :
2961 3589 3164 3644 Bonum
3195 3598 3271 3642 est
3315 3585 3554 3652 conﬁdere
3584 3578 3629 3629 in

2096 3683 2347 3747 Domino,
2374 3699 2534 3753 quam
2568 3681 2834 3751 conﬁdere
2865 3682 2920 3734 in
2953 3679 3162 3733 homine
3200 3676 3372 3748 (Psal.
3395 3687 3543 3734 cxvn,
3566 3669 3628 3738 8).

2098 3775 2162 3831 Et
2197 3757 2439 3832 elevabit
2469 3783 2522 3832 te
2567 3774 2829 3830 Dominus
2873 3783 3040 3841 atque
3073 3771 3324 3826 sustollat
3353 3781 3507 3838 super
3530 3761 3631 3817 alti-

2099 3870 2312 3925 tudines
2341 3883 2406 3924 ac
2445 3870 2586 3924 bona
2619 3878 2800 3922 terra.
2831 3864 3000 3920 Terra
3055 3863 3202 3918 enim
3239 3863 3464 3922 mitium,
3491 3867 3633 3912 terra-

2099 3975 2204 4026 que
2244 3958 2542 4012 viventium
2585 3971 2691 4010 non
2741 3963 2823 4009 est
2871 3954 3152 4019 deorsum,
3194 3953 3290 4008 sed
3317 3961 3516 4006 sursum
3545 3947 3629 3997 est.

2103 4049 2347 4121 Denique
2369 4051 2434 4102 ad
2479 4048 2579 4102 Lot
2609 4050 2674 4102 de
2699 4044 2952 4102 Sodomae
3007 4030 3061 4101 et
3105 4044 3383 4100 Gomorrae
3413 4039 3536 4093 valle
3567 4033 3633 4086 lu-

2098 4144 2332 4214 gientem
2366 4142 2568 4196 dicitur
2605 4156 2620 4194 :
2650 4140 2715 4194 In
2752 4149 2927 4194 monte
2961 4139 3231 4193 saloumte
3256 4137 3341 4208 [ac
3373 4133 3513 4204 (Gen.
3539 4141 3633 4190 ιιι,

2102 4235 2212 4304 17).
2249 4235 2328 4288 Ad
2357 4249 2520 4304 quem
2570 4241 2850 4301 postquam
2885 4229 3151 4300 pervenit,
3199 4237 3353 4284 ortus
3381 4234 3458 4280 est
3499 4220 3542 4276 ei
3566 4215 3633 4272 sol

2103 4328 2372 4398 inSegor.
2437 4325 2511 4380 De
2561 4325 2665 4380 bac
2723 4334 2864 4378 terra
2912 4323 3126 4378 dicebat
3176 4307 3634 4376 DominuszBeati

2103 4424 2274 4484 mites,
2297 4417 2656 4492 quoniamzipei
2679 4417 3014 4486 possidebunt
3030 4423 3229 4468 terram
3250 4409 3461 4485 (Matth.
3485 4421 3534 4468 v,
3558 4403 3634 4492 ψ

425 4490 492 4512 ..υ
521 4490 786 4524 pausa.-.
826 4490 952 4504 .......
985 4490 1128 4517 qu-..
1175 4490 1344 4499 η---
1381 4490 1572 4511 την-
1727 4490 1772 4508 Γ
1925 4490 1928 4491 ν

423 4549 516 4618 qui
549 4544 784 4618 perdidit
832 4541 1010 4598 locum
1065 4536 1351 4592 ministerii
1400 4535 1504 4602 sui,
1538 4543 1592 4588 et
1628 4541 1982 4601 transgresso:

2104 4526 2157 4570 et
2185 4490 2348 4570 multa
2376 4513 2477 4567 alia
2495 4527 2614 4578 qua:
2630 4511 2828 4567 crebro
2851 4509 3253 4578 usurpavimus,
3280 4516 3498 4576 quorum
3525 4490 3635 4550 illud

423 4642 650 4699 eﬂ‘ectus
685 4648 789 4702 est,
839 4635 1091 4702 illiusque
1125 4644 1339 4699 semper
1391 4626 1672 4683 sementim
1755 4621 2005 4678 recorde-

427 4753 583 4792 mur:
611 4733 672 4791 Si
693 4731 912 4800 spiritus
940 4735 1251 4799 potestatem
1277 4721 1516 4778 habentis
1536 4716 1827 4773 ascenderit
1850 4731 2005 4785 super

424 4849 493 4900 te,
526 4834 699 4888 locum
721 4840 868 4884 tuum
903 4841 965 4881 ne
994 4821 1260 4879 dimiseris
1313 4818 1509 4888 (Eccle.
1542 4833 1596 4882 x,
1650 4815 1730 4885 4).
1774 4811 1876 4879 Qui
1924 4810 2006 4866 sic

427 4925 658 4996 quiescit
683 4925 735 4978 in
766 4919 1032 4982 Sabbato,
1089 4916 1236 4970 lavat
1277 4913 1420 4968 inter
1456 4911 1778 4964 innocentes
1813 4918 2011 4958 manus.

428 5030 576 5080 suas,
605 5030 705 5070 nec
734 5020 916 5067 movet
963 5009 1147 5078 pedes,
1181 5014 1239 5060 ut
1285 5017 1414 5080 snas
1457 5000 1623 5055 faciat
1659 4998 1962 5050 voluntates
1992 5009 2008 5046 :

431 5109 535 5162 iste
564 5077 800 5163 celebrat
835 5077 1071 5159 Sabbata
1107 5097 1321 5155 Domini
1382 5077 1636 5149 delicata.
1664 5091 1768 5156 Qui
1819 5088 2012 5142 sabba-

435 5202 655 5262 tismus,
684 5198 836 5264 juxta
859 5195 1157 5265 Epistulam
1196 5205 1318 5260 qua:
1349 5189 1415 5242 ad
1449 5185 1707 5240 Hebraeos
1730 5180 2011 5241 scribitur,

437 5290 836 5363 repromittitur
869 5289 1024 5342 nobis
1058 5288 1109 5340 in
1141 5282 1478 5346 cmlestibus,
1511 5288 1565 5334 et
1595 5277 1765 5346 gloria
1798 5288 2011 5344 praepa-

436 5398 588 5441 ratur
617 5383 810 5455 (Hebr.
847 5380 920 5445 tv)
948 5398 961 5434 :
985 5387 1045 5433 ut
1068 5382 1194 5433 dum
1219 5392 1326 5431 nou
1361 5373 1626 5428 faciamus
1648 5369 1763 5424 vias
1791 5377 2008 5422 nostras

440 5484 493 5534 in
547 5477 808 5540 Sabbato,
837 5488 936 5528 nec
976 5472 1247 5527 invenitur
1299 5469 1552 5524 voluntas
1604 5473 1811 5527 nostra,
1846 5470 1903 5514 ut
1932 5459 2014 5515 lo-

440 5586 674 5644 quamur
721 5575 1053 5630 sermonem,
1106 5577 1214 5632 quo
1282 5560 1490 5615 scilicet
1547 5571 1648 5611 nec
1677 5567 1865 5623 opere,
1915 5565 2016 5605 nec

447 5677 699 5720 sermone
730 5672 1039 5730 peccemus.
1079 5655 1330 5723 Alioquin
1365 5652 1411 5705 si
1449 5651 1564 5704 haec
1587 5657 1797 5702 tantum
1821 5643 2011 5715 prohi-

449 5758 644 5812 bentur
679 5752 732 5805 in
759 5751 1018 5816 Sabbato,
1057 5763 1185 5815 ergo
1213 5749 1264 5799 in
1297 5746 1419 5800 aliis
1443 5759 1536 5798 sex
1562 5741 1758 5797 diebus
1796 5738 2020 5793 libertas

529 5875 544 5906 ²
584 5869 836 5943 Ejusdem
878 5868 1032 5925 vocis
1092 5875 1286 5918 terram
1345 5873 1607 5917 occursus
1645 5854 1840 5922 fraudi,
1877 5851 2019 5926 quod
2059 5849 2299 5905 solemne
2332 5849 2438 5911 est,
2486 5840 2722 5911 antiquis
2773 5830 3198 5906 cxscriptoribus
3242 5823 3358 5888 fuit,

2108 4617 2193 4663 est
2223 4623 2238 4661 :
2275 4605 2494 4662 Honora
2529 4616 2729 4674 patrem
2766 4613 2911 4658 tuum
2967 4611 3014 4656 et
3046 4611 3268 4680 matrqm
3301 4608 3460 4659 tuam,
3489 4585 3637 4645 cteris

2110 4704 2377 4769 longtevus
2429 4714 2585 4766 super
2639 4706 2834 4751 terram
2881 4708 3041 4763 quant
3102 4691 3354 4745 Dominus
3384 4687 3508 4740 Deus
3535 4686 3638 4732 tuus

2111 4795 2315 4850 dederit
2351 4793 2446 4847 tibi
2497 4789 2696 4858 (Exod.
2732 4805 2822 4854 xx,
2863 4789 2976 4856 l9).
3027 4786 3180 4853 Quod
3234 4787 3380 4857 juxta
3436 4779 3640 4832 litteram

2113 4891 2328 4958 penitus
2364 4895 2509 4940 stare
2552 4900 2657 4939 nou
2702 4889 2900 4950 potest.
2934 4879 3082 4933 Multi
3115 4877 3256 4933 enim
3288 4875 3536 4929 honorant
3561 4874 3644 4932 pa-

2113 4956 2317 5040 rentes,
2352 4987 2408 5032 et
2441 4976 2550 5031 cito
2607 4976 2953 5039 moriuntur;
2991 4979 3042 5026 et
3086 4969 3176 5023 alii
3209 4960 3481 5040 parricidae
3505 4956 3642 5019 longo

2115 5075 2304 5130 vivunt
2341 5080 2603 5138 tempore.
2643 5065 2710 5122 Ut
2741 5073 2924 5121 autem
2970 5063 3176 5119 certius
3205 5056 3501 5115 noverimus
3524 5048 3641 5142 nam?

2120 5179 2320 5223 terram
2359 5178 2481 5218 esse
2511 5161 2563 5215 in
2615 5157 2964 5221 sublimibus,
3014 5151 3276 5209 tricesimi
3313 5144 3444 5204 sexti
3477 5135 3642 5211 psallni

2119 5261 2356 5315 breviter
2395 5253 2768 5315 recordemur,
2820 5251 2873 5303 in
2917 5262 3028 5317 quo
3077 5247 3332 5314 scriptum
3358 5248 3476 5292 est:
3509 5226 3643 5283 Μίιεε

2121 5351 2460 5424 possidebunt
2511 5358 2727 5408 terram,
2783 5351 2829 5396 et
2877 5339 3226 5410 epulabuntur
3267 5336 3320 5386 in
3348 5317 3644 5424 multitudine
3672 5368 3686 5383 ,

2121 5409 2268 5518 pacis
2328 5443 2502 5513 (Psal.
2564 5453 2750 5504 xxxvt,
2781 5435 2891 5506 Η).
2947 5435 3076 5488 Post
3113 5447 3231 5501 qua:
3283 5409 3647 5518 inlertur-znl‘atx‘

2123 5508 2300 5610 specta
2331 5508 2634 5599 Dominum,
2667 5542 2715 5586 et
2741 5530 2945 5584 custodi
2975 5527 3079 5581 uias
3105 5525 3218 5594 ejus
3253 5528 3339 5576 :et
3367 5508 3559 5610 clarabit

2127 5597 2180 5688 sit
2219 5632 2491 5703 possideas
2543 5597 2737 5681 terram
2775 5621 2984 5692 ‘(lbid.
3041 5617 3132 5688 ’54)
3168 5631 3181 5670 :
3215 5614 3278 5668 dc
3326 5602 3504 5703 quain
3542 5597 3647 5703 .3“?

2127 5689 2248 5788 loco
2276 5731 2509 5792 canitur,
2533 5720 2565 5776 J
2574 5722 2675 5775 usti
2703 5689 3035 5788 possidebunt
3065 5720 3277 5769 terram,
3308 5711 3351 5757 et
3373 5689 3642 5752 habitabat“

3417 5824 3472 5874 υι
3535 5813 3638 5878 qua
