3902 6182
304 258 412 324 597

811 259 1308 321 COMMENTAR.
1344 260 1422 322 IN
1468 261 1738 324 ISAIAM
1777 260 2232 324 PROPHETAM
2276 262 2424 323 LIB.
2462 261 2622 335 XVI,
2659 263 2818 326 CAP.
2860 262 3019 324 LIX.

3443 261 3544 320 598

299 380 356 433 in
387 377 641 434 secutum
689 379 876 433 saeculi
913 396 1070 448 super
1120 397 1238 435 eam
1289 380 1456 449 (Ibid.
1494 381 1608 453 29).
1637 382 1791 449 Quod
1819 389 1944 445 etA
1981 391 2031 436 te
2057 381 2126 434 ad
2181 381 2315 436 bona
2365 389 2540 448 terra,
2591 389 2639 435 et
2690 379 2882 434 cibabit
2937 392 2985 435 te
3041 377 3341 435 hereditate
3382 376 3546 433 Iacob

298 469 476 538 ipsum
510 471 848 540 impossibile
896 481 1000 526 est.
1042 471 1098 526 Si
1146 473 1288 527 enim
1328 483 1471 528 terra
1503 474 1874 544 pertransibit,

293 564 415 619 hzec
448 565 638 632 utique
665 579 833 634 quam
871 563 1182 632 incolimus,
1225 566 1496 634 quomodo
1527 566 1580 621 in
1618 567 1876 623 szeculum

303 655 487 712 szeculi
519 656 651 727 justi
704 655 1032 710 habitabunt
1057 671 1224 726 super
1263 658 1421 711 eam?
1472 656 1549 711 Ex
1581 673 1687 727 quo
1713 658 1875 714 disci-

303 763 421 802 mus
453 761 576 802 esse
609 753 809 802 terram
867 763 986 817 qua:
1027 748 1082 802 in
1123 749 1448 804 sublimibus
1479 749 1580 805 sila
1614 760 1717 805 est.
1751 751 1881 806 Post

307 854 429 909 qua:
457 839 690 894 infertur
731 857 745 895 :
777 838 844 894 Et
893 842 1096 909 cibabo,
1134 841 1269 908 sive,
1317 843 1509 898 cibabit
1543 853 1590 899 te
1622 845 1879 899 Dominus

306 933 616 988 hereditate
640 932 807 988 Iacob
849 935 1021 1003 patris
1082 936 1180 991 tui.
1246 933 1397 989 Sicut
1425 936 1569 990 enim
1601 935 1692 1006 qui
1721 936 1880 990 tidem

304 1025 465 1095 702
513 1025 768 1080 habuerit
820 1026 1121 1092 Abraham,
1173 1028 1479 1098 appellatur
1529 1029 1670 1085 ﬁlius
1705 1030 1881 1085 Abra-

304 1117 452 1180 ham,
527 1115 607 1170 sic
640 1117 731 1185 qui
767 1117 1078 1186 supplantat
1119 1119 1246 1172 vitia
1280 1128 1440 1188 atque
1477 1133 1736 1188 peccata,
1790 1136 1884 1176 vo-

305 1216 462 1262 catur
495 1207 637 1263 lilius
677 1207 868 1263 Jacob.
919 1211 984 1264 Et
1007 1209 1164 1278 cujus
1221 1211 1346 1281 quis
1374 1211 1594 1266 virtutis
1641 1212 1884 1267 imitator

307 1310 412 1367 est,
437 1299 582 1356 illius
611 1301 915 1370 appellatur
975 1311 1030 1356 et
1079 1303 1242 1358 filius.
1303 1302 1448 1358 Bona
1486 1313 1663 1359 autem
1701 1315 1879 1372 terrae,

307 1392 508 1460 quzein
569 1392 798 1447 excelsis
853 1393 954 1448 sita
1010 1404 1116 1462 est,
1173 1393 1370 1464 quibus
1417 1405 1696 1451 saturatur
1744 1397 1885 1452 illius

307 1481 495 1546 Jacob,
535 1484 624 1538 illa
659 1484 974 1554 accipienda
1009 1497 1156 1551 sunt,
1199 1503 1320 1556 qua:
1365 1502 1467 1542 nec
1508 1487 1701 1544 oculus
1729 1488 1881 1555 vidit,

307 1587 408 1630 nec
437 1577 585 1631 auris
616 1577 841 1646 audivit,
871 1593 975 1634 nec
1021 1578 1073 1633 in
1132 1574 1225 1634 eor
1256 1579 1494 1634 hominis
1516 1581 1886 1637 ascenderunt

311 1665 446 1734 (Isa.
482 1682 643 1732 thv;
670 1667 702 1722 Ι
751 1666 874 1723 Cor.
918 1668 1004 1732 ιι).
1049 1669 1125 1724 De
1168 1670 1362 1739 quibus
1399 1671 1450 1725 in
1484 1671 1717 1739 Epistola
1751 1674 1884 1728 scri-

309 1769 461 1827 ptum
494 1771 574 1814 est
603 1759 670 1814 ad
702 1760 958 1815 ilebmos
988 1777 1002 1814 :
1037 1760 1143 1826 Qui
1165 1763 1303 1816 enim
1331 1762 1440 1818 haec
1465 1766 1670 1829 dicunt,
1701 1775 1879 1820 osten-

311 1853 445 1907 dunt
469 1853 606 1923 quod
632 1853 864 1922 patriam
887 1865 1126 1922 quterant
1154 1871 1170 1910 :
1202 1865 1248 1909 et
1272 1856 1529 1926 siquidem
1565 1855 1710 1912 illam
1741 1874 1884 1928 quie-

313 1952 507 2002 rerent,
536 1945 600 1995 de
655 1931 761 2013 qua
813 1945 1018 2012 egressi
1077 1957 1247 2012 erant,
1290 1944 1546 1999 habebant
1590 1955 1785 2015 tempus
1826 1955 1882 2000 ut

315 2043 702 2088 reverterentur
734 2036 801 2088 ad
823 2051 962 2091 eam.
997 2035 1156 2090 Nunc
1185 2047 1357 2092 autem
1391 2038 1657 2092 meliorem
1681 2038 1886 2092 deside-

315 2136 433 2181 rant
465 2108 726 2195 patriam,
764 2127 859 2181 hoc
909 2139 1010 2194 est,
1066 2130 1325 2187 ccclestem
1377 2128 1884 2200 lerusalem(llebr.

315 2233 390 2284 ιιι,
449 2217 658 2287 14-16).
695 2217 772 2272 Ex
814 2233 920 2286 quo
957 2219 1240 2285 discimus,
1275 2219 1420 2273 mille
1446 2233 1710 2274 annorum
1736 2217 1890 2272 labu-

316 2310 444 2375 lam,
486 2309 539 2363 in
572 2327 676 2380 qua
709 2325 922 2365 rursum
977 2313 1178 2381 nuptiae
1210 2311 1622 2382 promittuntur,
1659 2320 1714 2366 et
1761 2311 1887 2378 cibi,

318 2413 371 2456 et
397 2409 628 2458 terrente
658 2404 784 2456 vita:
830 2404 1200 2466 conversatio,
1236 2403 1618 2474 abjiciendam.
1651 2402 1708 2457 Si
1745 2403 1888 2458 enim

320 2494 373 2547 in
401 2495 800 2549 resurrecﬁone
822 2509 992 2564 neque
1019 2495 1222 2549 nubent
1276 2509 1448 2564 neque
1469 2496 1759 2563 nubentur,
1795 2494 1891 2550 sed

321 2597 475 2640 erunt
496 2587 697 2642 similes
716 2589 1052 2658 angelorum,
1081 2589 1204 2657 quia
1227 2598 1352 2642 sunt
1373 2588 1464 2642 lilii
1483 2588 1894 2644 resurrectionis

324 2677 528 2746 (Matth.
549 2680 707 2748 xxn);
727 2689 780 2734 et
796 2681 860 2733 de
879 2690 1064 2733 ventre
1081 2694 1144 2732 ac
1161 2679 1297 2734 cibis
1309 2680 1598 2750 Apostolus
1617 2680 1856 2749 loquitur
1877 2696 1892 2735 :

327 2772 460 2826 Esca
496 2772 686 2834 ventri,
727 2778 774 2824 et
803 2782 978 2824 venter
1011 2773 1144 2826 escis
1176 2789 1194 2827 :
1225 2771 1360 2826 Deus
1393 2782 1564 2826 autem
1599 2784 1649 2826 et
1687 2775 1823 2826 hunc
1847 2783 1896 2827 et

327 2860 474 2914 illam
527 2862 754 2916 destruet
807 2861 858 2933 (ι
920 2861 1045 2918 Cor.
1085 2863 1307 2934 vt,15),
1371 2865 1640 2932 quomodo
1682 2880 1896 2920 rursum

329 2953 636 3022 incorrupto
664 2965 717 3010 et
747 2955 1013 3025 spirituali
1058 2955 1462 3026 immortalique
1495 2973 1742 3027 corpore,
1778 2974 1898 3014 ear-

329 3041 411 3098 nis
444 3047 681 3113 prtstinae
719 3046 964 3102 mortalis
1005 3055 1168 3116 atque
1207 3058 1476 3117 corrupta:
1509 3048 1638 3102 vitia
1680 3064 1892 3120 quaere-
1921 3066 1969 3130 α

330 3135 486 3192 mus?
525 3136 588 3190 Et
623 3137 738 3192 haec
767 3137 1022 3202 dicimus,
1055 3153 1159 3194 non
1195 3153 1303 3208 quo
1333 3139 1690 3195 substantiam
1729 3141 1896 3212 glori-

329 3228 468 3282 ticali
501 3229 747 3299 corporis
775 3231 1123 3299 denegemus,
1160 3231 1252 3286 sed
1297 3245 1402 3298 quo
1450 3247 1615 3302 opera
1652 3229 1896 3304 ‘pristina

330 3319 384 3375 in
411 3320 496 3376 bis
524 3321 613 3388 qui
641 3321 956 3391 angelorum
1003 3332 1130 3377 sunt
1174 3321 1400 3390 similes,
1438 3325 1652 3394 penitus
1687 3326 1899 3380 aufera-

320 3401 473 3468 mus.
504 3413 756 3482 Alioquin
788 3424 843 3470 et
892 3414 942 3468 in
977 3414 1081 3470 isto
1116 3417 1292 3471 adhuc
1319 3432 1548 3486 corpore
1577 3433 1669 3487 per
1699 3419 1895 3488 jeiuuia

330 3513 384 3558 et
418 3506 832 3571 continentiam,
869 3516 923 3561 et
975 3516 1288 3576 perpetuam
1333 3508 1642 3562 castitatem
1677 3521 1729 3562 et
1770 3509 1901 3562 cha-

330 3597 568 3661 ritatem,
630 3597 907 3653 imitamur
978 3599 1205 3654 virtutes
1258 3599 1552 3668 angelicas,
1616 3581 1899 3654 eblamen

331 3689 695 3744 substantiam
751 3701 1038 3759 corporum
1103 3705 1213 3745 non
1288 3693 1607 3747 amittimus.
1660 3692 1790 3759 Qme
1843 3701 1902 3748 ut

332 3783 511 3837 omnia
542 3781 724 3837 futura
779 3785 1087 3848 credamus,
1132 3784 1370 3840 sciamus
1410 3798 1439 3840 a
1489 3786 1598 3841 Deo
1628 3801 1748 3842 esse
1779 3801 1902 3854 pro-

335 3877 524 3941 missa,
585 3876 739 3944 cujus
797 3890 861 3931 os
926 3875 1164 3932 locutum
1229 3881 1777 3948 estzutquomodo
1847 3878 1902 3933 in

335 3968 583 4022 manibus
621 3982 782 4037 Opus,
809 3976 863 4023 et
894 3967 948 4022 in
973 3968 1202 4039 pedibus
1223 3968 1515 4036 incessum,
1549 3979 1604 4025 et
1629 3971 1680 4024 in
1717 3981 1905 4026 ventre

337 4059 765 4130 generationem,
815 4068 870 4114 et
922 4059 978 4114 in
1040 4061 1266 4118 auribus
1324 4063 1606 4132 oculisque
1659 4064 1902 4117 auditum

336 4161 497 4221 atque
528 4152 780 4206 intuitum
816 4167 832 4206 :
870 4153 951 4208 sic
1003 4153 1079 4208 in‘
1109 4167 1206 4211 ore
1260 4169 1561 4210 sermonem
1625 4153 1715 4208 Dei
1749 4155 1908 4210 intel-

340 4242 592 4312 ligamus.
627 4227 636 4244 ⁸

417 4331 568 4405 (Cap.
620 4335 757 4392 LIX.
791 4367 860 4378 ——
893 4335 1047 4394 Vers.
1098 4338 1153 4402 1,
1205 4336 1287 4407 2.)
1329 4355 1348 4390 ι
1383 4335 1526 4392 Ecce
1560 4351 1664 4392 non
1696 4348 1779 4394 est
1815 4337 1910 4392 ab-

1980 476 2150 544 patris
2181 475 2282 540 tui,
2305 483 2359 530 et
2377 483 2504 530 ante
2522 474 2815 544 complere.
2841 471 3032 542 Neque
3054 473 3196 528 enim
3235 471 3549 527 abbreviata

1979 576 2065 623 est
2113 581 2304 622 manus
2341 581 2482 633 mea,
2531 574 2695 636 atque
2725 572 3030 631 contracta,
3059 574 3115 620 ut
3161 577 3282 620 eam
3318 563 3384 618 ad
3413 563 3550 619 libe-

1985 659 2214 712 randum
2259 657 2512 728 p0pulum
2546 671 2723 712 meum
2775 656 3071 712 extendere
3104 669 3372 726 nequeam
3410 670 3426 710 :
3459 663 3554 709 aut

1985 751 2178 806 surdas
2213 765 2374 806 aures
2422 750 2616 814 habeo,
2648 759 2706 804 ut
2762 749 3022 804 exaudire
3058 764 3166 804 non
3213 748 3435 819 possim.
3474 747 3554 804 Ex

1980 857 2088 912 quo
2118 842 2422 897 ostenditur
2468 856 2632 896 aures
2665 839 2900 907 Domini,
2939 857 3058 912 qua:
3081 842 3258 910 justos
3304 839 3549 905 audiunt,

1981 945 2036 989 et
2061 949 2165 989 non
2191 934 2417 989 audiunt
2445 944 2781 1004 peccatores,
2816 949 3150 1005 nequaquam
3177 947 3300 988 esse
3333 941 3554 989 nostra-

1985 1040 2102 1078 rum
2165 1025 2380 1078 aurium
2435 1023 2667 1089 similes,
2726 1039 2849 1094 quae
2898 1025 3153 1078 emissam
3205 1037 3393 1076 vocem
3442 1023 3558 1077 sive

1980 1117 2228 1187 iustitia),
2289 1115 2407 1171 sive
2468 1115 2770 1186 iujustitim,
2825 1116 3104 1185 aequaliter
3154 1114 3417 1180 audiunt;
3465 1114 3556 1170 sed

1983 1219 2222 1280 peccata,
2274 1209 2470 1279 inquit,
2534 1219 2728 1276 vestra,
2791 1210 2946 1278 quasi
3007 1208 3228 1276 quidam
3279 1209 3334 1261 in
3381 1207 3558 1262 medio

1986 1316 2172 1356 murus
2193 1301 2496 1372 oppositus,
2554 1316 2650 1355 vos
2707 1309 2760 1356 et
2813 1301 2981 1354 Deum
3023 1300 3291 1354 dividunt.
3325 1299 3476 1354 Unde
3504 1307 3560 1353 et

1991 1392 2245 1448 Salvator
2302 1394 2355 1446 in
2426 1393 2681 1463 passione
2735 1407 2831 1447 sua
2884 1391 3012 1447 fecit
3065 1398 3356 1460 utrumque
3395 1404 3558 1444 unum

1989 1485 2212 1556 (Ephes.
2240 1487 2325 1553 ιι),
2353 1494 2406 1539 et
2453 1485 2690 1540 medium
2747 1484 3012 1554 parietem
3046 1483 3291 1538 maceria:
3323 1481 3559 1546 solvens,

1989 1578 2334 1635 inimicitiam
2367 1578 2420 1632 in
2457 1593 2553 1632 sua
2601 1591 2764 1632 carne
2800 1576 3094 1639 destruxit,
3131 1584 3190 1630 ut
3217 1591 3354 1646 quos
3385 1575 3563 1645 paries

1989 1672 2247 1726 diviserat
2275 1679 2648 1740 peccatorum,
2686 1668 2889 1723 Christi
2921 1668 3143 1738 sanguis
3183 1667 3558 1737 conjuugeret.

1984 1763 2084 1831 Qui
2118 1764 2331 1832 aperuit
2362 1761 2597 1832 paradisi
2633 1761 2885 1831 ianuam,
2928 1775 3049 1829 quae
3101 1760 3270 1814 multo
3318 1771 3563 1829 tempore

1985 1857 2168 1914 clausa
2221 1854 2580 1927 fuerat(Gen.
2637 1854 2742 1921 ut),
2801 1863 2856 1907 et
2903 1854 3118 1922 igneum
3173 1853 3410 1922 gladium
3463 1867 3563 1908 suo

1987 1965 2184 2005 cruore
2233 1948 2506 2013 restinxit,
2562 1957 2623 2002 ut
2679 1947 2891 2001 audiret
2933 1946 3122 2001 latro:
3163 1945 3330 2000 Hodie
3359 1961 3562 2001 mecum

1985 2043 2085 2096 eris
2123 2042 2175 2094 in
2211 2039 2462 2110 paradiso
2494 2037 2645 2110 (Luc.
2669 2053 2825 2103 xxtn,
2847 2037 2961 2109 43).
2991 2037 3252 2107 Quodque
3281 2038 3563 2106 sequitur:

1990 2132 2057 2186 Et
2087 2143 2296 2200 propter
2334 2141 2544 2201 peccata
2579 2140 2745 2186 castra
2778 2133 2963 2185 avertit
2993 2131 3182 2199 [aciem
3226 2147 3258 2184 a
3291 2130 3476 2194 vobis;
3511 2136 3569 2182 ut

1990 2239 2093 2279 non
2131 2226 2356 2291 audiret,
2386 2224 2519 2288 sive,
2553 2231 2609 2276 ut
2652 2240 2752 2277 non
2792 2225 3142 2288 misereretur,
3176 2223 3278 2277 hoc
3310 2221 3567 2284 ostendit,

1992 2315 2135 2383 quod
2190 2313 2422 2368 fetorem
2482 2325 2826 2381 peccatorum
2890 2321 2944 2368 et
3005 2314 3323 2383 iniquitates
3380 2329 3569 2369 eorum

1995 2403 2146 2460 ferre
2176 2418 2283 2459 non
2311 2404 2568 2473 potuerit,
2618 2403 2712 2458 sed
2769 2403 3028 2458 averterit
3064 2402 3259 2458 faciem
3288 2419 3462 2468 suam,
3498 2417 3572 2459 no

1996 2511 2187 2552 eorum
2237 2497 2622 2567 turpitudinem
2675 2484 2945 2561 conteret,
2991 2506 3049 2552 et
3080 2497 3261 2552 statim
3289 2505 3571 2565 percutere

1996 2599 2294 2661 cogeretur.
2356 2591 2512 2646 Unde
2559 2599 2832 2660 peccator,
2869 2588 3083 2644 Domini
3139 2589 3342 2642 vultum
3371 2589 3583 2660 videre,

1998 2684 2334 2744 desiderans.
2391 2684 2524 2738 dicit
2569 2686 2622 2738 in
2690 2682 2939 2753 psalmo:
2979 2681 3278 2753 Usquequo,
3325 2673 3583 2747 Domine,-

1998 2775 2316 2832 Oblivisceris
2357 2792 2436 2831 me
2479 2777 2532 2830 in
2581 2776 2740 2845 ﬁnem
2771 2776 2794 2829 ?
2822 2791 3087 2846 usquequo
3139 2779 3332 2829 avertis
3379 2773 3572 2841 {aciem

2000 2877 2143 2923 tuam
2175 2886 2206 2923 a
2240 2885 2320 2922 me
2349 2867 2523 2940 (Psal.
2553 2884 2649 2936 ιιι,
2679 2868 2772 2939 ηι
2810 2868 2884 2923 Et
2911 2867 3041 2924 alibi
3075 2884 3088 2921 :
3129 2865 3351 2922 Ostende
3372 2866 3567 2936 faciem

2005 2969 2172 3024 luant,
2197 2970 2246 3015 et
2281 2961 2412 3016 salvi
2451 2961 2646 3016 erimus
2673 2961 2847 3032 (Psal.
2873 2978 3061 3026 uxrx,
3092 2964 3171 3032 4).

2074 3051 2259 3126 (Vers.
2283 3053 2338 3121 3,
2367 3055 2446 3126 4.)
2479 3073 2497 3107 ι
2538 3053 2729 3111 Manus
2773 3057 2916 3111 enim
2967 3066 3163 3114 vestrae
3187 3058 3408 3129 pollutae
3443 3069 3571 3115 sunt

2000 3145 2288 3214 sanguine,
2320 3156 2374 3202 et
2417 3147 2568 3218 digiti
2623 3151 2789 3202 vestri
2843 3149 3169 3220 iniquitate:
3205 3151 3348 3208 labia
3387 3159 3570 3207 vestra

1999 3237 2180 3292 locuta
2215 3248 2346 3293 sunt
2373 3238 2736 3308 mendacium,
2779 3249 2835 3296 et
2876 3242 3061 3312 lingua
3089 3252 3272 3300 vestra
3309 3243 3570 3312 iniquita-

2000 3336 2109 3385 tem
2142 3330 2310 3385 fatur.
2341 3331 2457 3386 Non
2481 3341 2566 3388 est
2594 3333 2686 3402 qui
2721 3333 2933 3390 invocet
2954 3335 3248 3406 justitiam,
3279 3352 3454 3406 neque
3483 3345 3569 3391 est

2001 3423 2088 3492 qui
2150 3423 2355 3492 judicet
2395 3439 2519 3478 vere
2554 3439 2568 3476 :
2603 3425 2698 3480 sed
2757 3426 3033 3481 conﬁdunt
3088 3428 3140 3481 in
3187 3427 3344 3482 nihili
3379 3427 3570 3499 [Vulg.

2003 3515 2218 3587 nihilo],
2272 3525 2324 3570 et
2363 3515 2657 3584 loquuntur
2716 3518 3000 3571 vanitates.
3040 3535 3058 3570 ι
3095 3516 3234 3578 LXX
3267 3533 3281 3572 :
3322 3540 3340 3570 ι
3378 3520 3568 3574 Manus

2002 3607 2142 3662 enim
2181 3619 2375 3662 vestra:
2407 3607 2623 3677 polluta:
2676 3615 2804 3662 sunt
2833 3608 3114 3678 sanguine,
3146 3618 3200 3663 et
3225 3609 3372 3678 digiti
3409 3612 3573 3664 vestri

2003 3700 2260 3771 peccatis.
2306 3698 2472 3753 Labia
2533 3709 2716 3753 vestra
2766 3699 2967 3768 polluta
3023 3709 3148 3754 sunt
3180 3699 3484 3767 iniquitate,
3519 3709 3575 3754 et

2005 3791 2183 3862 lingua
2214 3801 2391 3846 vestra
2424 3791 2744 3860 injustitiam
2779 3792 3088 3846 meditatur.
3118 3790 3308 3845 Nullus
3335 3792 3574 3860 loquitur

1998 3882 2194 3952 justa:
2240 3897 2415 3952 neque
2462 3881 2783 3951 estjustunt
2837 3881 3126 3948 judicium.
3176 3881 3462 3936 Contidunt
3519 3884 3572 3935 iu
3626 3882 3628 3885 ’

2004 3974 2179 4041 vanis,
2216 3984 2269 4027 et
2313 3973 2606 4042 loquuntur
2652 3989 2837 4035 vacua,
2873 3972 3188 4041 iniquitates
3244 3982 3406 4040 atque
3442 3988 3575 4042 pec-

2005 4074 2150 4124 cata.
2189 4083 2209 4116 s
2243 4063 2373 4131 Qum
2437 4076 2599 4133 supra
2662 4065 2988 4132 generaliter
3040 4065 3357 4130 nominavit,
3427 4079 3574 4118 nunc

2005 4157 2226 4229 exponit
2270 4159 2321 4211 in
2386 4157 2650 4227 partibus.
2710 4155 2774 4210 Et
2826 4157 3279 4211 considerandum
3309 4158 3451 4225 quod
3482 4172 3579 4211 ne-

2007 4264 2276 4320 quaquam
2317 4248 2397 4302 eis
2419 4248 2638 4316 objiciat
2661 4247 3018 4302 idololatriam
3056 4263 3160 4316 qua
3190 4247 3341 4302 Isaiae
3372 4257 3578 4318 tempo-

2009 4337 2161 4392 ribus
2197 4339 2545 4403 tenebantur,
2571 4339 2662 4392 sed
2694 4337 3012 4392 effusionem
3057 4339 3360 4408 sanguinis,
3387 4342 3450 4394 de
3474 4356 3580 4407 quo

342 4429 581 4484 breviata
615 4445 808 4485 manus
834 4429 1066 4495 Domini,
1101 4439 1158 4484 ut
1185 4429 1394 4487 salvare
1426 4439 1658 4499 nequeat
1692 4446 1706 4486 :
1734 4445 1908 4500 neque
1941 4423 1987 4482 D
2018 4428 2179 4502 704
2210 4441 2333 4484 ante
2355 4430 2462 4501 jam
2506 4429 2714 4484 dixerat
2749 4448 2764 4484 :
2795 4428 2982 4484 Justus
3025 4432 3158 4500 perit
3191 4432 3229 4496 ‘,
3265 4442 3313 4486 et
3349 4449 3448 4486 non
3504 4441 3581 4486 est

345 4529 634 4590 aggravata
691 4530 773 4576 est
831 4522 975 4576 auris
1027 4521 1168 4592 ejus,
1230 4529 1290 4576 ut
1353 4535 1459 4576 non
1487 4521 1778 4589 exaudiat;
1815 4521 1908 4576 sed

347 4614 656 4683 iniquitates
712 4624 905 4670 vestrae
955 4614 1256 4671 diviserunt
1304 4615 1444 4670 inter
1489 4629 1585 4670 vos
1634 4623 1686 4670 ct
1745 4615 1908 4669 Deum

345 4715 604 4772 vestrum,
665 4715 721 4761 et
770 4717 992 4777 peccata
1042 4717 1222 4763 vestra
1273 4708 1676 4764 absconderunt
1720 4707 1910 4762 faciem

344 4797 458 4864 ejus
492 4813 522 4851 a
581 4798 755 4865 vobis,
810 4813 877 4853 ne
928 4800 1230 4855 exaudiret.
1273 4820 1292 4853 ι
1334 4799 1475 4854 LXX
1513 4816 1528 4854 :
1574 4818 1592 4852 t
1642 4799 1911 4870 Numquid

348 4905 449 4943 non
485 4899 662 4959 potest
688 4906 879 4946 manus
906 4890 1116 4948 Domini
1153 4892 1336 4948 salvos
1365 4893 1541 4946 facere
1573 4901 1701 4948 :aut
1725 4908 1912 4963 aggra-

346 4990 464 5036 vata
489 4991 568 5036 cst
605 4984 753 5039 auris
787 4984 922 5054 ejus,
966 4994 1027 5040 ut
1075 4999 1183 5039 non
1232 4983 1524 5039 exaudiat?
1553 4981 1660 5039 Sed
1692 4991 1913 5052 peccata

347 5054 822 5142 vestra°separant
889 5074 1030 5130 inter
1081 5089 1178 5129 vos
1230 5083 1284 5129 et
1340 5075 1509 5129 Deum
1549 5090 1564 5128 :
1599 5083 1651 5129 et
1695 5080 1918 5142 propter

349 5175 568 5232 peccata
601 5177 780 5222 vestra
817 5167 1010 5223 avertit
1041 5166 1236 5223 faciem
1269 5168 1386 5238 ejus
1410 5183 1436 5221 a
1465 5166 1638 5232 vobis,
1668 5165 1825 5237 703
1859 5175 1917 5219 ut

351 5266 454 5311 non
510 5258 851 5314 misereatur.
897 5278 914 5311 ι
957 5258 1205 5316 Poteram
1269 5276 1386 5328 quae
1448 5275 1591 5314 nunc
1649 5258 1915 5311 facturum

351 5362 468 5405 esse
493 5365 578 5405 me
605 5351 713 5406 dixi
744 5365 756 5402 :
797 5353 921 5408 Eris
953 5355 1220 5423 conﬁdens
1246 5355 1297 5409 in
1348 5352 1595 5420 Domino,
1624 5359 1672 5406 et
1696 5349 1917 5406 clevabit

353 5507 490 5562 inter
530 5517 814 5577 utramque
869 5519 974 5572 est.
1028 5511 1318 5579 perieopen
1376 5511 1691 5574 verborum,
1719 5510 1782 5563 de
1813 5526 1919 5579 qua

353 5578 404 5628 in
430 5579 534 5631 alio
556 5579 667 5632 loco
700 5582 926 5642 canitur,
945 5578 1083 5649 justi
1104 5578 1437 5646 possidebunt
1458 5589 1675 5642 terram,
1703 5578 1921 5634 fallente

355 5651 511 5703 oculo
542 5654 1037 5716 praetermitterent.
1095 5649 1204 5707 Nos
1258 5667 1322 5706 ex
1374 5651 1651 5708 vetustiori
1689 5650 1920 5706 Ambro-

360 5718 492 5774 sisn.
534 5735 636 5775 ms.
663 5719 994 5776 sullecimus.

2010 4523 2098 4591 qui
2138 4523 2404 4592 recogitet.
2437 4519 2504 4576 Et
2549 4524 2646 4577 viri
2681 4521 2819 4592 justi
2853 4524 3130 4587 tolluntur,
3177 4534 3225 4578 et
3255 4542 3402 4578 nemo
3427 4525 3581 4578 corde

2011 4612 2278 4684 intelligit.
2301 4617 2343 4667 A
2367 4613 2501 4683 {acie
2528 4615 2662 4668 enim
2689 4615 2979 4682 iniquitatis
3001 4618 3238 4670 sublatus
3259 4627 3332 4670 est
3359 4618 3538 4686 justus
3563 4631 3582 4667 :

2013 4705 2111 4758 erit
2164 4707 2218 4758 in
2267 4720 2390 4772 pace
2449 4706 2718 4773 sepultura
2760 4708 2892 4776 ejus,
2950 4708 3258 4778 tolleturque
3319 4710 3379 4762 de
3413 4708 3580 4761 medio

2015 4795 2150 4868 (Isa.
2186 4797 2394 4860 Lvu,l,
2462 4796 2541 4868 9).
2586 4797 2654 4850 Et
2717 4812 3023 4867 quanquam
3076 4798 3175 4866 ipsi
3229 4813 3418 4855 manus
3471 4813 3580 4850 non

2015 4889 2342 4945 miseriutin
2384 4889 2669 4945 Dominum
2708 4889 3068 4953 Salvatorem,
3120 4898 3294 4942 tamen
3339 4904 3579 4944 consona

2018 4982 2310 5052 impietatis
2340 4995 2472 5037 voce
2519 4982 2855 5037 clamantes:
2887 4979 3115 5049 Sanguis
3155 4980 3266 5048 ejus
3302 4997 3456 5049 super
3487 4999 3581 5037 nos

2016 5083 2064 5126 et
2095 5088 2252 5142 super
2313 5073 2451 5138 ﬁlios
2506 5083 2712 5126 nostros
2773 5070 2980 5142 (Matth.
3030 5086 3198 5135 xxvn,
3232 5069 3346 5140 23),
3393 5074 3581 5128 mortis

2019 5164 2139 5234 ejus
2163 5164 2238 5218 rei
2267 5173 2415 5228 sunt,
2449 5172 2503 5218 et
2542 5163 2748 5217 habent
2773 5162 3007 5232 pollutas
3043 5157 3250 5221 manus.
3286 5163 3358 5220 De
3390 5165 3584 5232 quibus

2021 5257 2162 5310 idem
2202 5255 2472 5324 Propheta
2506 5263 2756 5321 testatur,
2784 5255 2964 5308 dicens
2996 5273 3008 5307 :
3053 5253 3112 5308 Si
3153 5254 3443 5309 Ievaceritis
3472 5270 3587 5305 ma-

2020 5363 2114 5401 nus
2147 5358 2343 5401 vestras
2398 5348 2468 5399 ad
2501 5362 2598 5414 me,
2647 5361 2748 5398 non
2786 5345 3091 5400 exaudiam.
3149 5345 3339 5400 Manus
3399 5352 3585 5400 vestrm

2097 5505 2112 5536 ¹
2143 5503 2374 5574 Victum,
2405 5503 2584 5571 periit,
2609 5512 2655 5555 et
2713 5519 2860 5556 nemo
2898 5503 3116 5574 suscipit
3165 5502 3336 5558 “corde.
3375 5501 3452 5574 Et
3477 5502 3584 5574 piri

2014 5576 2152 5645 justi
2201 5573 2479 5639 tolluntur,
2513 5584 2560 5627 et
2608 5589 2758 5626 nemo
2789 5571 3102 5645 intelligit...
3138 5583 3191 5628 et
3228 5589 3372 5640 mox,
3397 5571 3581 5626 ablata

2021 5654 2099 5700 est
2129 5645 2191 5698 de
2217 5645 2382 5699 medio
2416 5660 2519 5700 :ex
2551 5645 2821 5713 superiori
2853 5659 2972 5714 cap.
3001 5644 3054 5698 5.
