3902 6182
1094 175 1172 236 ά

412 267 516 331 5’9

1600 279 1660 340 S.
1700 280 2010 346 EUSEBII
2057 286 2496 351 HIERONYMI
3085 285 3097 293 ’
3543 295 3630 362 aut

411 387 672 454 sanguine
729 387 898 457 plena:
949 399 1072 444 sunt
1126 390 1263 460 (Isa.
1305 408 1344 458 ι,
1400 394 1512 464 15).
1549 393 1718 452 Labia
1775 414 1991 468 quoque
2021 405 2068 463 Α
2097 419 2268 459 Ερηεε
2300 405 2523 475 (me).
2550 404 2650 474 Qui
2684 405 2846 475 igitur
2878 404 3102 461 audiens
3140 405 3443 465 traditiones
3472 409 3630 466 iudai-

410 491 601 530 eorum
633 478 898 548 etlingua
941 483 1235 552 loquuntur
1266 483 1607 555 iniquitatem
1641 499 1801 560 atque
1835 506 1987 546 uren-

410 572 652 640 dacium,
683 583 743 630 ut
802 592 902 646 pro
938 577 1158 634 Christo
1205 582 1308 636 sibi
1362 581 1760 641 Antichristum
1797 603 1986 657 repro-

415 664 657 731 mittant,
687 681 786 720 nec
809 668 879 721 sit
920 669 1063 723 ullus
1111 671 1162 723 in
1216 673 1549 743 populo'qui
1587 676 1802 733 invocet
1833 679 1990 748 justi-

415 755 563 817 tiam,
589 768 641 811 et
649 759 848 827 Judicct
871 763 1158 829 ceritatem,
1180 765 1315 834 sive,
1333 774 1391 820 ut
1409 767 1460 821 in
1487 767 1710 824 Hebraeo
1728 770 1983 837 habetur,

409 850 591 918 ﬁdem,
643 852 782 920 quod
834 853 1048 909 scilicet
1095 858 1278 911 credat
1313 859 1366 912 in
1395 858 1653 930 Christo;
1684 863 1779 918 sed
1821 865 1988 921 confi-

406 945 542 999 dunt
574 945 623 998 in
654 945 833 1012 nihili,
871 957 924 1002 et
972 948 1270 1019 loquuntur
1309 955 1598 1013 vanitates.
1627 957 1783 1013 Unde
1836 961 1987 1033 Apo-

407 1033 579 1087 stolus
609 1037 853 1104 prrecipit
894 1053 960 1092 ne
1022 1044 1368 1099 attendamus
1397 1044 1652 1103 Judaicas
1676 1048 1902 1116 fabulas,
1933 1061 1988 1108 et

408 1128 656 1181 mandata
689 1128 968 1185 hominum
997 1136 1367 1191 aversantittm
1393 1153 1452 1192 se
1474 1155 1501 1192 a
1523 1141 1897 1214 veritate(Tit.
1920 1144 1982 1214 ι).

407 1219 546 1274 Vere
569 1223 716 1278 enim
749 1226 1029 1281 confidunt
1055 1228 1109 1281 in
1145 1229 1322 1295 nihili,
1358 1239 1413 1285 et
1439 1244 1744 1303 sequuntur
1775 1237 1987 1292 vanita-

407 1327 512 1379 tes,
543 1316 596 1369 in
631 1331 741 1385 quo
776 1317 1030 1386 impletur
1071 1319 1284 1375 Domini
1333 1323 1646 1378 vaticinium
1687 1342 1701 1382 ξ
1733 1326 1842 1397 Ego
1871 1330 1986 1384 veni

409 1410 468 1461 in
496 1410 706 1464 nomine
739 1409 921 1466 Patris
949 1414 1070 1477 mei,
1100 1422 1149 1466 et
1177 1431 1279 1467 non
1303 1417 1602 1487 suscepistis
1623 1437 1703 1473 me
1728 1436 1746 1473 :
1773 1423 1820 1475 si
1845 1423 1985 1477 alius

407 1503 605 1557 venerit
633 1503 684 1556 in
709 1505 919 1558 nomine
938 1521 1055 1570 suo,
1081 1506 1233 1560 illum
1254 1497 1550 1576 suscipiatis
1571 1511 1754 1582 (Joan.
1788 1528 1840 1578 v,
1868 1513 1984 1581 45).

485 1597 664 1668 (Vere.
691 1598 746 1660 5,
777 1597 856 1667 ti.)
893 1616 912 1649 e
941 1598 1325 1668 Conceperunt
1366 1602 1626 1668 laborem,
1658 1615 1713 1659 et
1759 1619 1986 1676 pepere-

406 1699 536 1742 runt
565 1685 906 1758 iniquitatem
946 1706 960 1744 :
1001 1702 1056 1746 et
1081 1708 1181 1746 ova
1214 1694 1464 1762 aspidum
1492 1707 1777 1767 ruperunt,
1809 1710 1859 1754 et
1906 1710 1986 1754 te-

2101 510 2214 560 cas,
2251 498 2315 550 ad
2339 513 2492 552 escas
2526 514 2585 553 se
2611 499 2759 554 mille
2789 514 3056 554 annorum
3081 501 3313 555 voluerit
3340 519 3629 573 pracparare,

2091 597 2160 642 et
2226 591 2713 658 repromissionum
2772 592 2981 647 deliciis
3046 594 3304 654 irretitus.
3338 611 3535 650 manum
3576 599 3630 650 ad

2101 695 2265 735 ovum
2309 685 2606 739 extendere
2640 687 2700 738 ἐ
2737 685 2783 740 si
2817 697 3102 756 antequam
3158 690 3420 753 comedat,
3444 690 3535 745 hoe
3564 700 3633 746 cst

2100 775 2286 830 verbis
2321 775 2624 831 mortiferis
2656 778 2995 849 acquiescat,
3023 779 3253 834 voluerit
3292 783 3433 850 prius
3476 784 3631 836 consi-

2102 867 2296 924 derare
2328 871 2472 940 quod
2506 871 2731 937 dicitur,
2764 883 2818 927 et
2849 873 3094 943 singulos
3124 889 3398 930 sermones
3430 875 3634 930 discute-

2100 978 2180 1029 re,
2205 979 2506 1033 eorumque
2571 975 2811 1021 tractare
2875 969 3164 1035 rationem,
3193 969 3372 1023 statim
3427 970 3477 1022 in
3522 970 3636 1036 ipsis

2099 1056 2335 1124 reperiet
2359 1055 2469 1129 [ΑΙ.
2502 1055 2729 1131 reperit]
2758 1059 3154 1115 Antichristum
3188 1060 3496 1130 praeparari.
3521 1059 3639 1130 Ergo

2093 1147 2250 1218 juxta
2288 1147 2637 1215 Hebraicum,
2670 1153 2761 1221 qui
2820 1153 3118 1208 comederit
3175 1153 3242 1208 de
3297 1154 3414 1207 ovis
3451 1169 3635 1217 eorum,

2089 1241 2382 1297 morietur.
2421 1243 2524 1310 Qui
2577 1253 2784 1308 autem,
2807 1243 2959 1314 juxta
3013 1244 3389 1315 Septuaginta,
3421 1243 3638 1314 frangere

2096 1343 2225 1389 ante
2261 1334 2516 1400 voluerit,
2549 1343 2604 1390 et
2634 1334 2946 1406 diligentius
2977 1335 3183 1391 intueri
3213 1350 3277 1390 ac
3323 1335 3498 1390 videre
3529 1335 3636 1404 quid

2098 1427 2294 1494 latitet,
2327 1429 2567 1500 reperiet
2597 1429 2848 1485 fmtorem
2897 1430 3343 1516 teterrimumLet
3374 1429 3635 1499 principem

2097 1520 2344 1575 omnium
2406 1530 2714 1592 serpentem
2759 1521 3063 1589 diabolum,
3103 1525 3158 1576 in
3207 1537 3392 1578 eorum
3451 1522 3638 1576 latitare

2101 1612 2504 1669 traditionibus.
2536 1615 2601 1669 Et
2631 1615 2760 1685 quia
2786 1630 2955 1685 supra
2975 1616 3190 1671 dixerat
3223 1633 3238 1671 :
3275 1614 3424 1670 Telas
3453 1630 3635 1670 aranea!

2099 1715 2305 1774 texunt,
2327 1708 2549 1776 exponit
2579 1709 2727 1778 quod
2759 1707 2985 1762 tela-rum
3035 1709 3268 1763 istarum
3321 1716 3518 1762 textura
3546 1721 3634 1761 non

404 1785 488 1838 las
512 1798 727 1839 araneae
769 1794 1086 1841 texuerunt.
1131 1787 1232 1853 Qui
1270 1791 1571 1846 comederit
1610 1793 1677 1847 de
1722 1794 1840 1849 ovis
1891 1809 1988 1850 eo-
2014 1765 2062 1826 Β
2092 1798 2361 1868 proficiat.
2397 1799 2598 1865 Labor,
2634 1799 2832 1870 inquit,
2877 1789 3066 1855 eorum
3101 1800 3391 1868 omnisque
3422 1799 3636 1853 doctrina

401 1892 550 1942 rum,
585 1879 856 1933 morietur
886 1897 899 1933 :
933 1887 988 1934 et
1015 1880 1158 1950 quod
1200 1882 1482 1938 eonfotum
1512 1897 1616 1951 est,
1649 1893 1900 1954 erumpet
1933 1889 1985 1940 in

401 1971 670 2041 regulum.
707 1971 852 2026 Tela:
883 1987 1071 2028 eorum
1130 1990 1234 2029 non
1277 1984 1438 2030 erunt
1475 1977 1528 2030 in
1574 1979 1982 2043 vestimentum,

400 2077 580 2130 neque
603 2063 924 2133 cperientur
945 2065 1205 2134 operibus
1241 2069 1376 2122 suis.
1412 2086 1432 2119 ι
1468 2067 1609 2122 LXX
1639 2084 1651 2121 :
1685 2068 1822 2135 Quia
1861 2084 1989 2138 par-

403 2152 619 2206 turiunt
647 2152 913 2220 dolorem,
947 2163 1003 2209 et
1033 2166 1297 2224 generant
1347 2157 1712 2227 iniquitatem.
1748 2159 1862 2214 ()va
1893 2174 1986 2214 as-

400 2243 586 2312 pidum
653 2243 966 2315 fregerunt,
1039 2256 1094 2301 et
1150 2247 1308 2302 telam
1359 2264 1576 2304 aranem
1619 2253 1982 2305 texuerunt‘.

403 2333 473 2388 Et
506 2336 600 2406 qui
638 2338 703 2391 de
734 2338 853 2393 ovis
883 2353 1069 2393 eorum
1113 2341 1400 2397 comedere
1441 2343 1693 2409 voluerit,
1727 2344 1986 2416 frangens

403 2430 645 2500 reperiet
673 2430 973 2499 putridum,
1009 2433 1139 2486 etin
1167 2432 1286 2502 ipso
1331 2435 1573 2505 regulum
1608 2455 1621 2491 :
1659 2436 1759 2490 tela
1794 2453 1982 2493 eorum

407 2537 518 2578 non
549 2525 655 2578 erit
690 2525 742 2576 in
775 2525 1182 2589 vestimentum,
1218 2541 1320 2582 nec
1368 2530 1686 2599 operieutur
1727 2531 1985 2600 operibus

399 2614 536 2670 suis.
573 2635 590 2666 ι
631 2614 733 2682 Qui
767 2617 1092 2672 Antichristi
1123 2621 1513 2688 praestolamur
1542 2624 1858 2688 adventrum,
1880 2639 1984 2679 nec

398 2717 633 2776 possunt
665 2709 848 2763 dicere
879 2726 892 2763 :
923 2709 966 2761 Α
998 2710 1186 2763 timore
1212 2719 1325 2771 tuo.
1364 2710 1605 2779 Domine,
1626 2716 1979 2786 concepimus,

397 2808 448 2853 et
481 2801 860 2868 parturivimus
898 2808 948 2854 et
992 2803 1309 2870 peperimus,
1336 2803 1580 2871 spiritum
1641 2806 1833 2860 salutis
1881 2818 1983 2862 tua;

395 2891 620 2960 fecimus
680 2907 837 2961 super
897 2901 1099 2946 terram
1135 2891 1272 2962 (Isa.
1319 2909 1468 2959 XXVI,
1523 2894 1612 2962 17,
1671 2895 1785 2966 18),
1833 2905 1982 2952 recte

396 2985 715 3054 concipiunt
752 2983 1019 3050 dolorem,
1048 2995 1104 3040 et
1146 2987 1464 3056 parturiunt
1495 2987 1840 3059 iniquitatem
1872 3005 1886 3042 :
1923 2997 1982 3044 ut

2092 1906 2198 1946 non
2234 1889 2438 1946 Christi
2472 1889 2640 1947 eﬂicit
2675 1893 3086 1958 vestimentum,
3134 1908 3238 1948 nec
3294 1892 3505 1961 pallium
3537 1907 3628 1962 quo

2103 1985 2322 2039 uuditas
2351 1985 2546 2039 animae
2585 1995 2928 2055 protegatur,
2959 1986 3051 2041 sed
3095 2000 3258 2042 casso
3302 1985 3475 2040 labore
3506 1985 3638 2040 desu-

2090 2081 2246 2142 dant.
2278 2080 2494 2135 dicente
2546 2081 2647 2134 hoc
2697 2080 2888 2136 eodem
2949 2081 3262 2152 propheta:
3301 2080 3522 2150 Populus
3569 2079 3638 2130 Iu'c

2089 2173 2250 2228 labiis
2286 2189 2366 2227 me
2395 2173 2671 2240 honorat;
2698 2190 2792 2229 cor
2822 2189 2942 2229 vero
2973 2189 3154 2228 eorum
3199 2173 3348 2245 longe
3389 2182 3459 2228 est
3485 2189 3514 2223 a
3553 2187 3635 2224 me.

2101 2271 2335 2327 Frustra
2388 2282 2568 2326 autem
2621 2289 2702 2327 me
2765 2272 2963 2337 colunt,
3003 2274 3247 2326 docentes
3304 2271 3556 2324 doctrinas
3597 2277 3639 2320 et

2088 2375 2351 2434 pra'cepta
2378 2365 2652 2419 hominum
2683 2363 2819 2436 (Isa.
2841 2381 2990 2431 χχιι,
3027 2365 3115 2432 15)
3146 2380 3164 2418 :
3194 2378 3316 2433 quae
3358 2369 3634 2432 sequentes.

2090 2456 2374 2526 negligant
2423 2455 2594 2527 legem
2640 2457 2756 2510 Dei.
2790 2456 2858 2510 Et
2906 2466 2965 2510 ut
2997 2456 3243 2510 sciamus
3277 2455 3329 2509 in
3356 2454 3453 2508 tela
3497 2464 3634 2521 opera

2087 2549 2478 2612 demonstrari,
2531 2546 2717 2601 intulit
2771 2565 2784 2602 :
2843 2545 3026 2616 Neque
3083 2547 3386 2615 aperientur
3425 2543 3634 2614 aperibus

2087 2640 2220 2693 suis.
2250 2639 2483 2704 Quidam
2553 2639 2732 2694 locum
2770 2638 2936 2709 706
2969 2641 3131 2694 istum
3191 2640 3271 2693 sic
3324 2638 3632 2693 edisserunt:

2088 2727 2194 2783 Ova
2225 2730 2468 2800 aspidum
2508 2729 2800 2793 sciderunt,
2833 2729 2950 2784 sive
2980 2738 3265 2799 ruperunt,
3308 2727 3360 2782 id
3388 2736 3486 2793 est,
3518 2740 3635 2780 mor-

2085 2822 2281 2876 dentes
2328 2820 2718 2888 prophetarum
2759 2822 3030 2890 reliquere
3059 2836 3348 2878 sermones
3376 2833 3570 2881 omnes,
3590 2825 3634 2870 et

2083 2911 2284 2967 blanda
2318 2911 2422 2967 sibi
2453 2911 3060 2981 pseudoprophetarum
3100 2912 3322 2982 eloquia
3357 2917 3628 2966 texuerunt:

2085 3003 2154 3058 de
2193 3002 2392 3073 quibus
2426 3003 2445 3034 ³
2470 3002 2582 3073 {qui
2616 3003 2937 3070 comederit,
2968 3019 2996 3058 a
3039 3017 3303 3072 serpente
3327 3004 3565 3069 ferietur;
3588 3007 3632 3054 et

395 3093 558 3148 quem
595 3079 763 3134 multo
799 3078 984 3135 labore
1011 3081 1357 3152 perquirunt,
1390 3083 1444 3138 in
1479 3083 1770 3154 iniquitate
1800 3086 1976 3140 susci-

2090 3095 2352 3167 intelliget
2387 3095 2524 3152 nihil
2559 3095 2662 3151 sibi
2695 3095 2861 3151 verba
2884 3097 3154 3168 profuisse
3186 3098 3470 3154 mendacii.

392 3172 592 3239 piant;
631 3171 698 3226 de
759 3187 986 3240 quorum
1031 3175 1295 3243 scriptum
1367 3183 1452 3230 est
1503 3185 1702 3242 patre:
1734 3176 1980 3249 Concepit

394 3260 658 3329 dolorem,
693 3269 744 3316 et
768 3265 968 3332 peperit
1017 3264 1352 3334 iniquitatem
1382 3264 1556 3334 (Psal.
1590 3282 1688 3333 vn,
1725 3267 1841 3338 15).
1882 3267 1976 3322 Isti

394 3356 662 3427 frangunt
686 3366 853 3426 atque
881 3355 1234 3427 disrumpunt
1265 3373 1366 3413 ova
1395 3358 1667 3429 aSpidum,
1698 3369 1755 3415 ut
1786 3375 1977 3415 earum

395 3467 603 3507 venena
637 3451 690 3506 in
724 3465 823 3506 sua
861 3459 1040 3507 mente
1067 3451 1389 3520 suscipiant,
1423 3451 1689 3520 quibusin
1723 3452 1977 3523 Evange-

395 3542 470 3598 lio
494 3542 697 3598 dicitur
730 3559 744 3594 τ
779 3540 1078 3610 Serpentes,
1110 3542 1380 3612 genimina
1425 3543 1724 3608 viperarum
1757 3542 1976 3611 (Matth.

396 3653 482 3697 zu,
510 3635 589 3703 7).
618 3634 956 3705 Pulchreque
985 3649 1085 3690 ova
1126 3636 1313 3705 posuit
1353 3634 1601 3705 aspidum
1649 3645 1813 3707 atque
1863 3650 1980 3691 ser-

351 3753 361 3761 ·
396 3738 643 3797 pentum,
675 3742 797 3796 quae
836 3741 940 3782 ova
990 3727 1142 3797 prius
1175 3741 1442 3797 generare
1489 3726 1776 3783 dicuntur.
1816 3727 1978 3799 705

393 3821 460 3875 Et
489 3820 617 3889 quia
649 3834 756 3873 non
791 3818 964 3874 solum
1005 3817 1230 3872 malitia:
1256 3833 1465 3874 venena
1497 3820 1551 3874 in
1579 3820 1833 3875 cordibus
1862 3822 1979 3875 suis

393 3913 661 3977 retinent,
688 3912 784 3967 sed
816 3912 869 3965 in
906 3911 1024 3982 lege
1052 3911 1265 3966 Domini
1292 3911 1379 3967 die
1423 3927 1488 3967 ac
1514 3922 1673 3968 nocte
1709 3912 1978 3967 meditan-

393 4017 503 4070 tur,
533 4006 712 4061 aniles
750 4005 963 4060 fabulas
999 4005 1373 4069 mussitantes,
1408 4014 1698 4076 propterea
1724 4005 1922 4060 dicitur
1960 4021 1975 4061 :

394 4099 464 4152 Et
508 4099 641 4152 telas
678 4115 890 4153 araneae
926 4107 1154 4153 texunt:
1186 4099 1386 4166 quibus
1429 4112 1648 4152 muscas
1679 4105 1734 4151 et
1773 4096 1977 4152 culices

391 4201 444 4245 et
505 4205 669 4258 parva
733 4192 955 4258 capiunt
999 4191 1348 4256 animantia;
1396 4190 1463 4244 ad
1495 4204 1631 4259 quas
1671 4204 1793 4245 cum
1831 4187 1977 4244 forte

391 4283 520 4353 quid
553 4283 783 4347 venerit,
817 4285 971 4352 quasi
1007 4298 1105 4354 per
1133 4298 1316 4339 aerem
1377 4297 1611 4338 vacuum
1645 4283 1974 4338 transvolat.

393 4374 499 4441 Qui
531 4373 841 4436 comederit,
865 4374 1067 4445 inquit,
1095 4376 1160 4429 de
1190 4374 1300 4428 ovis
1328 4389 1531 4438 eorum,
1568 4373 1848 4437 morietur,
1874 4373 1977 4427 hoc

2158 3187 2340 3258 (Vers.
2373 3187 2427 3254 7,
2477 3187 2558 3259 8).
2607 3206 2626 3240 α
2653 3185 2833 3257 Opera
2885 3202 3073 3244 eorum
3119 3204 3288 3258 opera
3331 3188 3631 3244 inutiliamt

2087 3297 2226 3352 opus
2261 3281 2568 3352 iniquitatis
2613 3281 2666 3336 in
2724 3282 2983 3337 manibus
3017 3297 3234 3337 eorum.
3269 3283 3432 3336 Pedes
3467 3290 3631 3334 eorum

2087 3373 2155 3429 ad
2189 3373 2385 3428 malum
2422 3381 2652 3428 currunt
2683 3390 2697 3429 :
2727 3383 2782 3427 et
2819 3372 3081 3429 festinant
3115 3384 3174 3429 ut
3206 3374 3478 3430 eﬂ'uudant
3522 3383 3629 3426 san-

2087 3466 2310 3537 guinem
2359 3466 2734 3522 innocentem.
2781 3465 3158 3537 Cogitationes
3201 3481 3414 3529 eorum,
3458 3462 3632 3532 cogita-

2089 3563 2265 3616 tiones
2295 3559 2516 3615 inutiles
2551 3559 2815 3616 :vastitas
2840 3568 2896 3615 et
2923 3559 3186 3614 contritio
3226 3559 3280 3614 in
3319 3559 3419 3613 viis
3447 3566 3629 3612 eorum.

2087 3652 2239 3708 Viam
2272 3651 2422 3722 pacis
2472 3651 2815 3718 nescierunt,
2879 3660 2938 3706 et
3001 3666 3112 3706 non
3169 3664 3253 3708 est
3301 3649 3546 3722 judicium
3587 3646 3630 3698 in

2087 3744 2369 3814 gressibus
2418 3759 2633 3801 eorum.
2670 3743 2894 3800 Semitas
2945 3758 3134 3800 eorum
3195 3745 3488 3799 incurvata:
3526 3744 3631 3794 sunt

2085 3842 2166 3897 eis
2197 3857 2214 3897 :
2242 3841 2420 3897 omnis
2448 3841 2539 3912 qui
2560 3841 2740 3896 calcat
2763 3839 2818 3894 in
2845 3838 2952 3904 eis,
2983 3839 3203 3908 ignorat
3232 3828 3627 3909 paceanXX.

2093 3932 2314 4004 «Opera
2373 3934 2520 3988 enim
2571 3947 2760 3988 eorum
2792 3945 2960 4001 opera
3013 3930 3361 4000 iniquitatis,
3391 3937 3443 3986 ct
3490 3922 3629 3995 pedes

2085 4037 2276 4078 eorum
2303 4022 2369 4076 ad
2403 4021 2674 4078 malitiam
2708 4029 2962 4077 currunt.
3005 4019 3240 4077 Veloces
3271 4022 3341 4076 ad
3386 4013 3630 4074 etfundem

2086 4115 2212 4169 dum
2246 4113 2568 4184 sanguinem
2596 4113 2923 4180 innoxium;
2979 4123 3034 4168 et
3061 4113 3417 4184 cogitationes
3445 4117 3629 4166 eorum,

2087 4206 2447 4277 cogitationes
2477 4206 2802 4262 stultorum.
2838 4204 3107 4260 Contritio
3133 4213 3188 4260 et
3220 4203 3434 4260 miseria
3463 4200 3513 4255 in
3543 4195 3631 4250 viis

2085 4312 2298 4366 eorum,
2367 4305 2425 4354 et
2471 4297 2617 4354 viam
2649 4297 2802 4367 pacis
2838 4311 2950 4352 non
2996 4305 3365 4368 cognoverunt
3399 4311 3412 4350 :
3447 4298 3497 4346 et
3539 4300 3629 4343 non

2085 4402 2170 4447 est
2196 4391 2463 4460 judicium
2492 4392 2548 4445 in
2601 4389 2704 4446 viis
2751 4403 2966 4445 eorum.
2998 4388 3220 4445 Semitas
3275 4388 3417 4444 enim
3465 4391 3627 4439 eorum

390 4479 498 4530 est,
527 4468 622 4538 qui
653 4466 898 4522 consiliis
930 4483 1121 4522 eorum
1153 4465 1508 4534 acquieverit,
1549 4467 1822 4536 quomodo
1843 4464 1977 4520 Abel
2011 4476 2053 4532 ι)
2083 4496 2377 4551 perversa},
2407 4495 2544 4552 quas
2619 4489 2926 4544 ιηιηεευη-ι,
2961 4488 3016 4535 et
3069 4479 3328 4535 nescium
3397 4487 3584 4547 pacem.
3607 4485 3624 4518 ›

391 4564 670 4631 acquievit
731 4561 864 4616 Cain
921 4560 1169 4626 dicenti,
1214 4559 1574 4614 Transeamus
1629 4561 1682 4614 in
1733 4575 1978 4628 campum

392 4653 545 4721 (Gen.
584 4633 656 4716 :v,
684 4651 760 4722 8).
805 4651 988 4705 statim
1039 4650 1439 4706 interficietur:
1474 4650 1610 4720 sive,
1639 4659 1695 4704 ut
1739 4649 1976 4720 Septua-

393 4747 542 4813 ginta
592 4743 1045 4800 transtulerunt:
1083 4743 1188 4809 Qui
1249 4745 1469 4799 voluerit
1511 4745 1576 4798 de
1639 4747 1746 4799 ovis
1795 4761 1977 4800 eorum

393 4836 686 4903 comedere,
735 4849 1010 4892 conterens
1064 4838 1288 4892 inveniet
1324 4838 1618 4906 putridum,
1651 4847 1700 4892 et
1744 4839 1800 4892 in
1859 4840 1976 4908 ipso

393 4932 657 5002 regulum.
691 4931 793 4999 Qui
823 4931 972 4987 enim
1003 4931 1178 5003 prima
1211 4930 1390 4985 fronte
1421 4932 1707 5001 deceptus,
1738 4945 1839 4986 ova
1871 4945 1973 4999 pu-

395 5026 592 5079 taverit
650 5026 974 5092 gallinarum
1021 5034 1078 5080 et
1133 5024 1367 5080 aliarum
1401 5024 1710 5091 volucrum,
1742 5039 1974 5094 quarum

400 5129 526 5168 esus
563 5115 819 5172 innoxius
851 5127 936 5173 est
970 5135 986 5174 :
1018 5119 1062 5172 si
1105 5119 1332 5191 fregerit
1374 5130 1668 5190 antequam
1699 5121 1975 5188 comedat,

392 5207 580 5262 statim
612 5218 858 5275 putorem
901 5212 1238 5267 teterrimum
1262 5212 1621 5282 foetoremque
1660 5223 1973 5285 cognoscet,

395 5312 445 5355 et
480 5299 629 5371 quod
653 5299 930 5356 confotum
974 5314 1058 5357 est
1110 5305 1351 5361 inveniet
1380 5307 1654 5378 regulum.
1680 5307 1973 5375 Sivejuxta

397 5393 788 5463 Symmachum
850 5402 907 5446 et
973 5392 1422 5463 Theodotionem,
1476 5398 1733 5465 aspidem.
1779 5398 1974 5468 Aquila

395 5496 580 5542 autem
613 5489 849 5557 viperam
871 5489 1058 5555 posuit
1087 5507 1103 5545 :
1137 5507 1236 5562 pro
1259 5507 1364 5562 qua
1396 5493 1447 5546 in
1481 5491 1750 5548 Hebraico
1771 5493 1977 5563 legitur

472 5625 489 5656 ¹
523 5623 636 5681 Duo
674 5627 1050 5696 Atubrosiaui,
1087 5639 1294 5694 texunt,
1330 5631 1474 5699 iuxta
1508 5632 1754 5688 Graecum
1809 5630 1975 5701 ὕφαι-

394 5714 435 5748 νυ
459 5711 567 5749 υσι.

411 5749 426 5760 ’
471 5777 488 5796 ι
518 5775 553 5817 Il
598 5785 703 5831 em,
745 5770 815 5821 ad
853 5769 1022 5822 cibum
1050 5775 1349 5826 catcudcre.

2082 4574 2209 4630 Ideo
2233 4589 2340 4629 non
2365 4573 2684 4645 operiuntur
2723 4572 2838 4646 [AL
2866 4569 3216 4645 operientur}
3230 4570 3482 4644 operibus
3511 4561 3626 4624 suis,

2083 4668 2210 4738 quia
2272 4681 2439 4736 opera
2505 4681 2694 4722 eorum
2749 4679 2916 4737 opera
2984 4665 3294 4736 iniquitatis
3340 4673 3478 4726 sunt,
3524 4666 3627 4726 qua?

2081 4760 2384 4832 Apostolus
2421 4759 2764 4815 infructuosa
2820 4759 3196 4827 cognominat,
3235 4757 3288 4813 id
3321 4763 3403 4812 est
3443 4752 3626 4807 fructus

2080 4868 2190 4908 non
2223 4853 2476 4907 habentia
2510 4850 2732 4923 (Ep/tes.
2767 4851 2844 4919 v).
2900 4851 2964 4905 Et
3011 4852 3177 4921 pedes
3203 4864 3395 4905 eorum
3425 4843 3625 4912 currum

2081 4944 2149 4997 ad
2191 4943 2416 5009 malum,
2445 4953 2499 4997 et
2529 4941 2794 4999 festinant
2827 4941 2895 4997 ad
2922 4940 3308 4998 effundendum
3337 4935 3624 5006 sanguinem

2081 5039 2359 5095 innoxium
2403 5037 2588 5107 (Prov.
2622 5036 2688 5107 ι).
2730 5038 2886 5093 Hanc
2919 5038 3064 5092 enim
3097 5045 3153 5092 et
3182 5032 3622 5104 inpropbetarum

2079 5130 2365 5188 occisione
2391 5130 2704 5186 habuerunt
2732 5129 3219 5186 consuetudinem.
3248 5129 3329 5184 Ad
3363 5138 3492 5196 quos
3522 5118 3626 5174 Ste-

2078 5226 2293 5292 phanus
2347 5223 2679 5292 loquebatur
2714 5239 2729 5279 :
2764 5222 2932 5287 Quem
2965 5224 3103 5277 enim
3144 5221 3501 5294 prophetarum
3535 5223 3623 5263 non

2079 5333 2203 5376 sunt
2253 5320 2519 5390 persecuti
2561 5330 2740 5390 patres
2777 5320 2934 5374 vestri
2959 5319 3102 5389 (Act.
3137 5334 3234 5386 vtt,
3273 5316 3404 5388 52)?
3441 5313 3501 5368 Et
3528 5306 3621 5362 D0-

2081 5413 2259 5464 tuinus
2314 5412 2369 5464 in
2436 5409 3118 5481 Evangeliozlerusalem,
3165 5405 3472 5468 Jerusalem,
3521 5409 3620 5468 qua?

2081 5504 2276 5558 occidis
2318 5503 2617 5574 prophetas,
2671 5513 2722 5558 et
2768 5505 2976 5576 lapides
3034 5519 3144 5569 eos,
3177 5504 3265 5574 qui
3297 5501 3364 5554 ad
3411 5507 3455 5552 te
3496 5488 3620 5544 misti

2160 5645 2180 5675 ³
2209 5642 2359 5698 Unus
2388 5641 2762 5706 Ambrosiam,
2782 5651 2830 5696 et
2854 5643 3052 5698 blanda
3081 5660 3145 5698 ac
3177 5638 3466 5698 adulatoria
3484 5645 3618 5702 pseu'

2081 5714 2528 5785 doprophctarum
2547 5713 2756 5784 eloquia
2783 5726 3142 5784 sumpserunt,
3162 5717 3226 5770 de
3243 5715 3436 5785 quibus,
3463 5715 3558 5760 ctc.
