3902 6182
168 294 262 360 601

648 294 1116 357 COMMENTAR
1189 295 1264 356 lN
1309 291 1571 354 [SAIAM
1635 289 2100 362 PROPHETAM
2139 303 2285 379 LIB.
2330 306 2486 384 XVI,
2525 312 2682 377 CAP.
2729 317 2884 379 LIX.

3299 320 3407 384 60:?

167 423 286 468 sunt
336 411 551 482 (Matth.
606 429 764 475 mu,
811 414 940 482 37);
982 425 1033 464 et
1080 413 1323 466 iterum:
1362 411 1540 466 Veniet
1591 426 1714 478 snpe

1822 457 1824 464 .
1851 417 2231 480 ambulabunt.
2272 428 2718 500 Exspeclavimus
2745 435 3030 500 judicium,
3066 447 3116 490 et
3151 454 3253 491 non
3278 449 3357 492 est
3385 459 3400 503 ;

166 525 249 562 nos
287 509 462 561 omnis
499 507 714 574 sanguis
739 506 927 574 justus
980 507 1070 575 qui
1100 506 1294 575 effusus
1326 515 1402 559 est
1431 521 1588 574 super
1629 514 1735 558 ter-

165 617 279 654 ram
308 640 324 664 ,
354 617 388 652 a
420 600 676 669 sanguine
735 597 868 670 Abel
905 599 1043 668 justi
1093 614 1256 664 usque
1303 597 1372 650 ad
1421 599 1732 670 sanguinem

166 691 448 747 Zachariae
487 692 587 761 ﬁlii
612 689 914 756 Barachite,
949 707 1100 758 quem
1137 691 1400 746 occidistis
1433 691 1572 745 inter
1601 701 1733 746 tem-

165 787 308 854 ptum
344 795 394 838 et
433 784 604 838 altare
649 781 845 852 (Ibid.,
879 783 996 848 55).
1038 781 1194 838 Unde
1238 793 1293 839 et
1336 797 1497 850 supra
1541 783 1606 837 ad
1638 798 1731 839 eos

164 879 366 933 dicitur
405 893 420 932 :
450 875 642 930 Manus
677 877 818 930 enim
859 886 1044 931 vestrae
1069 877 1286 947 polluta:
1317 885 1441 931 sunt
1476 879 1730 948 sanguine

163 971 296 1040 (Isa.
342 970 527 1039 1,15);
569 981 617 1024 et
659 969 840 1039 lingua
894 979 1066 1023 vestra
1099 969 1336 1039 loquitur
1373 971 1726 1040 iniquitatem.

163 1062 228 1120 Et
257 1078 357 1133 per
389 1063 531 1117 hanc
567 1061 978 1128 meditationem
1007 1061 1343 1118 crudelitatis
1395 1071 1558 1132 atque
1591 1062 1729 1117 blas-

165 1156 414 1221 phemiae,
447 1156 513 1208 ad
548 1169 736 1209 necem
777 1153 990 1210 Domini
1033 1166 1418 1223 pervenerunt.
1445 1155 1728 1222 Quomodo

162 1259 216 1306 et
248 1248 422 1304 Judas
462 1263 562 1318 per
589 1248 832 1302 avaritia:
874 1249 1018 1301 viam
1065 1249 1221 1303 venit
1251 1250 1316 1302 ad
1351 1249 1724 1314 homicidium,

163 1347 266 1399 imo
310 1342 664 1411 sacrilegium
729 1340 970 1395 avaritiae
1001 1341 1618 1411 copulatum.Quodque
1636 1354 1721 1396 se-

162 1439 376 1508 quitur:
411 1436 768 1506 Cogitationes
794 1450 976 1488 eorum
1012 1435 1353 1504 cogitationes
1381 1433 1669 1495 stultorum
1706 1452 1721 1503 ;

162 1527 404 1582 contritio
443 1537 495 1581 et
535 1526 824 1594 infelicitas
869 1527 922 1581 in
953 1528 1049 1581 uiis
1087 1543 1286 1591 eorum,
1312 1539 1362 1581 et
1399 1528 1540 1581 viam
1578 1530 1724 1596 pacis

163 1637 255 1674 non
300 1629 677 1690 cognoverunt.
711 1618 776 1672 Et
829 1633 1035 1685 supra:
1077 1615 1288 1671 Veloces
1339 1617 1492 1686 pedes
1541 1634 1722 1671 eorum

1844 515 1994 570 salus
2026 516 2184 589 longe
2220 523 2442 577 recessit
2493 538 2521 577 a
2567 525 2746 582 nobis.
2777 545 2796 578 ι
2835 526 2964 582 Post
3003 531 3401 584 accusationem

1839 609 2026 678 populi
2058 609 2389 677 Judmorum,
2414 631 2481 670 ex
2505 633 2730 685 persona
2765 636 2950 675 eorum
2991 623 3261 691 Propheta
3306 639 3398 677 re-

1840 703 2058 771 apondit
2109 705 2236 775 quid
2279 707 2426 777 loqui
2485 710 2710 765 debeant
2741 715 3085 782 ptenitcntcs,
3135 717 3178 769 si
3217 727 3394 770 tamen

1836 795 2005 850 velint
2061 807 2182 866 post
2215 800 2442 854 vulnera
2484 803 2729 873 recipere
2778 806 3094 860 sanitatem.
3125 804 3398 874 Mirorque

1837 899 1936 940 cur
1965 886 2342 958 Septuaginta,
2370 893 2524 960 quasi
2581 893 2846 961 Propheta
2894 898 2959 949 de
3007 898 3084 951 eis
3118 898 3392 968 loquatur,

1834 987 1888 1033 et
1916 995 2019 1034 non
2053 981 2158 1049 ipsi
2189 984 2254 1037 ad
2287 981 2572 1054 Prophetas
2593 988 2754 1040 verba
2781 990 3159 1057 respondeant,
3190 991 3394 1043 oratio-

1832 1087 1959 1126 nem
2013 1075 2308 1138 texuerint,
2357 1091 2479 1130 cum
2540 1077 2590 1130 in
2654 1081 3118 1147 consequentibus
3165 1081 3395 1134 veritate

1833 1166 2094 1233 superati,
2131 1168 2230 1221 hoc
2266 1169 2405 1222 idem
2456 1167 2705 1232 fecerint,
2737 1171 2975 1224 dicentes
3012 1186 3026 1222 :
3080 1169 3243 1241 708
3286 1169 3396 1224 Ex-

1831 1257 2178 1321 spectabimus
2195 1257 2480 1325 judicium,
2514 1269 2564 1312 et
2593 1275 2694 1312 non
2721 1269 2835 1322 est;
2866 1261 3010 1313 salus
3047 1259 3195 1326 longe
3223 1276 3392 1313 reces-

1829 1348 1897 1400 sit
1920 1364 1952 1399 a
1984 1347 2156 1402 nobis.
2193 1349 2364 1403 Multa
2387 1351 2522 1403 enim
2547 1352 2799 1420 iniquitas
2825 1362 3009 1406 nostra
3039 1352 3094 1403 in
3115 1361 3394 1418 conspectu

1833 1447 2034 1502 tuo;et
2072 1449 2287 1506 peccata
2330 1452 2510 1495 nostra
2542 1445 2847 1497 restiterunt
2887 1444 3058 1507 nobis,
3090 1453 3143 1498 et
3178 1453 3392 1498 caetera.

1831 1528 1889 1584 in
1940 1534 2192 1596 prmsenti
2233 1533 2402 1602 igitur
2439 1545 2682 1602 tempore
2728 1537 2981 1592 universa
3033 1537 3392 1604 complentur.

1787 1635 1790 1638 ‘
1829 1623 2152 1693 Elongatum
2197 1635 2284 1678 est
2324 1625 2584 1695 judicium
2634 1643 2664 1682 a
2712 1626 2929 1686 .ludzeis.
2957 1630 3098 1698 quod
3145 1630 3393 1698 gentibus

165 1715 225 1808 ad
258 1713 637 1808 effundendum
668 1712 974 1808 sanguinem
1005 1709 1181 1808 (Psal.
1213 1711 1455 1808 119,—3),
1490 1711 1720 1808 Apostp:
1758 1752 1800 1808 Β
1833 1717 2263 1775 nuntiatumest.
2291 1717 2356 1771 Et
2383 1733 2486 1772 non
2511 1719 2878 1787 apprehcndet
2905 1735 2996 1775 eos
3025 1718 3392 1790 justitia,qu:e

163 1805 238 1858 lus
263 1803 444 1873 posuit
480 1803 544 1858 ad
575 1801 850 1856 Romanos
891 1801 1031 1870 (cap.
1064 1799 1185 1870 tu);
1214 1799 1374 1870 707
1400 1802 1542 1869 quod
1566 1799 1718 1854 multi

165 1900 489 1970 ignorantes,
524 1894 592 1950 de
625 1896 787 1950 tertio
815 1893 1028 1949 decimo
1070 1893 1278 1962 psalmo
1306 1903 1584 1962 sumptum
1623 1908 1717 1962 pu-

167 1999 290 2055 tant,
336 1988 431 2059 qui
463 2002 656 2044 versus
702 1987 757 2042 in
797 1986 1038 2041 editione
1076 1985 1304 2056 Vulgata
1365 1985 1533 2040 additi
1569 1993 1718 2051 sunt,

166 2093 213 2138 et
239 2084 302 2136 in'
338 2080 609 2136 ilebraico
659 2095 764 2134 non
827 2079 1112 2134 habentur.
1147 2079 1221 2136 De
1269 2093 1376 2149 quo
1415 2079 1626 2147 plenius
1664 2079 1717 2133 in

163 2174 369 2229 exordio
428 2173 594 2241 hujus
649 2171 940 2226 voluminis
991 2170 1250 2226 diximus.
1298 2171 1469 2226 Recte
1535 2181 1716 2226 autem

164 2269 290 2320 viam
326 2268 482 2336 pacis
509 2267 924 2335 ignoravcrunt,
953 2266 1044 2334 qui
1080 2275 1357 2320 auctorem
1392 2265 1510 2336 ejus
1540 2266 1718 2321 susci-

162 2371 275 2425 pere
305 2357 620 2412 noluerunt.
648 2356 768 2424 ipse
817 2363 902 2410 est
929 2355 1072 2409 enim
1112 2370 1215 2424 pax
1249 2363 1459 2422 nostra,
1488 2356 1577 2422 qui
1623 2354 1715 2410 lo-

164 2451 329 2518 quitur
379 2451 451 2505 ad
500 2449 786 2518 Apostolos
819 2466 833 2504 :
871 2448 1059 2505 Pacem
1096 2464 1265 2504 meam
1301 2449 1368 2502 do
1405 2449 1572 2513 vobis,
1615 2465 1716 2520 pa-

165 2561 259 2596 cem
308 2560 481 2597 meam
541 2541 778 2612 relinquo
829 2541 971 2596 vobis
1019 2539 1204 2606 (Joan.
1263 2557 1374 2608 xrv,
1406 2541 1522 2611 27).
1556 2540 1620 2594 Et
1648 2540 1714 2596 ad

163 2633 447 2689 icrnSalem
494 2652 508 2692 :
536 2634 596 2689 Si
627 2635 786 2688 scires
822 2649 938 2702 quae
967 2632 1036 2686 ad
1071 2649 1249 2702 pacem
1281 2641 1401 2686 sunt
1443 2633 1557 2698 tibi,
1588 2648 1715 2701 quo-

165 2727 290 2780 niam
328 2727 541 2779 oenient
575 2726 684 2778 dies
724 2740 881 2794 super
907 2732 975 2785 te,
1005 2733 1054 2777 et
1098 2721 1494 2776 circumdabant
1527 2731 1575 2775 te
1611 2721 1714 2774 ini-

165 2819 272 2871 mici
300 2819 374 2872 tui
409 2817 582 2884 vallo,
612 2826 664 2871 et
711 2816 1020 2870 obsidebant
1052 2824 1124 2879 te,
1155 2824 1205 2869 et
1239 2815 1381 2884 ﬁlios
1416 2825 1533 2868 tuos
1586 2815 1710 2868 allio

164 2913 272 2964 dent
307 2912 372 2963 ad
408 2923 609 2965 terram
635 2909 790 2978 (Luc.
828 2924 942 2974 χιι,
975 2908 1066 2972 42,
1093 2907 1206 2977 45).
1241 2907 1343 2974 Qui
1387 2918 1569 2968 autem
1614 2922 1710 2975 pa-

171 3016 271 3054 rem
321 3018 428 3056 non
467 3000 829 3070 susceperint,
865 3011 1263 3068 consequenter
1303 3013 1401 3053 nec
1443 2998 1706 3067 judicium

1833 1822 1858 1860 a
1890 1807 2203 1862 nationibus
2244 1809 2633 1876 comprehensa
2685 1818 2788 1863 est.
2821 1808 3284 1879 Exspcctaverunt
3313 1812 3394 1865 lu-

1829 1912 1972 1962 cem,
2023 1897 2288 1962 dicentes,
2343 1898 2542 1953 Emitte
2596 1902 2764 1954 tucem
2812 1911 2959 1955 tuam
3017 1912 3063 1956 et
3117 1903 3390 1956 ueritatem

1829 1996 1978 2040 tuam
2022 1985 2198 2058 (Psal.
2231 2004 2363 2055 mi,
2394 1989 2470 2058 5),
2503 2005 2622 2058 qum
2653 1989 2732 2044 eis
2766 2005 2861 2059 per
2893 1993 3182 2060 prophetas
3215 1990 3392 2046 fuerat

1825 2079 2174 2146 repromissa,
2201 2089 2254 2134 et
2283 2079 2483 2136 erroris
2525 2081 2762 2135 tenebris
2783 2083 3031 2148 occupati
3051 2092 3199 2136 sunt.
3245 2081 3380 2138 Sus-

1827 2170 2066 2225 tinebant
2106 2166 2470 2241 splendore'm,
2513 2181 2568 2227 et
2593 2172 3012 2227 ambulaverunt
3040 2173 3090 2227 in
3120 2174 3382 2230 tenebris.

1826 2261 1904 2316 Ita
1937 2262 2249 2331 Scripturas
2277 2271 2519 2327 sanctas,
2552 2265 2708 2332 quasi
2746 2265 2875 2319 caici
2908 2265 3184 2334 palpantes
3215 2266 3392 2335 parie-

1827 2364 1954 2418 tem,
1984 2356 2146 2408 verba
2183 2363 2388 2408 tantum
2409 2355 2460 2410 in
2495 2355 2572 2410 eis
2594 2365 2646 2409 et
2674 2355 2822 2422 folia,
2847 2371 2956 2411 non
2986 2371 3202 2410 sensum
3277 2358 3395 2410 tru-

1826 2455 2093 2514 ctumque
2133 2455 2459 2515 qiuerentes,
2489 2447 2578 2515 qui
2622 2447 2906 2501 teneturin
2956 2447 3174 2502 litteris.
3232 2447 3392 2501 Deni-

1821 2553 1928 2608 que
1955 2538 2130 2609 jnngit
2157 2549 2210 2594 et
2233 2538 2364 2593 dicit
2398 2554 2414 2593 :
2447 2538 2787 2609 Impegimus,
2814 2538 2928 2592 sive
2951 2539 3196 2591 cademus
3229 2535 3388 2590 meri-

1821 2633 1906 2686 die
1934 2631 2089 2701 quasi
2112 2632 2166 2684 in
2219 2631 2441 2684 tenebris
2467 2646 2488 2696 ;
2519 2634 2571 2683 in
2608 2632 2854 2701 caligosis
2886 2628 2992 2701 [AL
3039 2626 3384 2698 caliginosis],

1820 2725 1977 2794 quasi
2037 2723 2254 2776 mortui.
2291 2721 2346 2776 In
2413 2731 2529 2776 toto
2588 2723 2731 2776 enim
2795 2723 2948 2784 orl:e,
3005 2721 3121 2776 sole
3167 2721 3388 2790 justitire

1822 2817 2162 2887 Splendorem
2204 2815 2485 2878 rutilante,
2521 2815 2596 2870 illi
2625 2825 2906 2869 morantur
2936 2816 2988 2869 in
3023 2813 3280 2878 tenebris,
3306 2812 3387 2868 vi-

1818 2911 2017 2967 delicet
2050 2922 2106 2966 ttt
2133 2921 2356 2981 peccato
2379 2909 2598 2965 mortui.
2635 2908 2938 2978 Rugiemus,
2969 2909 3064 2972 ait,
3093 2909 3247 2978 quasi
3271 2911 3386 2960 ursi

1818 3021 2017 3068 omnes,
2055 3013 2105 3058 et
2156 3005 2308 3074 quasi
2361 3002 2616 3056 columbce
2652 3001 2964 3054 meditantes
2999 3016 3300 3069 gentemus;
3331 3008 3387 3050 ut

167 3094 410 3148 habentia
437 3095 540 3148 viis
571 3093 708 3147 suis.
739 3091 891 3146 Illum
922 3092 986 3146 de
1017 3106 1123 3160 quo
1151 3105 1315 3160 supra
1351 3091 1556 3145 dictum
1583 3099 1665 3144 est
1691 3105 1708 3144 ι
1739 3102 1781 3160 c
1813 3105 1867 3154 et
1897 3096 2144 3151 crudeles
2177 3095 2283 3150 sint
2315 3095 2520 3165 pariter
2555 3103 2602 3148 et
2641 3093 2824 3148 miseri
2849 3132 2861 3156 ,
2902 3091 3002 3144 feri
3028 3103 3080 3144 et
3117 3094 3384 3144 immanes

169 3185 282 3240 Ecce
307 3204 439 3256 puer
465 3202 607 3240 meus
641 3201 789 3256 quem
813 3185 966 3256 elegi,
1009 3182 1228 3238 dilectus
1263 3198 1405 3238 meus
1445 3195 1598 3252 quem
1629 3182 1713 3236 tli-

166 3276 276 3330 lexit
316 3281 498 3330 anima
544 3291 682 3341 mea,
721 3275 990 3344 judicium
1039 3275 1275 3346 gentibus
1321 3273 1548 3342 proferet
1581 3273 1712 3340 (Isa.

163 3384 274 3436 stat,
301 3372 370 3439 l).
417 3371 726 3439 Sequitur:
777 3368 885 3423 Via:
925 3384 1108 3422 eorum
1150 3382 1422 3437 peruerse,
1456 3381 1562 3420 non
1613 3381 1712 3420 na-

164 3471 284 3526 tura,
314 3466 406 3518 sed
443 3461 662 3530 propria
693 3460 984 3516 voluntate.
1007 3458 1279 3529 Quidquid
1313 3460 1458 3514 enim
1497 3473 1716 3529 perver-

165 3555 280 3608 titur
333 3565 503 3625 atque
557 3562 835 3621 curvatur,
870 3555 934 3609 de
977 3563 1127 3610 recto
1174 3562 1455 3623 torquetur
1485 3553 1538 3606 in
1587 3565 1712 3621 pra-

164 3661 292 3700 vum.
327 3645 522 3703 Omnis
559 3647 808 3702 doctrina
863 3645 1269 3701 Pharisaeorum
1311 3645 1592 3699 subversio
1624 3659 1714 3696 ve-

166 3739 324 3796 ritatis
352 3750 462 3805 est,
493 3755 590 3810 per
617 3754 780 3809 quam
831 3739 921 3808 qui
976 3736 1357 3801 ambulaverit,
1391 3752 1496 3792 non
1538 3735 1712 3792 solum

165 3845 254 3882 non
279 3832 485 3887 invenit
518 3847 728 3903 pacem,
765 3832 860 3887 sed
891 3846 992 3887 nec
1019 3829 1539 3902 cognoscitquidem
1569 3843 1711 3896 eam,

164 3932 214 3978 ut
238 3924 365 3980 sciat
383 3925 514 3995 quid
544 3938 787 3993 qumrere
815 3924 1035 3980 debeat.

225 4016 395 4086 (Vers.
421 4023 456 4077 9
482 4016 664 4089 seqq.)
705 4036 725 4070 ‹
751 4016 978 4088 Propter
1001 4018 1103 4072 hoc
1129 4017 1437 4088 elongatum
1467 4027 1551 4072 est
1571 4015 1714 4085 judi-

163 4109 285 4166 cium
329 4128 357 4165 a
405 4113 610 4169 nobis:
652 4121 707 4168 et
758 4126 866 4165 non
912 4109 1283 4178 apprehendet
1332 4124 1432 4163 nos
1476 4108 1711 4178 iustitia.

165 4199 583 4270 Exspectavimus
605 4203 802 4264 lucem,
825 4210 879 4255 et
899 4215 1027 4255 ecce
1053 4200 1321 4254 tenebrae:
1345 4199 1711 4269 splendorem,

163 4303 206 4345 et
230 4297 276 4346 in
311 4295 554 4349 tenebris
590 4292 1015 4347 ambulavimus.
1035 4291 1386 4360 Palpavimus
1410 4291 1554 4346 sicut
1585 4290 1712 4346 caa'ci

162 4384 402 4450 parietem
440 4404 454 4440 ε
495 4395 550 4440 ει
583 4383 741 4457 quasi
794 4383 1000 4451 absque
1028 4381 1202 4436 oculis
1245 4382 1655 4437 attrectavimus
1690 4399 1705 4438 :

165 4475 465 4545 impegimus
499 4477 748 4541 meridie,
769 4474 928 4545 quasi
963 4474 1017 4529 in
1051 4474 1333 4530 tenebris:
1373 4475 1424 4528 in
1455 4474 1708 4544 caligosis

1816 3189 1882 3246 ad
1930 3189 2161 3243 humiles
2199 3197 2362 3256 atque
2413 3186 2707 3254 subjectos,
2779 3184 2960 3252 pavidi
3025 3193 3185 3252 atque
3223 3181 3388 3249 trepi-

1826 3281 2019 3336 dantes
2052 3280 2118 3332 ad
2149 3293 2242 3332 eos
2273 3277 2370 3344 qui
2407 3276 2660 3331 fortiores
2715 3285 2864 3337 sunt,
2905 3287 3040 3341 quos
3065 3271 3219 3342 quasi
3245 3270 3386 3324 acci-

1814 3372 1981 3439 pitres
2033 3369 2471 3439 perhorrescunt.
2530 3367 2782 3434 Legimus
2851 3373 2906 3419 et
2963 3369 3017 3418 in
3065 3364 3172 3417 alio
3219 3363 3380 3416 loco:

1815 3463 1981 3528 Quasi
2032 3478 2156 3516 ursa
2209 3462 2375 3527 raptis
2433 3458 2618 3511 catulis
2657 3455 2737 3518 (II
2793 3455 2915 3525 Reg.
2961 3470 3094 3518 xvrt,
3126 3455 3201 3522 8).
3232 3455 3297 3507 Et
3327 3451 3385 3506 in

1816 3555 2060 3618 Daniele,
2087 3569 2307 3622 regnum
2341 3559 2629 3605 cruentum
2654 3551 2706 3602 in
2734 3563 2841 3618 quo
2871 3558 2998 3602 sunt
3021 3557 3132 3600 tres
3162 3546 3384 3599 ordines

1815 3646 2080 3711 dentium,
2113 3659 2254 3698 ursa:
2290 3641 2641 3698 ferocissima:
2667 3648 3043 3707 comparatum
3075 3637 3237 3708 (Dan.
3260 3637 3382 3704 vti).

1821 3739 1883 3794 Et
1907 3739 2061 3810 quasi
2081 3735 2332 3791 columba:
2351 3735 2666 3788 meditantes
2689 3747 2971 3803 gementes,
2988 3731 3192 3798 absque
3219 3741 3384 3781 sensu

1814 3842 1868 3886 et
1898 3828 2251 3899 intelligentia
2283 3825 2713 3892 Scripturarum,
2751 3830 2964 3876 tantum
3005 3820 3167 3875 verba
3204 3818 3382 3874 medi-

1817 3932 2019 3986 tantes,
2057 3937 2176 3990 quae
2223 3919 2526 3972 decantant
2577 3913 2909 3968 memoriter.
2944 3910 3050 3966 Sed
3114 3911 3383 3979 quomodo

1815 4013 2112 4076 columbae,
2141 4012 2206 4064 de
2234 4006 2432 4078 quibus
2459 4005 2724 4072 scriptum
2770 4013 2854 4058 est
2884 4019 2902 4056 :
2932 4000 3177 4066 Epltraim
3227 4002 3381 4070 quasi

1819 4105 2060 4161 columba
2099 4118 2200 4155 non
2229 4100 2422 4152 habens
2459 4112 2668 4150 sensum
2697 4094 2850 4164 (Osee
2889 4110 2982 4157 vn,
3013 4094 3124 4164 ii);
3157 4102 3209 4146 et
3244 4109 3410 4158 quo-—

1816 4199 1976 4251 modo
2034 4195 2088 4248 in
2143 4190 2434 4257 Evangelio
2466 4197 2656 4244 contra
2716 4193 3031 4255 serpentum
3095 4183 3379 4243 malitiam.

1817 4287 2137 4356 simplicitas
2171 4285 2394 4352 ponitur
2436 4278 2806 4334 columbarum
2841 4274 3050 4346 (Matth.
3085 4273 3140 4341 ιι)
3170 4290 3183 4326 :
3218 4274 3296 4326 sic
3326 4273 3379 4324 in

1815 4375 2069 4447 praesenti
2124 4373 2266 4436 loco,
2308 4368 2628 4438 simplicitas
2659 4368 2866 4434 absque
2907 4363 3220 4432 prudentia,
3254 4374 3376 4430 quas

1740 4439 1784 4495 θ
1813 4439 1993 4522 vicina
2042 4463 2287 4520 stultitiae
2313 4471 2418 4528 est,
2449 4461 2501 4514 in
2529 4459 2643 4515 sola
2689 4457 2978 4513 verborum
3029 4455 3380 4512 meditatione

163 4562 317 4636 [ναις.
372 4567 718 4640 caliginosis]
740 4567 894 4634 quasi
932 4566 1148 4622 mortui.
1197 4565 1511 4635 .Rugiemus
1554 4566 1706 4634 quasi
1806 4566 2160 4614 monstratur.
2198 4552 2600 4621 Exspectabam
2638 4548 2900 4620 judicium
2941 4547 2982 4612 ί,
3009 4556 3198 4602 etnon
3239 4547 3374 4612 erit;

163 4658 256 4709 ursi
301 4673 489 4725 omnes
524 4675 539 4712 :
569 4669 624 4713 et
662 4658 814 4726 quasi
847 4656 1113 4711 columbae
1157 4657 1481 4710 meditantes
1519 4669 1703 4724 geme-

164 4762 282 4803 mus.
331 4751 778 4822 Exspcctavimus
796 4750 1080 4819 judicium,
1117 4757 1170 4803 et
1225 4764 1333 4804 non
1375 4749 1480 4803 crit
1514 4747 1702 4816 [Vult].

162 4839 251 4912 est]
284 4857 298 4907 ;
329 4845 578 4907 salutem,
636 4851 689 4898 et
735 4842 980 4911 elongata
1017 4849 1099 4897 est
1149 4855 1179 4894 a
1237 4840 1410 4895 nobis.
1445 4857 1466 4892 ι
1510 4839 1649 4894 LXX
1683 4852 1701 4895 :

166 4931 480 5004 «Propterea
510 4935 744 4991 recessit
787 4934 1050 5005 judicium
1106 4933 1173 4987 ab
1207 4934 1286 4986 eis
1323 4948 1337 4986 :
1371 4939 1424 4987 et
1463 4946 1566 4985 non
1612 4944 1706 4999 ap-

161 5025 418 5087 prehendit
436 5042 529 5083 eos
544 5027 778 5096 iustitia.
806 5025 940 5081 Cum
965 5034 1343 5095 exspectarent
1369 5025 1570 5088 lucem,
1623 5023 1702 5078 fa-

163 5122 256 5168 cta:
277 5129 400 5172 sunt
428 5118 508 5174 eis
529 5117 789 5172 tenebrae.
821 5115 1204 5171 Prtestolantcs
1237 5128 1355 5169 eam
1389 5115 1442 5169 in
1467 5113 1703 5170 tenebris

162 5205 530 5266 ambulabunt:
583 5209 879 5279 palpabunt
923 5209 1067 5263 sicut
1117 5206 1245 5262 caeci
1300 5207 1590 5277 parietem,
1647 5214 1702 5260 et

164 5300 300 5366 quasi
337 5318 438 5356 non
469 5303 734 5358 habentes
763 5301 947 5358 oculos
973 5299 1364 5358 attrectabunt.
1389 5301 1596 5357 Cadent
1646 5302 1698 5356 in

82 5389 84 5392 ’
165 5390 383 5458 meridie,
415 5393 569 5462 quasi
628 5395 682 5448 in
711 5402 873 5448 nocte
940 5394 1159 5449 media:
1191 5393 1347 5463 quasi
1403 5392 1702 5449 morientes

165 5491 353 5544 gement
387 5485 585 5554 :quasi
636 5499 819 5549 ursus,
861 5492 915 5540 et
973 5484 1127 5554 quasi
1187 5484 1444 5540 columba
1490 5485 1700 5555 pariter

1801 4645 2030 4708 salutem
2086 4643 2898 4722 [subauditur,exspectabunt]
2957 4653 3012 4698 et
3077 4657 3185 4697 non
3249 4643 3376 4704 erit,

1806 4744 1931 4814 quia
1960 4745 2123 4812 longe
2161 4741 2412 4811 migravit
2455 4738 2519 4792 ad
2549 4749 2758 4807 gentes.
2793 4736 2853 4790 In
2897 4751 3006 4804 quo
3060 4735 3376 4794 notandum,

1805 4836 1949 4904 quod
1980 4835 2162 4888 omnia
2196 4831 2377 4886 futuro
2415 4833 2664 4885 dicantur
2692 4838 2958 4896 tempore,
2988 4836 3044 4880 ut
3066 4826 3210 4894 quod
3235 4837 3380 4878 nunc

1810 4929 1983 4986 Judtei
2007 4928 2302 4993 sustinent,
2333 4927 2622 4982 indicetur.

1888 5019 2067 5092 (Vers.
2111 5019 2182 5074 12
2212 5019 2394 5088 seqq.)
2423 5037 2441 5071 ι
2489 5014 2856 5085 Multiplicatte
2906 5020 3034 5068 sunt
3062 5009 3377 5079 iniquitates

1810 5124 2012 5172 nostrae
2037 5127 2224 5168 coram
2254 5122 2325 5178 te,
2373 5121 2428 5166 et
2477 5117 2696 5181 peccata
2742 5116 2925 5161 nostra
2978 5104 3379 5169 responderunt

1809 5209 1967 5265 nobis
1999 5227 2013 5264 :
2037 5207 2166 5278 quia
2195 5205 2399 5261 scelera
2428 5212 2612 5257 nostra
2641 5200 2948 5266 nobiscum,
2971 5205 3027 5251 et
3062 5195 3378 5264 iniquitates

1817 5307 2036 5355 nostras
2076 5295 2443 5366 cognovimus.
2466 5290 2700 5346 Peccare
2725 5297 2784 5345 et
2809 5286 3026 5342 mentiri
3053 5294 3239 5340 contra
3275 5285 3378 5338 Do-

1812 5391 2019 5446 minum
2056 5405 2072 5444 :
2105 5396 2160 5441 et
2193 5385 2368 5441 aversi
2413 5397 2623 5448 sumus,
2665 5397 2732 5436 ne
2769 5381 2972 5435 iremus
3007 5387 3130 5446 post
3166 5387 3373 5443 tergum

1813 5483 2027 5541 Domini
2057 5479 2256 5546 nostri,
2288 5487 2344 5533 ut
2376 5479 2726 5547 loqueremur
2753 5473 2916 5546 709
2947 5471 3297 5532 calumniam,
3321 5477 3376 5522 et

229 5657 397 5738 'ilinc
421 5665 628 5738 colligit
656 5665 840 5723 Victor
881 5664 1170 5736 legendum
1232 5661 1310 5720 uti
1368 5663 1493 5720 fecit
1533 5663 1586 5720 in
1617 5671 1763 5721 textu
1805 5660 2072 5737 superiori
2107 5677 2121 5715 :
2161 5658 2572 5729 exspectabimus
2633 5671 2734 5727 pro
2769 5654 3207 5726 exspectavimus.
3267 5645 3376 5706 He-

115 5781 118 5788 .
167 5721 323 5786 braice
349 5738 488 5803 mp3.
