3902 6182
582 289 688 352 603

1736 293 1798 353 8.
1840 292 2159 355 EUSEBII
2227 289 2675 352 HIERONYMI

3684 287 3760 351 (ιοἱ

583 390 1078 474 transgressitmem
1125 404 1494 474 concepimus,
1524 415 1578 461 et
1636 406 1804 463 locuti
1866 422 2057 463 sumus
2088 407 2157 463 de
2186 409 2232 469 Α
2260 414 2382 462 ctus
2409 406 2562 461 estin
2603 401 2937 460 oblivionem
2971 420 2984 458 :
3021 402 3074 457 in
3108 409 3317 457 tantum
3365 411 3422 456 ut
3460 403 3760 471 quit'unquca

583 498 750 552 mrde
775 497 936 553 verba
977 499 1261 553 mendacii.
1295 498 1360 553 Et
1384 514 1708 557 conversum
1745 512 1834 557 est
1857 511 2156 557 retrorsum

578 590 866 658 judicium,
896 599 952 644 et
1003 591 1214 660 justitia
1265 590 1644 662 longe'stetit,
1680 594 1809 664 quia
1857 595 2068 649 corruit
2103 594 2160 647 in

585 682 758 749 platea
791 683 1014 746 veritas,
1054 691 1108 738 et
1139 684 1366 754 aequitas
1418 699 1523 739 nou
1586 687 1764 756 potuit
1825 687 2058 757 ingredi.
2093 687 2160 742 Et

586 773 730 826 facta
783 783 869 827 est
921 775 1124 830 veritas
1169 775 1220 828 in
1274 775 1623 837 oblivionem.
1645 787 1702 832 et
1751 778 1840 846 qui
1873 779 2158 834 recessita

587 866 748 930 malo,
782 869 976 936 praedae
1009 871 1201 936 patuit.
1230 885 1248 918 ι
1282 866 1422 921 LXX
1458 885 1472 926 ;
1521 887 1539 921 ι
1569 869 1733 924 Multa
1763 880 1846 925 est
1871 872 2014 926 enim
2051 871 2159 926 ini-

584 956 766 1023 quitas
803 965 985 1013 nostra
1037 958 1090 1011 in
1130 968 1423 1024 conspectu
1460 966 1574 1024 tuo,
1613 969 1671 1015 et
1703 972 1928 1028 peccata
1977 971 2161 1018 nostra

585 1051 904 1103 restiterunt
933 1049 1106 1105 nobis.
1140 1049 1459 1119 Iniquitates
1491 1053 1636 1106 enim
1683 1063 1883 1110 nostra:
1917 1055 1970 1108 in
2003 1055 2161 1111 nobis

584 1149 735 1205 sunt,
773 1149 829 1195 et
853 1140 1148 1211 injustitias
1175 1152 1394 1198 nostras
1433 1147 1812 1213 cognovimus.
1848 1148 2016 1217 lmpie
2049 1149 2160 1218 egi-

582 1245 726 1297 mus,
755 1243 809 1286 et
839 1233 1048 1286 mentiti
1072 1249 1288 1300 sumus,
1314 1245 1368 1289 et
1399 1239 1727 1292 recessimus
1747 1255 1775 1290 a
1805 1238 1916 1294 Deo
1947 1248 2158 1296 nostro.

584 1323 777 1381 Locuti
810 1341 1002 1382 sumus
1043 1328 1250 1398 iniqua,
1275 1339 1329 1382 et
1368 1331 1746 1386 iuohedientes
1780 1331 1998 1385 fuitnus.
2030 1332 2163 1386 Par-

591 1412 882 1467 turivimus
935 1423 989 1468 et
1033 1417 1278 1470 meditati
1329 1434 1517 1474 smnus
1556 1421 1621 1474 de
1657 1423 1916 1477 cordibus
1959 1424 2159 1476 nostris

592 1504 754 1557 verba
799 1504 1008 1575 iniqua.
1044 1507 1111 1560 Et
1165 1509 1492 1565 recessimus
1534 1525 1561 1563 a
1600 1511 1828 1581 judicio,
1853 1523 1909 1568 et
1945 1514 2158 1582 iustitia

587 1594 745 1666 longe
779 1599 953 1663 stetit,
989 1599 1114 1668 quia
1158 1611 1475 1670 consumpta
1522 1614 1603 1658 est
1633 1605 1685 1656 in
1715 1605 1818 1659 viis
1849 1620 2037 1660 eorum
2069 1621 2160 1660 ve-

586 1681 744 1744 ritas,
771 1691 826 1737 et
857 1698 955 1752 per
999 1697 1204 1740 rectum
1245 1690 1347 1742 iter
1375 1691 1610 1747 transire
1643 1707 1749 1746 non
1783 1703 2060 1762 poterant.
2094 1695 2160 1749 Et

583 1774 787 1828 veritas
835 1776 1044 1829 sublata
1103 1788 1210 1839 est,
1270 1786 1324 1834 et
1377 1761 2051 1842 transtuleruntmenlem
2103 1796 2160 1842 ut
2197 1761 2236 1814 Β

587 1879 694 1918 non
739 1866 1127 1936 intelligerent.
1159 1887 1175 1920 ι
1215 1870 1409 1926 Reddit
1456 1887 1650 1929 causas
1689 1891 1862 1945 quare
1895 1879 2164 1947 rugierint

585 1958 738 2024 quasi
766 1960 900 2026 ursi,
941 1971 993 2014 et
1029 1963 1272 2017 meditati
1296 1965 1404 2019 sint
1453 1974 1509 2020 ut
1536 1967 1839 2036 columbae;
1876 1983 2167 2041 exspecta-

584 2051 762 2104 verint
793 2051 1050 2118 judicium
1085 2059 1227 2122 quod
1261 2072 1363 2111 nou
1391 2069 1530 2121 erat,
1567 2059 1796 2114 salutem
1835 2078 1958 2132 quae
1988 2074 2165 2122 trans-

588 2141 684 2196 ivit
730 2143 793 2195 ad
845 2157 1039 2212 gentes
1084 2148 1252 2215 ;quia
1305 2149 1671 2220 multiplicatus
1719 2164 1866 2220 sunt,
1899 2157 2164 2224 dicentes,

587 2232 894 2302 iniquitates
921 2247 1118 2292 nostra:
1149 2239 1201 2292 in
1232 2251 1507 2310 conspectu
1545 2252 1634 2299 tuo
1659 2260 1678 2298 .'
1699 2262 1726 2300 a
1760 2248 1960 2317 quibus
1996 2250 2166 2306 multo

591 2336 835 2396 tempore
871 2342 1156 2386 averteras
1200 2333 1417 2400 [ιιι-ἰριιι,
1452 2353 1519 2390 ne
1552 2354 1644 2393 eas
1681 2355 1964 2406 cerneres,
1998 2359 2064 2399 ne
2091 2345 2168 2398 l'e-

587 2421 754 2476 rires.
793 2420 861 2474 Et
885 2434 1103 2492 peccata
1143 2436 1326 2482 nostra
1363 2431 1749 2498 responderunt
1780 2433 1948 2498 nobis,
1977 2444 2037 2491 ut
2086 2454 2167 2493 re-

585 2514 899 2582 ciperemus
928 2519 1070 2585 quod
1115 2521 1437 2576 meruimus.
1476 2523 1543 2578 Et
1596 2525 1802 2580 scelera
1851 2539 2040 2583 nostra
2075 2545 2170 2585 uo-

584 2605 797 2661 biscqu
879 2619 1032 2675 sunt,
1101 2611 1528 2684 iniquitatesque
1578 2620 1976 2687 cognovimus,
2031 2637 2168 2692 quas

586 2699 763 2755 multo
792 2708 1040 2771 tempore
1087 2703 1465 2774 perpetrautes
1497 2709 1824 2778 putabamus
1859 2726 1980 2767 esse
2007 2715 2169 2782 justi-

585 2790 746 2847 tiam.
784 2791 916 2859 Qute
945 2804 1075 2849 sunt
1105 2806 1286 2853 autem
1312 2799 1674 2870 iniquitates?
1706 2802 1930 2858 Peccare
1951 2817 2003 2860 et
2027 2823 2171 2860 men-

586 2887 678 2940 tiri
701 2897 888 2942 contra
920 2887 1084 2943 Deum
1112 2907 1131 2955 ;
1160 2892 1294 2958 sive,
1324 2903 1383 2948 ut
1411 2894 1566 2963 juxta
1618 2895 1941 2951 liebraicum
1975 2898 2166 2968 Aquila

585 2982 885 3045 transtulit,
919 2998 1111 3052 negare
1145 2983 1332 3048 Deum,
1407 2986 1549 3054 quod
1599 2988 1664 3039 ad
1707 2985 2046 3043 Salvatorem
2083 3005 2166 3044 re-

2268 497 2656 552 traditionibus
2698 494 3015 552 Judaaorum
3071 495 3306 564 cupierit
3344 494 3598 557 recedere,
3623 498 3760 549 statim

2260 600 2471 660 pateret
2499 587 2709 645 insidiis
2735 599 2788 644 et
2815 588 3222 658 persecutionib
3247 603 3312 642 us
3336 607 3349 640 :
3379 587 3449 642 ita
3479 600 3531 641 ut
3558 604 3721 644 caecum
3741 607 3760 643 π

2264 680 2576 742 nativitate,
2602 679 2694 748 qui
2745 679 2936 734 oculos
2966 685 3266 746 receperat,
3297 676 3579 745 expulerint
3618 679 3671 732 de
3694 696 3760 746 sy.

2267 772 2491 842 nagOgis
2525 771 2706 842 (Joan.
2736 770 2834 840 ix).
2873 769 2934 823 Et
2971 779 3093 838 post
3134 771 3569 825 resurrectionem
3601 771 3760 823 Domini

2263 863 2584 930 Salvatoris,
2609 878 2804 918 omnes
2860 862 2953 932 qui
2989 863 3041 916 in
3094 875 3160 916 eo
3213 860 3520 924 credebant,
3553 861 3761 930 persecuti

2263 957 2375 1010 sint
2405 964 2569 1025 atque
2593 955 2922 1009 nudaverint
2947 969 2964 1008 :
2991 953 3188 1022 quibus
3211 950 3281 1007 de
3311 962 3418 1006 toto
3435 952 3554 1006 orbe
3573 953 3761 1023 gentium

2261 1048 2518 1103 Ecclesiae
2583 1032 2892 1103 ministeria
2945 1046 3280 1118 dirigebant,
3311 1061 3429 1117 quae
3477 1060 3565 1116 per
3617 1063 3760 1103 manus

2263 1142 2648 1213 Apostolorum
2684 1140 3111 1195 distribuerunt.
3486 1131 3490 1133 Α

2333 1327 2514 1398 (Vers.
2549 1327 2637 1389 l6,
2689 1326 2800 1396 l7.)
2839 1343 2858 1378 ο
2912 1325 2980 1380 Et
3022 1324 3160 1380 vidit
3219 1323 3496 1390 Dominus,
3527 1332 3574 1377 et
3615 1323 3758 1378 malum

2262 1420 2512 1490 apparuit
2538 1419 2593 1472 in
2619 1417 2793 1475 oculis
2815 1419 2964 1488 ejus:
2990 1417 3114 1486 quia
3139 1432 3249 1472 non
3277 1427 3358 1488 est
3379 1417 3631 1487 judicium,
3651 1426 3692 1470 et
3707 1418 3762 1472 vi.

2263 1511 2342 1566 dit
2372 1512 2500 1580 quia
2537 1525 2646 1566 non
2681 1517 2765 1564 est
2794 1509 2900 1574 vir,
2929 1517 2986 1563 et
3019 1508 3303 1577 aporiatus
3329 1517 3434 1574 est,
3460 1509 3570 1575 quia
3599 1522 3682 1562 non
3703 1516 3761 1560 est

2263 1603 2356 1674 qui
2389 1612 2661 1660 occurrat.
2700 1601 2762 1656 Et
2801 1601 3029 1657 salvabit
3059 1601 3081 1674 ι
3135 1601 3292 1672 Vulg.
3329 1597 3763 1671 salvavit]sibibra-

2272 1695 2456 1752 ehium
2506 1710 2664 1749 suum
2699 1712 2714 1750 :
2750 1705 2807 1750 et
2869 1693 3088 1764 justitia
3148 1693 3272 1764 ejus
3330 1693 3442 1761 ipsa
3494 1691 3762 1747 conﬁrmavit

2269 1805 2419 1846 eum.
2477 1790 2709 1844 lndutus
2748 1797 2830 1845 est
2894 1790 3104 1859 justitia
3148 1799 3208 1843 ut
3262 1789 3451 1855 lorica,
3511 1797 3558 1841 et
3608 1787 3759 1856 galeam

2267 1880 2453 1954 [Vulg].
2488 1880 2674 1955 galea]
2732 1881 2925 1937 salutis
2983 1882 3037 1936 in
3080 1882 3261 1949 capite
3293 1881 3428 1952 ejus.
3492 1877 3677 1932 lndutus
3705 1886 3762 1930 est

2273 1974 2623 2029 vestimentis
2660 1973 2911 2038 ultionis,
2971 1983 3027 2034 et
3079 1985 3304 2042 opertus
3350 1982 3431 2028 est
3472 1970 3608 2040 quasi
3646 1968 3760 2038 pallio

2271 2067 2396 2122 zeli.
2436 2066 2588 2122 Sicut
2621 2066 2688 2122 ad
2711 2066 3004 2120 vindictam
3037 2066 3194 2135 quasi
3235 2066 3301 2119 ad
3325 2064 3680 2120 retributionem
3706 2060 3760 2114 in-

2268 2158 2602 2229 dignationis
2629 2158 2876 2212 hostibus
2903 2158 3042 2221 suis,
3068 2167 3121 2210 et
3143 2157 3566 2212 vicissitudinem
3591 2153 3759 2209 inimicis

2267 2250 2404 2309 suis.
2453 2247 2649 2303 insulis
2711 2246 2888 2302 vicem
2949 2249 3154 2304 reddet.
3207 2268 3225 2302 s
3261 2247 3447 2302 LXX:
3495 2265 3514 2298 ι
3544 2246 3660 2300 \‘idit
3689 2243 3757 2294 Do-

2271 2341 2475 2406 minus,
2505 2347 2559 2395 et
2601 2356 2704 2394 non
2743 2339 2944 2410 placuit
2977 2341 3023 2393 ei
3060 2357 3074 2394 :
3105 2342 3363 2408 quoniam
3415 2355 3513 2394 non
3550 2334 3758 2405 eratjuili-

2271 2433 2442 2488 cium.
2500 2433 2566 2487 Et
2599 2433 2753 2499 vidit,
2813 2441 2867 2489 et
2905 2447 3009 2486 non
3049 2443 3167 2487 erat
3195 2439 3300 2488 vir.
3360 2433 3419 2487 Et
3460 2427 3758 2486 considerant.

2269 2535 2322 2580 et
2354 2541 2459 2580 non
2493 2535 2614 2580 erat
2646 2526 2736 2593 qui
2765 2525 3104 2581 defenderet.
3132 2526 3201 2580 Et
3225 2527 3371 2580 ultus
3405 2535 3481 2579 est
3498 2539 3577 2578 eos
3602 2521 3762 2576 brachio

2270 2630 2393 2683 suo,
2417 2625 2475 2672 et
2508 2601 2884 2671 misericordia
2915 2617 3202 2672 sustinuit.
3235 2619 3298 2670 Et
3337 2616 3542 2670 indutus
3561 2622 3630 2668 est
3649 2609 3762 2680 justi-

2268 2711 2400 2764 liam
2437 2710 2594 2780 quasi
2653 2710 2904 2774 loricam,
2946 2718 3001 2764 et
3057 2711 3240 2778 posuit
3303 2710 3500 2779 galeam
3532 2705 3684 2761 salutis
3726 2701 3763 2752 in

2271 2804 2468 2874 capite.
2507 2805 2960 2860 Etcircumdatus
2999 2813 3084 2858 est
3122 2805 3445 2858 vestimento
3486 2800 3763 2860 vindictaqct

2272 2897 2465 2969 pallio,
2499 2896 2656 2966 quasi
2701 2895 3011 2950 retribuens
3043 2897 3310 2950 ultionem
3359 2893 3670 2964 opprobrium
3699 2888 3764 2939 ad-

2274 2987 2563 3044 versariis.
2595 3005 2613 3039 »
2648 2985 2938 3058 llucusqne
2981 3003 3046 3043 ex
3085 3003 3318 3059 persona
3347 2987 3518 3058 populi
3555 2979 3764 3054 propheti-

591 3071 786 3129 l'ertur.
817 3071 882 3127 Et
908 3074 1249 3144 reliquimus,
1290 3076 1560 3144 inquiunt,
1593 3077 1760 3132 Deum
1794 3087 2042 3134 nostrum
2089 3080 2171 3135 di-
2195 3106 2241 3166 ο
2272 3097 2371 3136 cus
2426 3096 2608 3137 sermo
2641 3090 2926 3138 contextus
2977 3091 3060 3136 est
3087 3101 3100 3136 :
3129 3098 3284 3138 nunc
3319 3082 3564 3151 propheta
3589 3092 3643 3132 es
3685 3087 3760 3166 sua

583 3172 774 3218 centes
811 3182 824 3220 :
856 3163 1065 3219 Scimus
1090 3166 1227 3236 quod
1259 3164 1435 3236 Moysi
1472 3167 1676 3223 locutus
1707 3171 1776 3224 sit
1803 3169 1944 3226 Deus
1973 3185 1992 3224 :
2021 3169 2166 3226 hunc

587 3264 765 3309 autem
803 3257 1086 3321 nescimus,
1116 3257 1359 3334 undeOsit
1391 3257 1576 3330 (Joan.
1623 3276 1700 3328 ts,
1734 3262 1849 3330 29),
1886 3273 1946 3316 ut
1974 3263 2169 3332 loque-

585 3362 772 3402 remur
805 3348 1180 3411 calumniam..
1199 3349 1302 3404 Hic
1325 3351 1372 3405 si
1398 3367 1463 3405 ex
1492 3351 1602 3406 Deo
1633 3362 1788 3420 esset,
1818 3371 1920 3409 non
1948 3356 2166 3412 solveret

585 3437 884 3494 Sabbatum
917 3438 1111 3509 '(lbid.
1176 3441 1287 3510 16).
1346 3440 1413 3496 Et
1445 3461 1458 3496 :
1497 3443 1562 3498 In
1594 3445 1880 3500 Beelzebub
1927 3448 2167 3517 principe

583 3533 970 3589 dwmoniorum
1001 3534 1431 3603 ejicitdtemonia
1473 3534 1624 3605 (Luc.
1659 3539 1869 3609 11,15).
1903 3539 2167 3598 Ettrans-

583 3627 950 3700 gressionem,
972 3642 1094 3694 quae
1121 3628 1526 3698 significantius
1545 3630 1735 3686 Graece
1767 3632 1970 3688 dicitur
2027 3634 2166 3689 ἀπό-

583 3737 802 3784 στασις,
845 3735 966 3774 cum
1022 3719 1216 3788 aliquis
1242 3729 1404 3788 negat
1434 3720 1602 3777 Deum
1625 3733 1682 3780 et
1701 3727 2167 3795 praevaricationis

585 3812 858 3882 arguitur.
890 3810 1264 3881 Concepimus
1323 3821 1377 3866 et
1421 3811 1586 3868 locuti
1637 3828 1830 3870 sumus
1881 3817 1950 3871 de
2003 3818 2168 3873 corde

586 3908 752 3960 verba
821 3905 1115 3970 mendacii,
1159 3913 1576 3961 contemnentes
1622 3906 1793 3978 legem
1847 3908 1962 3977 Dei,
1995 3921 2050 3967 et
2077 3925 2169 3967 se-

586 4006 818 4064 quentes
847 3996 1172 4050 traditiones
1197 3996 1478 4052 hominum
1508 4011 1678 4065 :quas
1709 3999 1782 4053 illi
1806 3999 2168 4072 δευτερώσεῑς

585 4097 808 4154 vocant,
841 4097 894 4142 et
927 4102 1062 4158 quas
1099 4089 1153 4141 in
1201 4097 1392 4142 nostro
1439 4087 1606 4142 corde
1652 4089 2073 4148 simulavimus:
2101 4091 2167 4146 Et

583 4197 899 4236 conversum
942 4189 1018 4234 est
1053 4191 1343 4234 retrorsum
1366 4179 1652 4248 judicium,
1694 4192 1742 4235 et
1777 4182 1994 4250 justitia
2023 4186 2170 4256 longe

586 4276 754 4328 stetit.
817 4273 950 4339 Quae
999 4272 1144 4328 enim
1203 4287 1328 4340 pars
1370 4271 1596 4340 justitia:
1637 4279 1687 4326 et
1734 4273 2045 4343 iniquitati?
2076 4277 2167 4346 qui

583 4379 892 4420 consensus
935 4362 1142 4419 Christi
1172 4373 1229 4419 et
1257 4363 1468 4418 Belial?
1499 4361 1665 4420 Stetit
1698 4363 1913 4434 iustitia
1945 4366 2000 4421 in
2033 4383 2169 4438 gen-

2275 3187 2506 3242 persona
2558 3172 2818 3242 loquitur.
2854 3171 2963 3228 Illis
3005 3173 3106 3229 ista
3162 3174 3489 3237 dicentibus,
3535 3169 3645 3224 vidit
3683 3165 3763 3218 Do-

2272 3264 2454 3319 minus
2495 3263 2636 3332 quod
2676 3263 3052 3334 paenitentiam
3105 3279 3202 3318 ore
3228 3266 3517 3336 jactarent,
3556 3269 3600 3314 et
3641 3255 3763 3313 corde

2241 3370 2377 3410 tuon
2413 3363 2658 3424 agerent,
2691 3365 2748 3410 et
2780 3370 2884 3410 non
2923 3355 3126 3426 placuit
3182 3357 3261 3412 ei.
3296 3355 3543 3422 Quaesivit
3575 3351 3689 3404 enim
3726 3346 3762 3398 in

2267 3447 2350 3502 eis
2405 3446 2598 3515 judicii
2647 3447 2959 3512 veritatem,
2991 3447 3137 3516 quod
3195 3448 3268 3501 ad
3301 3457 3482 3515 gentes
3519 3441 3761 3497 translatum

2268 3537 2465 3602 fuerat,
2498 3549 2549 3594 el
2588 3555 2695 3595 non
2718 3539 2942 3609 reperit.
2999 3539 3340 3593 Desideravit
3382 3539 3588 3607 aliquem
3614 3533 3761 3601 justum

2268 3631 2468 3696 virum,
2499 3633 2590 3700 qui
2635 3632 2738 3687 sibi
2791 3632 2929 3687 irato
2963 3631 3140 3704 possit
3191 3645 3507 3703 occurrere.
3532 3636 3684 3681 etnon
3709 3621 3764 3672 in-

2268 3721 2419 3776 venit
2454 3739 2469 3787 ;
2504 3722 2662 3792 711
2695 3721 2788 3792 qui
2841 3731 2893 3774 et
2933 3735 3099 3790 supra
3153 3721 3364 3776 dixerat
3397 3737 3414 3779 :
3457 3716 3588 3780 Veni,
3614 3726 3651 3767 et
3690 3723 3762 3760 non

2269 3823 2383 3868 erat
2414 3814 2490 3867 vir
2518 3830 2538 3870 .°
2558 3815 2753 3874 vocavi,
2783 3821 2833 3868 et
2863 3829 2964 3867 non
2993 3822 3104 3866 erat
3130 3812 3220 3883 qui
3239 3814 3446 3867 audiret
3475 3807 3613 3881 (lsa.
3642 3821 3680 3870 L,
3703 3800 3757 3867 Ὧι

2269 3905 2337 3960 Et
2373 3905 2502 3976 quia
2566 3904 2672 3961 illis
2711 3906 2766 3960 in
2819 3905 3026 3961 scelere
3079 3904 3533 3975 permanentibus,
3578 3915 3633 3955 ue
3663 3905 3762 3950 unus

2269 3998 2484 4070 quidem
2511 3997 2693 4066 justus
2723 3999 2974 4053 inventus
3002 4008 3123 4052 est:
3159 3997 3281 4064 sed,
3317 4001 3496 4052 Omnes
3536 3991 3763 4048 declinare-

2272 4101 2415 4156 rnnt,
2459 4091 2620 4147 simul
2646 4091 2857 4146 inutiles
2881 4091 3011 4160 facti
3042 4100 3164 4146 sunt
3205 4105 3222 4144 :
3256 4101 3306 4146 et
3335 4107 3432 4145 non
3461 4084 3623 4155 estqui
3646 4079 3763 4150 fati“

2271 4185 2485 4250 bonum,
2507 4201 2608 4238 non
2632 4194 2706 4240 est
2755 4201 2919 4255 usque
2957 4184 3027 4238 ad
3046 4201 3205 4238 unum
3232 4185 3254 4257 (
3281 4182 3426 4239 Psal.
3460 4195 3566 4244 xm,
3593 4173 3763 4244 3),brat-

2272 4277 2398 4333 chio
2422 4291 2522 4334 suo
2555 4286 2721 4346 atque
2770 4275 3010 4346 justitia,
3054 4277 3171 4332 sive
3220 4271 3576 4332 misericordia
3617 4263 3764 4323 conﬁt-

2273 4369 2444 4424 mavit
2493 4383 2639 4436 eum,
2701 4369 2880 4438 utqui
2937 4368 3213 4423 voluerint
3242 4366 3528 4423 ab'errore
3552 4353 3760 4418 converti.

589 4460 758 4525 tibus,
791 4466 846 4514 et
879 4457 1106 4513 recessit
1159 4473 1191 4512 a
1225 4457 1406 4524 nobis,
1437 4459 1564 4528 quia
1616 4460 1823 4516 corruit
1881 4460 1932 4516 in
1983 4461 2155 4531 platea
2189 4467 2236 4526 ο
2265 4477 2369 4516 non
2405 4475 2505 4516 suo
2534 4461 2748 4527 merito,
2788 4459 2889 4516 sed
2956 4459 3050 4516 Dei
3099 4460 3391 4516 clementia
3425 4457 3762 4513 conserventur.

587 4550 818 4605 veritas.
852 4549 984 4604 Lata
1015 4549 1161 4624 enim
1208 4559 1262 4604 et
1311 4551 1550 4620 spatiosa
1600 4551 1683 4606 via
1717 4565 1837 4621 qute
1893 4554 2042 4609 ducit
2096 4555 2162 4610 ad

587 4650 817 4698 mortem
855 4640 1077 4713 (Matth:
1121 4642 1265 4710 vn):
1306 4641 1434 4712 quia
1477 4653 1762 4712 angustam
1798 4644 1963 4716 710
1994 4647 2161 4713 viam,

587 4735 640 4789 in
688 4751 792 4805 qua
829 4737 1037 4790 veritas
1079 4744 1471 4802 commoratur,
1509 4736 1719 4792 intrare
1767 4737 2046 4794 nolebant.
2094 4737 2163 4793 Et

587 4829 738 4896 facta
767 4837 844 4882 est
865 4828 1056 4883 veritas
1079 4829 1132 4882 iu
1152 4827 1486 4894 obliuionem,
1507 4829 1576 4883 de
1609 4845 1716 4899 qua
1744 4831 2009 4902 scriptum
2035 4839 2119 4887 est
2145 4847 2161 4888 :

602 4917 802 4973 Veritas
851 4919 914 4974 de
960 4926 1102 4973 terra
1150 4927 1270 4974 orta
1307 4928 1410 4983 est,
1433 4928 1483 4973 et
1507 4919 1730 4988 justitia
1761 4919 1829 4975 de
1861 4921 1989 4975 creto
2040 4935 2167 4988 pro-

584 5011 755 5077 spexit
775 5009 958 5081 '(Psul.
989 5025 1212 5073 Lxxxtv,
1245 5010 1360 5080 12).
1391 5010 1446 5066 In
1479 5028 1586 5082 quo
1621 5013 2164 5068 animadvertendum

586 5104 730 5171 quod
771 5105 968 5159 crebro
1020 5107 1226 5158 veritas
1269 5105 1551 5160 nominata
1584 5106 1675 5167 sit,
1708 5115 1765 5161 ut
1797 5105 1998 5161 Christi
2039 5119 2166 5174 per-

589 5211 722 5250 sona
768 5207 1192 5264 monstraretur,
1239 5213 1402 5267 quam
1450 5199 1788 5264 deserentes,
1822 5198 1996 5253 secuti
2043 5206 2172 5252 sunt

593 5288 958 5344 mendacium.
995 5289 1066 5343 Et
1089 5292 1178 5361 qui
1214 5292 1429 5345 recessit
1463 5307 1494 5342 a
1537 5290 1701 5351 male,
1731 5289 1926 5359 praedm
1971 5290 2168 5359 patuit.

587 5383 744 5449 Quod
804 5398 1116 5453 quanquam
1171 5385 1420 5439 videatur
1463 5386 1776 5447 obscurum,
1819 5385 1900 5438 sic
1939 5381 2172 5438 edisseri

593 5484 775 5545 potest
805 5492 820 5531 :
850 5476 1007 5530 nobis
1033 5477 1374 5531 mendacium
1400 5476 1466 5532 de
1495 5485 1682 5530 nostro
1712 5476 1878 5530 corde
1917 5474 2170 5546 ﬁngenti-

593 5570 698 5625 bus
727 5577 782 5626 et
807 5567 1185 5624 deserentibus
1221 5568 1392 5638 legem
1426 5567 1542 5634 Dei,
1562 5565 1777 5638 justitia
1808 5566 1964 5636 longe
1997 5569 2168 5634 stetit,

593 5676 650 5719 et
686 5664 892 5720 veritas
922 5661 1136 5717 corruit
1157 5661 1210 5716 in
1250 5661 1473 5731 plateis,
1501 5670 1556 5715 et
1597 5660 1826 5730 aequitas
1857 5659 1922 5714 ad
1953 5674 2056 5715 nos
2084 5661 2170 5714 in-

598 5768 746 5812 trare
779 5769 884 5810 non
911 5753 1110 5824 potuit,
1141 5763 1193 5810 et
1221 5753 1389 5810 Filius
1417 5752 1530 5822 Dei,
1565 5753 1654 5822 qui
1686 5761 1772 5810 est
1816 5751 2043 5820 veritas,
2095 5752 2174 5808 la-

2279 4552 2522 4624 Denique
2573 4553 2792 4608 indutus
2819 4561 2907 4607 est
2937 4552 3162 4622 iustitia:
3199 4552 3388 4618 lorica,
3418 4559 3470 4606 et
3500 4547 3629 4618 galea
3657 4540 3762 4596 salu-

2275 4645 2362 4709 tis,
2398 4653 2452 4698 et
2490 4644 2729 4698 vestibus
2769 4641 3021 4709 ultionis,
3077 4653 3132 4698 et
3159 4643 3268 4698 zeli
3320 4643 3476 4714 pallio
3521 4629 3762 4694 circumda-

2276 4745 2362 4790 tus
2397 4753 2414 4787 :
2438 4733 2625 4804 sicque
2658 4743 2900 4788 armatus
2949 4735 3216 4803 processit
3248 4733 3316 4789 ad
3370 4729 3572 4794 bellum,
3606 4731 3652 4779 ut
3675 4717 3770 4819 refl:

2278 4829 2431 4881 deret
2486 4825 2738 4880 ultionem
2794 4826 3022 4881 inimicis
3076 4827 3186 4881 suis
3217 4842 3237 4882 :
3268 4825 3406 4882 haud
3441 4823 3634 4879 dubium
3661 4810 3757 4884 qui"

2279 4916 2492 4974 Judteos
2551 4917 2821 4987 signiticet
2871 4928 3289 4988 perseverantes
3332 4919 3383 4972 in
3432 4905 3762 4982 blasphemiis:

2281 5010 2350 5065 Et
2409 5009 2820 5064 vicissitudinem
2851 5010 3081 5064 hostibus
3113 5010 3255 5075 suis,
3281 5008 3488 5080 quando
3521 5018 3600 5059 eos
3619 4999 3766 5054 Roma.

2283 5117 2385 5155 nus
2425 5101 2594 5156 cinxit
2625 5101 2922 5177 esercitus.
2944 5101 3151 5167 Quibus
3178 5101 3526 5161 vincentibus,
3559 5091 3764 5150 Domiti“s

2283 5209 2552 5264 pugnasse
2615 5202 2969 5249 monstratur.
3028 5192 3143 5250 Hoc
3215 5191 3513 5250 testimonio
3556 5183 3763 5278 usus

2285 5285 2481 5340 Paulus
2513 5285 2759 5340 scribens
2820 5288 2883 5339 ad
2922 5284 3210 5354 Ephesios,
3248 5297 3302 5341 et
3326 5284 3501 5339 volens
3533 5293 3618 5334 nos
3649 5271 3759 5328 indui

2284 5389 2557 5434 armatura
2588 5377 2816 5440 Christi,
2846 5394 2952 5448 quo
2989 5378 3261 5448 possimus
3302 5376 3476 5448 ignitis
3513 5366 3679 5426 diaboli
3701 5361 3763 5432 l“

2286 5469 2422 5526 culis
2455 5470 2707 5526 resistere
2727 5469 2944 5541 (Ephes.
2973 5485 3022 5524 vt
3052 5469 3092 5539 ).
3122 5471 3378 5541 Quodque
3404 5469 3454 5524 in
3482 5456 3762 5532 Septuaginta

2288 5560 2678 5633 lnterpretibus
2716 5576 2822 5616 non
2879 5561 3111 5616 habetur
3147 5580 3161 5616 :
3197 5560 3393 5617 Iusulis
3421 5559 3562 5614 vicem
3607 5544 3757 5640 reddetr

2288 5656 2450 5712 urbes
2499 5652 2702 5709 Judaeae
2735 5651 3032 5722 signiﬁcat,
3095 5666 3231 5721 quas
3294 5651 3545 5706 Romanus
3587 5637 3762 5736 vastati!

2285 5747 2584 5812 exercitus.
2631 5743 2766 5800 Nam
2803 5752 2857 5800 et
2887 5757 3049 5814 supra
3083 5744 3101 5813 (
3132 5760 3248 5812 cap.
3295 5741 3394 5812 xx)
3436 5726 3756 5797 habitatoribus
