3902 6182
168 315 278 378 605

668 315 1164 380 COMMENTAR.
1207 317 1292 380 ΙΝ
1330 318 1597 380 ISAIAM
1639 317 2108 382 PROPHETAM
2150 317 2298 381 LIB.
2335 299 2501 392 XVI,
2539 316 2700 379 CAP.
2740 317 2900 378 LIX.

3314 315 3419 379 606

166 427 384 492 insula,
440 426 493 482 id
537 435 622 485 est
665 429 998 494 Jerusalem,
1067 429 1331 486 Dominus
1362 429 1602 501 loquitur
1649 445 1744 502 per
1772 437 1819 494 Α
1852 431 2042 502 Neque
2083 431 2229 488 enim
2263 430 2316 485 in
2347 429 2863 498 repromissionibus
2891 429 3008 493 Dei,
3054 427 3128 481 ira
3160 427 3417 497 furorque

161 515 515 586 Prophetam.

239 608 422 676 (Vers.
459 607 546 670 I9,
579 606 708 675 20.)
739 624 760 659 ι
796 607 864 662 Et
895 599 1168 663 timebunt
1229 609 1324 680 qui
1349 611 1417 664 ab
1447 608 1744 666 Occidente

173 714 375 755 nomen
406 700 640 768 Domini,
663 709 717 756 et
743 701 834 770 qui
865 699 936 756 ab
966 709 1090 755 ortu
1126 700 1281 768 solis,
1315 701 1544 771 gloriam
1579 702 1696 772 ejus
1724 719 1740 760 :

172 806 295 844 rum
326 792 539 845 venerit
566 793 722 862 quasi
754 791 955 847 ﬂuvius
990 793 1277 859 violentus,
1315 809 1478 862 quem
1509 795 1742 864 spiritus

166 880 390 936 Domini
436 880 625 951 cogit:
660 890 717 936 et
744 883 954 938 venerit
1009 881 1146 938 Sion
1197 882 1530 952 redemptor,
1559 893 1616 940 et
1662 885 1743 941 eis

161 974 262 1040 qui
304 973 534 1028 redeunt
563 974 632 1028 ab
662 973 954 1044 iniquitate
979 975 1034 1030 in
1068 974 1265 1044 Jacob,
1292 977 1429 1036 dicit
1457 977 1736 1033 Dominus.

163 1049 284 1120 Hoc
323 1064 499 1121 lmdus
530 1081 709 1120 meum
745 1081 867 1121 cum
923 1067 1024 1130 eis.
1055 1067 1192 1123 dicit
1221 1069 1480 1125 Dominus
1519 1085 1534 1126 :
1564 1069 1738 1139 Spiri-

166 1165 254 1210 tus
282 1170 442 1210 meus
469 1157 561 1224 qui
597 1165 681 1212 est
717 1157 774 1212 in
823 1167 894 1224 te,
927 1167 984 1213 et
1019 1158 1187 1214 verba
1248 1175 1365 1214 mea
1411 1176 1532 1230 quae
1586 1161 1741 1230 posui

166 1244 226 1298 in
253 1259 356 1300 ore
389 1255 503 1310 tuo,
540 1261 646 1300 non
682 1247 940 1302 recedent
976 1245 1044 1303 de
1064 1261 1161 1302 ore
1196 1257 1309 1313 tuo,
1334 1259 1390 1304 et
1417 1251 1484 1304 de
1509 1264 1605 1305 ore
1648 1264 1742 1304 se-

159 1337 330 1391 minis
391 1336 618 1393 seminis
682 1338 760 1392 tui
805 1339 844 1403 ³,
882 1339 1014 1393 dicit
1093 1339 1396 1394 Dominus:
1445 1342 1638 1395 amodo
1689 1352 1742 1394 et

105 1499 109 1502 λ
160 1441 342 1497 usque
394 1428 452 1482 in
512 1429 929 1500 sempiternum.
969 1449 988 1484 s
1048 1430 1191 1485 LXX
1227 1449 1242 1488 :
1278 1451 1298 1486 ι
1338 1435 1404 1488 Et
1465 1434 1742 1489 timebunt

163 1521 256 1588 qni
293 1523 363 1574 ab
392 1520 691 1578 Occidente
735 1537 934 1578 nomen
978 1522 1218 1588 Domini,
1251 1534 1306 1579 et
1361 1526 1455 1594 qui
1499 1525 1570 1581 ab
1617 1535 1740 1580 ortu

161 1614 324 1679 solis,
360 1630 559 1672 nomen
591 1616 876 1689 inclytum.
938 1617 1136 1672 Veniet
1157 1619 1304 1673 enim
1351 1620 1510 1688 quasi
1542 1619 1741 1676 ﬂuvius

162 1707 433 1764 violentus
455 1709 534 1762 ira
571 1709 882 1773 Domini,+
918 1709 1100 1765 veniet
1123 1725 1243 1764 cum
1277 1709 1544 1777 furore,,‘
1575 1720 1628 1766 et
1651 1725 1740 1766 ve-

162 1802 277 1858 niet
314 1802 383 1858 de
418 1801 550 1856 Sion
593 1802 683 1870 qui
744 1802 961 1857 liberet.
997 1803 1060 1856 Et
1099 1812 1311 1857 avertet
1357 1803 1664 1872 impietates
1710 1819 1739 1857 a

159 1891 354 1958 Jac-ob,
394 1904 450 1946 et
474 1894 576 1948 hoc
606 1893 712 1948 erit
751 1894 832 1949 eis
853 1908 885 1947 a
916 1908 1002 1947 me
1034 1901 1441 1961 testamentum,
1467 1894 1600 1949 dicit
1630 1895 1744 1948 Do-

163 1979 376 2035 minus.
403 1979 641 2052 Spiritus
657 1996 806 2036 meus
823 1982 914 2050 qui
939 1991 1023 2038 est
1051 1982 1102 2036 in
1124 1991 1199 2048 te,
1221 1991 1278 2038 et
1305 1987 1470 2038 verba
1488 1997 1605 2039 mea
1623 1999 1744 2054 quae

160 2072 290 2126 dedi
321 2073 376 2126 in
407 2085 502 2127 ore
541 2081 663 2137 tuo,
690 2088 796 2126 non
815 2071 1068 2126 deficient
1091 2073 1158 2127 de
1187 2087 1283 2128 ore
1313 2082 1427 2141 tuo,
1457 2083 1514 2129 et
1546 2089 1613 2130 ex
1645 2089 1742 2131 ore

160 2162 396 2218 seminis
427 2163 528 2227 tui,
551 2162 627 2217 ait
661 2162 922 2218 Dominus
953 2177 1024 2218 ex
1054 2178 1198 2218 nunc
1221 2175 1278 2221 et
1307 2167 1360 2221 in
1392 2175 1681 2221 aeternum.
1716 2185 1736 2218 s

135 2254 462 2324 -Postquam
495 2254 756 2310 Dominus
790 2254 956 2310 lorica
977 2253 1228 2326 justitia,
1255 2266 1310 2313 et
1349 2258 1502 2328 galea
1527 2259 1740 2327 salutis,

158 2356 213 2402 et
259 2347 510 2403 vestibus
540 2347 784 2413 ultionis,
836 2347 1049 2418 zelique
1081 2348 1251 2418 pallio
1308 2348 1472 2404 fuerit
1514 2349 1742 2405 indutus

160 2441 225 2494 ad
293 2453 550 2508 pugnam,
585 2447 640 2493 et
699 2440 909 2494 venerit
942 2439 1008 2494 ad
1063 2446 1340 2494 certamen
1387 2448 1551 2509 atque
1580 2441 1741 2511 712

164 2533 490 2598 vindictam,
522 2541 581 2585 ut
603 2533 868 2586 retribuat
895 2531 1166 2598 hostibus,
1198 2541 1252 2586 et
1280 2532 1473 2588 reddat
1507 2533 1743 2588 inimicis

161 2625 303 2686 suis,
338 2634 394 2678 et
444 2623 650 2679 insulas
703 2638 916 2686 eorum,
968 2623 1021 2677 id
1065 2633 1171 2688 est,
1217 2625 1380 2680 urbes
1428 2624 1742 2694 viculosque

161 2720 474 2778 subvertat,
524 2726 655 2770 tunc
711 2713 1035 2782 alienigenae
1093 2715 1185 2784 qui
1223 2716 1288 2770 de
1348 2714 1640 2772 Occidente
1688 2725 1744 2772 et

161 2805 392 2860 Oriente
420 2803 635 2860 venturi
666 2816 818 2870 sunt,
843 2813 902 2859 ut
931 2805 1278 2875 requiescant
1325 2806 1379 2861 in
1417 2806 1540 2862 sinu
1571 2807 1744 2863 Abra-

164 2895 293 2946 liam
326 2891 561 2962 (Matth.
596 2892 741 2964 vin),
773 2895 838 2948 de
867 2894 1066 2964 quibus
1095 2905 1150 2950 et
1187 2911 1354 2966 supra
1388 2896 1407 2968 (
1437 2913 1557 2966 cap.
1590 2913 1739 2966 ms,

164 2999 312 3038 vers.
362 2984 450 3053 ιε)
505 2985 716 3041 dictum
750 2997 834 3042 est
867 3003 882 3044 :
917 2987 1052 3043 Ecce
1083 2989 1177 3044 isti
1219 2989 1283 3044 de
1333 2989 1486 3060 longe
1515 2993 1740 3058 venient,

165 3078 256 3131 alii
295 3077 724 3184 denOccidente,
774 3088 829 3135 et
857 3081 950 3136 alii
1012 3082 1080 3138 ab
1112 3083 1404 3152 Aquilone,
1440 3093 1494 3139 et
1528 3084 1619 3140 alii
1677 3087 1742 3142 de
1767 3122 1811 3184 C

166 3179 313 3222 terra
355 3168 672 3234 Persarum,
743 3172 1015 3226 timebunt
1057 3173 1373 3242 Dominum,
1418 3190 1484 3230 eo
1543 3177 1740 3232 timore

161 3262 254 3327 qui
293 3269 381 3314 est
415 3261 628 3316 initium
666 3262 946 3332 sapientiae
968 3262 1161 3334 (Eccli.
1188 3264 1352 3336 i).lDe
1379 3281 1489 3336 quo
1515 3267 1567 3324 in
1601 3268 1742 3323 mul-

164 3355 228 3405 Iis
301 3353 442 3408 locis
503 3353 752 3420 legimus,
813 3369 882 3410 ex
923 3357 1129 3426 quibus
1173 3373 1350 3430 pauca
1404 3375 1676 3430 ponamus
1721 3379 1736 3416 :

162 3445 361 3499 Beatus
391 3446 470 3498 uir
498 3433 588 3514 qui
612 3447 758 3500 timet
785 3445 1068 3503 Dominum
1099 3452 1116 3522 (
1142 3450 1294 3508 Psal.
1328 3467 1439 3517 cst,
1493 3453 1569 3524 1).
1622 3454 1692 3508 Ει
1723 3471 1738 3510 :

165 3536 293 3590 Non
321 3548 398 3591 est
430 3538 608 3607 inopia
639 3541 942 3596 timentibus
965 3559 1083 3597 eum
1143 3543 1341 3613 (Psal.
1377 3561 1572 3612 sum,
1627 3545 1738 3617 IO).

161 3629 226 3684 Et
263 3647 279 3687 :
330 3629 508 3685 Timor
556 3631 774 3686 Domini
804 3634 1090 3703 disciplina
1145 3646 1193 3690 et
1225 3638 1492 3706 sapientia
1529 3640 1548 3709 (
1577 3637 1737 3695 Prov.

163 3743 254 3791 sv,
275 3725 404 3795 53).
442 3723 509 3779 Et
552 3742 568 3783 ;
599 3725 795 3791 Venite,
819 3727 946 3796 filii,
996 3729 1175 3784 audite
1213 3747 1292 3784 me
1323 3747 1342 3785 :
1363 3731 1602 3786 timorem
1630 3732 1738 3787 Do-

163 3819 292 3870 mini
327 3816 522 3871 docebo
589 3833 677 3872 τοι
744 3817 941 3890 (Psal.
993 3835 1189 3888 sum,
1222 3821 1289 3876 l2
1309 3821 1352 3892 ).
1407 3807 1738 3880 Et:Beatus

162 3911 317 3963 homo
365 3912 456 3979 qui
503 3908 650 3964 timet
706 3909 991 3966 Dominum
1036 3915 1054 3982 (
1083 3911 1237 3969 Psal.
1272 3930 1476 3985 cum,
1506 3919 1599 3988 4).
1632 3918 1738 3976 Et:

163 4000 338 4055 Timor
362 4001 577 4056 Domini
603 4004 750 4057 addit
781 4004 892 4060 dies
923 4005 1109 4075 (Prov.
1149 4022 1204 4070 ι,
1228 4006 1342 4077 27).
1371 4007 1530 4075 Quod
1559 4021 1738 4067 autent

165 4093 384 4160 repulso
414 4092 604 4159 Israel,
633 4094 880 4162 gentium
918 4097 1074 4151 turba
1109 4098 1398 4160 succedat,
1445 4097 1740 4157 Malacliias

166 4187 430 4254 propheta
466 4184 675 4254 plenius
705 4187 886 4252 docet,
917 4187 972 4242 in
1001 4202 1110 4256 quo
1141 4188 1345 4244 dicitur
1374 4191 1444 4245 ad
1467 4189 1684 4247 «Iudaeos
1718 4209 1735 4248 :

166 4276 286 4330 Non
345 4286 423 4331 est
488 4277 733 4332 voluntas
808 4295 924 4333 mea
982 4280 1037 4334 in
1077 4281 1248 4346 vobis,
1276 4283 1404 4335 dicit
1483 4283 1737 4338 Dominus

165 4368 532 4439 Omnipotens.
569 4370 632 4424 Et
683 4371 914 4425 hostiam
960 4389 1064 4426 non
1087 4374 1375 4438 suscipiam
1399 4374 1463 4430 de
1495 4376 1736 4431 manibus

1843 523 2132 595 ponendus
2183 532 2267 579 est
2305 541 2318 577 :
2353 538 2477 577 cum
2547 523 2602 576 in
2664 522 2879 577 caeteris
2926 535 3046 590 qua
3094 531 3415 590 sequuntur,

1848 614 2135 670 beatitudo
2161 615 2234 670 sit
2260 615 2592 679 futurorum,
2632 621 2688 667 et
2743 609 3102 666 comminatio
3153 623 3418 676 pmnaque

1845 706 2215 776 peccantium.
2269 705 2435 762 Juxta
2487 704 2739 774 Aquilam
2787 712 2972 758 autem
3002 713 3058 758 et
3086 702 3419 757 Theodotiu-

1843 812 1994 860 nem,
2055 797 2284 866 spiritus
2351 794 2564 849 Domini
2618 795 2710 863 qui
2767 795 3013 862 signatus
3080 793 3134 847 in
3195 793 3417 846 Christo

1841 899 1946 956 est,
1981 901 1990 946 ζ
2008 887 2138 943 illud
2177 886 2466 942 conﬁrmat
2534 885 2864 956 esemplum,
2915 886 3061 955 quod
3100 885 3154 938 in
3205 881 3417 938 Joanne

1841 953 2173 1049 evangelista
2200 979 2398 1046 legitur
2433 995 2448 1031 :
2487 953 2645 1032 Ilu'nc
2675 978 2814 1032 enim
2841 953 2980 1032 Deus
3007 978 3232 1046 signavit
3252 975 3415 1029 Pater

1845 1068 2032 1136 (Joan.
2087 1084 2164 1132 vt,
2232 1068 2328 1137 27)
2365 1083 2379 1124 :
2410 1067 2512 1130 de}
2535 1081 2644 1135 quo
2689 1077 2816 1122 ante
2863 1066 2973 1135 iam
3025 1065 3231 1121 dictum
3277 1074 3411 1120 est:

1846 1160 2003 1216 Exiet
2030 1163 2177 1230 virga
2209 1161 2275 1216 de
2315 1161 2497 1214 radice
2532 1159 2702 1224 Jesse,
2733 1169 2780 1214 et
2818 1161 2916 1230 ﬂos
2959 1161 3023 1212 de
3076 1160 3252 1212 radice
3295 1158 3412 1225 ejus

1844 1255 2110 1319 ascendet,
2139 1264 2186 1307 et
2225 1253 2508 1321 requiescet
2557 1269 2715 1320 super
2751 1267 2868 1306 eunt
2900 1250 3134 1321 Spiritus
3182 1250 3411 1316 Domini,

1843 1346 2060 1414 spiritus
2107 1346 2384 1414 sapientia:
2415 1357 2462 1400 et
2493 1344 2806 1403 intellectus,
2840 1343 3063 1411 spiritus
3128 1342 3331 1395 consilii
3359 1349 3410 1394 et

1844 1434 2201 1504 fortitudinis,
2225 1437 2444 1506 spiritus
2471 1437 2704 1489 scientiis
2755 1445 2802 1487 et
2835 1435 3069 1502 pietatis,
3119 1441 3168 1486 et
3199 1432 3410 1497 replevit

1841 1542 1962 1581 eum
1999 1528 2220 1595 spiritus
2268 1528 2474 1580 timoris
2528 1525 2741 1580 Domini
2785 1523 2928 1593 (Isa.
2982 1524 3222 1592 xui-3).
3262 1522 3416 1579 Unde

1839 1627 1897 1674 et
1957 1634 2059 1674 nos
2125 1619 2358 1674 dicimus
2398 1617 2719 1685 :Signatum
2785 1628 2860 1672 est
2913 1635 3069 1688 super
3105 1635 3198 1672 nos
3240 1618 3415 1673 lumen

1842 1710 2018 1764 vultus
2065 1711 2168 1777 tui,
2216 1709 2436 1764 Domine
2463 1709 2642 1779 (Psal.
2677 1724 2751 1775 tv,
2788 1708 2866 1778 7).
2924 1709 2988 1762 Et
3023 1709 3076 1763 in
3107 1707 3416 1773 Ezechiele,

1844 1804 2086 1858 virorum
2119 1805 2464 1874 'gementium
2517 1802 2678 1872 713
2725 1802 2936 1858 frontes
3001 1817 3160 1865 των.
3220 1801 3416 1855 littera:

1843 1891 2144 1961 Hebraicis,
2178 1907 2298 1962 quae
2329 1893 2470 1962 apud
2523 1907 2620 1948 eos
2654 1891 2841 1946 ultima
2891 1901 2994 1957 est,
3055 1891 3414 1958 impressione

1841 1983 2128 2054 signantur
2173 1981 2411 2053 (Ezech.
2467 1983 2562 2052 ix).
2605 1981 2700 2037 Sin
2736 1991 2920 2036 autem
2955 1980 3100 2036 scire
3139 1981 3412 2050 volumus,

1841 2076 2116 2144 quomodo
2173 2075 2412 2143 Spiritus
2464 2082 2685 2150 sanctus
2736 2072 2935 2128 ﬂuvius
3000 2071 3268 2125 violentus
3321 2072 3414 2135 sit,

1841 2167 2226 2236 Apostolorum
2280 2165 2413 2222 Acta
2467 2165 2794 2234 relegamus,
2850 2164 3124 2233 inquibus
3151 2162 3413 2232 scriptum

1839 2267 1930 2315 est
1963 2275 1980 2314 :
2012 2257 2148 2313 Cum
2178 2267 2353 2312 autem
2401 2257 2703 2328 congregati
2757 2265 2931 2310 essent
2979 2257 3200 2326 pariter,
3243 2258 3416 2326 Iactus

1841 2349 2117 2406 estsubito
2147 2353 2210 2405 de
2229 2350 2370 2417 fcaelo
2421 2365 2578 2404 sonus
2629 2349 2781 2417 quasi
2809 2348 3025 2414 spiritus
3054 2347 3323 2408 uiolentus.
3365 2358 3417 2402 et

1844 2443 2074 2512 implevit
2133 2442 2433 2496 universam
2493 2440 2708 2494 domum
2783 2438 2871 2490 ubi
2923 2446 3075 2491 erant
3153 2439 3414 2490 sedentes.

1841 2539 2316 2605 Apparueruntque
2346 2534 2419 2586 eis
2459 2532 2656 2602 lingua:
2705 2530 2956 2596 dispersa:
2987 2529 3121 2583 sicut
3153 2528 3291 2596 ignis
3323 2537 3414 2581 :et

1842 2629 1977 2683 sedit
2000 2641 2159 2696 super
2189 2623 2423 2693 singulos
2454 2638 2656 2677 eorum.
2688 2620 2994 2690 Repletique
3048 2629 3170 2672 sunt
3229 2635 3406 2672 omnes

1845 2716 2053 2785 Spiritu
2091 2724 2279 2768 sancto
2344 2713 2486 2779 (Act.
2519 2727 2578 2776 II,
2613 2711 2749 2781 1-4).
2783 2710 3039 2777 Sequitur
3072 2708 3280 2764 :l’eniet
3334 2721 3420 2759 re-

1844 2811 2083 2878 demptor
2104 2807 2238 2862 Sion
2272 2822 2290 2860 :
2322 2817 2567 2860 eteorum
2589 2805 2678 2874 qui
2707 2803 2924 2857 redeunt
2963 2803 3026 2855 ab
3063 2801 3338 2870 iniquitate
3365 2800 3420 2852 in

1841 2899 2026 2964 Iacob,
2068 2899 2193 2953 dicit
2225 2896 2505 2949 Dominus.
2539 2894 2646 2950 Pro
2689 2909 2798 2963 quo
2847 2893 3201 2964 Septuaginta
3240 2901 3416 2946 trans-

1847 2991 2085 3046 tulerunt
2117 3007 2133 3044 :
2187 2987 2365 3042 Veniet
2400 3003 2463 3040 ex
2498 2984 2622 3041 Sion
2643 2986 2731 3056 qui
2759 2984 2962 3049 liberet,
3000 2991 3048 3038 et
3091 2991 3293 3039 avertat
3323 2985 3416 3036 im-

1842 3085 2063 3152 pietates
2101 3100 2129 3135 a
2152 3080 2340 3135 Jacob.
2379 3080 2434 3135 Si
2467 3095 2600 3148 ergo
2627 3081 2692 3133 de
2719 3077 2848 3132 Sion
2883 3078 3087 3142 veniet,
3119 3076 3209 3145 qui
3264 3091 3422 3130 aver-

1853 3187 1934 3230 tat
1988 3175 2300 3243 impietates
2334 3189 2362 3228 a
2421 3171 2612 3236 Jacob,
2667 3171 2768 3225 hoc
2825 3169 3198 3239 intelligimus,
3277 3169 3430 3237 quod‘

1853 3271 2018 3324 homo
2041 3277 2202 3323 natus
2241 3267 2313 3322 sit
2353 3266 2405 3319 in
2433 3265 2589 3330 Sion,
2625 3273 2679 3319 et
2715 3263 3024 3317 fundaverit
3049 3277 3170 3316 eam
3205 3260 3417 3316 Altissi-

1851 3373 1994 3424 mus,
2032 3359 2124 3429 qui
2160 3360 2354 3412 avertit
2387 3357 2594 3412 scelera
2636 3355 2824 3410 Jacob.
2865 3355 2960 3408 Sin
3017 3364 3201 3408 autem
3252 3353 3416 3406 veniet

1850 3450 1982 3507 Sion
2032 3451 2349 3519 redemptor,
2380 3458 2429 3504 et
2473 3449 2554 3502 liis
2579 3447 2668 3516 qui
2700 3446 2916 3501 redeunt
2951 3447 3016 3499 ab
3061 3445 3335 3514 iniquitate
3363 3445 3418 3496 in

1847 3543 2036 3608 Iacob,
2089 3545 2216 3598 dicit
2296 3542 2578 3604 Dominus,
2658 3539 2746 3594 hic
2798 3553 2992 3594 sensus
3059 3548 3140 3591 est
3171 3553 3186 3592 :
3223 3534 3417 3590 Veniet

1847 3636 2098 3692 Christus
2141 3635 2233 3705 qui
2296 3634 2525 3688 redimet
2583 3632 2716 3688 Sion
2777 3630 3041 3700 sanguine
3100 3642 3221 3684 suo.
3268 3625 3416 3691 Sive,

1842 3727 1997 3798 justa
2034 3727 2354 3783 llebraicam
2387 3723 2797 3796 proprietatem,
2839 3723 2928 3791 qui
2955 3721 3279 3790 propinquus
3327 3728 3411 3774 est

1850 3820 2004 3886 Sion,
2051 3828 2108 3873 et
2139 3818 2204 3873 de
2233 3817 2399 3872 Israel
2429 3817 2600 3886 stirpe
2637 3822 2927 3884 generatus
2971 3813 3063 3875 sit,
3106 3812 3209 3866 boc
3267 3811 3412 3864 enim

1847 3928 1985 3970 cost.
2014 3894 2206 3982 (ὅκῃ),
2237 3910 2289 3964 id
2343 3918 2452 3974 est,
2502 3906 2796 3976 ἀγχιστεὺς
2833 3913 3010 3960 sonat.
3053 3905 3133 3958 Ac
3192 3917 3260 3957 ne
3317 3918 3416 3971 pu-

1851 4015 2026 4060 temus
2067 4016 2285 4056 omnem
2345 4000 2539 4056 redimi
2591 3997 2722 4054 Sion
2775 4003 2832 4052 et
2893 4010 3013 4050 eam
3067 3994 3134 4048 de
3185 3992 3412 4049 sceleri-

1847 4098 1951 4154 bus
2012 4097 2258 4161 liberari,
2291 4111 2411 4166 qua:
2461 4093 2673 4149 Domini
2724 4091 2993 4160 sanguine
3022 4097 3246 4144 cruenta
3303 4087 3415 4160 [Αἰ.

1847 4187 2300 4261 cruentata]est,
2331 4187 2706 4260 signiﬁcanter
2757 4184 3002 4254 adjuuait
3039 4183 3162 4237 :Itis
3196 4183 3285 4252 qui
3328 4197 3416 4235 re—

1849 4283 2006 4337 deunt
2037 4284 2102 4337 ab
2131 4282 2424 4354 iniquitate,
2451 4282 2497 4336 si
2529 4278 2794 4334 voluerint
2821 4290 2984 4344 agere
3013 4276 3421 4345 pmnitentiam,

1849 4376 1906 4432 in
1941 4376 2137 4446 quibus
2165 4375 2346 4430 oratio
2392 4371 3003 4441 Dominicompleatur:
3041 4369 3223 4433 Pater,
3260 4371 3415 4439 igno—

163 4463 347 4516 restris
378 4461 639 4532 (Malae/1.
673 4479 714 4533 ι,
738 4464 858 4534 10).
903 4463 1254 4535 Rursumque
1284 4468 1352 4523 de
1397 4467 1740 4525 multitudine
1769 4477 1820 4538 υ
1845 4485 1932 4523 see
1971 4469 2068 4534 eis,
2117 4467 2254 4538 quod
2300 4466 2438 4520 enim
2487 4464 2714 4534 faciunt,
2780 4463 3018 4517 nesciunt
3058 4461 3210 4533 (Luc.
3245 4476 3410 4528 xsm,

164 4557 446 4614 nationum
479 4572 494 4611 :
525 4557 605 4611 Ab
657 4566 778 4611 ortu
829 4558 970 4613 enim
1025 4559 1152 4614 solis
1180 4576 1345 4630 usque
1371 4562 1440 4615 ad
1496 4577 1738 4615 occasum

161 4649 522 4718 gloriﬁcatum
547 4657 624 4704 est
648 4665 835 4704 nomen
867 4667 1042 4705 meum
1070 4652 1123 4705 in
1151 4652 1390 4722 gentibus
1422 4651 1590 4721 (Ibid.
1624 4651 1736 4721 ﬂ).

163 4738 340 4810 IIujus
373 4741 730 4797 beatitudinis
767 4741 858 4796 ille
889 4753 1082 4797 auctor
1119 4753 1225 4807 est,
1258 4745 1348 4814 qui
1387 4745 1569 4800 veniet
1586 4747 1739 4814 quasi

161 4832 354 4898 [lucius
381 4831 657 4898 violentus,
717 4849 868 4902 quem
897 4835 1112 4902 spiritus
1144 4834 1356 4890 Domini
1408 4836 1567 4905 cogit;
1599 4838 1734 4903 sive,

166 4935 222 4978 ut
249 4923 450 4992 Aquila
489 4925 792 4992 transtulit,
819 4927 974 4996 quasi
999 4927 1196 4995 ﬂumen
1227 4938 1532 4997 angustum,
1567 4929 1731 4997 spiri-

164 5027 247 5072 tus
301 5016 521 5072 Domini
550 5017 880 5090 signaculum
903 5019 1056 5088 ejus;
1086 5030 1182 5076 aut
1215 5019 1538 5086 Theodotio,
1581 5022 1738 5090 quasi

162 5111 352 5176 ﬂurius
410 5125 736 5180 oppugnans,
795 5111 1012 5179 spiritus
1065 5108 1282 5166 Domini
1325 5112 1565 5181 signatus
1632 5121 1732 5165 est.

166 5197 221 5252 In
246 5215 313 5254 eo
341 5215 476 5269 ergo
539 5201 838 5256 testimonii
902 5201 1087 5271 hujus,
1129 5203 1273 5272 quod
1319 5201 1459 5256 LXX
1491 5211 1734 5259 transtu-

164 5292 364 5359 lerunt,
424 5293 577 5362 quasi
620 5293 815 5363 ﬂuvius
872 5295 1152 5359 violentus,
1184 5296 1265 5350 ira
1309 5296 1524 5350 Domini
1569 5296 1736 5351 ueniet

165 5402 278 5439 cum
302 5387 504 5456 furore,
536 5401 665 5456 pars
697 5387 886 5442 ultima
925 5388 980 5444 in
1011 5387 1277 5444 Hebraico
1316 5405 1423 5444 non
1477 5389 1729 5444 habetur.

238 5545 256 5576 '
293 5546 638 5601 Ambrosiani
671 5547 834 5603 codd.
860 5549 949 5602 hic
979 5556 1141 5616 atque
1197 5547 1426 5602 inferius
1473 5557 1732 5603 constan-

170 5627 247 5669 ter
269 5631 456 5686 voeem
505 5619 718 5672 seminis
751 5619 922 5672 semel
960 5629 1166 5672 tantum
1207 5618 1428 5686 habent,
1490 5618 1609 5686 ipso
1648 5627 1732 5670 ta-

171 5701 290 5738 men
322 5684 552 5758 Hebraeo
583 5689 879 5758 archetypo
906 5695 1188 5743 renuente.
1224 5684 1522 5754 Victorius,
1553 5689 1616 5742 de
1642 5704 1731 5741 ore

171 5765 258 5806 tuo
279 5765 326 5809 et
372 5757 436 5811 de
467 5775 553 5814 ore
584 5757 795 5814 seminis
827 5759 924 5823 tui,
967 5770 1014 5814 et
1060 5759 1122 5814 de
1149 5775 1237 5814 ore
1268 5759 1483 5814 seminis
1515 5759 1726 5814 seminis

1841 4560 1954 4628 δι).
1988 4560 2191 4615 Eorum
2251 4557 2418 4627 igitur
2463 4556 2516 4610 in
2550 4554 2681 4611 Sion
2722 4554 3026 4624 redemptio
3050 4563 3132 4609 est
3163 4569 3177 4605 :
3204 4561 3258 4607 ct
3289 4568 3415 4622 pro-

1839 4655 2097 4723 pinquus,
2126 4650 2215 4720 qui
2266 4665 2388 4705 eum
2446 4649 2791 4718 susceperint
2836 4663 2903 4704 es
2951 4645 3141 4711 Jacob,
3188 4657 3244 4700 et
3308 4645 3414 4700 illis

1839 4744 2130 4815 pollicetur
2152 4743 2335 4799 dicens
2367 4759 2381 4796 :
2412 4741 2528 4796 Hoc
2563 4741 2729 4810 fwdus
2760 4756 2933 4794 meum
2970 4755 3089 4792 cum
3147 4739 3246 4800 eis,
3298 4740 3414 4792 sive

1840 4848 2077 4908 pactum,
2118 4844 2174 4891 ut
2197 4849 2390 4891 omnes
2423 4835 2513 4889 alii
2555 4834 2973 4898 transtulerunt,
3013 4840 3410 4886 auttestanten-

1843 4939 1985 4991 tum,
2041 4937 2102 4982 ut
2171 4941 2405 4996 posuere
2463 4925 2839 4996 Septuaginta.
2896 4923 3049 4988 Quod
3095 4921 3168 4976 sit
3227 4929 3406 4974 autem

1841 5021 2040 5085 fcedus,
2098 5027 2339 5088 pactum,
2369 5027 2425 5072 et
2458 5027 2868 5080 testamentum,
2934 5027 3166 5083 sequens
3215 5027 3410 5068 versus

1838 5111 2123 5168 ostendit;
2173 5109 2430 5180 Spiritus,
2476 5108 2670 5177 inquit,
2703 5123 2848 5160 meus
2889 5106 2978 5176 qui
3027 5114 3103 5160 est
3151 5106 3202 5158 in
3256 5116 3324 5168 te,
3360 5115 3407 5160 et

1839 5205 1992 5259 verba
2020 5220 2155 5267 mea,
2180 5219 2296 5273 quae
2322 5201 2470 5270 posui
2503 5201 2560 5254 in
2591 5207 2804 5262 oretuo,
2835 5214 2937 5250 non
2969 5197 3204 5252 recedent
3223 5198 3285 5252 de
3309 5214 3398 5252 ore

1835 5310 1950 5365 tuo,
1972 5312 2018 5356 et
2045 5302 2109 5354 de
2133 5315 2223 5353 ore
2251 5298 2461 5354 seminis
2492 5297 2589 5360 tui,
2621 5293 2812 5348 amodo
2833 5302 2882 5348 et
2910 5309 3070 5362 usque
3101 5295 3152 5346 in
3210 5292 3406 5361 sempi'

1840 5405 2067 5448 ternum.
2099 5391 2255 5459 Quod
2308 5389 2392 5444 vel
2425 5388 2490 5443 ad
2533 5385 2728 5444 Isaiam
2769 5384 2990 5450 dicitur,
3026 5393 3082 5438 ut
3138 5382 3271 5437 mibi
3318 5381 3406 5436 vi-

1833 5553 1932 5617 tui,
1983 5549 2140 5617 juxta
2185 5543 2533 5617 Hebraicutn,
2564 5549 2619 5617 et
2649 5539 2812 5617 ad_S.
2863 5537 3042 5617 Patris
3070 5542 3410 5617 commenta-

1835 5606 2198 5680 riu'iu'reﬁsit,
2231 5615 2315 5669 cui
2357 5613 2576 5668 lectioni
2626 5621 2682 5669 et
2728 5610 3094 5669 Lovanienses
3143 5606 3407 5662 emenda-

1836 5702 1979 5748 tores
2001 5687 2264 5746 calculum
2297 5685 2520 5741 addunt.

2787 5857 2890 5865 vv...
