3902 6182
559 315 662 381 607

1728 305 1786 370 S.
1831 300 2146 367 EUSEBII
2183 299 2630 364 HIERONYMI
3673 305 3752 369 608

563 430 743 489 detur,
799 423 884 477 vel
927 422 992 476 ad
1052 419 1364 483 Dominum,
1425 425 1484 473 ut
1535 418 1781 489 plerique
1843 420 2135 475 aestimant.
2171 418 2213 475 A
2246 420 2426 473 intulit
2459 439 2472 473 :
2514 419 2602 473 Sic
2641 418 2804 486 igitur
2829 427 2876 471 et
2902 416 2956 470 in
2987 416 3082 470 hoc
3113 424 3344 482 tempore
3368 413 3582 484 reliquiis
3609 433 3752 472 securi-
3839 443 3841 489 4

564 518 733 589 Igitur
769 515 836 571 ad
887 515 1080 570 Isaiam
1121 513 1199 568 sic
1242 513 1376 566 ordo
1454 512 1821 567 connectitur.
1887 509 1998 566 lloc
2057 518 2142 564 est

564 620 780 678 partum
837 607 1116 675 Evangelii
1147 605 1569 674 sempiternum,
1625 613 1681 658 ut
1713 603 1940 673 spiritus
1986 617 2140 658 meus

568 702 662 771 qui
683 711 764 756 est
796 702 847 754 in
880 712 954 766 te,
987 708 1041 754 et
1064 700 1231 754 verba
1277 713 1395 752 mea
1425 712 1544 766 quae
1573 696 1734 766 posui
1765 697 1819 750 in
1871 711 1968 751 ore
2022 705 2139 762 tuo,

567 807 662 860 per
698 807 820 860 quas
861 800 1089 845 ventura
1149 788 1433 858 praedices,
1476 788 1640 860 ’114
1669 803 1774 842 non
1798 787 1865 842 de
1916 796 2008 841 tuo
2046 801 2142 840 ore

565 883 866 942 discedant,
904 895 1001 934 uec
1035 879 1102 934 de
1159 878 1398 969 ﬁliorum
1433 888 1644 932 tuorum
1678 892 1742 932 ac
1769 885 2054 946 nepotum,
2087 884 2143 930 et

565 971 792 1024 seminis
831 971 930 1034 tui,
961 979 1018 1023 tit
1053 969 1233 1022 omnis
1265 983 1361 1038 per
1384 967 1579 1022 seriem
1614 967 1895 1036 generatio
1921 968 2145 1022 demon-

563 1073 766 1116 stretur
798 1080 812 1117 :
843 1063 984 1130 quod
1015 1060 1223 1115 scilicet
1249 1060 1419 1129 gratia
1452 1059 1838 1128 pr0pbetarum
1898 1059 1952 1112 in
2012 1071 2145 1127 apo-

565 1153 718 1206 stolis
745 1154 945 1216 veniat,
980 1163 1033 1206 et
1064 1167 1161 1221 per
1187 1165 1284 1205 eos
1309 1152 1400 1220 qui
1436 1152 1501 1205 de
1531 1150 1697 1204 Israel
1735 1151 1751 1181 ¹
1808 1165 1904 1219 per
1931 1158 2148 1219 aposto-

566 1242 650 1298 los
693 1245 952 1298 credituri
1010 1252 1154 1298 snnt.
1187 1243 1337 1309 Quod
1386 1252 1562 1297 autem
1613 1241 1796 1307 infert,
1855 1241 2056 1296 Amodo
2096 1248 2145 1294 et

565 1352 727 1406 usque
763 1337 819 1388 in
876 1337 1272 1403 sempiternum,
1311 1335 1389 1388 illi
1450 1335 1765 1389 testimonio
1798 1337 1819 1366 '
1841 1334 2092 1403 congruit
2127 1349 2142 1386 :

566 1425 766 1480 Caelum
815 1436 864 1480 et
915 1437 1053 1480 terra
1103 1425 1447 1480 transibunt:
1475 1425 1630 1479 verba
1657 1433 1834 1478 autem
1881 1440 1997 1478 mea
2041 1437 2145 1476 non

567 1516 915 1584 praeteribunt
990 1515 1229 1584 (Matth.
1297 1531 1446 1582 xxxv,
1509 1516 1647 1585 '55).
1734 1515 1892 1570 Hunc
1963 1517 2145 1569 locum

567 1604 856 1674 diligenter
927 1604 1136 1660 Paulus
1219 1606 1559 1672 edissercns,
1635 1605 1832 1661 scribit
1905 1606 1972 1658 ad
2038 1603 2145 1658 Ro-

568 1711 778 1757 manos,
837 1698 981 1764 quod
1035 1711 1143 1751 non
1203 1697 1273 1751 sit
1315 1697 1600 1753 distinctio
1649 1695 1822 1752 Judaei
1859 1705 1911 1750 et
1943 1695 2142 1758 Graeci,

2241 513 2364 566 dum
2400 512 2701 564 electionem
2736 510 2929 577 gratia:
2974 508 3138 561 salva:
3166 507 3324 575 facta?
3348 517 3483 560 sunt.
3513 507 3566 560 Si
3616 519 3749 564 autem

2242 607 2440 673 gratia,
2461 606 2577 670 jam
2598 619 2699 656 non
2725 619 2788 656 ex
2817 601 3098 671 operibus;
3120 599 3359 667 alioquin
3385 600 3650 669 gratiajam
3677 616 3752 654 non

2243 704 2320 750 est
2337 695 2530 764 gratia.
2551 694 2690 760 Quid
2709 709 2828 764 ergo
2850 703 2923 746 est
2944 692 2969 744 .9
2985 690 3123 762 quod
3141 694 3409 760 qttierebat
3432 688 3602 754 Israel,
3615 692 3751 744 horest
3840 688 3841 756 1

2244 797 2549 842 consecutus
2578 801 2596 840 .'
2624 786 2802 839 electio
2821 795 2991 838 autem
3024 793 3312 838 consecuta
3347 792 3420 836 est
3446 797 3463 836 :
3491 783 3640 836 ceteri
3663 799 3750 835 rero

2245 878 2491 933 excaecati
2534 885 2675 931 sunt.
2701 876 2804 942 Qui
2827 877 2873 930 si
2905 892 3007 929 non
3027 875 3412 945 permanserint
3445 875 3496 926 in
3517 874 3749 927 increduli-

2248 977 2372 1032 tate,
2387 969 2700 1022 inserentur.
2719 965 2916 1020 Potens
2934 977 3006 1020 est
3028 969 3192 1032 enim,
3217 964 3410 1033 inquit,
3441 963 3585 1026 Deus,
3601 965 3752 1016 iterum

2245 1063 2472 1115 inserere
2497 1061 2615 1114 illos
2643 1059 2818 1127 (Rom.
2852 1075 2928 1125 ιι,
2956 1057 3034 1128 5),
3070 1073 3186 1112 non
3222 1065 3412 1113 contra
3443 1067 3661 1109 naturam
3705 1071 3753 1110 ex

2245 1151 2504 1211 oleastro.
2545 1150 2692 1204 sicut
2730 1149 2971 1218 gentium
3005 1149 3212 1203 inserta
3245 1156 3331 1202 est
3363 1145 3625 1200 multitudo
3652 1163 3664 1198 :
3687 1145 3752 1198 sed

2245 1241 2542 1297 secundum
2582 1252 2832 1294 naturam
2866 1240 2921 1293 in
2951 1241 3176 1304 bonam,
3210 1239 3263 1293 id
3297 1247 3397 1303 est,
3428 1238 3478 1290 in
3517 1253 3646 1292 suam
3682 1236 3752 1290 oli-

2246 1349 2392 1388 vam.
2465 1333 2535 1387 Et
2567 1333 2632 1387 ad
2665 1342 2974 1388 extremum
3009 1333 3208 1400 posuit,
3244 1339 3302 1384 ut
3339 1331 3403 1383 ad
3447 1343 3654 1400 praesens
3691 1343 3755 1381 ca-

2246 1425 2475 1495 pitulum
2509 1425 2816 1492 pet-veniret
2850 1442 2866 1480 :
2894 1423 3034 1478 Nolo
3051 1425 3194 1478 enim
3210 1423 3568 1494 vosjignorare,
3591 1422 3751 1489 fratres,

2247 1518 2556 1587 mysterium
2579 1517 2698 1582 hoc,
2736 1526 2792 1570 ut
2827 1533 2927 1572 non
2950 1517 3069 1570 sitis
3087 1519 3234 1587 apud
3259 1515 3582 1580 vosmetipsos
3600 1515 3756 1579 sapies-

2251 1617 2343 1662 tes.
2381 1607 2521 1674 Quia
2552 1610 2766 1663 caccitus
2791 1624 2855 1662 ea:
2881 1616 3030 1678 parte
3057 1607 3234 1662 Israel
3261 1605 3493 1675 contigit,
3523 1605 3659 1658 donec
3673 1603 3753 1672 ple-

2249 1699 2436 1753 nitudo
2471 1701 2708 1769 gentium
2763 1698 3087 1752 subintraret
3114 1714 3133 1753 :
3167 1707 3222 1752 et
3292 1698 3373 1750 sio
3431 1697 3585 1750 omnis
3630 1693 3754 1748 Israel

567 1791 662 1841 scd
706 1789 820 1856 ipse
857 1789 1118 1844 Dominus
1173 1791 1439 1854 omnium,
1490 1792 1641 1847 dives
1677 1794 1728 1845 in
1761 1792 2022 1846 omnibus
2053 1792 2142 1860 qui
2177 1767 2220 1822 Β
2248 1789 2425 1843 salvus
2447 1767 2616 1858 fieret,
2649 1791 2784 1845 sicut
2816 1792 3068 1859 scriptum
3109 1799 3192 1844 est
3231 1805 3248 1843 :
3282 1789 3461 1844 Veniet
3485 1804 3544 1842 ex
3567 1785 3670 1842 Sion
3689 1785 3753 1854 qui

565 1881 823 1935 invocant
847 1882 996 1935 illum
1028 1882 1206 1952 (Rom.
1238 1899 1291 1946 ι,
1321 1883 1408 1952 12)
1441 1900 1456 1949 ;
1487 1892 1541 1938 et
1571 1885 1714 1952 quod
1752 1901 1857 1938 non
1886 1885 1966 1940 sic
2023 1898 2144 1939 cre-

571 1973 812 2026 diderint
849 1984 1059 2042 gentes,
1099 1975 1345 2030 utlsrael
1375 1977 1595 2043 penitus
1623 1977 1936 2044 pelleretur.
2000 1975 2144 2030 Nam

565 2074 612 2118 et
638 2081 752 2132 ego,
804 2065 900 2130 ait,
954 2064 1225 2119 Israelites
1279 2082 1396 2119 sum
1437 2082 1501 2120 ea:
1529 2068 1724 2120 semine
1749 2066 2044 2132 Abraham,
2079 2069 2146 2123 de

568 2156 707 2209 tribu
751 2153 1048 2219 Beniamin.
1082 2152 1131 2206 Ν
1139 2171 1202 2206 οη
1235 2155 1422 2220 repulit
1447 2156 1584 2210 Deus
1600 2155 1796 2224 plebem
1814 2172 1968 2210 suam
1983 2172 2142 2226 quam

565 2248 829 2315 praesciuit
863 2245 1044 2316 (Rom.
1079 2261 1157 2311 XI,
1192 2248 1244 2309 i,
1271 2248 1350 2317 2).
1387 2249 1453 2303 Et
1487 2259 1608 2317 post
1661 2249 1962 2318 paululum,
2021 2265 2144 2305 cum

567 2338 698 2392 Elite
742 2339 1016 2408 posuisset
1045 2339 1372 2409 exemplum,
1427 2341 1704 2410 querentis
1738 2341 1803 2395 ad
1859 2341 2148 2398 Dominum

565 2433 708 2494 quod
744 2433 892 2484 solus
920 2441 1066 2485 esset
1106 2432 1348 2496 relictus,
1406 2441 1458 2486 et
1489 2435 1760 2488 audientis
1797 2433 1862 2488 ab
1904 2449 1970 2489 eo
2004 2436 2147 2505 quod

568 2523 879 2589 reliquisset
911 2524 1014 2577 sibi
1073 2523 1334 2580 Dominus
1395 2535 1600 2593 septeni
1662 2525 1826 2579 millia
1871 2527 2144 2594 virorum,

563 2615 778 2682 quinnn
820 2623 1144 2671 curvasseut
1173 2629 1349 2684 genua
1379 2626 1502 2671 ante
1533 2616 1662 2671 Baal
1695 2616 1808 2688 (111
1836 2617 1964 2689 Reg.
2008 2618 2146 2689 nx),

634 2772 649 2802 ¹
682 2770 942 2841 Restituit
975 2771 1184 2827 Victor.
1205 2772 1260 2826 in
1310 2771 1590 2841 Apostolos
1622 2771 1820 2840 veniat,
1875 2781 1926 2829 et
1965 2774 2019 2828 in
2051 2790 2139 2832 eos

565 2842 652 2912 qui
678 2842 737 2892 tle
760 2840 951 2910 Israel,
985 2852 1093 2898 etc.

634 2913 653 2943 ³
686 2911 858 2968 Antea
889 2917 1074 2970 deerat
1094 2928 1196 2970 vos
1234 2915 1554 2969 testimonio.

2248 1878 2450 1946 liberet,
2478 1891 2528 1935 et
2553 1892 2742 1936 avertet
2787 1883 3083 1950 impietates
3111 1898 3144 1935 a
3167 1879 3340 1935 Iacob
3381 1881 3423 1945 ⁸,
3447 1887 3493 1933 et
3534 1876 3750 1932 bocillise

2250 1994 2331 2032 me
2355 1985 2741 2042 testamentum,
2779 1991 2898 2028 cum
2925 1975 3194 2029 abstulero
3217 1983 3433 2043 peccata
3447 1987 3605 2028 eorum
3624 1968 3749 2040 (Itast.

2254 2086 2329 2136 st,
2362 2070 2480 2138 25).
2544 2069 2670 2124 Haec
2711 2068 2916 2123 idcirco
2963 2067 3127 2122 latius
3196 2065 3473 2138 prosecuti
3526 2074 3690 2125 sumus,
3711 2067 3750 2113 tu

2253 2161 2514 2233 quidquid
2583 2159 3068 2230 reproniissionum
3109 2167 3163 2213 et
3219 2157 3449 2227 legimus
3512 2163 3559 2208 et
3607 2150 3751 2206 dicturi

2247 2266 2437 2306 sumus
2497 2250 2563 2304 ad
2591 2249 2724 2303 Sion
2756 2261 2810 2302 et.
2837 2248 2906 2303 ad
2932 2246 3267 2313 Jerusalem,
3333 2259 3440 2301 non
3490 2240 3746 2314 generaliter

2248 2345 2315 2399 ad
2349 2357 2541 2398 omnes
2571 2341 2812 2408 Iudaeos,
2839 2341 2932 2396 sed
2965 2341 3284 2412 specialiter
3335 2339 3401 2393 ad
3430 2351 3522 2391 eos
3565 2334 3651 2389 dici
3695 2333 3749 2386 in-

2248 2438 2573 2505 telligamus,
2615 2433 2709 2505 qui
2767 2436 2820 2488 in
2857 2433 3118 2506 apostolis
3146 2443 3202 2490 et
3227 2447 3329 2505 per
3362 2426 3617 2500 apostolos
3638 2424 3748 2480 electi

2248 2540 2374 2587 sunt
2400 2546 2470 2587 ex
2499 2528 2687 2585 Israel.

2319 2777 2340 2809 ⁸
2364 2773 2911 2846 Uutts'Ambrosian.,
2945 2782 3143 2846 avertet
3181 2769 3568 2846 captivitatesZa
3593 2759 3749 2818 Iacob:

2244 2845 2432 2929 Ciﬁce
2457 2855 2635 2902 tamen
2663 2855 2745 2918 est
2772 2844 3049 2917 ἀσεϐείας.

567 3103 3725 3135 W

1337 3275 1698 3366 LIBER
1775 3273 2147 3366 DECIM
2174 3274 2306 3365 US
2400 3273 3038 3367 SEPTIMUS.

635 3639 992 3712 715-716
1056 3636 1271 3702 Quanta
1351 3633 1610 3706 mysteria
1688 3633 1953 3702 septimus
2019 3640 2146 3704 post
2174 3640 2220 3705 ο
2251 3635 2331 3690 cis
2369 3635 2507 3701 suis,
2550 3634 2640 3703 qui
2676 3633 3050 3691 elamaverunt
3098 3643 3292 3691 contra
3334 3647 3497 3692 eum:
3532 3626 3743 3696 Cruci/iet.

579 3734 846 3785 decimum
872 3743 1148 3792 numerus,
1184 3725 1249 3779 ad
1285 3741 1445 3794 quem
1507 3739 1651 3780 nunc
1677 3724 2139 3795 Esplanationum

557 3816 619 3879 in
649 3825 841 3878 isaiam
871 3820 1117 3893 pervenit
1152 3819 1310 3882 liber,
1342 3821 1398 3872 in
1428 3817 1736 3888 Scripturis
1769 3818 1974 3873 sanctis
2001 3831 2140 3872 con-

567 3917 755 3980 tineat,
816 3914 1050 3978 vellem,
1105 3912 1254 3981 virgo
1304 3909 1515 3965 Christi
1576 3908 1952 3977 Eustochium,
1994 3905 2144 3963 brevi

567 4020 818 4061 sermone
845 4015 1182 4074 percurrere.
1219 4000 1326 4055 Sed
1357 4001 1482 4070 quia
1537 4016 1642 4055 non
1691 4014 1909 4070 possum
1958 3998 2141 4053 omnia

569 4101 621 4154 in
655 4099 911 4154 omnibus
967 4095 1098 4150 locis
1154 4095 1358 4157 dicere,
1402 4095 1508 4147 hoc
1558 4095 1790 4147 strictim
1838 4093 2127 4158 admoneo,

569 4193 711 4262 quod
747 4190 1009 4260 psalmus,
1043 4187 1133 4256 qui
1161 4186 1561 4254 hujusnumeri
1591 4185 1754 4239 titulo
1783 4193 2140 4254 praenotatur,

568 4283 639 4334 sit
674 4281 822 4349 pueri
852 4278 1060 4331 Domini
1093 4277 1283 4341 David,
1315 4284 1369 4329 et
1407 4275 1671 4330 cecinerit
1705 4277 1872 4332 verba
1905 4274 2141 4342 Cantici,

569 4373 624 4425 in
665 4371 750 4423 die
780 4385 880 4438 qua
910 4368 1110 4438 eripuit
1141 4381 1263 4421 eum
1295 4367 1555 4420 Dominus
1585 4368 1652 4420 de
1695 4382 1856 4421 manu
1899 4369 2140 4440 omnium

570 4463 915 4515 inimicorum
951 4475 1175 4514 suorum
1227 4467 1278 4514 et
1309 4459 1377 4513 de
1417 4474 1578 4512 manu
1619 4458 1768 4526 Saul,
1812 4467 1866 4513 et
1898 4459 2092 4514 dixerit
2125 4478 2140 4515 :

570 4549 805 4618 Dilignm
843 4559 921 4612 te,
959 4548 1195 4614 Domine,
1219 4547 1476 4616 fortitudo
1506 4564 1619 4602 mea
1667 4548 1842 4617 (Psal.
1885 4565 2020 4613 ml,
2062 4550 2139 4619 2),

566 4653 623 4697 et
651 4642 876 4708 reliqua.
935 4641 1078 4694 Puer
1109 4649 1290 4695 autem
1345 4641 1552 4694 Domini
1588 4640 1674 4694 ille
1720 4649 1825 4704 est,
1865 4641 1952 4694 cui
1983 4641 2145 4695 Pater

568 4733 808 4801 loquitur
846 4734 897 4785 in
940 4732 1117 4790 Isaia:
1159 4733 1405 4802 Magnum
1449 4733 1537 4787 tibi
1577 4741 1652 4787 est
1694 4735 1875 4787 vocari
1922 4750 2142 4802 puerum

567 4843 738 4880 meum
767 4826 901 4898 (lsa.
930 4828 1102 4897 χιιι).
1145 4827 1209 4882 Et
1244 4830 1297 4881 in
1338 4827 1442 4881 alio
1482 4826 1601 4881 loco
1642 4843 1658 4880 :
1695 4826 1827 4881 Ecce
1855 4843 2143 4897 puermeus

561 4938 716 4990 quem
754 4920 908 4992 elegi,
948 4930 996 4977 et
1038 4919 1258 4974 dilectus
1292 4936 1434 4974 meus
1487 4921 1540 4974 in
1567 4937 1669 4991 quo
1699 4921 2020 4988 complacuit
2044 4919 2142 4974 sibi

565 5014 672 5084 [ιι.
713 5013 864 5086 mihi]
892 5015 1070 5068 anima
1103 5030 1218 5067 mea
1246 5012 1387 5085 (Isa.
1422 5028 1559 5080 xui,
1600 5013 1684 5081 2).
1722 5013 1825 5067 ISte
1869 5028 2003 5081 puer
2048 5014 2139 5082 qui

563 5106 974 5172 interpretatur,
1040 5105 1194 5174 fortis
1247 5120 1435 5167 manu,
1487 5104 1541 5158 in
1603 5105 1690 5159 die
1737 5119 1843 5174 qua
1886 5104 2141 5158 liberavit

563 5205 685 5246 eum
708 5192 972 5251 Dominus
999 5197 1064 5251 de
1103 5211 1263 5250 manu
1295 5193 1468 5261 Saul;
1497 5194 1591 5264 qui
1617 5194 1672 5248 in
1713 5194 1892 5264 lingua
1926 5205 2138 5263 nostra,

2173 4983 2222 5042 D

2249 3725 2496 3796 cruciﬁge
2529 3725 2688 3778 tatem
2721 3723 2876 3791 (Luc.
2912 3741 3073 3792 xsut,
3110 3727 3227 3797 2i),
3267 3724 3473 3796 quando
3497 3723 3556 3776 ad
3586 3719 3744 3774 Patrem

2247 3817 2420 3871 victor
2485 3815 2732 3870 ascendit
2795 3816 2956 3872 fulvis
3010 3819 3256 3874 vestibus
3297 3819 3363 3872 de
3414 3816 3602 3876 Bosra,
3645 3810 3746 3862 inter

2247 3918 2442 3964 caetera
2488 3909 2878 3979 triumphantis
2923 3909 3140 3966 locutus
3170 3918 3255 3965 est
3289 3909 3446 3964 verba
3493 3906 3661 3972 :Eripe
3690 3913 3746 3951 πιι

2245 4006 2308 4054 de
2338 4001 2840 4054 contradictionibus
2880 4000 3061 4070 populi
3088 4004 3412 4057 :constitues
3456 4014 3527 4053 me
3565 3998 3609 4049 in
3633 3997 3746 4058 caput

2246 4097 2500 4165 gentium.
2539 4093 2772 4162 Populus
2810 4111 2961 4165 quem
3014 4111 3116 4150 non
3145 4096 3380 4167 cognori,
3416 4090 3597 4146 sertioit
3623 4083 3744 4140 mihi:

2245 4191 2298 4254 in
2339 4189 2522 4242 auditu
2575 4191 2721 4244 auris
2775 4189 3000 4243 obedivit
3048 4190 3178 4242 mihi
3213 4189 3384 4261 (Psal.
3417 4201 3536 4247 χιιι,
3563 4181 3636 4242 Η,
3665 4174 3744 4238 45)-

2254 4281 2607 4350 Ilursumque
2656 4281 2723 4335 de
2793 4283 2994 4351 pepulo
3043 4281 3354 4337 Judreorum
3405 4299 3418 4335 :
3465 4275 3582 4332 Filii
3629 4264 3746 4323 alieni

2246 4373 2450 4425 mentiti
2498 4382 2617 4425 sunt
2675 4373 2804 4427 mihi
2849 4389 2868 4428 .'
2916 4375 3020 4444 ﬁlii
3075 4377 3237 4430 alieni
3292 4371 3677 4428 inveteraverunt,
3711 4363 3747 4408 ει

2246 4465 2674 4520 claudicarerunt
2715 4485 2748 4522 a
2810 4469 3009 4524 semitis
3061 4470 3173 4524 suis
3234 4468 3395 4538 (Ibid.
3450 4463 3567 4531 46);
3599 4454 3746 4524 quibus

2245 4564 2300 4612 et
2349 4555 2493 4610 Elias
2556 4556 2775 4611 dixerat
2829 4575 2845 4612 :
2893 4557 3173 4628 Usquequo
3232 4555 3534 4614 claudicatis
3583 4554 3747 4610 utro’l“

2247 4650 2375 4718 pede
2403 4647 2524 4720 (III
2564 4649 2694 4721 Reg.
2722 4665 2876 4714 xvut,
2911 4650 3041 4722 ευρ
3091 4651 3327 4722 Denique
3349 4649 3478 4720 quod
3509 4637 3684 4699 difﬁcile
3708 4633 3745 4685 in

2247 4741 2370 4796 aliis
2426 4743 2719 4810 reperitur,
2783 4743 2872 4798 hic
2936 4744 3177 4814 psalmus
3211 4755 3316 4799 tam
3383 4744 3431 4797 in
3505 4727 3743 4792 Samuelis.

2247 4847 2410 4903 quam
2479 4837 2534 4890 in
2592 4835 2842 4900 Dierum,
2876 4835 3107 4890 historia
3169 4830 3508 4892 continetur'
3545 4822 3618 4896 (ΙΙ
3649 4817 3745 4884 ⁸⁸9·

2248 4926 2408 4997 nu).
2448 4925 2550 4992 Qui
2582 4928 2647 4982 de
2697 4942 2806 4982 uno
2867 4943 3094 4983 numero
3153 4929 3220 4983 ad
3276 4920 3627 4984 hebdontadem
3677 4920 3746 4978 l‘er

2247 5019 2585 5075 incrementa
2611 5020 2928 5088 proﬁciens,
2959 5023 3110 5076 venit
3134 5023 3199 5076 ad
3225 5022 3520 5078 vicesimum
3545 5011 3739 5065 octavum

2245 5107 2533 5177 psalmum,
2564 5107 2732 5177 quiet
2759 5109 3211 5180 ipseinscribitur
3243 5110 3420 5175 David,
3454 5106 3501 5160 in
3541 5104 3740 5156 consum'

2244 5199 2533 5252 mationem
2586 5199 2939 5267 tabernaculi,
2976 5203 3190 5270 quando
3216 5203 3412 5274 angelis
3472 5193 3739 5264 imperator:

561 5280 972 5354 expetitum,vel
995 5289 1259 5359 infernum
1297 5299 1473 5355 sonat,
1505 5299 1559 5344 et
1596 5288 2139 5344 abomnibusinimi-
2241 5291 2433 5362 Afferte
2495 5289 2742 5358 Domino,
2803 5291 2902 5362 ﬁlii
2960 5292 3118 5366 Dei:
3160 5295 3341 5366 afferte
3398 5288 3589 5346 Domino
3631 5275 3737 5348 Ιῖίί⁰⁸

642 5451 659 5482 ⁸
690 5449 842 5516 Legit
864 5447 1153 5512 Victorius,
1186 5449 1268 5502 hic
1307 5450 1543 5518 psalmus
1576 5450 1736 5505 etiam
1765 5448 1820 5502 in
1850 5447 2138 5511 Samuelis,

561 5538 653 5576 seu
679 5521 873 5589 Regum
899 5519 1119 5573 historia
1145 5522 1480 5591 continetur;
1512 5522 1576 5576 ad
1601 5534 1766 5591 quam
1797 5523 2140 5574 asserendam

561 5593 1016 5657 let-tionem,qn:e
1066 5589 1454 5657 nnllins,quod
1485 5589 1686 5656 sciam,
1759 5604 1860 5644 ms.
1929 5591 2135 5644 codicis

561 5660 821 5727 suliragio
847 5661 1054 5724 nititur,
1114 5659 1186 5710 ita
1236 5671 1673 5728 argumentatur.
1712 5659 1994 5728 Loquitur,
2053 5662 2143 5712 in-

562 5730 706 5799 quit,
759 5733 824 5784 de
862 5729 1001 5785 Psal.
1047 5741 1178 5795 χιιι,
1241 5727 1474 5799 Ditigam
1504 5739 1579 5798 te,
1615 5727 1859 5799 Domine,
1893 5729 2145 5799 fortitudo

2249 5463 2389 5528 mea.
2426 5446 2674 5528 _Falsutn_
2701 5465 2830 5528 vero
2879 5456 2950 5511 sit
2994 5457 3137 5511 hunc
3181 5449 3514 5528 psalmmnin

2252 5519 2474 5595 historia
2501 5523 2752 5595 reperiri,
2780 5527 2980 5595 quippe
3008 5543 3128 5581 cum
3158 5515 3213 5584 in
3245 5546 3306 5585 ea
3342 5521 3557 5580 Psalmus
3578 5515 3734 5595 tattfttlfn

2252 5535 2474 5573 utswrta
2501 5535 2559 5572 re
2602 5535 2752 5587 ertrt,
2780 5535 2980 5595 quippe
3008 5543 3128 5581 cum
3158 5535 3213 5584 in
3245 5546 3306 5585 ea
3342 5535 3557 5580 Psalmus
3578 5535 3734 5585 turnum

2250 5603 2366 5654 Ctv,
2424 5535 2761 5657 Coit/Serrani
2795 5595 3043 5660 Domino,
3082 5609 3130 5652 et
3163 5604 3391 5656 invocate
3430 5600 3594 5660 ποηιεθὶ
3622 5588 3734 5660 ‘1'“)

2257 5647 2567 5735 inveniatur
2597 5659 2616 5713 1
2651 5647 2830 5735 Parui.
2850 5647 2984 5735 iiii
2998 5647 3444 5728 'tisiiiﬁ'ii's'éii'em
3467 5672 3558 5713 λιιι
3583 5647 3735 5706 halica-

2255 5738 2342 5784 tur
2374 5728 2412 5783 ιι
2451 5730 2584 5803 Reg.
2615 5745 2676 5803 ιι,
2707 5732 2798 5791 22.
