3902 6182
91 312 190 376 609

590 271 1094 373 COMMENTAR.
1145 308 1229 370 IN
1270 307 1541 369 ISAIAM
1584 305 2052 372 PROPIIETAM
2089 312 2240 376 LIB.
2281 314 2474 388 XVII,
2513 315 2674 380 CAP.
2717 317 2837 383 LX.

3237 320 3354 385 610

95 428 332 479 arietum.
359 423 424 478 Et
451 424 632 479 omnia
684 425 937 496 baptismi
975 424 1232 481 salutaris
1287 433 1342 479 et
1403 421 1667 477 Ecclesia:
1696 423 1743 482 Α
1789 436 1986 478 aurum
2020 426 2272 481 deferent
2301 439 2356 484 et
2395 431 2540 496 thus,
2573 442 2627 487 et
2655 447 2844 487 omnes
2865 446 2994 488 oves
3030 432 3204 488 Cedar
3235 449 3360 490 con-

95 517 339 586 mysteria
370 517 740 572 concinuntur
780 533 796 571 :
839 517 952 573 Vox
991 517 1209 572 Domini
1247 531 1408 586 super
1439 529 1605 584 aquas
1636 527 1655 564 :

94 609 224 663 Deus
291 607 591 677 majestatis
637 597 864 664 intonuit
894 649 908 665 .
973 610 1227 664 Dominus
1281 623 1440 677 super
1494 621 1659 675 aquas

94 701 277 754 multas
305 741 320 763 ,
342 717 442 755 vox
490 700 706 754 Domini
742 703 796 754 irt
835 702 1044 758 uirtute.
1077 702 1145 756 Et
1170 709 1292 770 post
1325 698 1602 767 paululum
1645 714 1660 751 :

104 793 206 847 Vox
223 793 434 846 Domini
451 795 1020 861 pra’parantisceruos,
1065 802 1114 847 et
1132 793 1373 847 reuelauit
1397 793 1410 823 ¹
1430 793 1663 845 conden-

95 902 167 948 sa,
189 894 236 936 et
267 884 324 936 in
365 884 559 953 templo
581 884 697 954 eius
725 902 902 940 omnes
929 888 1099 940 dicent
1124 884 1370 955 gloriam.
1403 881 1576 952 Atque
1607 892 1665 936 ut

96 975 485 1028 multitudinem
541 977 876 1029 credentium
956 975 1387 1039 demonstraret,
1420 973 1607 1027 intulit
1646 988 1664 1025 :

95 1065 339 1119 Dominus
370 1064 628 1120 diluvium
651 1065 948 1120 inhabitare
982 1065 1146 1134 fecit;
1171 1074 1220 1120 et
1251 1065 1445 1119 sedebit
1482 1062 1668 1118 Darni-

97 1174 183 1210 nus
211 1173 303 1211 rex
335 1160 391 1211 in
422 1167 682 1212 ceterarum
708 1157 1088 1227 (Psal.xxvm,
1109 1159 1283 1229 1-10).
1316 1159 1668 1225 Rursumque

96 1262 274 1306 Octavo
351 1251 536 1305 addito
591 1253 1000 1318 sacramento’,
1041 1252 1377 1306 tricesimum
1451 1260 1666 1307 sextum

99 1345 351 1414 psalmum
378 1342 544 1398 efﬁcit
594 1343 921 1411 litteratum,
965 1345 1127 1414 cujus
1159 1344 1486 1414 principium
1530 1353 1618 1398 est
1650 1358 1666 1396 :

100 1435 212 1490 Noli
245 1437 495 1492 aemulari
555 1437 608 1489 in
661 1436 1117 1508 malignantibus,
1189 1453 1357 1508 neque
1412 1437 1668 1491 celaverit

102 1531 336 1601 facientes
366 1532 725 1602 iniquitatem.
766 1532 938 1601 Cujus
986 1531 1279 1601 expositio,
1332 1545 1446 1586 non
1479 1529 1672 1598 praeia-

103 1627 263 1690 tionis,
328 1627 421 1680 sed
452 1626 652 1697 proprii
678 1626 968 1682 voluminis
989 1637 1094 1682 est.
1122 1624 1189 1679 Et
1217 1638 1285 1680 ue
1323 1623 1494 1679 multa
1529 1637 1674 1679 nunc

105 1716 434 1785 replicemus,
469 1733 644 1786 usque
679 1718 746 1772 ad
786 1718 1038 1788 quintum
1068 1719 1342 1775 decimum
1381 1731 1670 1771 numerum

105 1823 188 1878 per
212 1817 502 1880 augmenta
537 1824 916 1875 succrescens,
953 1812 1004 1864 in
1033 1825 1145 1880 quo
1175 1808 1369 1880 psalmi
1401 1809 1670 1878 graduum

108 1914 237 1970 sunt,
268 1913 327 1960 et
361 1920 457 1959 vas
488 1905 774 1960 electionis
800 1909 821 1940 ³
847 1906 991 1976 apud
1022 1907 1244 1960 Petrum
1277 1903 1672 1972 Hierosolymis

109 2007 466 2052 commoratur
523 1998 819 2068 (Galat.t)
851 2037 866 2063 ,
929 1999 1293 2054 centesimum
1346 1997 1669 2051 vicesimum

109 2091 252 2149 edicit
309 2107 597 2148 numerum
620 2094 667 2159 δ,
731 2092 824 2162 qui
858 2092 1020 2162 primi
1072 2093 1129 2146 in
1178 2090 1458 2145 Christum
1519 2087 1672 2142 fuero

111 2188 379 2243 credentes
412 2195 468 2240 et
515 2201 641 2242 cum
690 2187 954 2248 apostolis
985 2185 1332 2242 ctenacnlum
1367 2183 1492 2238 ﬁdei
1545 2195 1672 2237 con-

108 2283 412 2338 scenderunt
429 2298 446 2336 :
462 2282 844 2350 descenditque
865 2295 1028 2349 super
1050 2295 1145 2335 eos
1170 2278 1407 2348 Spiritus
1445 2285 1673 2333 sanctas

107 2374 225 2445 (Aet.
262 2375 348 2439 ιι).
385 2375 620 2445 Postque
655 2389 831 2443 usque
851 2374 916 2427 ad
967 2373 1254 2442 septimum
1273 2370 1545 2425 decimum
1572 2385 1674 2423 nu-

110 2483 302 2522 merum
335 2467 531 2522 ordine
576 2467 855 2536 gradiens,
886 2475 942 2519 et
980 2463 1348 2534 evangelicam
1382 2463 1671 2531 possidens

105 2562 431 2630 dignitatem,
462 2559 812 2630 prmcipiente
836 2557 1061 2611 Domino
1088 2559 1154 2610 de
1172 2554 1381 2610 dextris
1400 2555 1668 2624 partibus.

108 2665 309 2709 centum
367 2653 760 2724 quinquaginta
815 2659 928 2705 tres
1003 2648 1184 2720 pisces
1240 2663 1468 2719 magnos
1525 2649 1674 2718 capit

107 2747 282 2815 (toan.
318 2746 456 2815 xxi),
485 2753 540 2800 et
586 2745 641 2798 in
677 2742 924 2798 Ecclesia
961 2743 1217 2797 collocat.
1271 2740 1374 2796 Cui
1433 2749 1489 2796 et
1524 2755 1670 2796 nunc

108 2839 259 2893 Isaias
291 2839 554 2908 propheta
584 2836 850 2906 loquitur.

169 2999 313 3068 (Cap.
351 2995 460 3051 LX.
487 3025 560 3036 -—
583 2995 737 3052 Vers.
769 2998 792 3050 1
826 2998 1009 3067 seqq.)
1042 2997 1204 3067 717
1251 3015 1270 3050 ι
1313 2996 1508 3068 Surge,
1549 2998 1674 3052 illu-

1767 527 2080 586 gregentur,
2117 521 2428 591 arietesque
2481 521 2751 593 Nabajoth
2797 525 3038 590 veniant,
3090 536 3149 580 ut
3175 527 3369 581 immo—

1768 599 1948 661 lentur
1967 623 2132 677 super
2165 609 2342 666 altare
2400 613 2607 683 templi,
2640 614 2784 684 quod
2811 614 2978 670 fuerit
3003 627 3364 673 exstructum.

1768 702 1844 756 De
1888 703 2084 759 insulis
2142 719 2383 776 quoque,
2446 717 2501 762 et
2537 711 2777 764 maxime
2823 711 3054 765 navibus
3101 710 3363 775 Tharsis,

1768 794 1946 851 volare
1985 796 2125 852 ﬁlias
2190 799 2334 854 illius
2384 811 2442 854 ut
2482 802 2790 868 columbas,
2862 804 2983 858 auri
3035 811 3091 858 et
3149 814 3363 875 argenti

1769 886 1988 944 divitias
2016 887 2371 945 conferentes
2407 899 2502 946 :et
2525 892 2786 984 aediﬁcari
2831 909 3015 949 muros
3053 893 3364 951 Jerusalem

1769 979 1838 1034 ab
1869 979 2213 1050 alienigenis,
2237 982 2436 1052 quibus
2468 979 2692 1054 priesint
2724 1001 2878 1053 reges
2930 990 3191 1056 gentium,
3216 1001 3365 1042 sern-

1772 1086 1976 1140 perque
2009 1083 2228 1142 apertas
2261 1074 2378 1129 fore
2425 1085 2613 1144 portas
2641 1077 2899 1142 civitatis,
2947 1088 3006 1132 ut
3051 1078 3244 1132 diebus
3296 1094 3363 1133 ac

1773 1163 2022 1218 noctibus
2047 1164 2253 1220 divitiae
2285 1165 2590 1221 Jerusalem
2619 1178 2674 1224 et
2731 1169 2968 1224 victimae
3009 1169 3354 1226 deferantur.

1773 1255 1840 1309 Et
1859 1259 2042 1322 omnia
2073 1273 2193 1327 quae
2246 1259 2463 1315 deserta
2491 1273 2620 1317 sunt
2667 1265 2979 1333 cyparisso,
3013 1277 3066 1320 et
3101 1268 3248 1335 pino,
3307 1275 3364 1320 et

1773 1356 1940 1408 cedro
2000 1357 2172 1412 sectis
2237 1359 2290 1412 in
2328 1358 2569 1428 Libano,
2615 1365 3024 1418 construenda:
3089 1366 3363 1432 praecipue

1773 1445 2037 1514 templum
2095 1447 2355 1516 Domini,
2397 1453 2447 1506 in
2505 1467 2614 1522 quo
2664 1454 2736 1508 sit
2796 1454 2976 1509 laetitia
3010 1455 3364 1522 sempiterna,

1776 1538 1850 1593 ita
1886 1547 1943 1593 ut
1961 1549 2117 1611 sugat
2173 1541 2256 1598 lac
2282 1544 2588 1610 nationum,
2613 1555 2669 1600 ct
2711 1562 2895 1616 regum
2935 1546 3154 1603 divitias
3186 1562 3368 1603 come-

1776 1631 1890 1696 dat,
1945 1642 2260 1704 tantamque
2290 1636 2676 1691 abundantiam
2708 1652 2889 1692 rerum
2931 1640 3174 1693 omnium
3219 1642 3366 1709 fore,

1780 1733 1839 1776 ut
1863 1738 1960 1793 pro
1987 1740 2095 1779 tere
2153 1742 2347 1781 aurum
2376 1728 2645 1795 habeant,
2697 1745 2796 1800 pro
2858 1730 3006 1786 ferro
3056 1744 3362 1802 argentum,

1781 1832 1876 1886 pro
1897 1817 2058 1886 lignis
2111 1819 2279 1887 718
2315 1834 2411 1885 res,
2439 1835 2537 1888 pro
2567 1820 2841 1891 lapidibus
2897 1822 3120 1877 ferrum.
3150 1822 3366 1877 Princi-

1777 1924 1872 1978 pes
1901 1926 2123 1979 quoque
2149 1913 2292 1967 illius
2307 1923 2510 1969 aeterna
2536 1929 2667 1983 pace
2685 1915 2965 1982 l’ruituros,
2995 1927 3048 1970 et
3077 1918 3365 1987 episcopos

1776 2002 2108 2073 praefuturos
2159 2005 2371 2075 populis
2403 2006 2456 2060 in
2506 2006 2742 2077 iustitia,
2773 2011 2866 2063 sed
2897 2022 2952 2063 et
2982 2021 3170 2080 portas
3212 2014 3364 2067 iutu-

1776 2110 1868 2150 ras
1901 2096 2262 2168 ariaglyphas.
2296 2097 2363 2152 Et
2390 2098 2532 2168 quod
2558 2098 2644 2154 his
2687 2099 2863 2170 majus
2895 2109 3001 2168 est,
3034 2117 3130 2170 pro
3160 2106 3273 2158 sole
3311 2115 3368 2160 et

1780 2187 1932 2253 luna,
1967 2187 2144 2256 ipsum
2187 2189 2478 2244 Dominum
2515 2201 2716 2246 aeterna
2755 2194 2874 2248 luce
2932 2195 3206 2250 lulsururn
3251 2214 3265 2250 :
3308 2206 3364 2251 et

1777 2293 1875 2348 pro
1901 2295 2012 2335 uno
2038 2281 2260 2336 homine
2295 2281 2614 2338 habituram
2659 2299 2780 2339 eam
2831 2285 2980 2342 mille
3034 2287 3366 2345 fortissimos

1775 2375 1945 2442 viro,
1975 2384 2028 2428 et
2056 2389 2155 2442 pro
2182 2377 2448 2445 parvulis,
2479 2386 2668 2448 gentes
2698 2378 3108 2435 robustissimos
3145 2397 3364 2450 posses-

1777 2480 1983 2519 suram.
2013 2466 2144 2522 Haec
2194 2469 2271 2523 illi
2304 2469 2515 2535 dicunt,
2578 2473 2671 2542 qui
2747 2482 2996 2529 terrenas
3049 2476 3366 2533 desiderant

1774 2555 2106 2626 voluptates,
2153 2568 2208 2613 et
2246 2575 2474 2616 uxorum
2500 2565 3254 2635 qua-runtpulcbritudinem,
3296 2583 3364 2627 ac

1774 2664 2060 2703 numerum
2105 2651 2422 2716 liberorum,
2485 2670 2709 2724 quorum
2766 2657 2903 2711 Deus
2969 2670 3147 2715 venter
3178 2672 3276 2728 est,
3311 2673 3363 2718 et

1775 2740 1945 2810 gloria
1972 2743 2023 2794 in
2055 2743 2358 2813 confusione
2387 2762 2566 2798 eorum
2589 2747 2849 2818 (Philipp.
2878 2749 2984 2819 tu),
3003 2768 3233 2820 quorum
3268 2756 3362 2825 qui

1773 2836 2020 2903 sequitur
2051 2849 2314 2904 errorem,
2345 2839 2446 2893 sub
2472 2841 2688 2894 nomine
2713 2843 3025 2899 Christiano
3051 2844 3362 2903 Judzeorum

1775 2941 1833 2980 se
1861 2927 2094 2982 similem
2133 2927 2446 2983 conﬁtetur.
2477 2929 2584 2983 Alii
2617 2941 2798 2985 autem
2827 2937 3211 2991 asserunthaec
3243 2952 3368 2992 om-

1776 3019 1862 3074 nia
1904 3018 2106 3074 Judaais
2141 3021 2488 3075 cardinaliter
2525 3027 2874 3093 repromissa,
2923 3027 2967 3080 si
3030 3029 3366 3098 recepissent

109 3093 496 3162 minare,quia
542 3091 687 3146 venit
745 3091 931 3146 lumen
974 3100 1150 3155 tuum,
1219 3101 1275 3146 et
1335 3092 1504 3161 gloria
1569 3092 1671 3146 Do-

1776 3130 1925 3174 eum.
1968 3116 2055 3184 qui
2081 3115 2221 3169 dicit
2249 3116 2301 3170 iu
2331 3116 2626 3186 Evangelio
2670 3133 2686 3185 ;
2722 3117 2833 3188 Ego
2893 3136 3008 3174 sum
3037 3120 3131 3173 lux
3180 3124 3367 3175 mundi

113 3186 226 3238 mini
254 3199 415 3253 super
444 3192 497 3238 te
522 3191 639 3237 orta
689 3192 793 3238 est.
833 3185 968 3249 Quia
992 3197 1118 3238 ecce
1162 3183 1398 3238 tenebrae
1419 3185 1672 3253 operient

113 3287 314 3342 terram,
337 3286 388 3331 et
417 3276 588 3348 caligo
617 3277 848 3346 populos
879 3292 894 3329 :
946 3289 1112 3346 super
1136 3286 1187 3330 te
1234 3285 1419 3330 autem
1467 3278 1672 3330 orietur

115 3369 375 3438 Dominus,
408 3380 464 3426 et
486 3371 661 3440 gloria
689 3369 808 3438 ejus
831 3372 883 3423 in
909 3383 962 3424 te
999 3370 1292 3426 videbitur.
1322 3369 1389 3423 Et
1418 3371 1672 3423 ambula-

113 3461 232 3515 bunt
259 3472 446 3533 gentes
493 3464 549 3516 in
596 3463 802 3517 lumine
843 3472 960 3527 tuo,
1006 3470 1061 3517 et
1095 3465 1332 3532 regesin
1381 3461 1670 3532 splendore

115 3566 245 3611 ortus
278 3557 375 3610 tui.
405 3575 425 3607 ι
453 3553 598 3610 LXX
631 3571 645 3610 :
677 3573 696 3608 ι
735 3553 1072 3618 llluminare,
1116 3556 1425 3609 illuminare
1480 3567 1543 3608 -ξ-
1579 3553 1670 3608 Je-

117 3649 326 3704 rusalem
347 3653 388 3717 ’,
411 3649 561 3703 venit
581 3649 726 3704 enim
751 3647 935 3705 lumen
961 3658 1132 3713 tuum,
1165 3657 1221 3703 et
1247 3648 1419 3719 gloria
1452 3647 1669 3702 Domini

121 3759 268 3818 supq
297 3753 350 3798 te
379 3754 500 3797 orta
523 3751 630 3799 est.
661 3743 802 3798 Ecce
847 3741 1082 3796 tenebrae
1117 3741 1367 3810 operient
1419 3750 1619 3794 terram
1652 3753 1667 3801 ;

114 3848 160 3890 et
183 3838 344 3909 caligo
384 3853 550 3906 super
582 3844 792 3908 gentes.
834 3833 1013 3904 Super
1045 3844 1097 3890 te
1151 3843 1333 3888 autem
1387 3830 1671 3901 apparebit

117 3931 374 3994 Dominus,
401 3931 642 4000 etgloria
674 3930 820 3984 illius
851 3930 982 3983 inte
1015 3925 1308 3983 videbitur.
1335 3922 1404 3977 Et
1425 3924 1671 3978 ambula-

117 4023 236 4078 bunt
255 4032 442 4095 gentes
509 4022 568 4077 in
594 4021 799 4076 lumine
827 4031 943 4083 tuo,
995 4028 1049 4074 et
1092 4032 1252 4089 reges
1286 4018 1337 4071 in
1381 4015 1673 4085 splendore

115 4124 209 4171 tuo.
237 4134 256 4168 ι
292 4115 431 4184 Quid
470 4116 630 4172 nobis
665 4114 946 4168 videretur
993 4111 1060 4166 de
1097 4108 1496 4164 instauratione
1537 4105 1670 4161 Sion

116 4218 158 4260 et
175 4206 489 4270 Jerusalem,
525 4215 582 4262 et
606 4207 822 4262 cunctis
851 4218 971 4274 quae
991 4203 1042 4256 ei
1067 4199 1371 4272 prophetali
1409 4197 1671 4252 vaticinio

116 4305 508 4371 promittuntur,
551 4301 604 4356 in
645 4299 753 4355 ﬁne
784 4296 1088 4370 superioris
1124 4295 1251 4351 libri
1285 4293 1501 4365 plenius
1528 4289 1672 4346 dixi-

115 4413 237 4462 mus,
277 4397 736 4464 ubiinterpretati
771 4407 985 4456 sumus,
1033 4391 1164 4461 quid
1206 4387 1540 4459 signiﬁcaret
1577 4383 1670 4438 ille

1776 3207 1956 3276 (Joan.
2013 3225 2124 3275 vui,
2171 3208 2284 3275 12),
2338 3225 2457 3277 quae
2508 3210 2779 3264 illuminat
2821 3229 3037 3266 omnem
3081 3215 3361 3272 hominem

1773 3301 2080 3353 venientem
2126 3303 2178 3353 in
2211 3302 2493 3366 mundum,
2537 3312 2593 3356 ιιι
2642 3307 2914 3370 quomodo
2945 3307 3180 3364 victimae
3230 3324 3365 3364 con-

1773 3397 2132 3444 cessze'sunt
2181 3389 2378 3458 populo
2425 3389 2612 3457 Israel,
2667 3407 2772 3446 non
2815 3407 2923 3461 quo
2971 3410 3085 3462 per.
3117 3411 3175 3450 se
3213 3399 3367 3453 borne

1772 3492 1972 3545 essent,
1996 3481 2178 3534 sedne
2205 3481 2551 3535 daemonibus
2583 3481 2946 3539 offerrentur:
2972 3487 3042 3540 ita
3072 3497 3126 3541 et
3157 3490 3366 3558 gulosis

1771 3571 1997 3636 ludatis,
2035 3572 2279 3642 nihilque
2335 3574 2479 3628 aliud
2511 3577 2882 3644 quaerentibus
2921 3578 3024 3632 nisi
3073 3594 3361 3649 corporum

1775 3665 2097 3732 voluptates,
2131 3665 2233 3720 ista
2266 3665 2528 3722 Dominus
2559 3669 2872 3739 pollicetur,
2913 3679 2971 3724 ut
3019 3673 3209 3730 saltem
3263 3691 3362 3744 pro

1771 3756 2080 3811 carnalibus
2111 3757 2394 3813 desideriis
2445 3767 2498 3815 et
2550 3777 2711 3832 opum
2772 3763 3102 3820 abundantia
3163 3767 3364 3825 Filium

1775 3847 1866 3902 Dei
1900 3850 2255 3917 susciperent,
2291 3865 2452 3920 quem
2485 3853 2612 3921 quia
2664 3869 2772 3907 non
2827 3871 3221 3925 susceperunt,
3271 3876 3363 3914 re-

1775 3940 2162 4009 prornissiones
2213 3957 2429 4012 quoque
2465 3944 2650 4000 irritas
2680 3945 2818 4001 ﬁeri.
2866 3948 3109 4017 Denique
3145 3949 3363 4006 Chana-

1775 4047 1905 4087 naaae
1930 4048 2029 4103 pro
2057 4033 2166 4088 ﬁlia
2192 4033 2502 4104 deprecanti
2535 4052 2549 4090 :
2583 4037 2708 4093 Non
2760 4043 2896 4106 veni,
2929 4042 3122 4111 inquit,
3147 4045 3264 4111 nisi,
3291 4045 3364 4100 ad

1773 4141 1890 4180 oves
1928 4128 2164 4194 perditas
2221 4128 2408 4183 domus
2447 4127 2624 4184 Israel
2675 4130 2899 4201 (Matth.
2962 4149 3068 4197 xv,
3125 4133 3241 4205 ιιι).
3297 4134 3365 4189 Et

1774 4216 2058 4286 discipulis
2079 4219 2193 4275 suis
2237 4239 2250 4286 ;
2279 4219 2348 4274 In
2383 4221 2523 4275 viam
2553 4223 2789 4293 gentium
2831 4241 2894 4277 ne
2923 4225 3161 4278 abieritis
3182 4267 3197 4289 ,
3232 4237 3280 4280 et
3310 4230 3364 4282 in

1773 4311 2014 4366 ciuitates
2044 4312 2515 4368 Samaritanorum
2552 4331 2614 4368 ne
2667 4318 2992 4370 intraveritis
3031 4334 3050 4371 :
3089 4319 3159 4372 ite
3195 4321 3363 4388 magis

1775 4402 1844 4454 ad
1883 4418 2001 4456 oves
2035 4405 2274 4469 perditas
2321 4408 2508 4458 domus
2550 4405 2727 4460 Israel
2778 4406 2992 4474 (Matth.
3048 4425 3076 4462 κ
3103 4450 3120 4472 ,
3177 4409 3232 4473 5,
3277 4413 3360 4478 6).

117 4492 438 4548 versiculus:
479 4488 656 4547 Veniet
715 4485 846 4542 Sion
882 4486 1204 4551 redemptor,
1248 4493 1298 4537 et
1357 4482 1442 4535 his
1481 4479 1571 4550 qui
1591 4496 1671 4534 re-

1777 4493 1950 4560 Quam
1991 4496 2061 4550 ob
2091 4510 2315 4550 causam
2338 4505 2394 4552 et
2424 4496 2671 4567 Apustoli
2697 4469 2931 4567 primum
2962 4499 3014 4552 in
3072 4469 3364 4572 sj'nagOgis

116 4586 252 4639 dcunt
295 4586 360 4639 ab
405 4585 684 4654 iniquitate
713 4583 769 4635 in
823 4580 992 4637 Jacob
1043 4578 1184 4650 (Isa.
1221 4592 1330 4643 ιιι,
1360 4575 1477 4642 20).
1517 4570 1675 4628 Nunc

119 4681 332 4737 breviter
359 4679 835 4752 perstringendum
863 4687 967 4743 est,
987 4676 1116 4746 quid
1155 4674 1378 4745 plurimi
1433 4672 1503 4727 de
1565 4671 1674 4725 hoc

118 4774 223 4831 loco
248 4776 506 4838 sentiant,
543 4783 625 4842 ιιι,
652 4787 841 4828 errore
871 4777 1182 4841 perspecto,
1229 4766 1446 4821 facilius
1501 4762 1676 4833 possi-

118 4882 222 4925 mus
245 4870 524 4938 suscipere
549 4867 857 4921 veritatem.
888 4863 1060 4919 ιιι(ιωί
1113 4873 1169 4918 et
1218 4860 1393 4914 nostri
1443 4856 1676 4924 semiju-

120 4961 227 5028 dei,
248 4963 346 5033 qui
378 4974 602 5016 auream
639 4967 804 5028 atque
836 4964 1160 5027 gemmatam
1189 4954 1256 5010 de
1305 4953 1445 5008 caelo
1482 4967 1679 5019 exspe-

122 5055 592 5121 ctantJerusalem,
614 5055 728 5108 haec
753 5053 806 5106 in
835 5051 979 5105 mille
1007 5062 1272 5104 annorum
1298 5064 1463 5118 regno
1493 5049 1673 5104 futura

119 5151 460 5214 contendunt,
499 5147 721 5217 quando
754 5158 944 5200 omnes
980 5152 1172 5212 gentes
1207 5143 1506 5197 servitura:
1547 5150 1677 5196 sunt

121 5243 284 5312 lsrael,
305 5254 360 5298 et
379 5240 572 5298 cameli
596 5238 809 5293 Madian
834 5235 1059 5306 etEpha
1097 5233 1166 5290 de
1189 5236 1331 5289 Saba
1366 5233 1672 5301 venientes,

151 5379 197 5462 _‘
231 5381 393 5446 Idem,
421 5377 692 5441 reuelabit,
718 5383 774 5430 et
800 5389 946 5437 mox,
976 5371 1275 5426 inhabitare
1295 5371 1446 5441 facit,
1477 5383 1577 5438 pro
1601 5370 1678 5438 [ες

123 5460 198 5555 cu;
219 5524 607 5579 Ambrosianus
639 5518 933 5584 recentior,
966 5515 1179 5573 Octava:
1211 5515 1452 5570 additum
1494 5529 1678 5568 sacra-

124 5613 150 5646 υ
224 5606 349 5649 tun.

152 5613 218 5700 1""
239 5613 341 5720 Vala
399 5666 690 5730 electionis,
749 5671 856 5718 etc.
924 5660 997 5715 De
1024 5659 1127 5716 hoc
1177 5677 1400 5717 numero
1462 5660 1678 5714 decimo

127 5739 311 5802 quinto,
342 5746 396 5791 et
426 5739 722 5790 centesimo
757 5733 1017 5802 vicesimo
1041 5733 1232 5787 eadem
1286 5735 1577 5802 scribebat
1612 5731 1678 5783 ad

136 5798 416 5869 Paulinum.
454 5806 586 5865 Vide
619 5807 899 5877 epistolam
937 5801 1092 5874 Cujus
1118 5803 1329 5862 initiutn
1371 5814 1474 5872 est,
1530 5798 1686 5874 Fra-l

1778 4586 2067 4642 Dominum
2127 4589 2495 4655 nuntiabant,
2545 4593 2742 4660 quibus
2811 4607 2919 4646 non
2978 4591 3363 4661 recipientibus

1781 4682 2153 4748 Evangelium,
2183 4683 2370 4736 dicunt
2391 4683 2458 4736 ad
2483 4697 2577 4738 eos
2603 4701 2618 4738 :
2647 4682 2803 4738 Vobis
2822 4685 3028 4754 quidem
3053 4697 3362 4749 oportuerat

1777 4777 2060 4844 praedicari
2083 4778 2291 4830 uerbum
2333 4793 2351 4830 :
2391 4778 2479 4829 sed
2510 4780 2638 4847 quia
2661 4794 2765 4832 non
2803 4780 3069 4847 recepistis
3106 4779 3358 4843 salutem,

1778 4889 1892 4927 ecce
1925 4874 2274 4927 convertimur
2309 4875 2377 4927 ad
2417 4885 2592 4943 gentes
2615 4874 2754 4944 (Act.
2782 4891 2899 4940 xm,
2928 4874 3042 4941 46).
3068 4873 3184 4928 Lux
3215 4876 3360 4928 enim

1778 4969 1925 5023 venit
1968 4970 2020 5022 in
2059 4967 2317 5022 mundum
2346 4988 2359 5024 :
2385 4977 2438 5024 et
2471 4969 2645 5040 magis
2676 4967 2849 5022 Judaei
2881 4969 3185 5022 dilexerunt
3214 4977 3362 5021 tene-

1779 5061 1927 5115 bras.
1967 5061 2122 5116 Unde
2153 5072 2205 5115 et
2255 5059 2520 5116 Dominus
2573 5077 2693 5115 cum
2747 5059 3049 5114 Jerusalem
3096 5061 3356 5128 ﬂevisset,

1780 5154 2018 5222 adjecit:
2051 5152 2112 5207 Si
2138 5157 2296 5207 scires
2327 5156 2491 5208 etiam
2560 5162 2616 5206 tu
2647 5169 2762 5222 qua:
2796 5151 2864 5204 ad
2895 5167 3076 5220 pacem
3109 5160 3228 5206 sunt
3263 5154 3362 5206 tibi

1780 5243 1932 5317 (Luc.
1964 5259 2080 5312 xix,
2115 5243 2232 5313 42).
2285 5243 2456 5310 Quam
2488 5244 2618 5314 quia
2651 5258 2758 5297 non
2810 5245 3072 5313 suscepit,
3130 5243 3313 5299 intulit
3343 5260 3358 5298 :

1782 5389 1858 5434 ter
1886 5379 2223 5444 Ambrosius,
2257 5387 2362 5434 etc.
2416 5379 2586 5433 Porro
2623 5376 2936 5441 Marianus,
2975 5389 3164 5434 contra
3195 5380 3356 5434 ﬁdem

1780 5453 2022 5506 omnium
2061 5467 2193 5506 mss.
2235 5452 2507 5514 codicum,
2541 5457 2712 5504 mutat
2747 5459 3057 5504 contextum
3113 5452 3361 5518 superio-

1781 5538 1896 5576 rem
1932 5520 2141 5574 stellula
2197 5531 2464 5584 notatum,
2503 5535 2568 5574 ne
2618 5523 2863 5573 dicamus
2909 5521 2962 5574 iti
3023 5535 3078 5576 re
3135 5522 3356 5576 minima

1781 5592 2174 5646 ballucinaturn
2203 5592 2616 5660 Hieronymum.
2654 5591 2923 5646 Maurus.

1853 5662 1874 5694 ‘
1906 5661 2102 5715 Confer
2133 5663 2420 5732 epistolam
2476 5661 2528 5716 in
2557 5671 2737 5715 nostra
2773 5660 3092 5716 recensione
3125 5661 3216 5725 55.
3267 5661 3358 5716 ubi

1784 5737 1849 5788 de
1882 5749 2233 5791 numerorum
2270 5733 2448 5805 quinti
2505 5743 2562 5789 et
2589 5735 2874 5790 centesimi
2905 5733 3147 5788 vicesimi
3177 5733 3358 5805 loqui-

1783 5815 1886 5861 tur.
