3902 6182
546 310 645 376 611

1738 303 1796 369 s.
1832 300 2141 363 EUSEBIl
2180 298 2619 361 HIERONYMI
3648 301 3733 365 θη

548 429 711 484 Nunc
731 432 904 481 autem
927 425 1092 481 ueniet
1122 424 1233 480 dies
1265 438 1420 491 super
1451 429 1499 477 te
1524 437 1543 477 :
1565 428 1613 478 et
1635 420 2038 476 circumdabant
2068 428 2117 473 te
2145 431 2191 485 Α
2219 419 2287 475 de
2307 420 2487 487 longe,
2512 428 2566 475 et
2598 419 2723 474 ﬁliae
2758 428 2861 472 tua:
2878 433 3044 484 super
3074 417 3329 474 humeros
3355 418 3685 488 portabuntur.
3713 442 3728 475 ι

546 520 750 575 inimici
777 520 853 573 tui
890 517 1034 572 uallo
1059 533 1077 571 :
1105 524 1154 571 et
1191 516 1536 569 coarctabunt
1579 521 1648 574 te.
1685 512 1755 567 ad
1805 511 1969 583 719
2018 521 2126 565 ter-

548 626 768 681 ramque
816 610 1071 663 deducent
1122 623 1241 661 cum
1275 608 1408 678 ﬁliis
1468 606 1571 660 tuis
1624 603 1822 675 (lbid.,
1853 604 1973 674 45).
2014 601 2124 658 Nos

554 710 731 755 autem
780 700 935 770 juxta
968 700 1209 769 priorem
1264 711 1525 762 sensum,
1568 695 1637 751 ad
1688 694 1989 751 Ecclesiam
2022 693 2126 748 dici

554 792 804 846 universa
836 791 1148 855 credamus,
1177 803 1298 859 quae
1328 789 1558 857 primum
1593 788 1660 843 de
1686 787 1911 843 Judaico
1930 785 2128 856 populo

551 892 873 952 congregata
898 889 1002 947 est,
1051 888 1106 934 et
1154 880 1337 933 lumen
1387 881 1531 952 quod
1567 892 1733 947 super
1786 892 1905 932 eam
1943 883 2120 931 ortum

547 950 771 1036 fuerat,
804 987 902 1043 per
955 970 1247 1040 Apostolos
1305 950 1622 1025 transmisit
1653 967 1720 1022 ad
1760 978 1969 1037 gentes.
2019 965 2125 1021 Cui

508 1120 509 1125 η
548 1069 745 1122 dicitur
776 1086 791 1123 :
822 1066 1013 1133 Surge,
1041 1063 1343 1117 illuminare
1365 1078 1383 1126 ;
1408 1070 1467 1114 ut
1487 1076 1606 1131 qua:
1633 1060 1830 1115 cecidit
1855 1059 1907 1113 in
1946 1060 2128 1114 incre—

550 1159 712 1220 dulis,
748 1167 934 1227 surgat
961 1156 1016 1209 in
1063 1154 1312 1209 ﬁdelibus
1336 1169 1349 1206 :
1369 1168 1487 1220 quae
1514 1151 1798 1217 ceciditlin
1821 1153 2127 1221 synagogis,

555 1262 740 1319 surgat
766 1252 819 1304 in
858 1248 1147 1302 ecclesiis:
1182 1255 1238 1300 et
1294 1255 1580 1315 postquam
1629 1245 1952 1309 surrexerit,
2011 1244 2133 1299 illu-

556 1346 814 1407 minetur,
848 1352 905 1395 ut
945 1354 1288 1410 nequaquam
1337 1339 1573 1394 habeant
1596 1337 1803 1392 erroris
1848 1337 2127 1394 tenebras.

560 1437 716 1491 Venit
746 1438 915 1500 enim,
958 1435 1157 1505 inquit,
1187 1435 1359 1489 lumen
1406 1447 1575 1497 tuum,
1610 1436 1753 1506 quod
1784 1450 1971 1491 omnes
2004 1452 2135 1507 pro-

551 1530 733 1598 phetae
781 1527 1202 1597 pollicebantur,
1235 1526 1379 1596 quod
1406 1527 1606 1594 iugiter
1652 1528 2026 1593 exspectabas.
2063 1527 2135 1581 Et

549 1622 719 1691 gloria
752 1619 985 1685 Domini,
1018 1634 1138 1687 quae
1167 1617 1444 1687 quondam
1480 1616 1773 1687 fuitsuper
1803 1618 2133 1673 tabernacu-

549 1711 663 1765 lum
723 1722 778 1767 et
838 1711 1098 1781 templum
1130 1710 1271 1780 ejus,
1316 1718 1434 1763 orta
1474 1719 1551 1765 est
1594 1726 1751 1779 super
1788 1719 1835 1764 te
1868 1724 1888 1763 :
1927 1712 1993 1765 de
2027 1725 2131 1778 qua

551 1805 752 1857 dictum
785 1812 871 1859 est
899 1820 913 1857 :
942 1802 1185 1857 Gloriosa
1234 1802 1379 1855 dicta
1408 1810 1529 1854 sunt
1581 1806 1645 1855 de
1675 1810 1721 1854 te
1742 1844 1758 1866 ,
1810 1802 1997 1856 civitas
2033 1800 2127 1856 Dei

554 1893 737 1967 (Psal.
772 1910 999 1957 uxxvr,
1032 1892 1114 1963 9).
1160 1889 1299 1945 Ecce
1345 1892 1483 1945 enim
1520 1892 1741 1945 tenebrce
1766 1892 1999 1956 operiere!
2024 1900 2133 1944 tero

553 2000 693 2046 ram,
737 1997 832 2037 eos
875 1985 966 2051 qui
1007 1993 1223 2035 terrena
1270 1980 1525 2049 sapiunt;
1569 1988 1619 2032 et
1668 1980 1839 2049 caligo
1881 1978 2125 2049 populos,

556 2077 691 2137 sive,
729 2083 789 2127 ut
824 2073 876 2127 in
905 2073 1173 2126 Hebraico
1234 2072 1427 2140 legitur
1460 2112 1476 2137 ,
1518 2069 1682 2124 tribus
1703 2087 1721 2124 :
1752 2070 1892 2139 quod
1919 2071 2135 2139 proprie

554 2167 793 2221 refertur
843 2168 911 2219 ad
964 2165 1180 2219 Judzeos
1206 2164 1273 2219 de
1306 2164 1503 2233 quibus
1532 2165 1584 2217 in
1618 2163 1722 2217 alio
1747 2163 1958 2232 psalmo
1993 2163 2133 2218 scri-

556 2269 705 2328 ptum
729 2269 811 2311 est
833 2256 1148 2314 :lllucenim
1171 2258 1513 2310 ascenderunt
1535 2255 1876 2310 tribustribus
1899 2255 2135 2321 Domini,

555 2349 912 2404 testimonium
944 2347 1308 2418 Israel(Psal.
1344 2363 1493 2415 cxxt,
1543 2348 1621 2417 4).
1672 2346 1842 2416 Super
1864 2357 1912 2402 te
1955 2356 2134 2402 autem

555 2441 757 2493 orietur
790 2439 1069 2503 Dominus,
1118 2438 1215 2492 Sol
1246 2438 1495 2505 justitim,
1529 2450 1577 2492 et
1617 2439 1791 2508 gloria
1828 2438 1940 2507 ejus
1979 2441 2034 2491 in
2085 2448 2134 2492 te

553 2531 812 2586 uidebitur
844 2530 953 2584 :de
970 2544 1074 2598 qua
1106 2531 1366 2609 scriptum
1398 2542 1477 2584 est
1510 2549 1525 2583 :
1558 2534 1625 2583 Et
1662 2531 1887 2585 uidimus
1910 2530 2135 2601 gloriam

554 2626 693 2692 ejus,
725 2623 949 2691 gloriam
972 2622 1124 2691 quasi
1145 2622 1397 2689 unigettiti
1428 2637 1463 2673 a
1498 2620 1684 2689 Patre,
1714 2624 1927 2691 plenum
1949 2624 2138 2693 gratia:

474 2764 485 2772 .
554 2726 605 2769 et
640 2716 869 2769 veritatis
896 2713 1081 2783 (Joan.
1135 2729 1174 2777 ι,
1212 2714 1323 2781 ll).
1356 2712 1423 2765 Et
1477 2714 1822 2767 ambulabunt
1858 2725 2036 2784 gentes
2084 2717 2140 2769 in

560 2806 758 2858 lumine
822 2812 934 2857 tuo.
967 2802 1074 2858 Nos
1107 2817 1295 2858 omnes
1341 2803 1731 2859 ambulavimus
1758 2806 1809 2859 in
1866 2806 2139 2874 apostolo.

556 2911 676 2951 rum
715 2898 857 2958 luce,
882 2909 1003 2963 quae
1029 2893 1174 2949 lucet
1207 2895 1260 2948 in
1292 2895 1512 2963 mundo,
1542 2905 1595 2949 et
1622 2898 1863 2952 tenebrae
1886 2912 2005 2952 eam
2033 2913 2139 2953 non

557 2985 1111 3055 comprehenderunt.
1149 2982 1220 3037 Et
1270 3002 1438 3055 reges,
1484 2987 1696 3056 inquit,
1756 2988 1813 3041 in
1856 2990 2136 3058 splendore

2229 513 2437 570 Dicitur
2466 513 2534 567 ad
2570 512 2901 575 Ecclesium,
2933 526 3052 581 qua:
3094 511 3328 580 primum
3381 524 3472 578 per
3514 515 3735 581 apostolos

2226 612 2552 673 congregata
2582 613 2666 659 est
2694 603 2846 671 Sion,
2871 604 2939 657 de
2959 604 3156 672 quibus
3176 613 3230 656 et
3251 602 3302 655 in
3324 603 3534 657 Actibus
3551 602 3737 671 Aposto-

2228 697 2403 752 lorum
2423 697 2654 764 legimus
2679 700 2698 729 ³
2726 697 2868 766 (cap.
2903 695 2965 763 ιι)
2985 735 3002 759 ,
3032 696 3171 765 quod
3195 696 3261 748 de
3284 694 3646 765 universoorbe
3660 706 3740 751 ter-

2236 803 2417 843 rarum
2446 788 2552 841 viri
2573 787 2813 855 religiosi
2848 788 3051 841 ltrerint
3073 788 3124 841 in
3144 786 3463 851 Jerusalem,
3489 787 3572 854 qui
3596 802 3740 843 susce-

2230 880 2727 949 perintsermonem
2757 876 2848 932 Dei
2866 878 3132 947 etlinguis
3154 892 3375 931 suarum
3392 875 3741 947 alienarumque

2230 973 2497 1042 gentium,
2542 973 2628 1026 vel
2689 972 2943 1026 audirent
3002 974 3290 1040 loquentes
3347 971 3497 1035 alios,
3541 972 3617 1026 vel
3665 974 3739 1042 ipsi

2230 1064 2588 1132 loquerentur
2612 1063 2680 1117 ad
2749 1074 2998 1117 caeteros.
3030 1062 3097 1115 Et
3152 1062 3461 1130 praecipitur
3506 1073 3559 1117 ut
3609 1063 3744 1119 levent
3846 1042 3847 1051 χ

2233 1156 2423 1211 oculos
2467 1171 2599 1210 suos
2637 1156 2690 1210 in
2727 1157 2957 1211 circuitu
2997 1157 3183 1224 :quod
3225 1164 3282 1209 et
3304 1156 3549 1210 Dominus
3582 1172 3743 1226 praece-

2234 1250 2312 1318 pit
2343 1248 2625 1318 apostolis,
2649 1248 2837 1303 dicens
2870 1264 2889 1302 :
2919 1247 3109 1301 Leuate
3131 1253 3312 1301 oculos
3325 1258 3527 1311 uestros,
3550 1259 3594 1303 et
3619 1251 3743 1304 ridete

2232 1343 2355 1411 quia
2371 1340 2490 1410 jsm
2519 1339 2652 1394 albte
2677 1350 2797 1393 sunt
2817 1350 3011 1409 segetes
3030 1339 3099 1391 ad
3128 1339 3442 1393 metendum
3492 1338 3649 1406 (Joan.
3688 1356 3743 1403 tv,

2233 1433 2348 1504 36).
2380 1434 2454 1487 De
2477 1431 2605 1488 Sion
2636 1434 2803 1500 enim,
2839 1441 2892 1488 et
2942 1447 3283 1503 nequaquam
3320 1433 3387 1487 de
3435 1442 3600 1487 monte
3627 1432 3741 1498 Sina,

2233 1528 2544 1595 egredietur
2576 1529 2685 1595 lex,
2710 1538 2766 1583 et
2806 1529 3036 1583 verbum
3086 1526 3300 1583 Domini
3351 1527 3418 1581 de
3480 1525 3743 1581 Jerusalem.

2239 1618 2676 1691 Prwcipiturque
2708 1630 2768 1675 ut
2791 1621 3018 1675 elevatis
3041 1622 3217 1678 oculis
3245 1619 3426 1673 videat
3476 1633 3588 1674 suos
3639 1617 3744 1673 ﬁlios

2240 1722 2617 1784 congregatos,
2653 1714 2744 1783 qui
2775 1715 2845 1769 de
2874 1714 3034 1784 longe
3060 1712 3311 1768 veniant.
3358 1711 3452 1767 Cui
3482 1723 3531 1766 et
3587 1714 3632 1767 in
3665 1712 3743 1766 alio

2236 1806 2356 1861 loco
2391 1808 2591 1871 dicitur
2624 1823 2642 1861 :
2673 1806 2856 1862 Gaude
2884 1808 3064 1873 nimis,
3101 1807 3214 1875 filia
3246 1806 3398 1871 Sion,
3419 1804 3741 1874 pradiea,ﬁlia

2234 1898 2527 1953 Jerusalem
2551 1915 2569 1953 :
2594 1898 2724 1954 Ecce
2749 1916 2841 1969 ego
2863 1900 3032 1964 uenio,
3060 1908 3108 1952 et
3141 1897 3386 1952 habitabo
3416 1899 3466 1951 in
3492 1899 3637 1950 medio
3657 1898 3737 1961 tsi,

2235 1986 2364 2037 dicit
2383 1983 2641 2040 Dominus
2693 1986 2878 2055 (Saph.
2910 2004 2990 2051 ιιι,
3033 1987 3156 2042 ιρι-ι
3170 1988 3331 2057 7);et
3359 2001 3375 2039 :
3410 1985 3739 2056 Venientgerrtet

2236 2076 2419 2131 multa:
2447 2078 2515 2131 ad
2539 2078 2823 2132 Dominum
2853 2096 2873 2133 .'
2902 2091 2949 2133 et
2968 2090 3119 2133 erunt
3139 2081 3273 2134 mihi
3297 2080 3349 2133 in
3367 2079 3612 2148 populum,
3630 2088 3739 2146 etego

2235 2185 2323 2224 ero
2352 2172 2423 2224 eis
2457 2173 2511 2226 in
2541 2171 2706 2225 Deum
2749 2171 2946 2241 (Zach.
2979 2189 3038 2239 ιι,
3081 2170 3195 2241 ll).
3258 2172 3369 2227 Nos
3411 2182 3575 2226 autem
3598 2184 3739 2224 sumus

2237 2262 2333 2317 ﬁlii
2378 2263 2468 2332 qui
2496 2262 2564 2318 de
2594 2263 2749 2333 longe
2778 2265 3027 2320 venimus
3066 2266 3132 2318 ad
3166 2265 3475 2329 Dominum,
3529 2262 3737 2334 peregrini

2241 2354 2514 2424 quondam
2547 2368 2576 2409 a
2639 2354 2986 2410 Testamento
3034 2355 3127 2411 Dei
3180 2366 3236 2412 et
3304 2346 3742 2426 repromissioailus

2240 2445 2380 2514 ejus,
2405 2460 2556 2513 spem
2591 2459 2701 2500 non
2732 2445 3016 2511 habentes,
3040 2456 3095 2500 et
3117 2447 3327 2515 absque
3359 2448 3466 2503 Deo
3492 2446 3542 2501 in
3571 2446 3738 2499 mundo.

2244 2534 2349 2589 Sed
2374 2535 2500 2604 quid
2532 2535 2665 2590 dicit
2694 2535 3027 2605 Apostolus?
3069 2537 3170 2593 Vos
3193 2539 3284 2608 qui
3311 2540 3467 2592 eratis
3517 2538 3741 2607 aliquanto

2242 2627 2410 2698 longe,
2436 2642 2573 2680 nunc
2603 2627 2733 2696 facti
2754 2628 2879 2682 estis
2930 2642 3090 2697 prope
3122 2627 3345 2698 (Ep/tes.
3378 2645 3436 2695 ιι,
3491 2629 3586 2697 l3).
3606 2627 3741 2694 QUOll'

2242 2737 2348 2792 que
2378 2723 2665 2790 sequitur:
2693 2721 2760 2774 Et
2777 2722 2907 2789 ﬁlice
2937 2731 3042 2777 tua:
3076 2726 3128 2776 in
3185 2725 3352 2779 latere
3409 2732 3593 2792 sugenl,
3649 2718 3743 2774 illud

2242 2812 2536 2885 signiﬁcat,
2568 2814 2710 2882 quod
2741 2813 2934 2867 animae
2960 2814 3012 2867 in
3036 2814 3261 2869 Christo
3313 2814 3578 2879 lactentes,
3623 2818 3665 2862 et
3703 2808 3744 2861 in

2242 2906 2571 2973 baptismate
2601 2904 2970 2973 parvulorum,
3007 2905 3074 2960 de
3103 2905 3308 2974 quibus
3357 2913 3410 2959 et
3441 2903 3608 2957 Petrus
3646 2913 3744 2968 apo-

2245 2996 2416 3053 stolus
2442 2996 2704 3067 loquitur,
2730 2995 2899 3063 Quasi
2918 2996 3071 3051 modo
3098 2998 3213 3051 nati
3244 2996 3467 3067 paruuli,
3500 2989 3743 3049 rationabile

558 3088 702 3129 ortus
729 3076 805 3128 tui
838 3090 858 3130 :
901 3077 1117 3143 quando
1166 3076 1403 3172 primum
1469 3078 1523 3130 in
1579 3074 1802 3132 Christo
1868 3090 1996 3133 nata
2053 3095 2135 3135 es.
2163 3105 2211 3172 ο
2240 3094 2294 3140 et
2319 3086 2513 3156 absque
2553 3086 2676 3140 dolo
2714 3087 2797 3139 lac
2824 3085 3121 3141 desiderate
3153 3086 3208 3157 (ι
3229 3086 3372 3141 Petr.
3405 3102 3461 3149 ιι,
3487 3085 3555 3153 2).
3598 3086 3744 3150 sugant

560 3169 714 3237 Quod
755 3179 821 3236 et,
862 3168 1223 3239 spiritualiter
1272 3167 1549 3238 impletur,
1601 3176 1655 3222 et
1703 3170 2034 3236 carnaliter,
2080 3180 2139 3225 ut

561 3274 717 3329 reges
766 3274 998 3329 quorum
1028 3274 1126 3314 cor
1170 3260 1223 3313 in
1274 3274 1439 3313 manu
1479 3258 1695 3314 Domini
1718 3269 1824 3328 est,
1856 3262 2138 3333 et‘quibus

561 3365 670 3403 non
726 3358 916 3419 regnat
950 3360 1235 3419 peceatum
1300 3351 1356 3404 in
1394 3352 1611 3405 mortali
1670 3366 1899 3422 corpore
1948 3352 2137 3424 (Prov.

560 3441 1007 3511 xxi),ambulent
1063 3442 1116 3496 in
1172 3442 1464 3510 Splendore
1518 3445 1799 3498 nascentis
1854 3444 2136 3510 Ecclesiae,

561 3535 677 3586 sive
715 3534 766 3586 in
803 3548 866 3586 eo
900 3533 991 3602 qui
1033 3542 1187 3585 ortus
1229 3542 1312 3586 est
1357 3533 1410 3587 in
1444 3532 1711 3600 Ecclesia,
1762 3542 1817 3590 et
1847 3535 1961 3590 veri
1998 3539 2141 3606 regis

560 3625 766 3680 Christi
797 3625 918 3679 ﬁdei
946 3625 1081 3679 colla
1103 3625 1432 3680 submittant
1452 3625 1632 3696 (Rom.
1675 3626 1771 3695 vt).
1801 3625 1955 3693 Quod
1988 3644 2141 3699 quo-

561 3718 695 3772 tidie
712 3717 962 3783 videmus
974 3716 1202 3787 expleri,
1225 3718 1443 3787 quando
1460 3718 1783 3775 idololatria:
1801 3735 1988 3776 errore
2010 3724 2142 3778 sub-

562 3812 695 3877 lato,
731 3821 788 3868 et
849 3811 1246 3881 persecutionis
1274 3812 1447 3878 rabie,
1487 3811 1554 3866 ad
1598 3812 1756 3867 ﬁdem
1790 3828 1853 3869 ac
1878 3817 2143 3886 tranquil-

565 3905 776 3960 litatem
808 3904 1039 3967 Christi,
1078 3904 1311 3958 Romani
1358 3904 1635 3975 principes
1666 3914 1973 3961 transeunt.
2002 3906 2145 3963 Sunt

565 4002 659 4071 qui
690 3999 807 4052 haec
836 3997 1019 4053 omnia
1048 4013 1168 4068 quae
1218 4012 1321 4053 nos
1378 4006 1502 4066 post
1548 3999 1783 4067 primum
1843 3997 2144 4057 Salvatoris

565 4093 853 4148 adventum
882 4105 1060 4160 usque
1094 4090 1161 4144 ad
1195 4090 1727 4148 consummationem
1753 4093 1963 4159 mundi,
1989 4103 2043 4149 et
2074 4108 2146 4148 ex

565 4193 725 4255 parte
754 4184 1043 4253 completa,
1075 4194 1128 4238 et
1178 4183 1395 4252 penitus
1441 4184 1710 4254 explenda
1758 4201 2145 4253 memoramus,

568 4276 751 4330 futuro
786 4284 1026 4344 tempore
1054 4275 1458 4344 praestolentur,
1505 4279 1745 4347 quando,
1785 4277 2130 4333 subintrante

566 4370 905 4441 plenitudine
956 4369 1195 4437 gentium
1227 4409 1243 4434 ,
1288 4370 1580 4426 salvandus
1632 4370 1699 4425 sit
1746 4372 1925 4428 omnis
1979 4370 2147 4426 Israel

563 4460 750 4533 (Rom.
787 4461 885 4530 χι).
935 4460 1175 4526 Quorum
1232 4476 1577 4532 nequaquam
1627 4464 1897 4519 sententia
1952 4479 2141 4533 repro-
2173 4455 2218 4510 Ι)

566 4554 743 4608 banda
769 4564 875 4617 est,
908 4553 1201 4608 dummodo
1233 4554 1591 4623 spiritualiter
1640 4556 1755 4610 haec
1798 4555 2142 4624 complenda,

567 4658 757 4703 etnon
797 4646 1092 4700 carnaliter
1130 4648 1461 4702 noverimus.
1496 4645 1667 4702 Porro
1704 4663 1904 4702 nomen
1927 4646 2149 4703 Jerusa-

564 4738 668 4793 lem
696 4749 748 4793 et
778 4738 1032 4808 gentium,
1059 4740 1201 4808 quod
1233 4738 1324 4795 hic
1370 4754 1403 4793 a
1449 4737 1597 4793 LXX
1639 4740 1878 4809 ponitur,
1930 4740 1986 4794 in
2031 4738 2143 4796 He-

562 4830 751 4885 braico
789 4845 897 4884 non
957 4829 1211 4896 habetur,
1267 4839 1323 4886 et
1360 4830 1519 4885 obelo
1569 4831 1978 4899 praenotandum
2040 4842 2145 4899 est,

566 4923 616 4991 7
623 4923 732 4992 20
754 4923 1039 4977 adversum
1064 4936 1181 4988 eos,
1208 4923 1300 4993 qui
1317 4932 1574 4978 asserunt
1599 4924 1781 4977 omnia
1804 4938 1925 4993 qua:
1948 4924 2144 4979 dicun-

566 5026 659 5072 tur
683 5016 792 5071 dici
821 5016 887 5070 ad
922 5014 1257 5071 Jerusalem.

639 5109 817 5178 (Vers.
852 5109 930 5175 4.)
968 5125 988 5160 ι
1030 5106 1172 5162 Leva
1203 5107 1254 5161 iu
1279 5106 1505 5161 circuitu
1532 5107 1719 5163 oculos
1749 5116 1868 5161 tuos
1897 5116 1951 5163 et
1980 5108 2101 5164 vide
2127 5123 2146 5177 ;

563 5214 758 5255 omnes
787 5200 875 5253 isti
908 5200 1218 5271 congregati
1250 5210 1521 5254 venerunt
1578 5200 1700 5253 tibi.
1732 5197 1860 5253 Filii
1933 5200 2012 5255 tui
2076 5202 2148 5256 de

566 5291 730 5359 longe
762 5291 1000 5355 venient,
1031 5302 1082 5345 et
1102 5291 1223 5345 lilia:
1248 5302 1349 5345 tute
1375 5291 1430 5345 in
1453 5290 1619 5347 latere
1648 5292 1666 5323 ί
1694 5300 1942 5360 eugent.»
1962 5291 2098 5346 LXX
2129 5307 2145 5346 :

570 5403 595 5436 e
630 5382 773 5437 Leva
807 5382 861 5435 in
895 5384 1128 5437 circuitu
1189 5383 1379 5438 oculos
1431 5393 1604 5438 tuos:
1660 5391 1717 5439 et
1775 5384 1898 5438 vide
1952 5399 2146 5439 omnes

566 5487 927 5547 congregatos
960 5474 1097 5531 ﬁlios
1153 5488 1296 5533 tuos.
1338 5474 1617 5531 Venerunt
1650 5492 1842 5533 ornnes
1908 5476 2007 5532 ﬁlii
2069 5478 2145 5532 tui

642 5611 658 5640 '
689 5608 912 5683 Prgelert
948 5606 1148 5663 Victor.
1182 5608 1310 5683 ﬁlia:
1343 5619 1447 5663 tua:
1496 5609 1815 5683 lacsttgertt,
1843 5625 1910 5666 ex
1970 5610 2143 5666 tribus

570 5695 704 5734 mss.
764 5680 1059 5751 Bibliorum
1115 5682 1415 5751 codicibus,
1456 5693 1533 5751 (et
1598 5680 1911 5751 Hieronymi
1975 5683 2143 5749 ipsius

565 5753 968 5805 commentario
996 5750 1086 5813 hic
1106 5758 1160 5806 et
1196 5748 1336 5805 inira
1365 5750 1555 5806 eodem
1612 5748 1883 5821 οεῳιιείια
1922 5754 2085 5808 verba
2125 5771 2139 5808 :

2244 3176 2329 3232 lac
2362 3177 2755 3248 apostolorum.
2793 3177 3000 3243 Quibus
3034 3180 3279 3247 parvulis
3316 3190 3467 3247 atque
3485 3172 3744 3230 lactentibus

2244 3271 2571 3340 loquebatur
2606 3279 2663 3324 et
2701 3270 2903 3324 Paulus
2936 3287 2949 3323 :
2982 3269 3169 3325 Filiali
3201 3274 3322 3337 mei,
3341 3287 3463 3342 quos
3486 3270 3642 3323 iterum
3655 3277 3743 3333 par-

2242 3362 2404 3426 turio,
2434 3363 2600 3415 donec
2635 3362 2877 3416 Christus
2913 3362 3183 3431 formetur
3213 3366 3268 3418 in
3296 3364 3434 3418 vobis
3478 3360 3648 3430 (Colat.
3689 3369 3740 3419 tv,

2242 3453 2353 3525 i9).
2375 3454 2442 3507 Et
2473 3455 2524 3508 in
2561 3454 2670 3507 alio
2694 3455 2857 3510 loco:
2889 3453 3054 3519 Quasi
3094 3458 3278 3510 nutrix
3311 3457 3478 3525 fovens
3507 3452 3741 3520 ﬁliossuot,

2240 3546 2316 3599 sic
2353 3546 2715 3600 desiderantes
2746 3564 2832 3601 uos
2863 3548 3099 3615 cupimus
3157 3548 3428 3617 impertire
3483 3559 3573 3598 non
3616 3538 3742 3593 solum

2243 3634 2587 3708 Euangelium
2627 3637 2851 3704 Christi,
2882 3640 2973 3693 sed
2999 3649 3048 3693 et
3083 3640 3293 3694 animas
3310 3647 3507 3694 nostras
3534 3632 3579 3705 (1
3607 3631 3741 3685 Thes.

2243 3744 2303 3793 ιι,
2343 3728 2394 3795 7,
2427 3730 2502 3799 8).
2534 3731 2686 3796 Quod
2726 3741 2905 3785 autem
2935 3747 3030 3802 pro
3082 3733 3185 3787 hoc
3218 3734 3276 3787 in
3299 3731 3438 3786 LXX
3490 3730 3670 3787 diciturs
3694 3722 3741 3790 β’

2242 3820 2331 3875 liae
2361 3830 2464 3874 tuae
2490 3837 2646 3889 super
2673 3824 2919 3877 humeros
2961 3824 3348 3892 portabuntur,
3376 3820 3646 3892 diligentius
3681 3822 3742 3866 al-

2244 3915 2572 3966 tendeudum
2597 3925 2701 3969 est.
2729 3913 2853 3969 Filii
2884 3917 3029 3969 enim
3060 3920 3149 3984 qui
3172 3918 3378 3972 robusti
3410 3924 3545 3977 sunt,
3569 3910 3648 3978 ipsi
3670 3918 3741 3976 per

2245 4016 2307 4056 se
2334 4002 2402 4056 de
2433 4001 2593 4072 longe
2630 4005 2875 4071 veniunt,
2912 4016 2966 4061 et
2998 4006 3069 4062 ad
3117 4009 3282 4063 ﬁdem
3333 4006 3531 4064 Domini
3571 4012 3743 4067 congre-

2246 4103 2467 4161 gantur.
2499 4094 2651 4149 Filiae
2673 4106 2852 4152 autem
2879 4114 2997 4168 quae
3031 4099 3419 4157 imbecilliores
3462 4102 3652 4161 sunt,et
3672 4102 3741 4159 pm

2246 4186 2538 4255 fragilitate
2571 4189 2727 4258 721
2767 4206 2951 4258 sexus,
2982 4195 3217 4249 necdum
3271 4197 3326 4250 i-n
3390 4194 3549 4248 virum
3596 4196 3744 4240 venere

2248 4276 2572 4356 perlectpm,
2622 4282 2988 4351 apostolorum
3022 4297 3306 4355 portantur
3349 4284 3585 4347 humeris,
3610 4288 3657 4333 ut
3678 4278 3743 4330 dc-

2251 4369 2498 4425 ferantur
2535 4373 2589 4427 in
2622 4375 2776 4429 sinus
2802 4376 3101 4444 Abraham,
3128 4378 3282 4436 Isaac
3307 4390 3361 4436 et
3382 4376 3553 4433 Jacob.

2325 4460 2509 4533 (Vers.
2533 4464 2612 4536 5.)
2652 4484 2671 4517 ι
2710 4466 2863 4522 Tunc
2900 4467 3133 4537 videbis,
3162 4480 3217 4525 et
3248 4471 3449 4537 afﬁnes,
3470 4477 3521 4525 et
3574 4456 3744 4519 mirabi-

2251 4569 2363 4626 tur,
2392 4568 2446 4614 et
2475 4559 2787 4618 dilatabitur
2820 4579 2914 4620 cor
2947 4574 3097 4620 tuum
3133 4570 3381 4637 :quando
3414 4574 3642 4621 conversa
3662 4556 3745 4609 lae-

2249 4652 2321 4705 rit
2352 4650 2420 4704 ad
2458 4661 2510 4708 te
2549 4653 2842 4711 multitudo
2867 4658 3054 4721 maris,
3098 4658 3358 4715 fortitudo
3380 4656 3597 4729 gentium
3626 4658 3743 4703 vene-

2248 4744 2322 4797 rit
2351 4744 2471 4799 tibi.
2506 4763 2525 4796 ι
2555 4744 2700 4800 LXX
2729 4765 2746 4799 ι
2776 4747 2931 4803 Tunc
2959 4749 3186 4817 videbis,
3221 4761 3277 4806 et
3310 4748 3510 4806 timebis
3533 4747 3575 4823 ',
3592 4750 3637 4796 et
3657 4748 3744 4792 stu-

2247 4836 2401 4906 pebis
2425 4838 2591 4894 corde
2628 4841 2919 4909 :quoniam
2972 4842 3367 4903 transferentur
3424 4842 3472 4895 in
3503 4848 3549 4893 te
3590 4827 3743 4888 divitia

2249 4929 2435 4994 maris,
2468 4937 2523 4983 et
2554 4934 2823 5000 gentium,
2854 4943 2909 4986 et
2938 4934 3284 5003 pepulerunt.
3330 4954 3349 4988 ι
3378 4933 3506 4988 Cum
3552 4925 3745 4981 elevare-

2249 5023 2325 5076 ris
2355 5023 2549 5076 oculos
2595 5031 2740 5087 tuos,
2774 5035 2827 5078 et
2856 5024 2996 5079 ﬁlios
3039 5034 3159 5080 tuos
3198 5006 3433 5094 ﬁliasque
3462 5010 3741 5092 prospexeris

2250 5114 2331 5169 vel
2372 5130 2466 5184 per
2495 5130 2557 5171 se
2582 5119 2769 5173 venire
2790 5119 3072 5184 velociter,
3098 5121 3183 5176 vel
3210 5130 3507 5176 sanctorum
3557 5101 3744 5164 humeris

2249 5208 2544 5277 deportari,
2583 5218 2712 5266 tunc
2744 5213 3028 5281 gaudebis,
3062 5220 3118 5268 et
3142 5213 3195 5267 in
3236 5216 3442 5267 modum
3494 5204 3741 5261 ﬂuviorum.

2249 5300 2404 5369 aquis
2437 5302 2634 5356 subitis
2661 5301 3035 5368 inundaberis,
3066 5315 3121 5359 et
3142 5306 3418 5359 mirabitur
3461 5314 3517 5353 ac
3536 5287 3739 5361 ειυρεὶιὶίο

2251 5391 2360 5445 ἰιιιο
2426 5392 2738 5447 dilatabitur
2792 5410 2886 5450 cor
2937 5406 3112 5459 tuum,
3166 5399 3383 5452 audiens
3439 5383 3737 5457 Apostolutn:

2246 5477 2316 5537 Os
2345 5496 2516 5535 meum
2545 5493 2685 5551 patet
2716 5484 2785 5537 ad
2813 5502 2919 5552 uos,
2942 5502 2971 5539 ο
3005 5484 3289 5542 Corinthii.
3312 5486 3375 5541 Et
3397 5486 3567 5540 iterum
3593 5466 3737 5529 :Dilr

2251 5617 2352 5691 Pro
2373 5634 2431 5671 eo
2460 5622 2597 5689 quod
2638 5621 2782 5691 fuisti
2815 5624 3087 5685 derelicta.
3128 5641 3269 5680 vers.
3301 5625 3384 5680 16.
3697 5672 3705 5683 .

2319 5690 2340 5718 ²
2378 5685 2596 5770 Addunt
2634 5685 2787 5759 vulgo
2813 5697 3040 5770 editi,_et
3070 5691 3675 5770 gaudebimquodhﬂcque
3698 5685 3736 5728 m

2252 5773 2383 5816 mss.
2405 5765 2631 5832 nostris,
2655 5779 2830 5833 neque
2864 5768 2916 5822 in
2947 5766 3135 5821 ϐιωεο
3169 5775 3316 5824 textu
3350 5765 3602 5822 invenitur-
