3902 6182
121 334 224 397 613

659 332 1150 398 COMMENTAR.
1199 334 1283 396 ΙΝ
1322 331 1585 394 ISAIAM
1629 330 2094 393 PROPHETAM
2138 333 2282 396 LIB.
2322 332 2516 405 XVII,
2555 334 2715 397 CAP.
2750 335 2866 398 LX.

3287 336 3394 404 614

118 445 310 501 mmini
361 453 413 498 et
438 459 524 498 vos
552 442 639 513 (11
675 443 800 498 Cor.
837 459 908 509 γι,
945 443 1071 512 Η);
1107 457 1174 497 ne
1208 443 1448 510 angustia
1480 439 1712 511 pectoris
1744 446 1788 505 Α
1817 438 1934 494 sive
1966 440 2262 508 effundens.
2293 441 2460 510 Saba,
2490 447 2778 512 conversio,
2809 445 2890 501 vel
2952 448 3250 517 captivitas.
3293 449 3395 505 Ce-

117 558 219 595 non
248 538 476 609 possitis
509 538 709 592 habere
743 537 1011 605 liOSpitem
1039 534 1340 599 Christum,
1375 535 1468 604 qui
1494 533 1623 587 dicit
1655 533 1706 585 iii

115 628 461 698 Evangelio:
498 625 610 695 Ego
639 637 685 681 et
743 625 902 680 Pater
959 629 1240 693 veniemus,
1285 633 1334 678 et
1383 625 1708 677 mansionem

116 722 380 792 faciemus
412 721 551 786 apud
580 735 698 772 eum
736 717 920 790 (Joan.
980 735 1090 782 XIV,
1115 718 1232 782 23).
1291 717 1447 784 Quod
1521 727 1704 770 autem

115 815 337 869 additur
369 815 423 867 itt
460 811 622 876 LXX,
648 824 694 868 et
727 815 952 877 timebis,
983 813 1036 866 in
1074 811 1338 866 Hebraico
1367 827 1474 865 non
1531 812 1706 865 liabe-

119 917 229 960 tur.
264 905 390 961 Nisi
420 907 562 960 forte
600 916 718 977 post
746 907 922 975 gaudii
979 906 1403 973 magnitudinem
1430 905 1710 958 subiiitra-

118 1001 194 1054 vit
224 1001 416 1062 timor,
453 1015 521 1054 ne
540 1008 692 1052 tanto
718 1001 858 1051 hono
880 1008 1079 1053 careat.
1104 999 1306 1050 Annon
1334 1006 1416 1052 est
1447 997 1704 1067 gaudium

120 1106 350 1146 cernere
383 1091 625 1155 divitias,
658 1104 710 1145 et
736 1078 1132 1145 multitudinem
1154 1091 1319 1143 maris
1349 1087 1416 1141 ad
1435 1104 1492 1142 se
1528 1099 1708 1140 trans-

120 1181 246 1235 ferri
273 1190 452 1251 atque
479 1184 746 1245 e0nverti,
767 1193 818 1235 et
854 1181 1228 1235 fortitudinem
1253 1179 1493 1248 gentium
1520 1178 1708 1231 venire

121 1275 239 1336 sibi,
266 1285 327 1327 ut
353 1275 620 1344 quidquid
653 1275 706 1328 in
730 1273 929 1328 smculo
976 1283 1032 1328 et
1075 1275 1207 1327 orbe
1264 1281 1534 1326 terrarum
1596 1280 1701 1335 est,

121 1383 272 1422 suum
306 1367 380 1422 sit
412 1384 428 1422 :
461 1378 516 1421 et
549 1370 803 1422 roborata
838 1367 940 1421 ﬁde
991 1367 1228 1434 gentium
1261 1365 1407 1419 dicat
1443 1382 1456 1417 :
1506 1363 1699 1418 Omnia

122 1475 330 1529 possum
366 1457 424 1511 in
455 1475 514 1512 eo
534 1460 625 1528 qui
653 1458 926 1529 confortat
943 1473 1046 1524 me,
1094 1456 1222 1513 Jesu
1278 1455 1496 1512 Christo
1524 1456 1542 1525 (
1574 1453 1710 1508 Plii-

127 1554 251 1623 lipp.
284 1568 365 1617 iv,
403 1552 534 1623 13)?

189 1646 374 1719 (Vers.
401 1646 549 1716 6,,7.)
573 1639 890 1700 «inundatio
911 1643 1238 1701 camelorum
1261 1644 1468 1709 operiet
1486 1651 1556 1706 te,
1576 1642 1707 1697 dro-

127 1740 350 1794 medarii
388 1739 602 1792 Madian
637 1748 691 1792 et
724 1738 892 1806 Eplia.
919 1734 1124 1791 Omnes
1156 1737 1222 1792 de
1284 1735 1424 1790 Saba
1464 1737 1701 1802 venient,

1813 531 1936 597 dar,
1967 534 2209 587 tenebrar.
2262 533 2560 605 Nabajotli,
2605 538 2915 606 praphetiw.
2965 539 3170 611 Greges
3229 541 3398 612 igitur

1817 623 2175 690 camelorum,
2205 625 2515 694 iniquitatis
2544 630 2776 684 vinculis
2804 631 3052 692 resoluti,
3110 643 3163 687 et
3186 634 3396 686 animas

1811 726 1941 767 suas
1979 713 2320 771 eﬁ‘undentes
2353 718 2479 784 Deo,
2513 723 2757 788 aperient
2818 721 3118 778 Jerusalem
3155 729 3398 779 muneri-

1813 805 1933 865 bus,
1956 816 2008 860 et
2040 823 2230 862 omnes
2251 810 2314 862 de
2334 812 2648 878 captivitate
2683 815 2924 876 venient.
2943 824 2998 870 et
3025 819 3391 872 conversione

1811 911 1932 960 sua,
1972 913 2166 952 aurum
2209 901 2666 959 lideideferentes
2711 915 2766 959 ct
2824 908 2948 961 thus
3003 907 3280 964 sacrificii.
3332 910 3396 963 Et

1810 1003 1905 1058 per
1937 993 2049 1045 haec
2083 1009 2302 1078 munera
2341 1010 2682 1066 nequaquam
2705 999 2923 1067 propria
2954 1000 3129 1054 salute
3161 1011 3393 1054 conten-

1812 1081 1881 1145 ti,
1911 1082 2219 1150 proﬁcient,
2247 1095 2307 1139 ut
2343 1088 2507 1140 etiam
2543 1093 2759 1142 caiteris
2809 1093 3102 1157 praedicent
3154 1093 3397 1147 salutare

1812 1173 1926 1228 Dei.
1967 1172 2127 1230 Dives
2173 1175 2286 1244 ille,
2320 1179 2412 1248 qui
2447 1180 2620 1233 instar
2638 1182 2828 1235 cameli
2864 1185 3113 1250 portabat
3139 1185 3392 1239 iiiEvan-

1810 1267 1952 1337 gelio
1986 1267 2297 1321 divitiarum
2340 1273 2602 1338 pondera,
2640 1280 2695 1324 et
2728 1275 2970 1327 camelus
3003 1286 3142 1339 erat,
3214 1278 3391 1331 noluit

1810 1351 2031 1412 Domini
2066 1361 2259 1414 audire
2290 1362 2665 1428 consilia,nec
2708 1368 3019 1430 exonerari,
3062 1376 3145 1434 ut,
3183 1371 3392 1439 abjecta

1811 1452 2054 1517 sarcina,
2109 1454 2213 1507 alis
2249 1454 2511 1510 columba:
2541 1458 2744 1512 volaret
2777 1459 2843 1512 ad
2885 1460 3080 1515 caelum
3109 1479 3124 1529 ;
3153 1474 3395 1532 propter-

1809 1559 1873 1597 ea
1899 1545 2071 1601 tristis
2095 1546 2249 1601 abiit.
2289 1547 2357 1602 Et
2386 1549 2451 1602 de
2480 1550 2637 1603 istius
2677 1551 2820 1604 modi
2878 1555 3090 1606 camelo
3127 1552 3392 1610 Salvator

1811 1634 2093 1706 loquitur:
2122 1635 2364 1693 Facilius
2396 1649 2470 1694 est
2505 1639 2764 1694 camelum
2822 1658 2914 1709 per
2972 1643 3213 1710 foramen
3265 1664 3394 1701 acus

1812 1730 2064 1797 transire,
2093 1732 2481 1800 quamdivitem
2540 1733 2596 1785 in
2648 1749 2810 1802 regna
2849 1735 3101 1788 caelorum
3177 1737 3384 1807 (Matth.

130 1848 310 1885 aurum
335 1843 398 1884 et
431 1831 558 1885 thus
587 1801 913 1897 delereiites,
946 1839 1000 1886 et
1053 1830 1270 1884 laudEm
1315 1826 1548 1882 Domino
1602 1842 1706 1881 an-
1735 1801 1786 1862 Β
1815 1837 1927 1887 six,
1951 1822 2064 1892 24).
2093 1824 2472 1880 Diﬁicultatem
2531 1824 2608 1879 rei
2633 1801 2936 1896 proposuit,
2993 1842 3098 1881 non
3145 1801 3393 1898 impossi-

132 1924 470 1978 nuntiantes.
497 1921 674 1978 Omne
703 1937 869 1992 pecus
896 1921 1072 1977 Cedar
1100 1919 1532 1991 congregabitur
1566 1918 1660 1975 tibi
1688 1934 1705 1974 :

132 2016 320 2072 arietes
351 2015 636 2086 Nabajoth
675 2013 1068 2070 ministrabunt
1094 2014 1190 2067 tibi
1223 2029 1239 2068 :
1290 2011 1590 2068 oﬁerentur
1614 2026 1707 2068 su-

131 2125 219 2178 per
245 2109 505 2180 placabili
531 2109 686 2163 altari
727 2123 846 2163 meo
872 2126 886 2162 :
916 2119 968 2162 et
992 2107 1211 2163 domum
1243 2106 1545 2176 majestatis
1573 2119 1707 2160 mea:

132 2201 466 2271 gloriﬁcaho.
509 2219 528 2250 ι
567 2198 754 2256 LXX:
797 2218 816 2251 ι
849 2199 912 2253 Ει
941 2199 1158 2254 venient
1184 2199 1280 2254 tibi
1305 2213 1492 2270 greges
1521 2213 1706 2254 came-

134 2293 321 2360 lorum,
356 2305 419 2348 et
444 2293 695 2362 operient
722 2301 771 2346 te
800 2292 991 2347 cameli
1017 2291 1229 2346 Madian
1261 2303 1316 2348 et
1346 2290 1564 2362 Gephar
1590 2289 1702 2364 [ΑΙ.

135 2382 296 2457 Epha]
343 2404 359 2439 :
430 2399 619 2438 omnes
647 2385 713 2439 de
755 2381 896 2438 Saba
919 2384 1152 2448 venient,
1203 2399 1394 2437 aurum
1459 2395 1516 2437 et
1577 2384 1704 2438 thus

134 2474 442 2530 deterentes
473 2489 488 2528 :
518 2483 572 2527 et
605 2474 846 2528 salutare
880 2472 1088 2527 Domini
1125 2471 1547 2526 annuntiabunt.
1571 2468 1704 2524 Om-

133 2579 223 2620 nes
253 2582 391 2621 oves
417 2565 1090 2635 Cedarcougrcgabunlur
1153 2563 1272 2628 tibi,
1339 2563 1540 2618 arietes
1595 2561 1704 2615 Na-

137 2657 303 2713 bteodi
335 2660 586 2723 venient,
605 2668 659 2713 et
689 2658 987 2713 oﬂ'erentur
1008 2657 1305 2728 placabiles
1335 2669 1500 2724 super
1528 2653 1703 2708 altare

136 2767 302 2805 meum
341 2766 362 2805 :
396 2762 452 2806 et
499 2753 694 2805 domus
739 2750 999 2804 orationis
1055 2763 1186 2802 mea:
1238 2746 1649 2816 glorificabitur.
1677 2762 1696 2796 ι

137 2845 256 2900 Post
279 2846 501 2900 divitias
535 2846 698 2899 maris
724 2853 778 2898 et
815 2841 1184 2896 fortitudinem
1221 2840 1484 2908 gentium,
1512 2852 1702 2908 greges

139 2954 340 3009 quoque
372 2938 733 2999 camelorum,
756 2944 810 2988 et
841 2935 1130 2989 dromades
1175 2931 1389 2987 Madian
1446 2941 1502 2985 et
1550 2931 1701 2998 Epha

140 3033 525 3101 promittuntur
557 3027 879 3092 Jerusalem,
908 3029 998 3096 qui
1047 3039 1238 3080 omnes
1268 3024 1482 3078 venient
1509 3025 1574 3076 de
1598 3019 1700 3075 Sa-

141 3123 219 3188 ba,
244 3133 524 3193 portantes
551 3136 744 3175 aurum
780 3128 836 3174 et
899 3119 1021 3171 thus
1052 3138 1064 3173 :
1105 3125 1181 3182 et,
1224 3115 1367 3183 quod
1412 3114 1497 3168 his
1526 3113 1701 3180 majus

140 3227 234 3278 est,
269 3218 664 3269 annuntiantes
688 3211 900 3266 Domini
940 3209 1200 3264 salutare.
1233 3206 1517 3261 Universae
1570 3219 1705 3275 quo-

141 3326 236 3380 que
260 3325 391 3364 oves
414 3311 589 3364 Cedar
619 3304 1093 3376 congregabunlur
1133 3301 1293 3371 722
1320 3299 1600 3364 Ecclesiae,
1648 3306 1704 3352 et

143 3404 323 3457 arietes
355 3398 628 3469 Nabajoth
658 3399 898 3460 venient,
925 3396 1040 3451 sive
1067 3403 1126 3448 ut
1153 3397 1204 3446 in
1247 3392 1515 3446 Hebraico
1569 3389 1704 3444 scri-

145 3503 281 3565 ptum
302 3505 408 3554 eat,
429 3492 888 3555 ministrabant,“
905 3489 1210 3556 afferentur,
1230 3485 1345 3540 sive
1373 3482 1600 3538 offerent
1621 3482 1704 3535 vi-

152 3589 334 3640 rlimas
361 3599 530 3654 super
554 3585 724 3636 altare
757 3581 994 3648 Domini,
1021 3590 1077 3632 ut
1106 3578 1299 3633 domus
1332 3574 1451 3645 ejus
1506 3571 1705 3644 inclyta

145 3675 243 3729 fiat.
267 3677 482 3730 Madiaii
516 3685 568 3728 et
594 3671 746 3742 Epha
779 3673 1028 3739 regiones
1059 3679 1191 3724 sunt
1218 3675 1371 3721 trans
1421 3666 1702 3729 Arabiam,

145 3766 336 3822 fertiles
367 3767 724 3830 camelorum,
752 3765 1039 3832 omnisque
1088 3760 1366 3831 provincia
1401 3757 1705 3827 appellatur

147 3856 293 3923 Saba,
331 3859 477 3912 unde
510 3856 610 3910 fuit
649 3867 701 3910 et
733 3853 874 3908 Saba
918 3855 1127 3923 regina,
1159 3867 1280 3920 qua:
1313 3851 1461 3906 venit
1491 3849 1706 3918 sapien-

149 3948 260 4002 tiam
290 3948 484 4003 audire
516 3947 827 4002 Salomonis
858 3963 872 3998 :
929 3955 984 3999 et
1018 3945 1135 4014 ipsa
1191 3944 1449 3998 deferens
1513 3956 1704 3995 aurum

147 4047 196 4096 et
220 4043 363 4108 thus,
389 4042 618 4111 paciﬁco
651 4040 764 4110 regi
817 4039 983 4093 multa
1039 4038 1356 4106 deportans,
1404 4045 1458 4090 et
1510 4034 1578 4088 ab
1639 4047 1706 4087 eo

147 4136 337 4206 majora
367 4134 672 4204 sUscipiens
699 4131 810 4203 (111
838 4130 962 4202 Reg.
1003 4130 1080 4200 x).
1115 4130 1290 4186 Cedar
1322 4140 1501 4182 autem
1560 4126 1706 4197 regio

150 4224 533 4282 Saracenorum
585 4235 685 4292 est,
737 4225 828 4294 qui
856 4226 911 4278 in
941 4223 1218 4293 Scriptura
1238 4220 1708 4277 vocanturlsmae-

149 4317 265 4373 litat.
302 4321 367 4374 Et
399 4317 667 4388 Nahajoth
719 4331 860 4371 unus
913 4324 998 4370 est
1065 4316 1296 4368 ﬁliorum
1358 4312 1573 4377 lsmael,
1637 4327 1706 4366 ex

149 4425 361 4479 quorum
391 4413 701 4466 nominibus
731 4409 970 4464 solitudo
1001 4407 1324 4477 appellatur,
1345 4422 1464 4473 qua:
1488 4404 1704 4472 frugum

151 4503 313 4572 inops,
354 4505 514 4573 plena
553 4510 637 4556 est
667 4515 946 4569 pecorum.
985 4497 1090 4552 Per
1136 4497 1422 4550 familiaria
1444 4511 1572 4564 ergo
1605 4509 1701 4547 uo-
1736 4478 1784 4534 Ῑ)

151 4596 282 4648 mina
317 4596 560 4663 gentium
581 4595 961 4655 barbararum,
982 4605 1102 4658 quae
1129 4588 1324 4642 vicina:
1342 4597 1471 4642 sunt
1497 4586 1704 4652 lsraeli,

159 4691 310 4743 totius
340 4687 525 4743 mundi
550 4684 840 4741 conversio
882 4685 1236 4753 praedicatur.
1261 4680 1477 4733 Madian
1508 4679 1710 4749 quippe

157 4780 204 4834 iii
224 4781 324 4836 hoc
352 4782 471 4835 loco
503 4779 891 4846 interpretatur
920 4776 1198 4844 iniquitas.
1225 4770 1396 4842 Epita,
1422 4772 1709 4838 resolutus,

211 4948 231 4979 ι
251 4941 384 4996 Erat
410 4948 567 4992 antea
595 4951 706 4992 uno
745 4936 912 4991 verbo
934 4936 1204 4988 insensum
1256 4947 1355 5005 pro
1388 4933 1604 4989 duobus
1651 4934 1709 4988 in

154 5026 310 5073 sensu,
337 5009 792 5080 quemadmodum
842 5010 1193 5060 emendamus
1233 5015 1355 5074 post
1388 5005 1705 5080 Victorium,

155 5082 295 5150 cujus
320 5077 544 5135 omnino
568 5078 872 5150 rationibus
922 5081 1276 5150 assentiuntur,
1331 5077 1544 5129 tametsi
1571 5091 1704 5131 mss.

156 5145 275 5205 nu'lli
313 5151 526 5205 codices
587 5147 970 5216 suffragantur.
1017 5145 1295 5216 Ejusmodi
1340 5157 1526 5200 autem
1579 5159 1709 5201 sunt

156 5223 260 5289 ejus
286 5229 622 5290 argumenta.
659 5219 946 5290 MiihesS.
995 5216 1361 5290 hieronymus
1389 5231 1582 5269 aurum
1604 5231 1705 5286 pro

156 5288 328 5357 scusu,
348 5288 401 5346 et
424 5299 704 5359 argentum
724 5305 821 5356 pro
835 5288 1053 5357 eloquio
1084 5291 1478 5356 interpretatur
1505 5302 1522 5352 ;
1544 5301 1700 5357 supr.

155 5376 202 5415 c.
235 5375 334 5414 tit:
367 5379 385 5411 ι
423 5360 745 5414 ﬂuraeuulas
777 5375 900 5428 qua:
924 5361 1041 5411 auri
1067 5372 1123 5412 et
1171 5360 1411 5428 argenti
1446 5366 1704 5412 texuntur

157 5431 383 5499 virgulis,
407 5447 570 5486 sensu
612 5427 880 5494 videlicet,
906 5438 961 5483 et
1015 5427 1358 5485 sermonibus
1395 5427 1708 5495 Scriptura-

158 5515 289 5558 runi.
318 5519 337 5552 ι
362 5500 568 5556 Jerem.
608 5515 658 5553 tv
685 5515 702 5554 :
733 5499 820 5553 «Si
864 5499 1050 5554 monili
1080 5501 1362 5553 ornaveris
1406 5512 1596 5563 aureo,
1651 5501 1704 5554 id

160 5585 253 5637 est,
279 5577 679 5626 inclinationem
709 5573 961 5624 habueris
986 5585 1203 5635 sensus,
1236 5579 1291 5623 et
1330 5569 1704 5638 intelligentiae

160 5644 452 5709 spiritualis.
491 5661 510 5694 i
546 5645 705 5696 Eu:
739 5658 759 5692 ι
826 5643 1042 5694 lactant
1072 5643 1293 5711 grandia
1343 5651 1398 5694 et
1425 5641 1490 5691 ad
1556 5643 1706 5694 deci-

161 5713 368 5779 piendos
398 5719 641 5782 singulos
672 5728 918 5783 quosque
957 5728 1110 5781 quasi
1143 5717 1323 5766 aureis
1370 5711 1624 5765 sensibus
1648 5718 1703 5767 et

163 5788 350 5856 argenti
382 5786 669 5854 splendore
690 5786 1018 5854 fulgentibus
1041 5783 1295 5852 eloquiis,
1333 5799 1352 5833 ι
1375 5795 1479 5839 etc.
1499 5784 1698 5838 Ezecli.

1811 1913 2100 1970 bilitatem.
2156 1916 2403 1988 Denique
2457 1933 2669 1975 sancta:
2730 1921 3005 1974 memoriae
3066 1932 3240 1976 mater
3298 1934 3389 1977 tua

1809 2005 2006 2072 Paula,
2037 2007 2314 2080 fraterque
2372 2011 2775 2078 Pammachius,
2818 2027 2916 2082 per
2969 2013 3210 2067 foramen
3237 2030 3389 2078 acus,

1809 2101 1913 2156 hoc
1949 2110 2030 2156 est
2059 2117 2155 2173 per
2186 2115 2392 2159 arctam
2414 2114 2468 2160 et
2496 2115 2785 2175 angustam
2824 2106 2963 2159 viain
2989 2120 3108 2174 qua:
3138 2106 3290 2160 ducit
3318 2111 3384 2160 ad

1807 2195 1997 2260 vitam,
2039 2197 2373 2252 transierunt
2397 2197 2464 2252 ad
2499 2213 2662 2269 regna
2693 2200 2988 2262 ccelorum,
3020 2200 3185 2253 latam
3245 2201 3387 2253 viain

1807 2300 1930 2341 curn
1953 2289 2185 2341 sarcinis
2222 2289 2616 2358 relinquentes.
2651 2305 2772 2358 quae
2799 2292 2949 2345 ducit
2979 2293 3043 2344 ad
3086 2300 3377 2346 tartarum.

1807 2377 1920 2432 lino
1980 2379 2245 2448 quidquid
2267 2381 2558 2447 habebant,
2581 2383 2632 2435 in
2659 2382 2874 2436 Domini
2901 2385 3040 2436 dona
3069 2393 3373 2452 portarunt,

1808 2469 2096 2538 implentes
2126 2471 2258 2524 illud
2285 2473 2427 2541 quod
2456 2473 2716 2542 scriptum
2750 2485 2832 2528 est
2870 2490 2886 2530 :
2921 2475 3227 2543 Redemptio
3261 2477 3390 2529 ani-

1804 2577 1907 2615 ma:
1941 2564 2062 2630 viri,
2097 2565 2329 2634 propriae
2363 2565 2763 2634 divitia:(Prov.
2790 2582 2912 2631 ιιιι.
2968 2568 3045 2638 8).
3086 2569 3212 2635 Qum
3240 2569 3385 2622 enim

1817 2656 1956 2723 apud
1979 2655 2225 2709 homines
2258 2656 2326 2710 im
2339 2658 2614 2725 possibilia
2631 2659 2768 2728 apud
2791 2659 2952 2712 Deum
2971 2660 3245 2730 poSsibilia
3261 2671 3391 2715 sunt

1807 2746 2026 2816 (Matth.
2054 2747 2191 2817 itis).
2218 2745 2488 2804 Habentes
2507 2752 2560 2804 iu
2592 2751 2905 2805 muneribus
2924 2754 3262 2822 principalia,
3292 2769 3392 2809 au-

1806 2853 1947 2901 rum,
1968 2839 2018 2890 in
2042 2853 2202 2894 sensu
2225 2839 2312 2895 ‘et
2343 2840 2465 2894 tlius
2481 2841 2663 2896 odoris
2690 2843 2901 2912 optimi,
2930 2853 3091 2914 atque
3120 2845 3382 2901 dicentes:
3449 2880 3452 2884 -

1803 2928 2391 3000 Dirigaturoratiofmea
2412 2933 2571 3003 723
2595 2934 2730 2987 sicut
2749 2935 3015 2988 incensum
3038 2937 3091 2988 in
3109 2950 3387 3002 conspectu

1807 3031 1896 3075 tuo
1951 3023 2126 3092 (Psal.
2181 3040 2302 3087 Ωιι.
2327 3025 2404 3095 2).
2424 3025 2488 3078 Ει
2517 3043 2530 3079 :
2569 3025 2763 3081 Christi
2791 3028 2950 3081 bonus
2978 3031 3104 3082 odor
3129 3047 3308 3084 sumus
3333 3033 3388 3084 in

1729 3136 1773 3198 α
1807 3115 1952 3168 omni
1987 3116 2101 3170 loco
2126 3115 2211 3187 (II
2239 3115 2367 3172 Cor.
2398 3134 2454 3181 ii,
2491 3117 2577 3187 15)
2606 3133 2620 3182 ;
2681 3121 2932 3189 exemplo
2980 3122 3195 3175 virtutis
3248 3138 3385 3189 suae,

1809 3208 2051 3275 quotidie
2083 3209 2336 3264 nuntiant
2371 3210 2608 3264 salutare
2645 3209 2880 3277 Domini,
2908 3226 2964 3267 ut
3019 3231 3209 3270 omnes
3251 3232 3384 3272 oves

1807 3301 1983 3355 Cedar
2009 3311 2406 3370 congregemur
2435 3304 2489 3355 in
2521 3301 2782 3368 Ecclesia,
2811 3315 2864 3358 et
2895 3305 2962 3358 de
2990 3307 3193 3362 erroris
3225 3319 3384 3364 tene-

1807 3394 1922 3449 bris
1948 3395 2016 3448 ad
2051 3393 2228 3447 lucem
2266 3402 2575 3451 transeant.
2609 3398 2928 3465 Arietesque
2963 3398 3384 3468 Prophetarum,

1807 3486 1874 3540 de
1907 3486 2109 3556 quibus
2146 3488 2197 3540 in
2229 3485 2488 3541 vicesimo
2511 3501 2702 3542 octavo
2730 3490 2939 3558 psalmo
2977 3493 3194 3547 canitur
3229 3513 3242 3547 :
3275 3498 3374 3565 Af-

1806 3579 1937 3650 ferte
1962 3578 2211 3644 Domino,
2238 3579 2338 3646 ﬁlii
2368 3579 2486 3647 Dei,
2521 3580 2708 3648 a/Terte
2735 3581 2956 3635 Domine
2985 3583 3124 3652 ﬁlios
3156 3586 3382 3640 arietant

1808 3668 2193 3739 (Psal.xxviit,
2223 3671 2300 3741 l),
2355 3674 2571 3726 veniant
2610 3683 2664 3728 et
2691 3672 3009 3742 oll‘erautur,
3045 3675 3180 3741 sive,
3227 3677 3381 3746 juxta

1808 3764 2266 3830 Theodotionem,
2301 3764 2530 3832 offerant
2555 3782 2609 3818 se
2641 3768 3006 3820 sacriﬁcium”
3041 3771 3289 3834 Domino,
3325 3783 3382 3827 et

1808 3855 2102 3926 placabiles
2133 3857 2320 3911 hostiae
2345 3857 2494 3919 ﬁant,
2530 3868 2584 3910 ut
2635 3856 2837 3912 Christi
2898 3857 3232 3929 gloriﬁcetur
3283 3863 3382 3917 Ec-

1809 3949 1993 4003 clesia.
2031 3950 2104 4004 De
2137 3949 2511 4014 hujuscemodi
2571 3951 2764 4004 ovibus
2791 3935 3042 4007 Salvator
3098 3955 3380 4025 discipulis

1808 4041 2128 4111 loquebatur
2155 4057 2169 4094 :
2190 4039 2273 4093 Ite
2291 4040 2358 4092 ad
2384 4057 2500 4094 oves
2519 4043 2751 4108 perditas
2768 4043 2951 4099 domus
2964 4043 3140 4100 Israel
3162 4048 3382 4116 (Matth.

1809 4151 1866 4201 x,
1897 4133 1975 4203 6).
2005 4132 2069 4186 Et
2098 4134 2291 4186 iterum
2322 4152 2336 4187 :
2369 4131 2505 4187 Mea:
2541 4151 2656 4188 oves
2701 4151 2868 4189 meam
2928 4155 3098 4193 vocem
3157 4143 3384 4199 audiunt

1810 4226 1988 4298 (Joan.
2015 4242 2068 4294 κ,
2094 4226 2173 4292 5).
2205 4224 2270 4278 Ει
2302 4227 2354 4280 in
2419 4224 2706 4282 Ezechiele
2776 4229 2990 4297 plenius
3028 4249 3042 4285 :
3107 4230 3241 4288 Ecce
3287 4252 3381 4304 ego

1809 4335 2048 4389 quaram
2075 4335 2191 4372 oves
2225 4336 2388 4384 meas,
2414 4329 2462 4372 et
2513 4320 2734 4373 visitabo
2794 4322 2914 4376 illas
2943 4339 2962 4377 :
3009 4325 3140 4378 sicut
3190 4331 3382 4396 quierit

1810 4422 1994 4482 pastor
2012 4428 2218 4480 gregem
2246 4427 2425 4464 suum.
2459 4410 2587 4464 Hice
2606 4414 2734 4464 dicit
2770 4415 3022 4468 Dominus
3054 4433 3072 4470 :
3107 4417 3382 4476 Perditam

1809 4522 2063 4575 quierant,
2089 4515 2134 4557 et
2164 4513 2427 4558 errantem
2471 4507 2738 4570 reducant,
2765 4516 2813 4559 et
2866 4507 3098 4576 fractam
3129 4512 3383 4583 alligabo,

1810 4597 2139 4666 ctinﬁrmam
2173 4596 2496 4666 confortabo,
2537 4596 2826 4666 fortemque
2863 4604 3180 4668 custodiam,
3206 4617 3252 4658 et
3280 4623 3382 4673 pc-

1811 4705 1952 4742 scam
1980 4705 2068 4742 eas
2102 4706 2219 4743 cum
2242 4689 2440 4757 iudicio
2465 4688 2678 4758 (Ezech.
2724 4707 2909 4758 xuiv,
2953 4693 3039 4758 il,
3069 4697 3152 4760 l2,
3185 4697 3293 4766 i6).
3321 4697 3386 4751 Et
3469 4683 3482 4696 ’

1812 4796 1871 4839 ut
1894 4799 2187 4840 nossemus
2219 4800 2340 4855 quae
2364 4793 2546 4841 essent
2595 4801 2745 4850 oves,
2785 4788 2937 4856 ponit
2985 4789 3326 4845 manifestius
3362 4807 3382 4844 :

1811 4957 2020 5016 animi
2065 4957 2083 5016 :2
2117 4959 2135 4993 ι
2165 4941 2245 4995 An
2277 4954 2436 5012 putas
2462 4950 2518 5016 te
2541 4953 2836 5016 argentum
2870 4953 2927 4998 et
2970 4959 3182 5012 aurum,
3233 4950 3376 5016 quod

1811 5015 1869 5069 in
1907 5014 2125 5081 eloquio
2162 5027 2435 5081 sensuque
2460 5015 2776 5082 intelligitur
2814 5013 3065 5069 Ecclesia:
3093 5013 3379 5083 possessu~

1814 5085 2010 5138 rum?»
2034 5085 2174 5137 Dan.
2209 5099 2280 5136 v:
2317 5102 2337 5135 ς
2369 5084 2533 5137 Aurei
2567 5084 2696 5135 mihi
2722 5085 2988 5147 videnlur,
3010 5100 3102 5152 qui
3130 5089 3379 5144 saeculari

1812 5158 2022 5226 ratione
2058 5156 2343 5224 compositi
2393 5162 2541 5226 sunt.
2591 5151 2872 5226 Argentci,
2903 5155 2992 5221 qui
3029 5151 3230 5208 habent
3262 5161 3380 5215 elo-

1809 5221 2304 5292 quii'veiiustaterii.
2339 5242 2360 5275 ι
2395 5221 3041 5295 Perperaniigiturantea
3078 5227 3380 5295 legebatur,

1809 5299 2040 5358 Aurum,
2068 5297 2354 5359 incensum,
2392 5302 2441 5346 et
2472 5295 2589 5345 llius
2627 5292 2803 5346 odoris
2839 5295 3020 5359 optimi
3046 5310 3065 5348 :
3087 5292 3215 5363 quid
3237 5292 3382 5355 enim

1811 5366 1902 5421 liic
1937 5366 2276 5437 faceretgvox
2302 5364 2531 5428 incensi,
2567 5377 2684 5430 qua:
2727 5363 2914 5418 eadem
2944 5374 3026 5418 est
3054 5381 3176 5419 cum
3201 5368 3384 5437 thure,

1810 5450 1933 5490 cum
1952 5435 2122 5489 solum
2141 5435 2205 5487 de
2228 5450 2358 5488 auro
2378 5437 2642 5505 tliureque
2661 5441 2948 5505 tractetur,
2970 5437 3156 5505 dejillis
3169 5435 3385 5495 scilicet

1809 5505 2014 5569 verbis,
2039 5508 2242 5558 Aurum
2261 5514 2308 5556 et
2334 5505 2450 5556 thus
2471 5503 2759 5573 deferentes
2780 5504 2805 5556 ?
2831 5506 2972 5558 Dixit
2987 5503 3164 5560 autem
3189 5523 3383 5564 aurum

1810 5589 2090 5638 sensuum,
2118 5576 2255 5628 sicut
2281 5575 2417 5628 infra
2435 5589 2484 5626 c.
2511 5589 2615 5627 va
2636 5580 2849 5628 vocavit
2881 5576 3209 5631 frumentiui
3259 5596 3388 5633 seu-

1809 5660 1992 5710 suuiii,
2025 5645 2149 5697 dum
2171 5645 2243 5697 ait
2277 5661 2291 5700 :
2334 5662 2353 5696 ι
2393 5645 2568 5717 Donec
2602 5645 2767 5696 multo
2792 5644 2970 5700 labore
3023 5661 3176 5717 atque
3225 5650 3386 5709 indu-

1809 5717 2265 5788 stria_mereantnr
2289 5718 2356 5788 ad
2382 5714 2700 5783 frumentum
2743 5732 2984 5788 sensuum
3034 5714 3322 5788 pervenire.
3360 5739 3382 5774 ι

1883 5788 1906 5820 ²
1936 5783 1990 5840 In
2013 5787 2302 5843 recentiori
2330 5789 2692 5841 Ambrosiauo
2722 5786 2924 5856 absque
2959 5783 3141 5844 animo
3171 5807 3244 5846 se.
