3906 6172
509 285 618 348 615

1708 276 1772 339 S.
1803 272 2121 336 EUSEBIl
2161 273 2606 338 HIERONYMI
3609 283 3695 350 616

513 400 584 453 Et
611 399 768 452 scient
806 397 931 466 quia
961 410 1052 466 ego
1081 410 1195 448 sum
1224 391 1477 448 Dominus
1510 390 1645 446 Deus
1675 407 1896 456 eorum;
1927 399 1976 445 et
2001 381 2092 444 is'ti
2119 389 2169 450 Α
2196 391 2343 445 riora
2367 395 2482 462 ejus
2511 395 2565 445 in
2603 391 2804 462 fulgore
2830 393 2950 446 auri
3027 389 3196 459 (Psal.
3227 407 3383 459 uvn,
3414 393 3513 466 ιι).
3538 396 3592 452 Et
3633 417 3702 458 se-

511 491 734 560 populus
761 505 902 542 meus
929 487 1112 540 domus
1168 484 1361 548 Israel,
1389 483 1516 538 dicit
1568 482 1828 537 Dominus
1896 481 2034 536 Deus
2067 497 2088 534 :

512 588 564 632 et
595 596 680 632 vos
709 595 824 631 oves
845 594 992 644 metr,
1015 586 1066 629 et
1097 592 1212 629 oues
1235 575 1407 644 gregis
1431 573 1532 628 mei
1551 589 1726 628 omnes
1747 574 1898 639 estis,
1927 584 1974 626 et
1995 587 2090 644 ego

517 671 776 726 Dominus
801 669 942 722 Deus
972 679 1136 722 vester
1159 666 1450 738 (lbid.,50,
1515 665 1628 735 3i).
1662 665 1719 719 Si
1777 665 1904 735 quis
1963 679 2093 734 ergo

516 765 570 819 in
594 764 844 834 gentibus
862 763 1012 816 dives
1028 770 1130 824 est,
1153 758 1398 814 salvetur
1415 765 1474 812 ut
1493 757 1862 820 camelus,non
1885 757 2094 826 absque

516 856 676 909 donis
738 863 904 921 alque
940 851 1275 916 muneribus,
1315 864 1421 918 quo
1452 850 1626 918 possit
1654 849 1878 907 verbum
1911 845 2094 902 Domi-

517 949 570 1001 ui
606 948 922 1019 praedicare.
959 945 1015 1000 Si
1041 944 1164 1015 quis
1208 941 1572 1012 simplicitatis
1601 941 1782 995 ovium
1811 949 1871 994 et
1900 947 2092 994 aucto-

515 1037 692 1092 ritatis
751 1039 1002 1102 arietum,
1060 1035 1318 1089 ascendat
1380 1032 1462 1088 vel
1508 1029 1770 1086 oﬂcratur
1815 1031 1869 1086 in
1919 1029 2094 1084 altare

526 1129 765 1192 Domini,
805 1130 873 1183 ab
906 1129 991 1182 his
1010 1129 1098 1198 qui
1131 1126 1446 1197 prmvalent,
1479 1132 1538 1198 ut
1569 1125 1762 1180 domus
1793 1123 1912 1194 ejus
1932 1121 2097 1194 glori-

520 1225 732 1275 licetur.
757 1219 907 1284 Quod
929 1196 1106 1272 autem
1124 1196 1176 1271 iu
1198 1217 1464 1271 Hebraico
1479 1196 1738 1284 scriptum
1758 1215 2092 1270 notavimus:

516 1315 719 1366 Arietes
749 1311 1021 1379 Nabujotlt
1047 1310 1416 1363 ministrabant
1447 1309 1563 1374 tibi,
1604 1316 1652 1362 et
1677 1308 1894 1376 o/ferent
1937 1320 2097 1373 super

515 1403 768 1471 placabili
801 1401 961 1453 altari
993 1417 1128 1464 meo,
1157 1399 1375 1469 proprie
1416 1399 1690 1468 superbis
1749 1396 2096 1466 intelligitur,

517 1497 608 1563 qui
634 1497 698 1549 de
728 1493 981 1566 gentibus
1007 1493 1162 1548 electi
1183 1491 1235 1546 in
1281 1492 1669 1557 sacerdotium,
1696 1489 1931 1546 ministri
1964 1497 2098 1545 sunt

520 1587 841 1639 Sall-storis.
869 1581 925 1637 Si
958 1585 1079 1653 quis
1101 1593 1286 1637 autem
1329 1585 1708 1638 contentiosus
1741 1590 1844 1648 est,
1871 1589 1929 1636 et
1979 1595 2098 1636 car-

520 1679 718 1731 naliter
755 1678 872 1730 haec
911 1676 1176 1746 promissa
1208 1675 1510 1739 contendit,
1533 1675 1966 1745 respondeamus
2001 1672 2050 1727 ei
2078 1690 2091 1725 :

2201 487 2538 556 pluagesimo
2569 486 2745 556 primo
2771 485 2979 555 psalmo
3003 501 3019 542 :
3050 483 3209 554 Reges
3235 484 3437 541 Titanis
3460 499 3503 542 et
3550 493 3701 548 insula

2201 593 2418 632 munera
2441 580 2681 649 o/ferent,
2706 591 2754 634 et
2787 596 2932 645 reges
2953 583 3186 633 Arabum
3213 588 3261 632 et
3278 579 3411 634 Saba
3425 582 3549 636 dona
3567 589 3704 640 adds-

2199 669 2500 740 cent(Psal.
2522 688 2671 738 uxr,
2704 673 2820 741 10).
2855 670 3183 737 Quaeomnia
3219 669 3511 726 deferuntur
3537 677 3703 730 nomini

2202 761 2414 818 Domini
2452 764 2544 818 Dei
2572 776 2627 820 et
2658 765 2863 820 Sancto
2923 764 3116 829 Israel,
3151 764 3238 833 qui
3271 761 3566 832 'glorilicavit
3589 781 3701 821 cum.

2275 856 2464 926 (Vers.
2507 857 2575 911 10
2645 859 2840 928 seqq.)
2902 876 2921 909 t
2961 855 3378 914 Ettedilicabunt
3453 857 3534 910 lilii
3585 874 3707 926 pere-

2200 952 2480 1022 grinorum
2512 965 2697 1005 muros
2739 962 2880 1016 tuos,
2909 958 2964 1006 et
2989 964 3141 1018 reges
3170 962 3351 1003 eorum
3387 950 3710 1005 ministrabant

2203 1043 2320 1098 tibi.
2390 1041 2449 1096 In
2498 1042 2869 1113 indignatione
2903 1041 3049 1095 enim
3099 1055 3216 1094 mea
3254 1041 3477 1108 percussi
3505 1053 3567 1103 te,
3599 1055 3644 1094 et
3669 1043 3708 1094 in

2200 1132 2644 1187 reconciliatione
2663 1147 2782 1186 mea
2810 1132 3066 1187 misertus
3088 1146 3204 1185 sum
3229 1131 3340 1185 tui:
3366 1140 3414 1184 et
3455 1131 3712 1198 aperientur

2203 1235 2370 1295 porta:
2427 1236 2528 1278 tute
2550 1222 2776 1294 iugiter,
2802 1226 2886 1278 die
2918 1237 2981 1277 ac
3012 1231 3171 1276 nocte
3200 1238 3301 1276 non
3327 1222 3611 1276 claudentur
3639 1233 3712 1276 :ut

2202 1317 2465 1371 all'eratttr
2499 1317 2564 1370 ad
2602 1325 2653 1371 te
2685 1315 2949 1370 fortitudo
2980 1314 3255 1382 gentium,
3293 1323 3348 1366 et
3400 1328 3537 1381 reges
3566 1327 3713 1366 earum

2202 1405 2562 1462 adducantur.
2598 1405 2758 1476 725
2799 1404 2943 1460 Gens
2962 1405 3105 1459 enim
3136 1413 3191 1458 et
3229 1419 3460 1473 regnum,
3483 1406 3605 1470 quod
3634 1419 3712 1455 nou

2204 1495 2456 1550 servierit
2479 1494 2598 1558 tibi,
2632 1494 2832 1562 peribit
2872 1510 2887 1548 :
2942 1502 2996 1547 et
3020 1503 3213 1562 gentes
3283 1493 3550 1547 Solitudine
3576 1502 3716 1546 vasta-

2204 1588 2423 1642 buntur.
2454 1605 2472 1638 ι
2515 1585 2654 1640 LXX
2700 1601 2714 1638 :
2753 1603 2772 1634 σ
2803 1587 2868 1639 Ει
2890 1586 3241 1641 tedilicabunt
3268 1584 3555 1655 alienigena:
3574 1600 3714 1638 muros

2207 1689 2351 1746 tuos,
2378 1691 2431 1734 et
2459 1694 2612 1750 reges
2667 1693 2857 1733 eorum
2903 1678 3168 1733 assistent
3227 1676 3349 1731 tibi.
3383 1677 3585 1744 Pr0pter
3609 1677 3717 1730 iram

519 1769 628 1823 Nos
658 1769 815 1824 talem
840 1769 1269 1822 consuetudinem
1309 1786 1413 1822 nou
1460 1770 1730 1831 habemus,
1788 1783 1948 1837 neque
1989 1764 2094 1821 Ec-
2128 1755 2170 1812 Β
2199 1768 2345 1822 enim
2377 1782 2552 1822 meam
2583 1768 2831 1836 percussi
2865 1777 2938 1832 te,
2984 1777 3037 1822 et
3100 1779 3320 1836 propter
3347 1765 3716 1820 misericordiam

519 1865 681 1918 clesia
715 1863 807 1917 Dei
839 1861 888 1933 (Ι
919 1861 1046 1916 Cor.
1080 1877 1157 1928 ιι,
1193 1861 1304 1932 16).
1341 1861 1585 1931 llludque
1626 1862 1894 1927 dicamus,
1949 1857 2094 1929 quod

521 1957 684 2010 etiam
712 1953 756 2006 si
774 1951 1072 2008 carnaliter
1101 1961 1227 2007 sunt
1243 1952 1512 2022 promissa
1537 1951 1756 2013 Iudaeis,
1789 1961 1972 2005 tamen
1993 1951 2097 2007 sub

522 2046 838 2100 conditione
865 2053 991 2100 sunt
1026 2043 1315 2113 promissa,
1347 2055 1402 2097 ut
1435 2043 1478 2098 si
1514 2044 1889 2114 suscepissent
1914 2043 2098 2099 lumen

523 2155 709 2204 suum,
733 2137 876 2206 quod
903 2135 968 2188 ad
995 2151 1087 2190 eos
1125 2136 1351 2190 missum
1388 2133 1589 2199 fuerat,
1645 2145 1773 2190 tunc
1803 2135 1966 2190 etiam
2000 2134 2102 2188 ista

523 2227 1065 2300 sequerentur,quod
1116 2227 1368 2282 videlicet
1398 2243 1493 2296 per
1551 2227 1893 2282 desiderium
1958 2224 2097 2293 auri,

524 2336 578 2379 et
604 2340 766 2392 opum
797 2319 1212 2385 abundantiam,
1251 2333 1543 2387 rerumque
1594 2317 1920 2382 carnalium,
1966 2332 2104 2386 qua-

524 2432 642 2470 rum
675 2429 890 2483 semper
920 2414 1021 2468 ista
1051 2427 1183 2481 gens
1233 2411 1553 2481 capiebatur
1585 2409 1878 2472 illecebris,
1935 2409 2108 2463 susci-

526 2517 716 2579 perent
745 2513 810 2560 ad
842 2521 902 2561 se
955 2504 1178 2560 missum
1212 2501 1406 2557 Filium
1439 2500 1604 2574 ’1241
1635 2501 1748 2567 Dei,
1782 2516 1943 2571 quem
1976 2499 2105 2568 quia

531 2618 636 2656 non
669 2607 1052 2668 susceperunt,
1088 2597 1339 2650 universa
1391 2596 1598 2650 sublata
1637 2602 1785 2659 sunt,
1820 2603 1874 2647 et
1935 2593 2108 2647 susci-

445 2753 453 2758 _
528 2695 802 2763 picutibus
838 2690 1198 2761 spiritualiter
1229 2687 1439 2741 reddita
1474 2687 1787 2741 luercditas.

597 2783 776 2852 (Vera.
810 2779 864 2842 8,
905 2778 982 2847 9.)
1023 2777 1156 2844 «Qui
1197 2787 1322 2830 sunt
1353 2778 1463 2840 isti,
1487 2775 1580 2845 qui
1614 2777 1856 2844 ιιψιιὺεε
1896 2775 2106 2840 volant,

527 2882 580 2924 et
611 2869 766 2939 quasi
796 2868 1060 2921 coluntst
1079 2870 1143 2919 ad
1176 2865 1449 2920 fenestras
1495 2864 1657 2919 suas?
1688 2864 1771 2918 ille
1830 2865 1974 2919 enim
2014 2866 2093 2918 in-

531 2964 664 3014 sala:
695 2971 1034 3027 exspectant,
1074 2968 1128 3012 et
1149 2975 1315 3012 naves
1340 2958 1504 3012 maris
1535 2960 1587 3012 in
1612 2958 1899 3028 principio,
1928 2970 1986 3014 ut
2016 2960 2113 3014 ad-

529 3054 725 3106 ducam
759 3052 898 3105 lilios
929 3061 1050 3105 tuos
1088 3054 1153 3104 de
1219 3049 1417 3121 longe:
1479 3063 1762 3120 argentum
1807 3065 1998 3106 eorum
2054 3062 2109 3108 et

2195 1859 2358 1916 dilexi
2405 1869 2473 1917 te.
2499 1857 2566 1912 Et
2607 1861 2921 1928 aperientur
2971 1871 3142 1930 porta:
3199 1868 3304 1914 tuae
3327 1871 3552 1926 semper;
3583 1858 3650 1912 die
3671 1873 3718 1912 ac

2199 1962 2358 2008 nocte
2393 1967 2497 2007 non
2543 1950 2884 2015 claudentur,
2927 1961 2985 2006 ut
3009 1951 3354 2006 introducant
3389 1951 3452 2005 ad
3486 1959 3529 2005 le
3551 1949 3716 2003 fortitu-

2201 2046 2396 2116 dinem]
2455 2046 2738 2112 gentium,
2800 2055 2855 2101 et
2892 2060 3046 2116 reges
3115 2061 3302 2099 earum
3359 2045 3445 2113 qui
3475 2044 3718 2098 adducendi

2203 2149 2350 2193 sunt.
2390 2135 2594 2192 Gentes
2619 2139 2764 2191 enim
2797 2148 2851 2192 et
2887 2153 3042 2209 reges
3074 2139 3166 2208 qui
3199 2153 3307 2192 non
3342 2138 3604 2194 servierint
3632 2138 3718 2201 tibi,

2205 2231 2461 2300 peribunt
2504 2246 2520 2284 :
2569 2239 2756 2299 gentes
2788 2232 3083 2286 solitudine
3130 2232 3534 2287 desolabuntur.
3569 2228 3719 2284 )IlllCl‘

2205 2335 2400 2378 caetera
2458 2323 2659 2390 quibus
2737 2325 2943 2377 ditatur
2989 2324 3232 2378 Ecclesia
3279 2323 3320 2390 ⁸,
3363 2323 3556 2378 eturbs
3579 2321 3720 2376 Salva-

2209 2415 2340 2467 toris
2375 2414 2695 2478 exstruitur,
2731 2414 3047 2484 alienigenae
3081 2430 3304 2486 quoque
3333 2425 3386 2470 et
3408 2414 3492 2469 lilii
3528 2415 3720 2485 peregri-

2208 2519 2399 2560 norum
2456 2505 2730 2560 aediﬁcant
2795 2521 2984 2562 muros
3045 2506 3185 2577 ejus,
3248 2523 3316 2563 ne
3368 2507 3528 2563 hostis
3593 2507 3724 2576 possit

2211 2599 2436 2662 intrare,
2498 2612 2598 2652 nec
2627 2598 2807 2651 locum
2861 2597 3104 2652 invenire
3153 2597 3403 2668 perfidia.
3453 2597 3724 2666 Alienigena

2209 2699 2392 2744 autem
2445 2697 2499 2744 et
2529 2689 2806 2759 peregrini
2869 2689 3088 2760 proprie
3151 2689 3460 2760 signiﬁcant
3518 2689 3723 2759 populum

2221 2783 2526 2846 nationum,
2566 2784 2654 2850 qui
2685 2797 2807 2838 vere
2845 2793 3238 2837 exstruxerunt
3272 2784 3554 2838 Ecclesiarn
3599 2779 3723 2834 Chri«

2219 2876 2288 2930 sti
2346 2889 2360 2926 :
2401 2879 2452 2928 in
2493 2885 2698 2928 tantum
2726 2885 2786 2928 ut
2826 2890 2982 2946 teges
3021 2889 3209 2929 eorum
3236 2886 3292 2931 et
3331 2876 3578 2944 principes
3603 2871 3729 2926 mini-

2214 2975 2419 3032 strent,
2451 2967 2568 3021 sive
2601 2968 2856 3020 assistant
2888 2966 2962 3020 ei.
2987 2964 3143 3032 Quod
3172 2967 3266 3022 vel
3308 2966 3578 3022 carnaliter
3617 2962 3731 3016 acci-

2216 3060 2380 3128 pitur,
2415 3059 2496 3112 vel
2539 3057 2913 3127 spiritualiter.
2939 3056 2993 3112 Si
3023 3058 3342 3123 carnaliter,
3369 3060 3593 3113 videmus
3630 3055 3730 3110 Cte-

530 3160 720 3197 aurum
754 3159 941 3196 eorum
974 3157 1097 3196 cum
1131 3141 1230 3208 eis,
1269 3142 1476 3196 nomini
1525 3143 1739 3198 Domini
1775 3141 1864 3196 Dei
1899 3143 2000 3208 tui,
2051 3154 2105 3198 et
2135 3131 2180 3191 ο
2212 3160 2364 3200 sares
2403 3143 2680 3199 Rontanos
2723 3145 2928 3200 Ghristi
2981 3145 3113 3216 jugo
3167 3147 3313 3202 colla
3362 3148 3662 3211 submittere,
3691 3149 3732 3198 et

529 3238 732 3293 Sani-to
755 3236 937 3301 Israel,
964 3237 1087 3303 quia
1145 3237 1464 3305 glorilicavit
1490 3246 1561 3290 te.
1604 3255 1623 3287 ι
1686 3234 1825 3289 LXX
1859 3253 1873 3292 :
1913 3254 1931 3289 t
2001 3237 2101 3304 Qui

531 3338 658 3382 sunt
693 3328 747 3381 lii
784 3329 873 3396 qui
907 3337 962 3380 ut
991 3331 1160 3382 nubes
1196 3329 1400 3393 volant,
1425 3338 1479 3384 et
1523 3331 1664 3383 sicut
1690 3330 1953 3385 columba:
1978 3346 2106 3386 cum

533 3419 691 3489 pullis
717 3420 782 3473 ad
817 3419 945 3472 inc?
990 3418 1072 3474 Me
1127 3419 1315 3474 insulae
1366 3431 1776 3490 exspectaram,
1831 3431 1884 3476 et
1943 3439 2108 3478 naves

532 3512 761 3566 'I‘barsis
785 3513 835 3564 in
872 3513 1084 3581 primis,
1116 3523 1175 3566 ut
1205 3513 1480 3567 adducant
1507 3513 1644 3567 filios
1675 3521 1798 3568 tuos
1823 3513 1891 3568 dc
1924 3513 2105 3583 longe,

530 3615 588 3660 et
615 3615 904 3673 argentum
929 3620 1085 3658 suum
1109 3615 1370 3659 claurum
1399 3621 1520 3659 cum
1535 3607 1636 3670 eis,
1667 3615 1887 3676 propter
1911 3621 2107 3661 nomen

533 3697 748 3752 Domini
779 3706 1027 3752 sanctqu
1063 3714 1076 3749 :
1107 3705 1162 3751 et
1197 3699 1321 3766 quia
1354 3695 1590 3752 Sanctus
1642 3697 1808 3752 Israel
1840 3697 2110 3768 gloriﬁca-

534 3801 620 3844 tus
649 3799 753 3845 est.
791 3807 810 3841 ι
842 3789 977 3856 Quia
1009 3787 1265 3844 Dominus
1324 3789 1600 3860 ingressus
1655 3801 1739 3844 est
1806 3789 2104 3862 Egyptum

533 3899 693 3954 super
729 3882 929 3938 nubem
959 3883 1153 3950 levem,
1180 3892 1236 3937 et
1263 3882 1921 3954 nubibus‘prOphetarum
1949 3897 2108 3936 man-

530 3977 706 4040 davit,
740 3991 806 4030 ue
831 3975 1082 4043 plucreut
1122 3990 1282 4044 super
1313 3973 1482 4030 Israel
1542 3975 1794 4041 imbrem,
1853 3975 1921 4029 ad
1971 3990 2109 4045 quos

533 4070 786 4140 pervenit
819 4069 1028 4123 veritas
1063 4068 1176 4133 Dei,
1218 4067 1448 4122 miratur
1478 4065 1718 4123 Ecclesia
1770 4069 1836 4122 de
1860 4065 2110 4123 Circum-

534 4163 758 4218 cisiouis
789 4161 1023 4230 primum
1054 4160 1252 4230 populo
1284 4169 1636 4231 congregata,
1705 4160 1890 4217 volare
1942 4161 2010 4216 ad
2052 4175 2113 4216 se

535 4257 773 4327 gentium
802 4256 1016 4309 turbam
1039 4262 1155 4308 toto
1189 4252 1323 4308 orbe
1357 4263 1648 4308 terrarum.
1701 4253 1770 4308 Et
1821 4255 2114 4323 assumptis

535 4347 636 4400 alis
667 4345 902 4411 Spiritus
927 4344 1124 4408 sancti,
1181 4343 1458 4411 festinare,
1502 4343 1658 4413 juxta
1717 4342 2108 4414 Symmachum

2207 3236 2480 3292 aediﬁcare
2522 3238 2802 3308 ,ecclestas
2847 3239 3100 3306 expensis
3129 3240 3388 3306 publicis,
3439 3251 3491 3293 et
3521 3239 3732 3291 adversus

2209 3330 2613 3398 persecutiones
2665 3330 2904 3400 gentium
2950 3341 3116 3400 atque
3149 3332 3380 3386 insidias
3405 3330 3730 3386 haereticorum

2209 3421 2386 3490 legum
2449 3420 2584 3476 scita
2627 3422 2882 3490 pendere.
2944 3423 3000 3477 Si
3044 3424 3429 3491 spiritualiter,
3472 3423 3730 3493 quicunque

2209 3514 2265 3568 in
2297 3516 2376 3569 eis
2406 3515 2764 3580 continentia,
2794 3513 3135 3584 eloquentia,
3168 3517 3481 3580 sanctitate,
3512 3511 3730 3582 principes

2209 3615 2357 3674 sunt,
2403 3615 2458 3660 et
2493 3604 2693 3658 anitum
2746 3606 2975 3676 imperio
3016 3607 3196 3659 carnis
3231 3607 3517 3676 subjugaut
3543 3603 3731 3658 servitu-

2211 3707 2358 3762 tem,
2395 3697 2496 3766 ipsi
2555 3700 2973 3762 adminlstraut,
3036 3707 3088 3751 et
3143 3697 3447 3763 assistunt,
3501 3695 3575 3749 vel
3614 3690 3732 3746 auxi-

2208 3791 2416 3847 liantur
2468 3792 2541 3855 ei,
2574 3806 2734 3860 quam
2771 3805 2913 3859 saepe
2943 3800 3167 3860 propter
3211 3790 3584 3861 negligentiam
3606 3786 3731 3840 dese-

2212 3885 2300 3949 rit,
2371 3884 2457 3940 vel
2490 3895 2904 3954 persecutorum
2957 3885 3192 3952 percutit
3245 3884 3418 3950 virga,
3462 3892 3518 3937 ut
3557 3891 3730 3933 rursum

2212 3987 2438 4048 promer
2493 3975 2578 4030 sui
2609 3975 3039 4031 misericordiam
3075 3974 3289 4044 diligat.
3337 3973 3433 4030 Vel
3486 3981 3618 4028 certe
3657 3971 3735 4024 hoc

2216 4069 2529 4134 dicendum,
2566 4070 2709 4138 qttod
2743 4069 2997 4123 alllictatn
3029 4071 3308 4138 Quondam
3365 4077 3422 4124 et
3487 4061 3734 4136 captivitati

2217 4165 2469 4218 traditam
2503 4164 2556 4217 in
2591 4161 2789 4233 populo
2852 4162 3188 4230 Judworum,
3223 4162 3280 4216 in
3313 4160 3582 4216 vocatione
3633 4169 3737 4225 gen-

2215 4256 2345 4308 tium
2402 4254 2719 4308 reconciliet
2762 4252 2916 4319 sibi,
2967 4255 3040 4307 ita
3095 4266 3154 4306 ut
3203 4265 3374 4323 porta:
3415 4253 3528 4322 ejus
3565 4257 3738 4317 semper

2213 4357 2414 4416 apertae
2463 4348 2596 4408 sint,
2655 4355 2709 4400 et
2765 4360 2864 4400 nec
2891 4348 2978 4400 die
3029 4361 3133 4401 nec
3162 4356 3325 4401 nocte.
3354 4347 3668 4405 claudantur,
3695 4345 3738 4391 et

532 4450 588 4494 et
627 4436 1075 4504 TbcodOtionem,
1111 4438 1180 4490 ad
1201 4438 1455 4504 fenestras
1501 4453 1622 4490 suas
1647 4452 1663 4503 ;
1689 4436 1840 4506 juxta
1859 4435 2110 4501 Aquilam
2136 4471 2192 4533 Β
2217 4439 2421 4494 salvari
2478 4439 2824 4509 cupientibus
2857 4440 3062 4508 jugiter
3115 4449 3378 4509 pateant,
3411 4440 3462 4492 id
3491 4447 3586 4500 est,
3617 4447 3666 4487 ut
3701 4430 3740 4484 ei

535 4532 606 4584 ad
641 4539 946 4584 cataractas
978 4546 1125 4594 suas,
1159 4539 1214 4582 ut
1248 4530 1615 4598 ingrediantur
1632 4527 1952 4582 Ecclesium.
1985 4527 2112 4581 Sive

534 4627 785 4679 doctores
814 4639 936 4677 cum
969 4621 1276 4690 discipulis,
1305 4624 1355 4676 id
1387 4633 1490 4689 est,
1525 4620 1810 4676 columbas
1839 4633 1961 4673 cum
1996 4618 2113 4687 pul-

535 4719 604 4774 lis
625 4719 738 4772 suis
765 4715 944 4770 volare
979 4717 1045 4769 ad
1078 4715 1370 4770 Ecclesium
1406 4714 1472 4768 de
1499 4713 1688 4767 insulis
1707 4715 2114 4782 gentiutn,qute

530 4813 684 4885 juxta
705 4812 954 4865 vaticinia
981 4810 1358 4880 prophetarum
1389 4807 1781 4876 cxspectabuut
1801 4809 2110 4861 Dominum.

533 4906 707 4961 Naves
746 4921 959 4974 quoque
987 4917 1204 4957 russsrs
1251 4902 1530 4974 (talium),
1589 4900 1641 4954 id
1671 4909 1755 4954 est
1807 4900 1996 4966 maris,
2045 4898 2114 4954 de

535 5000 809 5069 quibusin
843 5000 1054 5052 visione
1092 4994 1220 5066 Tyri
1282 4994 1490 5062 plenius
1528 4993 1787 5057 diximus,
1839 4992 2114 5046 adducent

537 5093 676 5144 lilios
713 5090 972 5144 Ecclesiae
1013 5089 1065 5142 in
1098 5087 1368 5157 principio
1395 5086 1542 5148 lidei,
1579 5100 1772 5139 aurum
1796 5095 2112 5152 argentum-

536 5199 643 5251 que
668 5193 968 5252 portantes.
1000 5182 1169 5235 Carde
1197 5182 1334 5234 enim
1385 5182 1620 5234 creditur
1670 5179 1739 5232 ad
1785 5177 2060 5246 justitiam
2091 5193 2112 5241 ;

536 5292 624 5331 ore
657 5288 830 5328 autem
863 5275 1122 5344 confessio
1146 5275 1206 5342 ﬁt
1231 5275 1300 5327 ad
1329 5275 1553 5326 salutent
1594 5270 1768 5340 (Rom.
1810 5287 1862 5335 χ,
1902 5271 2008 5339 10).
2036 5269 2112 5322 De

535 5383 642 5438 quo
663 5383 797 5421 auro
819 5377 874 5421 et
905 5379 1129 5436 argento
1158 5369 1212 5421 in
1247 5365 1586 5434 sexagesimo
1614 5363 1846 5431 septimo
1898 5364 2112 5431 psalmo

537 5457 797 5526 scriptum
829 5465 912 5510 est
937 5471 950 5508 :
979 5455 1172 5511 Pennis
1203 5456 1456 5510 columba:
1485 5458 1844 5524 deargentata:
1869 5464 1915 5506 et
1935 5463 2112 5522 poste-

615 5597 634 5630 ¹
689 5598 807 5652 Alia
862 5597 1044 5662 lectio,
1075 5597 1262 5667 quibus
1293 5597 1592 5666 wdiﬁcatur
1646 5594 1908 5662 Ecclesia,
1942 5595 2110 5666 magis

541 5667 782 5739 Yictorio
813 5670 1040 5739 placuit,
1079 5673 1220 5735 quod
1255 5687 1425 5738 magis
1467 5679 1730 5739 congruat
1769 5670 1950 5720 verbis
1988 5685 2110 5735 qua:

543 5738 933 5807 interpretatur
993 5759 1006 5798 :
1059 5739 1130 5796 Et
1177 5739 1512 5810 arcti/icalrttnt
1562 5738 1666 5806 [tlii
1711 5739 2108 5808 peregrinorum

2218 4534 2271 4586 in
2305 4533 2503 4602 gaudio
2555 4544 2610 4586 et
2674 4532 2728 4584 in
2766 4531 3116 4585 tribulatione
3176 4532 3482 4586 volentibus
3535 4525 3738 4583 credere,

2216 4626 2470 4684 introitus
2497 4641 2602 4678 non
2633 4635 2878 4693 negetur.
2910 4624 2975 4678 Et
3029 4623 3302 4679 inferatur
3331 4627 3397 4679 ad
3431 4638 3546 4677 eam
3568 4619 3745 4674 fortitu-

2215 4720 2304 4784 do,
2340 4718 2453 4772 sive
2512 4718 2715 4771 divitia:
2758 4719 3036 4787 gentium;
3089 4727 3147 4772 et
3209 4713 3361 4787 reges
3407 4727 3581 4770 earum
3614 4707 3746 4761 mini»

2213 4820 2408 4876 streut,
2441 4811 2558 4865 sive
2587 4811 2922 4865 adducantur
2953 4811 3000 4864 ei
3032 4810 3189 4880 quasi
3220 4808 3442 4879 captivi.
3473 4804 3615 4872 Quod
3643 4813 3746 4854 tunc

2215 4904 2501 4973 intelliges,
2564 4918 2689 4958 cum
2727 4902 2928 4956 videris
2963 4901 3446 4971 eloquentissimos
3501 4893 3676 4951 adduci
3693 4890 3744 4942 ad

2214 4996 2372 5050 ﬁdem
2429 4994 2631 5049 Christi
2658 5010 2674 5061 ;
2703 5006 2756 5048 et
2805 4995 3025 5048 stultam
3058 4995 3173 5047 lieri
3226 4993 3540 5061 sapientiam
3570 4984 3747 5053 sapien-

2215 5090 2374 5154 tium,
2404 5104 2468 5142 ac
2492 5089 2833 5156 prudentiam
2886 5088 3230 5156 prudentium
3265 5082 3538 5156 reprobari
3566 5075 3616 5150 (ι
3641 5072 3744 5130 Cor.

2214 5180 2252 5247 ι)
2279 5195 2294 5233 :
2333 5190 2391 5232 ut
2420 5177 2623 5231 fatuum
2653 5177 2750 5231 Dei
2811 5179 3120 5247 sapientius
3153 5179 3224 5231 sit
3285 5174 3604 5239 hominibus.
3631 5166 3747 5222 Gert-

2216 5282 2320 5326 tem
2373 5280 2552 5324 autem
2596 5281 2649 5324 et
2678 5286 2832 5339 reges
2872 5287 3086 5334 earum,
3127 5273 3220 5340 qui
3265 5271 3476 5324 servire
3535 5258 3748 5317 Ecclesiae

2216 5365 2488 5418 noluerint
2522 5363 2721 5417 licitam
2776 5372 2830 5417 ct
2881 5364 3066 5418 utilcut
3098 5364 3436 5424 servitutem,
3472 5366 3530 5412 ut
3563 5358 3608 5408 in
3645 5366 3750 5419 apo-

2213 5457 2458 5514 stolicam
2485 5455 2814 5510 transferant
2836 5459 2855 5486 ¹
2882 5457 3216 5527 dignitatem,
3238 5455 3401 5525 726
3439 5451 3667 5522 [teribtmt
3699 5456 3749 5494 ea

2214 5614 2393 5652 muros
2440 5604 2556 5649 tuos
2598 5611 2616 5649 :
2649 5603 2934 5660 propterea
2966 5594 3108 5662 quod
3150 5594 3307 5646 ditari
3337 5599 3617 5656 antequam
3643 5576 3751 5633 aedi-

2217 5672 2408 5724 licetur
2438 5671 2569 5720 urbs
2626 5677 2832 5728 nequu.
3502 5732 3509 5735 _
3581 5726 3590 5735 '

2290 5741 2310 5771 ⁸
2334 5740 2478 5794 Idem
2508 5737 2901 5805 transferantur
2937 5735 3271 5793 euut-iuniori
3308 5749 3470 5790 Sensu
3501 5732 3634 5798 legit.
