3906 6172
166 201 247 265 6173

170 310 430 381 ρει-υιιιινιιο
478 321 591 373 qua:
643 305 827 376 impiis
877 315 1178 377 praeparata
1202 318 1385 373 est,el
1434 306 1693 378 quidquid
1724 318 1772 376 Α

168 408 209 455 iu
236 400 304 452 eis
336 395 508 457 fuerit,
539 397 816 464 redigetur
839 398 893 449 in
919 398 1298 465 solitudinem,
1331 399 1427 468 qui
1493 401 1696 455 habere

166 493 415 546 noluerunt
440 488 703 554 hospitem
735 489 927 543 Deum.
1642 532 1645 537 .

222 579 402 654 (Vers.
454 580 540 641 13,
586 579 674 634 14.
705 582 721 645 )
758 598 776 631 ι
814 580 999 636 Gloria
1068 581 1257 638 Libani
1311 583 1379 638 ad
1413 590 1466 638 te
1491 583 1694 649 veniet,

164 678 290 732 abies
321 685 372 725 et
394 673 561 726 buxus
594 683 650 725 et
680 675 839 742 pinus
866 673 1027 727 simul
1063 677 1129 727 ad
1162 676 1478 729 ornandum
1511 676 1691 730 locum

164 765 566 825 sanctiﬁcationis
589 780 724 819 meae
743 780 760 821 :
779 773 835 819 et
855 765 1035 821 locum
1055 768 1250 835 pedum
1279 781 1525 821 meorum
1579 766 1699 837 glo-

164 862 372 916 rilicabo.
390 857 451 912 Et
478 859 697 913 venient
719 861 784 911 ad
812 869 863 913 te
893 858 1041 911 curvi
1066 857 1159 910 lilii
1185 872 1373 913 eorum
1399 857 1492 926 qui
1524 856 1702 910 humi-

164 956 486 1013 liaveruutte.
510 960 561 1005 et
611 951 1169 1019 adorabuntvestigia
1230 950 1430 1018 pedum
1484 960 1698 1002 tuorum

163 1059 322 1101 oumes
362 1043 445 1114 qui
463 1019 825 1096 detrahebant
854 1040 967 1102 tibi,
990 1050 1045 1094 et
1068 1043 1339 1094 vocabunt
1356 1051 1410 1093 te
1428 1038 1701 1093 civitatem

164 1138 365 1199 Domini,
392 1136 514 1188 Sion
538 1134 725 1187 Sancti
743 1130 936 1186 Israel.
962 1150 980 1183 ι
1001 1129 1185 1186 LXX:
1226 1150 1245 1183 ι
1284 1131 1466 1185 Gloria
1510 1129 1704 1184 Libani

162 1228 216 1280 ad
234 1238 278 1281 te
304 1224 544 1280 venietin
579 1224 861 1294 cyparisso
913 1232 968 1277 et
1020 1224 1146 1291 pino
1181 1233 1235 1276 et
1265 1222 1427 1276 cedro
1451 1221 1616 1275 simul
1648 1229 1706 1274 ut

162 1316 457 1388 gloriﬁcetur
514 1316 663 1369 locus
711 1324 935 1369 sanctus
982 1328 1155 1380 mens,
1197 1304 1354 1381 )‘(et
1386 1313 1562 1368 locum
1613 1327 1709 1382 pe-

161 1413 268 1467 dum
291 1406 851 1475 tneorttntgloriﬁcabo
876 1408 917 1475 “,
943 1406 1006 1459 Ει
1022 1407 1174 1461 ibunt
1195 1410 1261 1460 ad
1279 1416 1329 1459 te
1348 1406 1597 1460 timentes
1614 1404 1705 1458 lilii

162 1517 323 1556 eorum
342 1501 422 1569 qui
442 1512 488 1553 te
506 1500 1023 1562 humiliaverunt,+
1051 1505 1106 1551 et
1130 1498 1482 1551 irritaverant
1510 1505 1562 1550 te
1593 1498 1633 1565 ,⁸
1654 1503 1711 1549 et

161 1594 427 1649 adorabunt
448 1590 672 1659 vestigia
705 1591 904 1657 pedum
937 1599 1156 1641 tuorum
1189 1602 1378 1642 omnes
1403 1587 1494 1657 qui
1530 1587 1712 1641 irrita-

164 1696 327 1740 veruut
349 1694 434 1747 te;
462 1694 517 1736 et
538 1682 826 1735 vocaberis
857 1681 1048 1734 civitas
1090 1680 1297 1735 Domini
1339 1679 1491 1745 Sion,
1524 1678 1708 1733 Sancti
1740 1698 1783 1754 Β

165 1777 329 1831 lsrael.
363 1792 380 1824 ι
446 1772 616 1826 Multa
671 1775 870 1826 desunt
934 1772 988 1825 in
1047 1769 1420 1840 Septuaginta,
1463 1784 1584 1839 qua:
1633 1784 1698 1824 ex

163 1866 355 1919 Hebraeo
384 1866 485 1916 sub
524 1862 805 1916 asteriscis
835 1864 1014 1932 posui,
1069 1872 1122 1915 et
1148 1861 1291 1931 quod
1356 1861 1701 1926 addiderunt,

165 1957 293 2011 ohelo
329 1955 640 2022 pra-notavi.
678 1952 919 2008 Libanus
958 1968 1111 2009 mons
1155 1955 1436 2011 Phoenicis
1471 1963 1576 2021 est,
1609 1970 1724 2011 ειν

164 2049 296 2103 δειρῆς
319 2049 604 2100 arboribus
658 2047 933 2111 consitus,
976 2061 1115 2114 quas
1171 2046 1464 2101 Psalmista
1498 2048 1705 2103 descri-

164 2141 273 2194 bens
296 2153 362 2192 ait
392 2155 406 2191 :
443 2138 555 2190 Vidi
586 2138 809 2207 impium
841 2138 1322 2205 superexaltatum,
1369 2149 1419 2193 et
1442 2140 1704 2194 eleuatum

163 2232 290 2300 quasi
350 2233 529 2284 cedro:
582 2230 770 2283 Libani
810 2229 993 2299 (Psal.
1043 2247 1228 2295 xxxvi,
1265 2232 1382 2301 55).
1418 2230 1484 2284 Et
1513 2234 1565 2285 in
1599 2230 1706 2285 alio

165 2328 263 2379 loco
319 2339 331 2374 :
388 2324 634 2378 Conteret
712 2321 968 2376 Dominus
1024 2325 1208 2376 cedrus
1262 2320 1454 2375 Libani
1498 2318 1703 2391 (I’sal.

165 2433 323 2478 mni,
356 2416 459 2488 5).
499 2417 779 2482 Multaque
819 2415 923 2467 alia
948 2478 955 2483 θ
980 2428 1101 2484 quae
1168 2416 1347 2467 studio
1421 2414 1705 2468 brevitatis

164 2511 408 2569 praetereo.
440 2504 514 2557 De
552 2505 656 2556 hoc
681 2501 961 2570 quondam
1011 2500 1199 2556 Hiram
1245 2518 1338 2556 rex
1370 2504 1519 2575 Tyri,
1551 2501 1708 2556 Salo-

166 2593 490 2661 muniJoppeu
532 2594 675 2664 ligna
697 2592 965 2656 mittebat,
981 2594 1045 2644 ad
1061 2591 1430 2648 aediﬁcandum
1449 2592 1706 2663 templum

168 2690 244 2742 Dei
270 2686 390 2756 (HI
417 2686 543 2757 Reg.
578 2703 642 2751 v;
688 2684 745 2740 ll
769 2686 963 2739 Paral.
1004 2689 1092 2756 tt).
1130 2686 1201 2740 De
1231 2702 1338 2754 quo
1361 2688 1524 2740 etiam
1565 2684 1709 2739 nunc
1735 2686 1747 2700 '

166 2779 411 2850 Scriptura
448 2782 743 2850 promittit,
802 2781 1036 2833 abietem
1068 2789 1123 2831 et
1174 2779 1374 2832 buxum
1408 2789 1462 2832 et
1494 2779 1707 2848 pinum,

168 2872 455 2944 sive,quta
493 2871 881 2941 Septuaginta,
914 2871 1254 2941 cyparissum
1303 2880 1360 2926 et
1412 2872 1599 2939 pinum
1653 2880 1710 2924 et

162 2968 374 3030 cedrum,
422 2969 697 3038 autjuxta
745 2964 1018 3034 Aquilam,
1056 2965 1297 3031 abietem,
1331 2965 1616 3031 thaadaor,
1656 2973 1707 3017 et

165 3059 398 3113 Thoassur
413 3060 451 3124 ‘;
474 3063 557 3114 vel
571 3060 723 3129 juxta
745 3058 1196 3121 Tlteodotionem,
1216 3055 1423 3125 Bracis,
1441 3056 1709 3122 Thadaar,

162 3152 483 3218 etTIteassur,
502 3155 667 3208 simul
695 3167 815 3207 esse
840 3153 1149 3216 «edendas,
1170 3160 1227 3204 ttt
1245 3151 1546 3205 aedificetur
1573 3160 1711 3205 tem-

162 3249 281 3314 pluut
324 3249 470 3303 Sion.
524 3247 682 3313 Quod
746 3245 791 3299 si
844 3245 915 3298 ita
972 3253 1077 3307 est,
1139 3244 1231 3297 ubi
1288 3244 1392 3296 erit
1461 3258 1624 3297 aurea
1655 3255 1711 3297 et

159 3350 394 3407 geminata
443 3338 791 3393 Jerusalem?
851 3337 938 3390 ubi
992 3350 1128 3388 uxor
1188 3334 1367 3404 Agni?
1417 3335 1507 3388 ubi
1537 3344 1709 3404 portas

161 3432 408 3485 duodecim
438 3447 779 3500 gemmarum
811 3431 1075 3484 varietate
1097 3428 1411 3483 distittCtae?
1434 3427 1545 3483 Nisi
1569 3429 1712 3485 forte

162 3538 319 3577 tuttros
365 3525 589 3579 habebit
631 3535 686 3577 et
736 3524 1089 3577 iundamenta
1137 3530 1446 3588 gemmata,
1475 3532 1532 3576 et
1568 3532 1709 3576 tem-

160 3620 283 3681 plum
304 3623 437 3686 quod
454 3618 704 3679 ornatius
725 3634 845 3673 esse
863 3619 1109 3682 deberet,
1127 3615 1288 3684 lignis
1321 3615 1705 3670 tediticabitur.

161 3709 252 3770 Qua
276 3714 477 3763 ratione
509 3712 890 3780 cOmpelltmur
932 3712 1114 3765 omnia
1168 3708 1529 3779 Spiritualiter
1558 3710 1710 3763 acci-

161 3814 285 3867 pere,
365 3806 510 3873 quod
561 3805 731 3865 abies,
799 3804 1130 3875 cyparissus,
1184 3804 1370 3872 pinus.
1404 3814 1459 3857 et
1487 3802 1706 3868 cedrus,

162 3897 356 3952 excelsa:
385 3900 663 3967 quondam
725 3894 916 3950 Libani
975 3899 1221 3956 arbores.
1279 3886 1710 3965 glor'iiieaverint

160 3997 382 4057 lttlttpllllll
437 3992 559 4056 Dei,
608 4000 661 4043 et
693 3978 895 4044 locum.
920 3991 1117 4057 pedum
1150 3989 1319 4052 illius,
1353 3997 1409 4042 et
1443 3988 1705 4057 inclytum

158 4082 374 4138 irceriut.
406 4087 481 4139 Ac
515 4101 587 4138 ne
618 4088 778 4155 longo
825 4096 1079 4135 sermone
1105 4096 1325 4134 sensum
1352 4082 1589 4141 traham,
1622 4079 1707 4132 vir

160 4184 351 4226 sanctus
394 4185 447 4226 et
500 4173 986 4245 eloquentissimus
1030 4179 1241 4238 martyr
1289 4166 1619 4238 Cyprianus,
1652 4174 1708 4221 et

162 4267 302 4317 nostri
357 4265 515 4335 727
566 4265 825 4334 temporis
874 4266 1162 4319 coitiessor
1211 4260 1473 4325 Hilarius,
1527 4276 1706 4315 nonne

162 4359 237 4408 ubi
269 4364 507 4414 visentur
556 4362 780 4413 excelsa:
835 4357 1110 4426 quondam
1140 4356 1193 4408 in
1221 4355 1425 4409 saeculo
1455 4355 1706 4419 arbores,
1739 4385 1788 4444 Β

158 4454 425 4507 mdrticasse
466 4454 762 4505 Ecclesium
816 4452 952 4504 Det?
993 4450 1256 4519 Quodque
1289 4452 1532 4516 sequitur
1583 4460 1599 4501 :
1642 4447 1704 4500 Et

162 4546 331 4596 iruient
363 4550 429 4598 ad
473 4558 521 4599 te
551 4547 717 4610 curri,
773 4548 888 4599 sive
911 4543 1371 4611 rererteutes,ﬁiii
1402 4558 1582 4595 eorum
1612 4542 1704 4610 qui

162 4639 541 4691 lmunhurerunt
578 4650 624 4692 te
650 4651 738 4694 τοι
782 4639 1079 4691 aderalmut
1113 4640 1327 4706 vestigia
1358 4639 1551 4704 pedum
1581 4644 1704 4690 tuo-

163 4744 278 4789 rum,
309 4747 481 4782 attines
516 4733 607 4799 qui
654 4730 993 4783 detraxerant
1032 4730 1149 4791 tibi,
1197 4731 1265 4783 de
1316 4732 1402 4783 his
1442 4728 1707 4783 debemus

166 4830 435 4889 tutctttgete
454 4861 471 4885 ,
528 4824 623 4892 qui
648 4840 753 4875 non
781 4823 1082 4886 Volttutate,
1111 4824 1205 4877 sed
1229 4822 1557 4875 necessitate
1576 4830 1708 4886 sunt

160 4910 422 4968 Chnstiattt
457 4930 474 4971 :
501 4926 559 4969 et
580 4927 720 4971 metu
744 4916 965 4970 oﬂ'ensze
993 4913 1363 4985 regnantium,
1388 4914 1708 4969 timentibus

162 5016 337 5059 amans
388 5008 744 5064 inclinantur.
783 5007 874 5063 Vel
918 5018 1066 5061 certe
1095 5009 1238 5077 quod
1271 5008 1424 5075 prius
1447 5020 1708 5075 persecu-

163 5103 306 5160 tores,
347 5113 532 5166 postea
581 5101 936 5155 crediderint.
990 5098 1179 5165 Qualis
1208 5097 1311 5154 fuit
1346 5109 1401 5152 et
1423 5099 1702 5170 apostolus

1738 3034 1781 3089 Β

207 5208 363 5289 Ιξω
412 5211 685 5269 Thaussur
714 5215 854 5284 apud
887 5215 1388 5289 Aquilamquoqne
1443 5215 1701 5272 Τιιαάααν

161 5276 237 5359 ξμὶί
282 5282 486 5359 legunt,
534 5298 697 5359 utqu_e
749 5276 979 5339 'videtur
1031 5276 1255 5359 rectius,
1297 5276 1525 5359 'sicque
1556 5294 1701 5359 apud

161 5345 908 5425 'l'ueoduttonem.'Tltaassur
963 5373 1059 5425 pro
1132 5345 1431 5411 Tlteussur:
1483 5345 1706 5413 Nummi

162 5428 316 5502 autem
371 5424 530 5502 Brant
563 5438 816 5502 tuendum
875 5424 1055 5481 tneSSe
1117 5430 1482 5497 suspicamur,
1524 5431 1708 5502 legen-

163 5498 375 5569 dumque
400 5496 607 5569 Δὶίτιιιιιὶ
650 5514 669 5551 :
697 5514 820 5550 nam
862 5513 1051 5551 vocem
1080 5496 1259 5565 inhi,
1298 5501 1469 5569 βραθὺ
1526 5496 1727 5555 reddit‘

166 5564 502 5639 Syrtiumehus
564 5569 664 5622 lsa.
712 5584 760 5622 c.
799 5582 885 5633 Lv,
944 5569 1032 5633 i3,
1095 5581 1149 5621 et
1212 5564 1348 5623 mss:
1404 5571 1727 5639 aniiquiss.’

165 5636 286 5694 apud
343 5634 641 5689 Mentisne.
706 5644 792 5691 tne
851 5642 1011 5691 habet
1058 5639 1232 5705 Bruti,
1299 5656 1419 5710 qua:
1471 5634 1573 5698 mit
1633 5650 1707 5697 tiit

434 5733 699 5791 Ριτιιυι..
751 5732 957 5793 XXIV.

646 195 1145 260 COMMENTAR.
1192 196 1278 258 ΙΝ
1312 197 1581 259 ISAIAM
1622 195 2087 258 PROPIIETAM
2122 193 2268 253 LIB.
2300 192 2489 259 XVII,
2529 191 2691 254 CAP.
2735 193 2852 256 LX.

3269 195 3374 258 6I8

1800 306 2022 370 Paulus,
2106 305 2200 375 qni
2259 305 2690 375 persequebatur
2762 302 3065 362 Ecclesiam
3123 307 3261 368 Dei.
3315 319 3375 363 et

1799 414 1987 473 postea
2022 414 2116 455 vas
2171 398 2460 454 electionis
2490 398 2905 476 cst_appellatus
2932 398 3072 467 (Act.
3117 400 3215 471 ιι).
3242 399 3377 457 Cum

1802 498 1918 552 haec
1974 496 2049 550 ita
2098 493 2309 548 iuerint
2342 492 2587 561 expleta,
2622 500 2683 545 ut
2724 492 2896 546 intret
2927 492 3169 561 gentium
3210 492 3384 562 pleni-

1801 588 1966 651 tudo,
2026 593 2154 639 tune
2213 584 2392 638 omnis
2462 582 2630 638 Israel
2705 582 2886 637 salvus
2939 582 3053 639 fiet.
3104 580 3193 637 Et’
3224 599 3389 640 voca-

1800 675 1947 730 bitur
1972 687 2100 728 vere
2121 672 2316 728 civitas
2372 672 2582 726 liotnini
2626 672 2779 737 Sion,
2813 672 2997 728 Sancti
3041 674 3229 742 Israel,
3261 690 3381 745 qua!

1801 764 2054 821 consistit
2094 765 2147 818 in
2183 763 2400 833 specula
2425 803 2440 830 ,
2464 775 2520 818 et
2567 767 2634 820 de
2665 774 2897 834 utroque
2923 765 3122 835 populo
3146 781 3383 836 caugre-

1800 867 1924 927 gata
1953 865 2055 911 est.
2108 904 2109 907 η

1880 995 2059 1066 (Vers.
2092 993 2180 1063 15,
2220 996 2335 1067 l6.)
2372 1014 2391 1048 ι
2430 996 2536 1050 Pro
2557 1011 2623 1051 eo
2665 997 2808 1067 quod
2842 996 2990 1053 fuisti
3017 996 3301 1064 derelicta,
3327 1005 3383 1053 et

1805 1088 1930 1143 odio
1972 1090 2176 1156 habita,
2223 1098 2278 1143 et
2335 1104 2440 1143 non
2482 1098 2601 1143 erat
2645 1091 2737 1160 qui
2781 1092 3146 1160 pertransiret
3189 1089 3385 1164 [ναις.

1808 1197 1903 1250 per
1932 1191 1982 1237 te
2011 1176 2338 1253 transit-et],
2386 1196 2583 1250 ponam
2611 1189 2661 1236 te
2707 1182 2757 1235 in
2800 1183 3111 1251 superbiam
3159 1185 3387 1239 saaculo-

1810 1286 1951 1331 rttm,
2008 1273 2267 1340 gaudium
2339 1272 2391 1324 in
2451 1272 2802 1341 generatione
2854 1284 2908 1326 et
2952 1274 3389 1344 geneationemt

1808 1376 1970 1431 suges
2002 1362 2088 1417 lac
2119 1363 2384 1432 gentium,
2438 1371 2494 1417 et
2541 1362 2777 1416 mamilla
2806 1370 3028 1433 regnum
3065 1363 3389 1420 laetaberis.

1810 1457 1876 1511 Et
1896 1458 2055 1521 scies,
2085 1459 2211 1528 quia
2247 1472 2345 1529 ego
2384 1456 2643 1510 Dominus
2690 1457 2906 1511 salvans
2949 1465 3021 1521 te,
3074 1466 3130 1511 et
3168 1457 3389 1512 redem.

1812 1559 1934 1617 ptor
1984 1558 2110 1605 tuus
2168 1550 2325 1604 fortis
2379 1547 2570 1604 Iacob.
2610 1566 2629 1600 ι
2658 1546 2800 1601 LXX
2844 1564 2861 1604 :
2905 1566 2924 1600 ι
2988 1548 3094 1604 Pro
3128 1563 3194 1604 eo
3247 1549 3390 1620 quod

1814 1641 1967 1696 fuisti
2017 1642 2302 1705 derelicta,
2345 1652 2399 1696 et
2463 1643 2589 1697 odio
2645 1642 2855 1707 habita,
2887 1653 2938 1696 et
2990 1658 3099 1698 nou
3132 1651 3253 1697 erat
3296 1641 3390 1712 qui

1812 1735 2216 1789 auxiliaretur:
2278 1750 2472 1805 ponam
2503 1746 2556 1789 te
2602 1736 3024 1791 exsultationem
3078 1745 3335 1790 aeternam
3373 1775 3389 1801 ,

1806 1827 2058 1895 gaudium
2088 1829 2501 1896 generatiounm
2588 1827 2639 1882 in
2673 1828 3082 1896 generationes.
3131 1830 3199 1883 Et
3231 1843 3391 1899 sugcs

1806 1918 1892 1973 lae
1921 1919 2193 1989 gentium,
2234 1930 2289 1975 et
2351 1920 2572 1976 divitias
2598 1936 2789 1991 regum
2830 1922 3105 1978 comedes.
3150 1921 3215 1975 Et
3248 1925 3391 1978 scies

1806 2012 1933 2082 quia
1971 2027 2073 2080 ego
2106 2012 2366 2068 Dominus
2400 2014 2492 2083 qui
2534 2016 2742 2068 salvam
2788 2024 2842 2069 te
2882 2013 3007 2079 feci,
3049 2023 3106 2070 et
3142 2016 3234 2084 qui
3262 2012 3385 2069 erui

1808 2112 1885 2167 te,
1930 2103 2073 2160 Deus
2106 2104 2295 2161 Jacob.
2344 2126 2364 2159 ι
2416 2107 2547 2173 Qua:
2578 2110 2731 2176 prius
2760 2108 2937 2163 fuerat
2994 2110 3281 2173 derelicta,
3336 2121 3393 2163 et

1809 2197 1935 2251 odio
1999 2196 2211 2263 habita,
2266 2198 2453 2253 fractis
2510 2200 2563 2253 in
2623 2209 2674 2254 te
2729 2201 2936 2266 ramis,
2987 2203 3112 2271 quia
3154 2203 3388 2256 fructum

1811 2301 1921 2341 non
1963 2289 2259 2344 attulerant
2310 2309 2323 2344 :
2395 2293 2486 2359 qui
2552 2292 2754 2348 idcirco
2827 2292 2988 2349 fracti
3028 2305 3197 2361 sunt,
3261 2297 3391 2366 quia

1811 2379 1991 2434 nullus
2021 2392 2137 2435 erat
2179 2381 2271 2449 qui
2313 2383 2692 2450 pertransiret,
2726 2395 2778 2438 et
2818 2385 2889 2441 ibi
2930 2386 3197 2455 praeberet
3235 2390 3395 2444 auxi~

1810 2467 1938 2522 lium
1983 2472 2087 2524 :de
2118 2472 2315 2539 quibus
2351 2474 2404 2526 in
2442 2474 2664 2540 psalmis
2694 2475 2892 2530 dicitur
2932 2492 2946 2530 :
2989 2477 3060 2531 Et
3108 2494 3211 2533 non
3238 2480 3392 2535 dixe-

1812 2567 1936 2612 runt
1965 2560 2055 2629 qui
2074 2562 2432 2629 .prazteribam
2465 2579 2484 2615 :
2521 2564 2826 2621 Benedictio
2876 2566 3090 2624 Domini
3116 2585 3273 2640 super
3300 2586 3391 2626 vos

1814 2650 1992 2722 (Psal.
2023 2668 2247 2721 cxxvnt,
2277 2655 2367 2727 8);
2399 2664 2687 2727 propterea
2742 2673 2943 2727 ponam
3003 2672 3055 2718 te
3107 2662 3161 2717 in
3200 2679 3394 2735 super-

1815 2745 1956 2799 biam
1990 2749 2403 2817 sempiternam,
2443 2750 2558 2805 sive
2613 2752 2669 2806 in
2700 2752 3121 2810 exsultationem
3159 2764 3213 2813 et
3258 2773 3394 2828 gau-

1814 2837 1961 2890 dium
1998 2837 2226 2894 duarum
2254 2836 2672 2911 generationhm
2735 2860 2752 2897 :
2795 2862 2890 2913 pro
2923 2849 3167 2917 pristinis
3202 2853 3393 2919 ramis,

1815 2930 1933 2984 aliis
1991 2931 2213 2987 insertis
2273 2933 2339 2988 de
2411 2934 2649 2989 oleastro
2721 2938 3026 3005 nationum,
3067 2943 3157 3011 qui
3204 2955 3394 2998 contra

1815 3032 2069 3079 naturam
2142 3026 2378 3095 exempli
2448 3027 2678 3083 all’erent
2732 3030 2965 3097 fructus,
3044 3051 3152 3089 non
3192 3036 3394 3105 prioris

1821 3117 2230 3186 amaritudinis,
2255 3120 2350 3199 sed
2385 3121 2711 3189 dulcedinis,
2737 3139 2899 3195 quam
2933 3127 3001 3182 de
3033 3130 3215 3184 radice
3244 3145 3397 3186 sums

1817 3219 2073 3280 pseruut.
2109 3212 2283 3282 Suges
2319 3230 2538 3285 quoque
2597 3219 2681 3272 lac
2736 3222 3005 3289 gentium,
3060 3232 3112 3277 et
3155 3225 3396 3280 mamilla

1815 3294 2001 3370 regum
2032 3302 2344 3359 laetaberis.
2380 3306 2483 3372 Qui
2532 3309 2683 3364 locus
2708 3326 2873 3381 quem
2914 3329 3131 3369 sensum
3175 3316 3393 3385 habeat,

1813 3408 1981 3465 super
2019 3396 2231 3465 plenius
2270 3402 2640 3469 exposuimus,
2684 3405 3019 3462 disserentes
3087 3408 3240 3464 illum
3278 3426 3400 3466 ver-

1816 3487 2070 3554 siculum,
2107 3488 2242 3544 Filii
2272 3492 2350 3545 lui
2378 3492 2442 3545 de
2499 3493 2649 3561 longe
2688 3500 2916 3562 uenient,
2953 3509 3000 3552 et
3051 3500 3180 3569 filim
3207 3515 3312 3555 iure
3338 3504 3394 3557 in

1813 3580 1983 3634 latere
2006 3591 2193 3653 sugent
2226 3585 2269 3637 ¹.
2326 3582 2453 3638 Sive
2484 3584 2635 3655 juxta
2660 3583 3039 3659 Septuaginta,
3070 3592 3281 3648 diuitias
3315 3611 3397 3650 re-

1813 3691 1937 3744 gum
1972 3677 2231 3732 comedas.
2267 3677 2400 3744 Quae
2455 3681 2655 3736 divitiae
2709 3683 3014 3739 secundum
3066 3684 3390 3743 llebraieam

1815 3770 2122 3836 veritatem,
2144 3772 2309 3826 ubera
2330 3781 2461 3828 sunt
2489 3789 2672 3844 regum
2693 3785 2856 3847 atque
2870 3776 3179 3844 doctorum,
3195 3781 3395 3851 quibus

1813 3862 2155 3915 nascentium
2182 3863 2234 3916 in
2261 3862 2483 3921 Christo
2527 3868 2772 3922 eruditur
2795 3879 2851 3925 et
2881 3872 3120 3927 nutritur
3142 3873 3390 3929 infantia.

1786 3953 1945 4021 [Quae
1979 3968 2099 4006 cum
2127 3954 2338 4009 snxeris
2373 3965 2427 4010 et
2461 3959 2776 4026 perveneris
2806 3961 2875 4014 ad
2918 3961 3152 4017 solidum
3184 3962 3391 4025 cibum.

1813 4043 1979 4115 728
2009 4054 2070 4098 ιιι
2105 4046 2321 4101 divitias
2351 4063 2565 4118 quoque
2587 4049 2962 4121 hujuscemodi
2990 4068 3180 4125 regum
3211 4069 3395 4110 corne-

1814 4141 1911 4191 das
1977 4148 2159 4193 :tunc
2196 4140 2339 4195 scies
2392 4141 2533 4210 quod
2593 4157 2694 4211 ego
2758 4158 2877 4199 sum
2941 4143 3191 4200 Salvator
3225 4156 3391 4214 tuus,

1812 4232 1904 4299 qui
1963 4233 2169 4286 redemi
2235 4240 2288 4287 te
2338 4236 2600 4317 sanguine
2643 4251 2782 4306 meo,
2849 4238 2965 4295 sive
3026 4238 3169 4297 Deus
3234 4240 3394 4299 fortis

1812 4319 2003 4380 Jacob.

1884 4463 2066 4535 (Vers.
2099 4466 2166 4520 17
2204 4466 2387 4538 seqq.)
2431 4486 2451 4519 ι
2490 4466 2593 4523 Pro
2627 4485 2737 4527 aere
2791 4471 3011 4529 afferam
3044 4491 3257 4544 aurum,
3288 4494 3393 4549 pro

1809 4558 1957 4613 ferro
1988 4558 2213 4615 afferam
2244 4571 2554 4630 argentum,
2584 4574 2643 4620 et.
2671 4582 2770 4636 pro
2801 4567 2964 4635 lignis
2993 4584 3087 4633 aes.
3108 4581 3164 4624 et
3185 4586 3284 4640 pro
3305 4573 3385 4627 la-

1811 4652 2030 4722 pidibus
2048 4653 2291 4710 ferrum:
2314 4666 2370 4709 et
2387 4670 2584 4723 ponam
2612 4658 2979 4714 visitationem
3001 4672 3143 4715 tuam
3174 4678 3388 4733 pacem,

1811 4752 1867 4798 et
1889 4746 2208 4814 praepositos
2242 4756 2363 4802 tuos
2390 4750 2444 4803 in
2473 4750 2771 4818 justitiam.
2800 4751 2918 4806 Non
2958 4755 3208 4806 audietur
3242 4756 3382 4810 ultra

1814 4834 2071 4905 iniquitas
2094 4837 2148 4891 in
2169 4847 2315 4892 terra
2335 4847 2447 4904 tua,
2474 4841 2701 4894 vastitas
2717 4849 2774 4894 et
2794 4841 3048 4894 contritio
3067 4843 3119 4894 in
3141 4845 3387 4899 terminis

1813 4928 2012 4991 tuis,et
2041 4930 2329 4998 occupabit
2362 4932 2510 4985 salus
2535 4945 2724 4985 murus
2755 4941 2901 4991 tuos.
2936 4943 2990 4985 et
3042 4942 3226 5002 portas
3261 4943 3385 4991 tuas

1813 5021 2076 5077 laudatio.
2108 5040 2129 5073 ι
2160 5021 2304 5078 LXX
2334 5038 2348 5076 :
2380 5043 2399 5076 ι
2435 5023 2541 5079 Pro
2562 5040 2670 5081 rere
2700 5024 2922 5081 afferam
2945 5029 3037 5081 tibi
3075 5042 3290 5097 aurum,
3335 5041 3394 5087 et

1814 5129 1912 5184 pro
1932 5114 2080 5171 ferro
2106 5115 2252 5172 dabo
2279 5117 2375 5172 tibi
2410 5127 2719 5189 argentum,
2745 5128 2802 5173 et
2826 5134 2926 5189 pro
2959 5119 3123 5191 lignis
3151 5097 3386 5177 tribuam

1812 5240 2057 5284 veterum
2077 5232 2409 5305 editionum,
2450 5250 2637 5305 qu:th
2672 5234 2914 5303 ineptam
2946 5246 3106 5292 vocat
3169 5236 3389 5291 Martia-

1813 5302 2219 5372 naeus,_scilicet
2278 5302 2735 5372 Prati,’proxime
2759 5302 2985 5361 accedit.

1804 5400 1811 5407 ι
1886 5372 1935 5450 ⁸.
1962 5369 2029 5422 Et
2079 5372 2209 5436 ﬁlia:
2257 5382 2360 5450 tua:
2409 5369 2660 5450 ing—latere
2690 5387 2899 5446 augent.
2934 5378 3209 5433 Constans
3236 5390 3393 5430 error

1813 5450 1897 5495 est
1922 5444 1979 5515 in
2031 5455 2196 5515 antea
2232 5444 2598 5515 editisbbrts,
2627 5450 2716 5515 qui
2746 5444 2801 5501 et
2838 5464 2893 5501 tn
2924 5465 3081 5502 sacro
3106 5457 3392 5508 contextu,

1813 5527 1862 5588 et
1928 5512 1979 5561 itt
2022 5510 2451 5588 Commentariis
2516 5510 2736 5586 semper
2782 5523 2988 5588 legunt,
3036 5519 3253 5584 lat/ima
3285 5530 3397 5568 tua“:

1816 5581 1899 5633 lac
1931 5592 2167 5654 _sugenl.
2221 5582 2328 5635 Nos
2387 5586 2454 5638 ad
2512 5581 2672 5641 Ililctit
2711 5581 3135 5643 tttssft-outcnnt
3188 5595 3403 5654 ubique

1815 5650 2153 5705 restituttnus
2193 5653 2245 5706 in
2277 5653 2443 5708 latere
2497 5670 2704 5727 sugeut.
2738 5660 3001 5713 ΜΑιιτιΑιι.

2998 5754 3075 5814 eo

3474 5868 3711 5991 Γ
