3906 6172
478 277 589 343 619
1654 275 1717 339 S.
1760 274 2067 336 EUSEBII

2114 274 2515 340 HIERONYM
2529 280 2553 339 t
3600 284 3689 358 ’6Ξο

484 393 579 449 tibi
601 406 698 463 sas,
729 401 787 448 et
814 403 912 461 pro
937 389 1205 460 lapidibus
1248 387 1476 444 ferrum.
1497 387 1567 444 Et
1604 391 1745 447 dabo
1777 390 2061 462 principes
2100 400 2145 455 Α
2178 394 2262 447 ol
2320 404 2470 459 tuus,
2516 406 2572 449 et
2604 396 2730 448 luna
2785 404 2872 450 tua
2916 411 3022 451 non
3071 397 3354 466 minuetur,
3400 402 3513 472 quia
3540 406 3685 463 Domi.

484 496 606 541 tuos
628 486 682 539 in
707 496 866 554 pace,
884 491 937 537 et
958 483 1242 553 episeOpos
1261 491 1383 537 tuos
1407 483 1461 535 in
1488 480 1721 551 justitia,
1750 493 1805 538 et
1838 496 1946 539 non
1972 499 2074 538 au-

485 578 665 631 dietur
695 577 834 630 ultra
856 574 1115 646 iniquitas
1156 573 1208 627 in
1247 580 1392 628 terra
1442 580 1553 640 tua,
1590 586 1767 643 neque
1806 577 2067 631 contritio

485 680 538 725 et
579 668 795 723 miseria
825 668 876 721 in
906 667 1107 722 ﬁnibus
1136 666 1246 721 tuis
1288 681 1304 721 :
1334 667 1427 722 sed
1470 669 1811 723 vocabuntur
1835 669 2080 724 salutare

488 759 626 813 inuri
654 760 755 822 tui,
794 769 851 812 et
889 765 1059 827 portat
1100 764 1209 810 tuae
1247 756 1553 827 sculptura.
1577 774 1601 809 ι
1637 757 1836 813 Eadem
1863 773 1950 814 res
1983 775 2081 828 pro

499 855 744 907 locorum
775 850 1059 919 qualitate,
1125 847 1284 905 alteri
1331 864 1525 922 genus,
1559 849 1720 905 alteri
1751 853 1981 920 species.
2019 852 2082 905 Et

486 960 552 999 ne
592 946 656 999 de
697 944 931 1010 artibus,
971 941 1247 996 rhetorica
1285 956 1351 997 ac
1378 942 1662 997 dialectica
1703 943 1886 999 dicere
1923 942 2082 1013 quid-

487 1039 631 1106 piam
686 1035 889 1098 videar,
950 1047 1148 1104 ponam
1208 1033 1457 1104 exempla
1524 1033 1882 1099 communia,
1959 1048 2080 1103 quae

488 1130 699 1199 possint
729 1128 1033 1198 simplicem
1069 1127 1326 1182 lectorem
1362 1128 1656 1183 instruere.
1685 1126 1857 1183 Filius
1900 1142 2077 1191 meus,

484 1222 576 1289 qui
642 1221 709 1273 ad
742 1234 826 1273 ine
866 1219 1079 1288 species
1117 1225 1223 1284 est,
1273 1224 1327 1272 et
1368 1232 1455 1273 me
1507 1217 1671 1273 habet
1711 1232 1924 1289 genus,
1969 1217 2078 1272 ﬁlio

483 1326 585 1364 suo
623 1326 792 1381 genus
828 1321 934 1364 est.
968 1309 1154 1363 Dicam
1182 1318 1236 1362 et
1268 1306 1436 1372 aliud,
1477 1307 1622 1378 quod
1665 1308 1824 1362 alteri
1876 1310 2077 1376 ntajus,

484 1403 639 1455 tillt‘l‘i
672 1401 856 1456 minus
919 1408 1023 1454 est.
1061 1399 1322 1454 Centurio
1360 1402 1610 1470 gregario
1667 1401 1839 1454 utilite
1876 1402 2074 1467 major,

489 1494 714 1548 tribuno
756 1494 936 1547 minor
966 1502 1071 1547 est.
1099 1490 1354 1561 Quinque
1390 1491 1547 1561 pauci
1572 1502 1700 1546 sunt
1732 1495 1799 1548 ad
1840 1494 2024 1548 decem
2058 1509 2073 1548 :

487 1590 672 1655 plures
724 1586 791 1640 ad
830 1600 1022 1640 unum.
1055 1584 1196 1654 Ergo
1237 1583 1289 1637 in
1320 1585 1721 1640 instauratione
1768 1584 2074 1655 spiritualis

482 1676 817 1740 Jerusalem,
854 1676 1001 1744 ligna
1059 1682 1340 1730 vertentur
1383 1673 1435 1726 iii
1491 1688 1589 1741 aes,
1617 1683 1668 1727 et
1697 1672 1908 1743 lapides
1959 1691 2078 1727 niu-

486 1768 828 1824 tabuuturin
859 1765 1089 1831 ferrum,
1120 1765 1295 1830 idest,
1318 1765 1466 1820 bruti
1494 1764 1770 1835 quondam
1801 1773 1857 1820 et
1891 1765 2079 1820 insen-

483 1862 676 1917 sibiles
706 1859 980 1926 homines,
1014 1858 1072 1913 in
1100 1871 1197 1911 eas
1227 1855 1490 1912 materias
1528 1858 1910 1920 mutabuntur,
1950 1873 2074 1926 quae

487 1953 779 2007 utilitatem
814 1951 1053 2021 aliquant
1086 1950 1366 2022 prtebeant
1395 1948 1628 2003 civitati.
1676 1947 1966 2019 Ipsumque
2000 1964 2075 2003 tes

484 2058 537 2101 et
561 2046 764 2100 ferrum
791 2059 890 2114 per
916 2051 1207 2115 augmenta
1238 2042 1523 2108 virtutum,
1556 2042 1611 2096 in
1664 2056 1858 2096 aurum
1883 2056 2075 2112 argen-

486 2148 712 2207 tumque
741 2135 1114 2198 mutabuntur;
1148 2140 1209 2187 ut
1248 2147 1596 2204 nequaquam
1646 2134 1899 2189 utilitatis
1949 2149 2073 2203 spe-

485 2233 650 2297 ciem,
682 2230 774 2284 sed
795 2227 1033 2299 pretium
1055 2242 1274 2298 quoque
1314 2226 1554 2282 itabeant
1582 2242 1646 2282 ac
1677 2208 1955 2283 decorem:
2002 2228 2077 2283 De

486 2338 621 2378 auro
634 2331 687 2377 et
710 2331 960 2389 argento,
986 2322 1113 2389 quid
1137 2317 1448 2390 signiﬁcent
1467 2320 1518 2374 iii
1539 2320 1836 2390 Scripturis
1850 2324 2076 2387 sanctis,

487 2415 687 2486 saepius
709 2413 970 2468 diximus.
1000 2409 1871 2482 Ponam,iiiquit,principes_luos
1896 2414 1949 2466 in
1979 2432 2082 2477 pa-

487 2526 617 2577 cem,
644 2518 691 2561 ει
717 2507 985 2577 episcopos
1013 2506 1209 2560 tuosin
1226 2504 1523 2573 justitiam.
1557 2504 1661 2559 Pro
1724 2521 1831 2575 quo
1869 2507 1920 2559 in
1978 2505 2082 2559 He-

487 2602 671 2657 braico
687 2603 949 2670 scriptunt
970 2609 1084 2654 est:
1102 2597 1307 2652 Ponant
1328 2598 1682 2653 visitationem
1709 2609 1856 2651 tuam
1872 2615 2079 2667 pacem,

486 2704 534 2750 et
568 2694 880 2765 praepositos
922 2702 1040 2745 tuos
1079 2691 1132 2744 in
1159 2692 1457 2760 justitiam.
1529 2689 1586 2743 In
1637 2704 1747 2759 quo
1783 2688 2082 2772 Scriptura:

489 2796 690 2840 sanetae
717 2783 1036 2838 admiranda
1064 2780 1345 2853 majestas,
1373 2780 1518 2851 quod
1554 2780 1830 2850 principes
1862 2780 2080 2837 futuros

488 2869 774 2937 Ecclesiae,
812 2869 1098 2941 episcopos
1137 2869 1457 2937 nominavit,
1489 2884 1721 2939 quorum
1746 2873 1927 2927 omnis
1957 2872 2081 2926 visi-

492 2964 627 3021 tatio
671 2964 725 3019 in
763 2977 896 3033 pace
943 2972 1049 3031 est,
1087 2970 1143 3017 et
1166 2961 1492 3016 vocabulum
1518 2961 1802 3033 dignitatis
1841 2965 2079 3033 injusti-

493 3060 568 3112 tia
603 3073 617 3110 :
651 3064 710 3110 ut
750 3068 1089 3123 nequaquam
1112 3052 1383 3123 accipiant
1434 3066 1724 3122 personam
1753 3057 1805 3109 in
1852 3055 2079 3124 judicio,

491 3163 594 3204 nec
644 3145 901 3201 audiatur
965 3144 1249 3216 quidpiant
1293 3144 1541 3214 iniquunt
1586 3146 1640 3201 in
1696 3156 1841 3202 terra
1894 3149 2081 3204 Eccle-

493 3240 624 3302 siae.
656 3256 831 3308 neque
857 3239 1117 3295 contritio
1141 3246 1198 3293 et
1238 3238 1530 3295 infelicitas
1562 3239 1618 3293 in
1663 3241 1910 3295 terminis
1942 3241 2079 3310 ejus.

494 3331 817 3402 Ubicunque
848 3331 992 3386 enini
1033 3331 1293 3400 iniquitas
1311 3341 1416 3399 est,
1441 3340 1495 3387 et
1517 3329 1732 3401 justitia
1762 3346 1871 3387 non
1903 3349 2087 3387 sei-va-

495 3433 611 3490 tur,
651 3436 706 3479 et
767 3439 871 3493 pax
925 3423 1207 3494 perditur,
1280 3424 1395 3481 haec
1450 3427 1632 3482 omnia
1662 3442 2081 3498 consequentur.

500 3520 608 3573 Sed
643 3531 742 3588 pro
776 3517 889 3584 bis,
943 3517 1042 3583 ait,
1095 3515 1263 3588 729
1329 3519 1585 3575 omnibus
1616 3521 1897 3589 occupabit
1934 3521 2084 3575 salus

496 3628 676 3667 muros
709 3622 851 3679 tuos,
884 3612 1002 3667 sive
1030 3610 1305 3678 Salvator,
1354 3610 1446 3683 qui
1484 3614 1534 3667 iu
1585 3613 1851 3671 Hebraico
1890 3617 2085 3685 legitur

492 3703 674 3771 usus,
699 3705 843 3776 quod
869 3708 1084 3776 praprie
1107 3718 1304 3760 nomen
1336 3704 1549 3762 Domini
1568 3718 1749 3763 sonat.
1780 3709 1902 3780 ipse
1934 3710 2082 3765 enim

495 3798 757 3853 fortitudo
789 3813 1073 3853 nturorum
1128 3796 1407 3865 Ecclesiae,
1445 3814 1566 3870 qua:
1620 3800 1783 3856 habet
1818 3813 2000 3870 portas
2028 3803 2080 3855 iu

495 3891 653 3945 laude
692 3890 905 3946 Domini
949 3898 1056 3946 :ttt
1094 3890 1185 3960 qui
1215 3888 1605 3962 ingrediuntur
1653 3907 1798 3958 eam,
1844 3896 2080 3963 primunt

498 3982 713 4037 discant
760 3981 984 4037 laudare
1027 3980 1342 4048 Dominum,
1396 3992 1449 4037 et
1506 3998 1704 4039 nomen
1765 3984 1912 4039 illius
1954 4000 2083 4041 con-

496 4076 660 4133 ﬁteri.
730 4074 886 4143 Quod
935 4085 1116 4130 autem
1166 4074 1525 4148 Septuaginta
1569 4092 1667 4147 pro
1727 4079 1885 4134 laude
1907 4080 2081 4138 inter-

492 4169 692 4240 pretali
726 4178 853 4225 sunt
894 4168 1145 4240 γλύμμα,
1175 4172 1227 4224 id
1253 4180 1336 4225 est
1391 4169 1748 4239 sculpturam,
1788 4172 1894 4229 hoc
1955 4189 2081 4245 pos-

492 4276 684 4316 sumus
713 4261 917 4334 dicere,
949 4261 1092 4331 quod
1126 4270 1298 4331 portae
1324 4259 1581 4317 Ecclesia:
1605 4264 1821 4318 cunctis
1852 4264 2083 4321 debeant

491 4354 696 4409 caelata:
733 4368 855 4410 esse
895 4355 1213 4419 virtutibus,
1265 4368 1362 4424 per
1421 4369 1560 4424 quas
1594 4354 1967 4427 ingrediamur
2011 4362 2078 4415 ad

492 4462 639 4500 eant.

566 4537 750 4609 (Vers.
816 4538 906 4605 i9,
945 4538 1062 4609 20.)
1117 4557 1135 4592 ι
1167 4537 1284 4597 Non
1338 4542 1443 4596 erit
1493 4541 1591 4597 tibi
1633 4543 1865 4614 amplius
1892 4547 1973 4602 sol
2012 4548 2078 4601 ad

500 4631 801 4687 iacendum
849 4646 944 4700 per
974 4631 1140 4700 diem,
1171 4648 1269 4687 nec
1296 4633 1552 4704 splendor
1582 4634 1727 4690 luna:
1754 4637 2080 4693 i.lutninahit

491 4736 543 4784 te
600 4742 615 4780 :
664 4727 759 4781 sed
794 4727 896 4778 erit
929 4725 1025 4779 tibi
1053 4723 1315 4782 Dominus
1353 4727 1407 4782 in
1455 4729 1631 4782 lucem
1664 4729 2075 4799 sempiternam,

487 4826 540 4874 et
585 4815 725 4871 Deus
763 4826 889 4871 tuus
942 4815 995 4870 in
1052 4816 1284 4885 gloriam
1312 4826 1479 4872 tuam.
1513 4816 1633 4872 Non
1666 4821 1883 4876 occidet
1933 4823 2076 4879 ultra

564 4955 577 4984 '
618 4951 722 5006 Pro
757 4951 1036 5021 χιλιασταὶ
1080 4953 1132 5006 in
1163 4955 1508 5011 Anibrosian.
1542 4957 1722 5013 λιιάωὶ
1755 4959 2035 5014 scribitur.

566 5022 591 5054 ί
626 5021 773 5086 Quod
825 5024 869 5076 si
919 5024 1402 5093 pseudoprophetis.
1465 5027 1623 5082 Hunc
1678 5031 1852 5083 locum
1907 5031 2090 5085 variis.

492 5095 665 5149 iizodis
696 5097 1051 5167 depravzitutii
1087 5096 1329 5165 reperies
1360 5104 1502 5167 apud
1547 5098 1835 5152 Erasmtiin
1867 5108 1921 5154 et
1956 5100 2069 5153 ala-

409 5229 413 5232 ν
490 5168 705 5237 riauuin
732 5202 746 5227 ,
771 5162 1030 5237 Erasinus
1058 5162 1200 5219 enim
1231 5162 1450 5221 sensum
1484 5169 1709 5237 impium
1745 5171 1962 5225 videtur
1991 5186 2071 5224 tn-

490 5236 713 5309 dttcere,
761 5248 881 5286 cuni
919 5234 1099 5309 legat,
1138 5238 1408 5309 «Quibus
1450 5234 1687 5294 breviter
1730 5244 2070 5309 responden-

492 5306 622 5359 dum
669 5310 788 5367 est,
820 5306 1535 5377 quodhpscudoproplietis,
1591 5324 1695 5365 etc.
1728 5306 1911 5377 Quare
1961 5327 2070 5366 non

490 5388 704 5444 semper
729 5384 952 5445 sanctus
982 5375 1071 5428 ille
1095 5380 1188 5444 qui
1212 5375 1395 5440 dicit,»
1427 5391 1530 5434 etc.
1558 5375 1853 5445 Maiianns,
1882 5385 2071 5437 lectio-

488 5448 577 5499 itis
629 5444 943 5498 dillicultate
995 5457 1307 5513 superatus,
1346 5463 1578 5516 quatuor
1629 5454 1793 5505 verba
1838 5444 1990 5506 tollit
2040 5468 2071 5507 e

489 5515 689 5590 inedia,
722 5524 786 5590 ut,
809 5518 979 5590 possit
1011 5517 1187 5585 legere
1221 5533 1317 5590 suo
1348 5535 1534 5585 sensu,
1575 5540 1592 5571 ι
1632 5524 1856 5590 Semper
1887 5530 2067 5577 oritur
2104 5546 2121 5562 ι

491 5586 582 5639 Sol
611 5584 861 5654 iustitiae,
898 5587 988 5638 ille
1021 5584 1112 5654 qui
1146 5588 1301 5649 dicit,
1340 5608 1358 5639 ι
1398 5584 1813 5648 υιεςῐιιιιιιτιιιῐι.

558 5681 628 5693 --
650 5656 794 5733 idem
828 5656 1219 5733 Ambrosiam,
1240 5676 1257 5709 t
1301 5660 1454 5733 Quod
1492 5666 1983 5733 pseudoprophetis
2012 5678 2069 5724 et

487 5730 866 5797 peccatoribus
891 5741 1110 5798 semper
1142 5729 1222 5782 sol
1255 5731 1452 5784 OCt'idil.
1488 5729 1734 5788 meridie.
1769 5729 1836 5788 Et
1868 5754 1899 5790 e
1934 5757 2065 5792 cuu-

2183 500 2286 541 nus
2332 488 2443 542 erit
2499 489 2552 543 in
2612 488 2788 545 lucem
2815 490 3230 560 sempiternam,
3260 502 3313 546 et
3342 497 3692 564 complebantur

2182 578 2298 631 dies
2355 577 2538 634 luctus
2606 578 2708 632 tui.
2743 596 2763 632 ι
2810 578 2953 634 LXX
2987 594 3003 633 :
3050 598 3069 630 ε
3104 579 3172 634 Ει
3243 594 3343 634 non
3376 583 3472 636 erit
3507 585 3587 639 tibi
3629 592 3691 642 sol

2181 667 2324 721 ultra
2363 667 2418 721 iit
2454 669 2631 722 lucem
2661 669 2794 734 diei,
2827 684 3007 739 neque
3034 681 3190 726 ortus
3218 669 3355 726 luna
3376 671 3541 728 lumen
3589 694 3693 744 pra!-

2181 759 2331 814 bebit
2362 760 2458 815 tibi
2486 770 2646 817 nocte
2671 778 2687 828 ;
2721 764 2815 817 sed
2845 764 2949 817 erit
2983 762 3079 818 tibi
3109 761 3365 818 Dominus
3394 764 3473 820 lux
3512 779 3693 834 reterns,

2180 860 2231 905 et
2262 851 2406 905 Deus
2423 852 2592 921 gloria
2619 862 2727 907 tua.
2758 852 2872 909 Non
2892 854 3041 908 enim
3066 854 3281 909 occidet
3304 856 3382 910 sol
3404 856 3513 918 tibi.
3531 862 3695 914 ctltiua

2190 943 2288 998 tibi
2349 959 2461 999 non
2514 944 2750 999 deﬁciet.
2806 944 3038 1015 Eritque
3116 944 3376 1002 Dominus
3424 948 3503 1002 lux
3533 960 3697 1020 ευιιιιιςι

2184 1044 2360 1104 terna,
2394 1047 2450 1091 et
2503 1038 2929 1106 complebantur
2987 1037 3106 1093 dies
3150 1038 3326 1095 luctus
3373 1039 3461 1095 tui.
3491 1059 3509 1092 ι
3543 1042 3594 1094 Et
3622 1045 3700 1099 hoc

2180 1131 2420 1200 capitulo
2452 1131 2698 1201 cogimur
2737 1132 2920 1186 omnia
2954 1144 3075 1200 quas
3107 1132 3252 1188 dicta
3274 1144 3394 1189 sunt
3419 1145 3471 1190 et
3495 1136 3700 1201 dicenda,

2180 1226 2246 1277 ad
2297 1223 2547 1279 ultimum
2591 1224 2800 1279 referre
2850 1235 3067 1294 tempus
3120 1243 3137 1280 :
3205 1229 3439 1297 quando,
3466 1232 3589 1298 coelo
3621 1242 3700 1283 ler-

2183 1330 2350 1383 raque
2398 1317 2837 1380 transeuntibus,
2888 1319 3022 1373 solis
3081 1332 3147 1372 ac
3190 1319 3332 1375 lunie
3370 1322 3584 1375 cessabit
3610 1322 3700 1375 uiii-

2178 1392 2345 1459 cium.
2382 1404 2448 1459 Et
2470 1407 2577 1459 erit
2634 1402 2898 1460 Dominus
2939 1406 3058 1476 ipse
3102 1408 3289 1463 lumen
3323 1422 3630 1479 perpetuum,
3655 1426 3700 1466 ut

2178 1510 2301 1565 quae
2335 1496 2611 1567 χιλιαστιὶ
2649 1498 2667 1528 ¹
2721 1498 3019 1552 carnaliter
3055 1512 3306 1555 asserunt
3328 1517 3441 1576 esse
3478 1505 3704 1575 compleu-

2181 1588 2274 1652 da,
2307 1582 2405 1643 nos
2450 1588 2811 1657 spirituaiiter
2831 1589 3025 1645 futura}
3052 1604 3172 1646 esse
3201 1593 3495 1658 credamus,
3523 1595 3566 1648 in
3602 1610 3705 1665 qua-

2182 1686 2331 1742 litate
2367 1688 2817 1757 promissionum,
2844 1702 2951 1742 non
2986 1689 3039 1743 in
3073 1699 3321 1759 tempore
3368 1692 3704 1762 discrepantes.

2112 1756 2389 1846 BQuibus
2440 1781 2712 1843 breviter
2800 1756 3237 1850 respondendum
3319 1794 3439 1848 cst,
3503 1756 3703 1855 quodsi

2182 1873 2672 1943 pseudoprophetis
2752 1875 2799 1938 ⁸,
2855 1883 2911 1928 et
2991 1875 3372 1944 peccatoribus
3433 1878 3508 1932 sol
3548 1878 3707 1931 occidit

2183 1965 2433 2029 meridie,
2466 1976 2521 2020 et
2567 1979 2598 2020 e
2636 1966 2915 2021 contrario
2941 1965 3264 2022 timentibus
3329 1965 3592 2023 Dominum
3620 1970 3705 2023 ori-

2181 2066 2270 2112 tur
2321 2055 2415 2112 Sol
2452 2057 2724 2129 iustitiae:
2771 2073 2947 2129 quare
3001 2074 3106 2114 non
3163 2075 3379 2131 semper
3405 2064 3608 2127 sanctis,
3634 2063 3705 2119 ille

2182 2152 2271 2220 qui
2305 2152 2433 2206 dicit
2478 2168 2492 2206 :
2550 2151 2662 2222 Ego
2690 2170 2805 2206 sunt
2872 2153 2967 2206 (ua:
3024 2155 3213 2208 mundi
3243 2152 3427 2226 (Joan.
3471 2155 3584 2222 viti,
3620 2158 3706 2228 ιε),

2181 2247 2273 2315 qui
2305 2245 2450 2302 lucet
2500 2248 2553 2300 iit
2592 2245 2859 2312 tenebris,
2902 2255 2957 2300 et
3014 2248 3257 2303 tenebrae
3288 2262 3411 2302 eum
3450 2263 3548 2304 non
3590 2268 3708 2305 cuui-

2183 2337 2582 2406 preltenderunl
2623 2337 2642 2406 (
2671 2338 2834 2392 Joaii.
2882 2355 2895 2394 l
2929 2339 2948 2409 )
2979 2338 3002 2391 ?
3048 2338 3153 2393 Per
3175 2338 3314 2393 diem
3343 2343 3517 2410 quippe
3540 2340 3612 2395 sa!
3631 2358 3708 2395 non

2183 2438 2300 2482 uret
2349 2445 2466 2496 nos,
2501 2446 2668 2501 neque
2697 2431 2824 2484 luna
2855 2448 2949 2500 per
3000 2441 3204 2485 noctem
3265 2431 3459 2505 (Psai.
3508 2450 3614 2502 cxx,
3653 2435 3709 2503 6).

2185 2518 2319 2587 Quia
2379 2524 2641 2578 habemus
2740 2524 3029 2579 Dominum
3097 2526 3272 2581 lucem
3328 2540 3631 2599 perpetuam,
3672 2538 3712 2585 ct

2186 2612 2305 2668 dies
2371 2611 2551 2668 luctus
2631 2615 2809 2671 nostri
2884 2617 3351 2685 cmuplebuntur,
3426 2634 3711 2691 nequaquam

2185 2706 2567 2779 plangentibus
2628 2710 2681 2764 in
2723 2710 3088 2768 subversioue
3144 2711 3472 2776 Jerusalem.
3521 2722 3601 2771 sel
3642 2714 3714 2768 lie-

2186 2803 2428 2860 taiitibus
2483 2820 2548 2859 ex
2637 2806 2998 2861 instructioue
3034 2805 3316 2863 Ecclesiae.
3362 2808 3502 2864 Beati
3560 2808 3716 2877 quippe

2184 2894 2461 2964 lugentes,
2505 2898 2765 2965 quoniam
2801 2898 2902 2967 ipsi
2979 2900 3426 2956 consolabuntur.
3458 2901 3587 2956 Beati
3614 2904 3716 2953 licii-

2189 2996 2292 3059 tes,
2324 2989 2579 3057 quoniam
2637 2990 2739 3060 ipsi
2780 2989 3057 3047 ridebunt.
3091 2990 3241 3047 Beati
3288 2994 3379 3061 qui
3433 2995 3641 3048 esuriant
3676 3000 3715 3045 et

2109 3107 2153 3164 ο
2186 3080 2371 3132 sitiunt
2385 3079 2678 3148 justitiam,
2713 3082 2958 3152 quoniam
2994 3084 3094 3153 ipsi
3132 3087 3514 3139 saturabuntitr
3539 3084 3715 3155 (Matth.

2192 3191 2244 3242 γ,
2313 3175 2387 3246 6).
2428 3175 2519 3231 θυι
2571 3186 2856 3245 postquam
2920 3177 3085 3249 730
3120 3177 3338 3235 Domini
3378 3180 3718 3236 fuerintcarne

2188 3270 2442 3334 Saturati,
2504 3282 2754 3325 eructent
2822 3286 3129 3327 sermonem
3187 3272 3430 3338 Domini,
3476 3287 3527 3329 et
3571 3274 3719 3328 dicant

2187 3377 2350 3431 Opera
2381 3376 2480 3417 sua
2512 3364 2623 3431 regi
2671 3360 2845 3431 (Psal.
2885 3370 3056 3427 XLIV).

2260 3450 2439 3523 (Vers.
2492 3452 2552 3506 2i
2581 3494 2597 3519 ,
2651 3453 2767 3524 Ἠ.)
2820 3473 2838 3506 ι
2882 3456 3115 3526 Populus
3162 3469 3347 3515 autent
3402 3469 3520 3516 tuus
3568 3473 3718 3515 omnes

2178 3542 2334 3612 justi,
2371 3545 2427 3601 in
2475 3556 2794 3616 perpetuum
2849 3549 3247 3605 litereditabunt
3298 3564 3510 3615 terram,
3542 3566 3718 3624 germen

2187 3636 2544 3706 plaiitationis
2575 3653 2708 3693 meae
2738 3657 2752 3693 :
2781 3654 2916 3707 Opus
2964 3656 3156 3697 manus
3184 3658 3323 3700 meai
3354 3648 3419 3700 ad
3458 3644 3719 3717 gloriﬁcauo

2187 3728 2335 3785 dunt.
2367 3725 2622 3784 Minimus
2651 3732 2757 3784 erit
2800 3731 2854 3784 in
2895 3731 3059 3800 inille,
3089 3743 3143 3788 et
3176 3736 3437 3804 parvulus
3468 3737 3516 3790 in
3548 3744 3719 3806 gentem

2188 3816 2563 3873 fortissimam.
2605 3836 2624 3870 ι
2654 3819 2764 3891 Ego
2789 3818 3049 3877 Dominus
3083 3823 3136 3878 in
3170 3835 3418 3897 tempore
3445 3826 3555 3898 ejus
3579 3824 3723 3881 subito

2188 3910 2384 3962 l'aciani
2442 3909 2609 3965 istud.
2665 3910 2804 3965 LXX
2850 3929 2865 3967 :
2906 3932 2923 3965 t
2960 3914 3200 3986 Pupulus
3236 3928 3363 3973 tuus
3405 3934 3580 3974 omnes
3619 3916 3722 3987 ilhil

2184 4015 2399 4071 semper
2443 4002 2797 4067 possidebunt
2831 4014 3030 4059 terrain
3075 4023 3089 4063 :
3124 4011 3448 4066 custodiens
3485 4010 3726 4082 plantatio-

2187 4107 2333 4158 iieiit,
2367 4107 2533 4161 opera
2572 4110 2829 4150 manuum
2882 4111 3104 4151 suarum
3137 4098 3191 4154 iii
3227 4101 3476 4170 gloriam.
3508 4103 3596 4169 Qui
3625 4117 3725 4172 par-

2193 4199 2290 4241 vus
2325 4197 2428 4252 est,
2463 4190 2569 4245 erit
2602 4191 2654 4243 in
2691 4191 2948 4256 millibus,
2989 4201 3040 4248 et
3084 4196 3175 4265 qui
3232 4198 3511 4264 minimus,
3544 4201 3592 4254 in
3621 4214 3726 4270 gen-

2185 4287 2291 4334 tem
2326 4296 2603 4350 iiiagnam.
2637 4281 2748 4353 Ego
2774 4281 3035 4340 Doiniuns
3068 4285 3119 4340 in
3157 4297 3404 4360 tempore
3428 4290 3725 4362 congregatio

2184 4385 2297 4425 eos.
2333 4391 2351 4423 ι
2380 4371 2573 4428 Finitis
2600 4375 2790 4430 diebus
2814 4375 2990 4432 luctus
3014 4388 3178 4450 atque
3204 4384 3514 4453 completis,
3541 4383 3724 4457 quando

2107 4447 2161 4510 ί)
2191 4464 2414 4519 tristitia
2470 4474 2708 4521 vertetur
2756 4467 2813 4523 in
2862 4447 3151 4540 gaudium,
3204 4447 3443 4547 populus
3488 4447 3605 4534 Sion
3644 4476 3728 4532 erit

2188 4554 2364 4611 omnis
2389 4555 2592 4628 justus,
2623 4573 2733 4613 non
2784 4563 2849 4614 ad
2880 4562 3046 4618 breve
3079 4573 3313 4636 tempus,
3352 4568 3447 4624 sed
3491 4570 3538 4623 iii
3571 4581 3727 4639 perpec

2190 4656 2361 4714 tuum,
2396 4657 2451 4701 et
2481 4650 2606 4718 quia
2631 4650 2813 4720 justus
2838 4664 2939 4716 est,
2972 4663 3173 4712 terram
3204 4659 3419 4714 mitiunt
3449 4662 3724 4732 possidebit.

2186 4734 2298 4793 Nec
2331 4739 2635 4796 mirandum
2670 4743 2716 4799 si
2750 4743 2814 4798 ad
2849 4745 3156 4815 recipienda
3191 4752 3565 4820 promissionis
3590 4749 3725 4816 bona,

2188 4842 2388 4887 terrant
2429 4844 2837 4891 mansuetorum
2868 4846 3047 4893 teneat
3073 4851 3238 4911 atque
3260 4843 3573 4909 viventium,
3595 4857 3726 4912 quani

2186 4974 2355 5027 trario
2387 4972 2705 5049 timentibus
2737 4973 3125 5049 Deum_oritur
3167 4978 3258 5049 Sol
3288 4980 3518 5049 justitias
3547 4999 3559 5035 :
3588 4991 3726 5048 quare

2185 5061 2397 5112 semper
2431 5046 2654 5112 sanctis,
2696 5063 2715 5098 ι
2772 5056 2878 5100 etc.
2912 5045 3170 5103 Erasmus
3216 5045 3323 5105 hoc
3377 5068 3485 5105 uno
3530 5045 3724 5109 abludit,

2184 5115 2328 5183 quod
2375 5129 2496 5168 cum
2552 5114 2783 5190 negandi
2844 5120 3109 5190 particula
3167 5119 3314 5190 legit,
3369 5139 3386 5171 ι
3427 5121 3595 5190 Quare
3639 5132 3724 5190 noti

2184 5198 2423 5259 semper,
2463 5201 2483 5235 ι
2515 5192 2629 5259 etc.
2660 5186 2929 5259 Vielorius
2958 5205 3004 5241 τι
3039 5186 3266 5259 Semper
3283 5186 3464 5245 Oritur
3490 5189 3572 5244 Sol
3593 5186 3725 5258 justi-

2187 5264 2273 5330 tim
2316 5256 2420 5330 ille
2445 5256 2538 5324 qui
2570 5256 2734 5330 dicit,
2767 5275 2787 5308 ι
2844 5268 2973 5321 etc.,
3007 5259 3098 5327 qui
3150 5256 3331 5313 tamen
3384 5277 3502 5330 ope,
3551 5256 3605 5312 tit
3642 5260 3722 5330 ait.

2182 5323 2423 5378 Brixiaiti
2466 5323 2725 5398 codicis.
2770 5323 3039 5398 expungif
3099 5338 3338 5398 quatuor
3396 5323 3506 5386 haec
3556 5328 3723 5390 verba,

2187 5414 2204 5445 t
2251 5398 2428 5462 Quare
2460 5396 2567 5449 iio‘n
2600 5411 2813 5470 semper
2842 5396 3046 5470 sane-tis
3086 5396 3131 5450 ιή
3156 5408 3307 5467 (tunc
3338 5402 3591 5470 sanctus),
3621 5399 3725 5470 legit

2181 5479 2307 5520 Vci‘t)
2342 5471 2549 5535 alisque
2577 5467 2623 5519 si
2653 5467 2914 5536 particula
2939 5469 3020 5522 sol
3050 5470 3276 5526 occidat.
3312 5467 3721 5530 Rectins'iuulto,

2181 5536 2435 5604 nullaque
2472 5538 2689 5591 inducta
2730 5543 3029 5593 mutatione
3077 5542 3129 5594 iii
3187 5555 3375 5596 llOSU’il
3414 5547 3631 5597 editione
3658 5540 3724 5590 sic

2179 5608 2283 5658 dici
2319 5606 2641 5681 iiitelligito,_
2667 5608 3168 5681 subiinlerrogattdi
3205 5620 3356 5668 nota:
3391 5631 3409 5665 ι
3446 5614 3611 5677 Quare
3634 5618 3724 5661 non

2178 5680 2435 5731 centiuuo
2468 5677 2677 5734 Sanctis
2710 5680 2920 5737 oriatur
2956 5677 3052 5737 sai
3086 5682 3176 5738 ille
3196 5684 3445 5753 justitiae,
3484 5692 3581 5738 etc.
3611 5695 3631 5730 ι
