3906 6172
255 206 357 273 621

791 209 1281 274 COMMENTAR.
1328 212 1404 271 IN
1449 209 1712 270 ISAIAM
1758 207 2217 269 PROPHETAM
2257 206 2404 266 LIB.
2443 204 2632 277 XVII,
2666 205 2823 267 CAP.
2854 207 3008 267 LXI.

3405 201 3510 265 (72?.

255 325 526 397 Propheta
560 326 797 394 suspirat
822 327 1016 382 dicens
1042 345 1055 379 :
1081 328 1249 383 Credo
1274 329 1442 383 uidere
1468 329 1603 381 bona
1626 325 1837 380 Domini
1867 338 1910 388 Α
1938 339 2049 386 eos,
2083 323 2195 377 sive
2220 322 2374 391 juxta
2425 319 2747 376 Heoraicnm
2780 335 2796 375 :
2835 319 2945 391 Ego
2992 319 3249 375 Dominus
3286 322 3339 374 in
3374 331 3505 376 tem-

253 416 466 473 iuterra
492 418 770 472 virentium
789 418 961 487 (Psal.
985 434 1131 483 xxvi,
1157 421 1268 491 l3),
1294 436 1415 474 cum
1437 436 1657 490 germen
1681 420 1833 488 plan-

256 511 481 568 tationis
505 509 722 565 Domlni
756 513 848 575 sit,
880 525 934 566 et
964 528 1102 582 opus
1136 529 1389 567 manuum
1421 514 1544 583 ejus
1576 513 1640 567 ad
1672 514 1836 581 glori-

258 600 533 657 ﬁcandum
559 599 749 656 Deum.
777 605 959 657 Omnis
982 604 1152 671 enim,
1179 605 1371 674 inquit,
1390 606 1652 672 plantatio
1675 620 1835 674 quam

256 709 368 747 non
430 692 693 763 plantavit
748 694 910 749 Pater
961 713 1104 750 meus
1160 697 1419 764 caelestis,
1478 698 1838 751 eradicabitur

253 783 483 851 (Hatth.
520 801 611 850 xv,
648 785 755 856 13).
795 787 942 854 Sive,
976 788 1125 859 juxta
1157 787 1508 860 Septuaginta
1555 806 1570 844 :
1601 788 1837 856 Populus

256 861 577 931 custodiens
621 877 1014 947 plantationem
1063 879 1193 942 Dei,
1241 892 1295 935 et
1356 895 1514 949 Opera
1577 897 1834 934 manuum

259 966 501 1031 Domini,
552 967 605 1020 in
655 966 823 1035 gloria
873 968 1180 1023 servabitur
1219 967 1516 1025 Creatoris.
1570 968 1646 1023 De
1699 974 1836 1023 bona

260 1060 601 1129 plantattOne
630 1074 726 1126 per
748 1056 1038 1113 Ieremiam
1072 1060 1311 1129 loquitur
1341 1061 1481 1115 Dens
1507 1078 1521 1115 :
1551 1058 1660 1130 Ego
1688 1065 1838 1130 plan-

254 1151 369 1204 tavi
401 1165 449 1204 te
475 1152 673 1204 tineam
707 1151 917 1213 bonum,
955 1162 1119 1205 totam
1160 1169 1335 1207 ueram
1381 1151 1600 1223 (Jerem.
1632 1167 1691 1215 tt,
1719 1153 1835 1218 ‘21),

254 1256 385 1309 quae
455 1243 506 1295 in
564 1243 698 1296 Isaia
757 1244 1059 1312 appellatur
1111 1246 1260 1299 vinea
1313 1244 1475 1301 Sorec
1525 1246 1671 1316 (Isa.
1708 1261 1761 1309 v,
1806 1245 1839 1297 2

253 1347 365 1384 sec.
404 1329 597 1397 LXX).
632 1334 699 1386 Et
726 1335 853 1400 quia
892 1333 1087 1389 Paulus
1117 1336 1444 1391 conscientia
1476 1338 1734 1390 virtutum
1766 1337 1840 1389 lo-

254 1424 482 1492 quentis
530 1424 581 1477 in
635 1439 696 1479 se
742 1425 968 1488 Christi,
1017 1427 1199 1480 dicere
1248 1439 1500 1498 poterat,
1533 1427 1839 1483 Imitatores

252 1516 364 1569 mei
393 1525 578 1580 estote,
606 1520 740 1572 sicut
767 1529 815 1573 et
844 1535 934 1589 ego
957 1520 1156 1574 Christi
1184 1521 1233 1590 (I
1278 1520 1401 1576 Cor.
1428 1536 1501 1589 tv,
1540 1524 1634 1589 16;
1659 1539 1733 1585 XI,
1762 1518 1835 1591 l)’.

255 1606 385 1661 ideo
405 1608 471 1661 ad
496 1607 815 1664 Corinthios
849 1612 1173 1679 loquebatur
1193 1654 1208 1676 ,
1237 1613 1348 1683 Ego
1368 1614 1632 1683 plantavi,
1650 1615 1838 1682 Apollo

1935 431 2063 487 pore
2103 415 2240 485 ejus,
2272 413 2446 468 subito
2480 413 2675 483 faciam
2703 415 2867 479 istud,
2904 413 3143 483 loquitur
3175 427 3510 481 consequen-

1939 519 2043 573 ter,
2074 509 2305 576 Spiritus
2356 507 2568 561 Domini
2602 506 2697 560 Dei
2738 523 2896 574 super
2926 522 3005 558 me
3030 521 3048 558 :
3081 520 3189 560 non
3223 506 3362 571 quod
3412 506 3513 560 Do-

1937 605 2120 659 minus
2149 602 2287 657 Deus
2315 601 2509 656 habeat
2537 601 2822 655 Dominum
2858 601 3046 663 Deum,
3074 600 3166 655 sed
3198 603 3339 671 quod
3362 602 3513 671 juxta

1936 692 2400 760 dispensationem
2460 690 2642 745 carnis
2719 699 3011 759 assumpta:
3066 690 3212 745 dicat
3271 707 3333 746 ea
3396 708 3514 760 que

1936 784 2160 839 humilia
2211 791 2357 836 sunt.
2406 782 2485 834 Ad
2536 797 2693 851 quem
2741 780 3024 836 Psalmista
3074 782 3187 851 jam
3239 782 3453 837 dixerat
3496 798 3513 838 :

1938 871 2188 926 Dilexisti
2213 872 2486 940 justitiam
2521 880 2570 924 et
2620 870 2780 925 odisti
2827 871 3197 940 iniquitatem;
3238 881 3515 940 propterea

1938 969 2091 1022 unxit
2129 977 2177 1021 te
2219 968 2397 1033 Deus,
2434 965 2571 1021 Deus
2633 977 2791 1033 tuus,
2836 968 2948 1021 oleo
2994 968 3360 1025 exsultationis
3404 987 3517 1038 pra:

1938 1062 2265 1115 consortibus
2310 1062 2412 1115 tuis
2448 1059 2620 1129 (Psat.
2657 1065 2802 1124 ηις,
2837 1062 2915 1131 8).
2950 1061 3177 1129 Quando
3206 1066 3350 1118 enim
3385 1081 3517 1118 cou-

1940 1166 2115 1207 sortes
2160 1153 2530 1218 nominantur,
2568 1164 2818 1208 naturam
2856 1156 3035 1210 carnis
3069 1156 3308 1227 intelligo
3341 1175 3355 1210 :
3387 1159 3511 1227 quia

1940 1243 2082 1298 Deus
2116 1257 2403 1299 consortes
2434 1245 2751 1300 substantiae
2780 1258 2891 1301 sum
2922 1262 3027 1301 non
3079 1248 3260 1303 habet.
3295 1246 3357 1301 Et
3388 1250 3512 1318 quia

1939 1347 2057 1391 erat
2091 1338 2275 1391 unctio
2305 1338 2625 1405 spiritualis,
2670 1348 2725 1391 et
2768 1353 3111 1410 nequaquam
3145 1339 3366 1394 humani
3396 1356 3516 1394 eor-

1941 1429 2110 1499 poris,
2145 1438 2200 1482 ttt
2245 1428 2342 1483 fuit
2392 1429 2446 1483 in
2496 1430 2876 1485 sacerdotibus
2922 1430 3266 1496 Judazorum;
3311 1432 3514 1486 idcirco

1941 1540 2049 1592 pra:
2081 1527 2449 1588 consortibus,
2483 1524 2533 1579 id
2570 1534 2671 1591 est,
2704 1526 2916 1580 caeteris
2943 1526 3144 1580 sanctis
3174 1540 3367 1581 unctus
3394 1542 3515 1582 θέω

1941 1626 2293 1672 memoratur.
2330 1617 2499 1686 Cujus
2531 1620 2717 1672 unctio
2752 1618 2845 1671 illo
2890 1617 3101 1687 expleta
3136 1629 3216 1673 εει
3249 1632 3510 1687 tempore.

254 1698 478 1768 rigavit,
514 1699 771 1755 Dominus
814 1716 989 1757 autem
1034 1706 1410 1759 incrementum
1451 1708 1595 1760 dedit
1630 1705 1682 1778 (l
1714 1706 1836 1763 Cor.
1872 1700 1912 1757 Β
1941 1710 2156 1778 quando
2186 1710 2491 1779 DapliZaIttS
2515 1719 2596 1763 est
2635 1710 2685 1762 in
2726 1708 2982 1774 lordane,
3017 1721 3068 1766 et
3115 1710 3355 1781 Spiritus
3388 1728 3516 1765 san-

253 1805 346 1855 Ill,
384 1788 461 1861 6).
504 1790 746 1846 Plantati
801 1797 943 1849 enim
990 1796 1045 1850 in
1091 1800 1245 1851 domo
1296 1796 1529 1862 Domini,
1578 1799 1633 1853 in
1682 1801 1836 1853 atriis

250 1881 374 1950 ejus
416 1883 735 1953 eﬂtorescent
764 1885 938 1957 (Psal.
988 1904 1093 1955 xei,
1132 1889 1240 1959 η).
1274 1889 1431 1944 Tunc
1464 1892 1553 1959 qui
1585 1892 1837 1960 parvulus

250 1973 382 2037 fuit,
413 1977 519 2030 erit
550 1978 603 2031 in
635 1978 827 2044 millia,
859 1982 1086 2036 audiens
1121 1999 1150 2035 a
1183 1981 1410 2037 Domino
1438 2021 1452 2045 ,
1488 1981 1614 2037 Esto
1643 1983 1836 2037 habens

254 2076 576 2134 potestatem
608 2085 766 2135 super
810 2072 1039 2141 quinque
1082 2073 1165 2127 vel
1199 2074 1374 2127 decem
1407 2073 1646 2128 civitates
1681 2072 1837 2145 (Luc.

258 2161 476 2225 “1,17,
503 2162 620 2230 l9);
654 2165 725 2216 ita
757 2173 812 2219 nt
840 2166 1138 2233 appelletur
1165 2166 1462 2237 χιλίαρχος.
1499 2167 1568 2222 Et.
1593 2169 1684 2237 qui
1710 2180 1834 2222 cum

258 2254 526 2320 Apostolo
554 2256 805 2311 dixerat:
839 2256 972 2311 Mihi
1016 2260 1230 2312 minimo
1271 2260 1503 2313 omnium
1531 2270 1836 2314 sanctorum

251 2345 390 2397 data
428 2355 510 2399 est
552 2348 727 2416 gratia
776 2346 887 2403 haec
936 2350 1148 2415 (Ephes.
1189 2364 1272 2415 ιιι,
1321 2350 1401 2421 8),
1437 2352 1685 2421 princeps
1733 2351 1835 2406 erit

256 2448 475 2506 magnas
506 2436 683 2506 gentis
718 2436 770 2491 in
804 2439 1141 2506 caelestibus,
1178 2443 1393 2508 quando
1436 2452 1678 2510 tempore
1709 2454 1835 2496 con-

254 2532 454 2584 stituto
485 2530 695 2583 miserit
726 2528 984 2585 Dominus
1014 2531 1233 2600 angelos
1267 2546 1419 2595 suos,
1448 2541 1502 2586 et
1543 2547 1839 2603 congrega-

252 2621 443 2679 verint
487 2621 555 2676 ad
602 2636 727 2676 eum
762 2637 954 2678 omnes
998 2632 1239 2691 sanctos,
1292 2640 1321 2677 a
1368 2625 1680 2695 summitate
1711 2626 1835 2681 cteli

261 2729 441 2784 usque
473 2714 542 2769 ad
572 2731 847 2770 summum
879 2717 998 2784 ejus
1028 2716 1242 2787 (Matth.
1287 2715 1433 2785 xxiv)
1466 2756 1481 2780 ,
1514 2733 1617 2771 non
1662 2718 1835 2773 solum

258 2807 328 2863 de
359 2806 550 2872 Israel,
597 2812 689 2863 sed
723 2817 777 2861 et
809 2807 965 2880 731
1003 2812 1068 2863 de
1120 2810 1362 2876 gentium
1413 2810 1630 2880 populo,
1674 2826 1835 2882 quem

256 2898 580 2971 significans
630 2898 996 2968 loquebatur:
1032 2899 1101 2954 Et
1153 2899 1289 2954 alios
1336 2916 1453 2954 ores
1506 2900 1671 2955 habeo
1719 2916 1836 2971 quae

254 3008 367 3047 non
402 3002 523 3045 sunt
554 2992 618 3045 de
647 3007 800 3062 grege
829 2992 951 3059 ista,
996 3002 1046 3046 et
1093 2990 1215 3046 illas
1250 3002 1452 3063 oportet
1497 3010 1577 3048 me
1618 3010 1834 3064 congre-

256 3098 409 3155 gare,
443 3092 500 3136 ut
526 3084 619 3153 ﬁat
646 3099 781 3137 unus
810 3099 955 3154 grex,
982 3092 1031 3137 et
1060 3101 1195 3139 unus
1222 3098 1407 3154 pastor
1433 3085 1615 3157 (Joan.
1641 3087 1832 3159 x,_16).

256 3172 378 3232 Hoc
411 3188 589 3232 autem
621 3177 802 3233 subito
848 3177 1031 3244 faciet,
1068 3190 1124 3234 ut
1154 3182 1372 3249 quando
1408 3181 1588 3237 omnia
1636 3181 1835 3235 fuerint

258 3271 580 3337 desperata,
619 3278 746 3324 tunc
775 3269 827 3324 in
864 3279 1077 3340 gentem
1113 3271 1464 3327 fortissimam
1501 3287 1837 3342 congregen-

256 3369 372 3415 tur.
409 3358 540 3426 Quae
580 3358 705 3416 licet
734 3375 798 3417 ex
829 3370 981 3432 parte
1014 3363 1067 3416 itt
1106 3360 1349 3417 Ecclesia
1381 3350 1625 3432 quotidie
1656 3364 1839 3419 videa-

256 3467 385 3508 mus
417 3452 643 3523 expleri,
676 3462 856 3509 tamen
901 3453 958 3508 in
1006 3453 1193 3509 mundi
1225 3456 1698 3512 consummatione
1727 3455 1839 3527 ple-

256 3545 387 3600 nius
450 3544 913 3616 complebantur,
978 3554 1032 3602 et
1096 3549 1151 3603 in
1220 3549 1462 3604 secundo
1534 3547 1836 3604 Salvatoris

256 3639 519 3694 adventu.
1400 3640 1406 3645 ’

331 3730 490 3802 (Cap.
545 3730 955 3788 [λι-γεγε.
992 3734 1013 3788 ι
1049 3732 1227 3805 seqq.)
1278 3750 1298 3785 ι
1341 3732 1579 3804 Spiritus
1623 3732 1833 3789 Domini

254 3821 357 3878 Dei
406 3822 590 3895 [Vulg.
627 3826 785 3881 abest
818 3824 934 3894 Dei)
985 3840 1149 3893 super
1190 3841 1298 3890 me,
1333 3842 1399 3882 eo
1444 3828 1591 3897 quod
1624 3826 1839 3882 tinxerit

261 3930 353 3968 nae
405 3915 707 3971 Dominus:
743 3917 809 3971 ad
860 3917 1291 3972 annuntiattdunt
1348 3920 1647 3974 mansuetis
1692 3918 1839 3973 misit

259 4024 376 4073 me,
423 4017 483 4063 ut
518 4010 763 4087 ntederer
809 4011 1069 4066 contritus
1101 4007 1293 4082 [ναις.
1330 4009 1600 4082 contritis]
1649 4010 1836 4076 corde,

259 4112 317 4155 et
367 4102 718 4169 praedicarem
768 4102 999 4170 captivis
1055 4103 1485 4170 indulgentiam,
1535 4112 1590 4156 et
1636 4103 1838 4157 clausis

259 4195 599 4264 apertionem
632 4236 647 4260 ,
683 4203 736 4249 et
783 4197 1163 4249 annuntiarem
1211 4193 1395 4266 (Vulg.
1463 4193 1835 4267 praedicarem]

260 4302 465 4340 annum
514 4285 833 4355 placabilem
887 4286 1136 4350 Domino,
1170 4296 1226 4339 et
1258 4286 1399 4341 diem
1457 4287 1678 4342 ultionis
1729 4287 1839 4342 Deo

1938 1813 2060 1859 ctus
2104 1805 2157 1856 in
2204 1805 2383 1872 Specie
2417 1803 2682 1857 columbae
2732 1803 3007 1858 descendit
3054 1819 3217 1869 super
3263 1820 3410 1868 eum,
3458 1818 3514 1858 ot

1942 1894 2139 1950 mansit
2176 1894 2228 1948 in
2268 1892 2359 1946 illo
2391 1890 2573 1963 (Joan.
2610 1891 2670 1961 ι).
2707 1893 2784 1947 De
2828 1907 2936 1963 quo
2982 1902 3035 1948 et
3077 1893 3166 1948 hic
3202 1895 3340 1948 idem
3386 1911 3512 1964 pro.

1941 1984 2100 2053 pheta
2145 1983 2356 2038 dicebat
2385 2000 2398 2037 :
2432 1983 2592 2054 732
2644 1980 2799 2036 Exiet
2846 1985 2995 2054 uirga
3029 1983 3094 2037 de
3124 1984 3299 2039 radice
3337 1983 3512 2050 Iesse,

1940 2086 1987 2130 et
2016 2075 2115 2144 ﬂos
2153 2075 2217 2129 de
2262 2076 2441 2129 radice
2489 2077 2604 2143 ejus
2647 2077 2908 2138 ascendet,
2952 2085 3000 2129 et
3048 2080 3328 2146 requiescet
3360 2096 3517 2144 super

1938 2181 2056 2219 eum
2078 2167 2293 2233 spiritus
2322 2165 2434 2228 Dei,
2459 2166 2675 2232 spiritus
2704 2167 2972 2234 sapientiai
2992 2178 3039 2220 et
3064 2167 3378 2232 intellectus,
3404 2171 3511 2239 spi-

1940 2257 2074 2310 ritus
2111 2257 2325 2310 consilii
2358 2267 2405 2310 et
2436 2257 2788 2327 fortitudinis,
2813 2258 3033 2324 spiritus
3062 2260 3296 2314 scientia
3327 2272 3375 2314 et
3404 2264 3514 2328 pie-

1941 2350 2070 2402 tatis
2099 2347 2237 2417 (Isa.
2269 2364 2342 2412 st,
2383 2349 2434 2414 i,
2468 2348 2544 2416 Ξ).
2582 2349 2733 2403 Unde
2758 2360 2813 2403 et
2843 2350 3093 2403 Salvator
3118 2367 3238 2405 cum
3274 2354 3515 2408 venisset

1939 2441 1992 2496 in
2020 2440 2311 2498 Nazareth.
2339 2439 2391 2493 in
2420 2456 2527 2509 quo
2555 2440 2791 2493 nutritus
2819 2453 2938 2495 erat
2965 2451 3247 2512 postquam
3273 2443 3510 2510 Itilplila-

1937 2541 2025 2586 tus
2060 2542 2141 2587 est
2183 2531 2233 2585 in
2268 2529 2526 2596 Jordane,
2556 2533 2829 2601 ingressus
2854 2544 2935 2587 est
2968 2534 3117 2601 juxta
3164 2537 3511 2591 consuetudi-

1941 2642 2058 2680 nem
2094 2627 2147 2679 in
2173 2626 2263 2680 die
2292 2627 2497 2681 sabbati
2530 2640 2852 2698 synagogam
2886 2643 3094 2683 eorum.
3119 2627 3361 2699 Cnutque
3387 2647 3512 2685 sur-

1940 2719 2171 2771 rexisset
2204 2716 2269 2771 ad
2303 2717 2603 2785 legendum,
2640 2719 2797 2770 datus
2823 2728 2911 2772 est
2955 2721 3001 2773 ei
3038 2718 3171 2773 liber
3204 2721 3350 2775 Isaizc
3387 2737 3511 2787 pro-

1939 2812 2256 2879 phet;e,quo
2277 2819 2484 2877 aperto.
2508 2810 2711 2863 invenit
2732 2811 2995 2879 scriptum
3020 2829 3031 2863 :
3056 2810 3282 2878 Spiritu
3302 2813 3515 2867 Domini

1938 2919 2095 2970 super
2120 2920 2220 2965 me,
2252 2915 2461 2969 propter
2483 2904 2621 2972 quod
2650 2904 2796 2957 unxit
2828 2919 2909 2957 me
2936 2916 2955 2955 :
2981 2905 3342 2973 euangelizare
3372 2923 3512 2974 pau-

1939 2995 2149 3064 peribus
2192 2995 2331 3048 misit
2374 3009 2456 3048 me
2494 2994 2828 3061 :pra'dicare
2871 2996 3089 3064 captivis
3133 2998 3509 3062 remissionem,

1938 3096 1988 3142 et
2044 3087 2195 3140 ca'cis
2248 3089 2415 3139 visum
2450 3102 2468 3140 :
2500 3087 2765 3140 dimittere
2822 3088 3016 3157 fractos
3073 3089 3127 3141 in
3180 3089 3510 3156 libertatem,

1936 3179 2223 3246 prtedicare
2262 3195 2456 3232 annum
2486 3178 2699 3234 Domini
2735 3192 3026 3249 acceptum.
3060 3180 3285 3247 Quando
3315 3198 3515 3237 como-

1940 3272 2110 3326 lututn
2135 3272 2326 3325 librum
2352 3272 2581 3325 reddidit
2612 3273 2880 3335 ministro,
2911 3285 2959 3326 et
2990 3275 3162 3338 sedit;
3192 3284 3244 3328 et
3268 3275 3511 3330 omnium

1939 3362 2080 3417 oculi
2130 3364 2221 3433 qui
2278 3371 2426 3415 erant
2477 3361 2530 3415 in
2582 3377 2891 3432 synagoga,
2951 3365 3302 3417 attendebant
3355 3382 3514 3429 cuin,

1941 3454 2213 3523 cmpitqne
2265 3453 2329 3506 ad
2377 3466 2469 3507 eos
2502 3452 2684 3507 dicere
2712 3472 2723 3506 :
2750 3452 2920 3507 Hodie
2948 3452 3206 3522 completa
3252 3469 3325 3510 est
3358 3456 3513 3511 Srri-

1938 3558 2095 3617 ptura
2129 3549 2239 3600 haec
2270 3546 2323 3598 in
2360 3544 2577 3598 auribus
2612 3550 2814 3610 vestris,
2847 3553 2897 3599 et
2943 3561 3118 3600 attines
3156 3547 3510 3601 testimonium

1938 3638 2238 3710 pra’bebant
2262 3640 2329 3702 ei,
2352 3648 2401 3692 et
2424 3637 2757 3691 mirabantur
2776 3653 2934 3707 super
2951 3638 3277 3692 sermonibus
3299 3638 3507 3709 gratiae.

1940 3738 2028 3804 qui
2074 3732 2476 3803 egrediebantur
2503 3733 2566 3785 de
2613 3747 2703 3787 ore
2742 3732 2858 3801 ejus
2904 3730 3055 3801 (Luc.
3092 3746 3170 3795 tv,
3198 3732 3404 3801 18-21).
3448 3732 3510 3787 Si

1939 3839 2069 3894 etgo
2099 3823 2190 3877 illo
2222 3822 2486 3891 cmnpleta
2523 3831 2606 3876 est
2636 3830 2879 3890 tempore
2911 3820 3209 3889 prophetia,
3241 3823 3511 3890 quomoda

1940 3918 2157 3989 quidam
2191 3919 2256 3971 ad
2301 3914 2784 3971 consummationis
2834 3912 3077 3969 referunt
3122 3923 3359 3981 tempora
3391 3928 3513 3982 qua

1941 4011 2241 4067 dicuntur:
2279 4010 2381 4063 nisi
2433 4007 2571 4062 forte
2621 4021 2905 4075 possumus
2954 4007 3055 4061 hoc
3099 4005 3317 4068 dicere,
3367 4007 3513 4074 quod

1943 4114 2072 4158 tunc
2103 4118 2165 4157 ex
2197 4112 2348 4172 parte
2372 4100 2698 4168 completum
2723 4099 2814 4164 sit,
2845 4097 3059 4168 plenius
3089 4111 3209 4153 esse
3238 4098 3514 4167 compleu-

1942 4197 2092 4259 dum,
2121 4194 2337 4266 quando
2365 4195 2541 4247 omnis
2565 4190 2793 4260 populus
2816 4188 2910 4244 Dei
2940 4188 3101 4243 fuerit
3122 4189 3337 4259 justus?
3360 4189 3514 4243 Nune

1941 4285 2084 4338 enim
2119 4299 2182 4337 ex
2212 4292 2361 4351 parte
2407 4282 2795 4351 cognoscimus,
2830 4290 2877 4333 et
2924 4295 2989 4333 ea:
3036 4289 3185 4348 parte
3234 4279 3516 4347 propheta-

260 4388 452 4432 uo‘tro
482 4418 497 4443 ,
537 4389 589 4430 ut
623 4382 932 4432 cottsolarer
959 4392 1148 4433 omnes
1184 4378 1445 4448 lugentes.
1473 4377 1543 4435 Ut
1573 4395 1834 4450 ponerem
1866 4377 1914 4437 D
1941 4391 2054 4429 mus
2078 4391 2095 4429 :
2120 4374 2248 4431 Cum
2281 4386 2454 4429 autem
2486 4375 2679 4428 uenerit
2705 4373 2842 4440 quod
2872 4371 3157 4443 perfectum
3186 4380 3284 4433 est.
3310 4388 3371 4425 ea
3397 4384 3514 4438 quia

260 4470 571 4540 Ingentibus
605 4471 733 4522 Sion
760 4487 773 4523 :
797 4479 851 4522 et
879 4470 1065 4523 darem
1095 4469 1173 4523 eis
1197 4485 1453 4525 coronant
1487 4487 1584 4541 pro
1608 4473 1791 4527 cinere
1817 4513 1832 4539 ,

257 4563 440 4616 uicum
488 4562 663 4630 gaudii
700 4575 798 4630 pro
837 4560 1006 4624 luctu,
1044 4563 1261 4631 palliuut
1311 4562 1485 4617 laudis
1522 4578 1619 4631 pro
1646 4565 1834 4634 spiritu

262 4654 536 4708 ints-roris.
576 4670 595 4703 ι
648 4649 792 4705 LXX
830 4667 845 4706 :
889 4670 907 4703 ι
952 4640 1189 4721 Spiritus
1239 4650 1452 4706 Domini
1502 4669 1664 4724 super
1713 4671 1833 4720 me,

264 4758 485 4815 propter
532 4745 677 4815 quod
726 4745 880 4798 unxit
930 4746 1463 4815 mezevangclizare
1505 4747 1835 4816 pauperibus

265 4840 411 4892 misit
446 4850 553 4903 me,
583 4851 778 4891 sanare
808 4840 1072 4892 eontritos
1104 4841 1267 4893 corde
1297 4855 1311 4892 :
1345 4839 1637 4906 praedicare
1665 4841 1837 4908 capti-

263 4932 345 4984 vis
368 4929 746 4984 remissionem
762 4938 815 4983 et
837 4931 997 4985 caecis
1024 4938 1083 4984 ut
1109 4931 1360 4985 videant‘
1382 4945 1605 4986 :vocare
1632 4947 1833 4985 annum

262 5022 654 5093 acceptabilem
696 5019 947 5085 Domino.
979 5032 1032 5077 et
1062 5022 1205 5077 diem
1254 5023 1627 5079 retributionis
1663 5043 1675 5078 :
1709 5040 1838 5078 con-

260 5114 428 5166 solari
460 5126 650 5167 omnes
682 5112 923 5183 lugentes
952 5129 966 5165 :
996 5111 1126 5167 dare
1156 5112 1465 5182 lugentibus
1498 5113 1628 5167 Sion
1659 5131 1674 5167 :
1705 5117 1833 5167 dare

259 5209 339 5261 eis
370 5206 598 5277 gloriam
636 5221 732 5276 pro
766 5205 971 5269 cinere,
1010 5207 1318 5260 unctionem
1354 5207 1554 5260 laetitia
1602 5206 1833 5274 lugenti-

262 5300 383 5365 bus,
417 5301 658 5353 babitntu
694 5299 877 5369 gloria:
916 5315 1011 5367 pro
1042 5299 1234 5368 spiritu
1271 5301 1542 5354 lltG‘I’OIIs.
1579 5320 1597 5350 ι
1627 5299 1832 5369 llleqni

259 5407 421 5459 supra
447 5392 655 5444 dixerat
681 5408 696 5444 :
725 5390 834 5459 Ego
866 5389 1119 5443 Dominus
1153 5393 1203 5443 in
1241 5400 1469 5460 tempore
1503 5392 1831 5462 congregabo

336 5504 352 5535 ⁸
383 5504 549 5557 Addit
585 5506 850 5558 Victorius
874 5505 1136 5560 dimittere
1166 5514 1365 5573 [ractos
1416 5522 1466 5558 in
1511 5504 1827 5573 libertatem,

264 5590 366 5626 non
400 5590 466 5627 e.\
500 5575 686 5629 (ἔνεικε-υ
720 5586 933 5643 ιιυιιιειιιι
968 5577 1151 5629 codice
1184 5574 1344 5635 LXX,
1381 5577 1433 5628 in
1465 5592 1573 5645 quo
1607 5580 1829 5631 minime

264 5658 325 5695 ea
358 5645 515 5699 verba
545 5656 692 5713 sunt,
724 5647 816 5701 sed
846 5661 911 5700 ex
941 5644 1083 5700 Luca
1118 5650 1448 5715 evangelista
1485 5644 1571 5715 qui
1610 5657 1666 5700 ut
1715 5650 1829 5701 tne-

1938 4484 2003 4523 επ
2043 4477 2194 4536 parte
2229 4476 2375 4533 sunt,
2410 4467 2747 4521 destruentur
2776 4464 2826 4536 (I
2864 4463 2986 4520 Cor.
3018 4466 3137 4527 siit,
3165 4463 3219 4527 9,
3253 4460 3363 4531 10).
3396 4461 3513 4518 Un-

1938 4573 2058 4617 Ctus
2090 4570 2171 4615 est
2202 4560 2363 4625 igitur
2391 4559 2597 4630 Spiritu
2646 4570 2855 4623 sancto,
2905 4568 2963 4612 ut
2993 4556 3341 4612 annnntiaret
3376 4571 3510 4623 pan-

1942 4654 2180 4720 paribus,
2230 4654 2342 4707 sive
2389 4652 2706 4716 mansuetis,
2742 4653 2929 4707 dicens
2964 4652 3042 4706 eis
3077 4651 3129 4704 in
3167 4648 3457 4716 Evangelia
3492 4668 3505 4701 :

1939 4743 2089 4797 Beati
2114 4759 2369 4815 pauperes
2404 4745 2616 4811 spiritu,
2654 4745 2905 4811 quoniam
2944 4756 3126 4798 eorum
3169 4750 3244 4793 est
3292 4754 3507 4806 regnum

1937 4835 2184 4888 caelorum
2230 4833 2447 4901 (Matth.
2500 4851 2551 4888 v.
2602 4836 2678 4901 ὅ).
2720 4834 2782 4889 Et
2825 4831 3019 4887 :Beati
3053 4833 3223 4894 mites,
3253 4831 3509 4897 quoniam

1937 4927 2039 4996 ipsi
2063 4927 2404 4995 possidebunt
2450 4938 2644 4981 terram
2680 4925 2844 4996 (Ibid.
2877 4927 2953 4995 4).
2987 4924 3051 4979 Et
3100 4925 3295 4977 missus
3326 4932 3409 4978 est
3443 4928 3509 4976 all

1937 5015 2209 5070 sanandos
2242 5029 2354 5079 eos,
2389 5016 2476 5083 qui
2525 5015 2693 5068 corde
2736 5015 2949 5069 contriti
2985 5022 3111 5070 sunt
3141 5013 3291 5086 (Luc.
3329 5012 3427 5079 tv),
3455 5025 3511 5067 et
3580 5004 3595 5055 -’

1937 5108 2125 5162 dicunt
2168 5125 2182 5162 :
2228 5104 2335 5160 Cor
2387 5106 2673 5160 contritum
2710 5116 2758 5159 et
2820 5104 3157 5160 humiliatum
3208 5105 3350 5161 Deus
3407 5122 3509 5158 non
3582 5109 3597 5161 ξ

1935 5200 2151 5267 despicit
2201 5194 2375 5272 (Psal.
2423 5213 2474 5261 L,
2526 5197 2635 5265 l9).
2685 5196 2813 5251 Sive
2855 5199 3003 5263 iuxta
3038 5197 3425 5267 Symmachum
3458 5208 3512 5248 et

1936 5289 2377 5351 Tltendotinnem,
2392 5287 2461 5339 ad
2478 5288 2749 5356 alliganda
2770 5289 2986 5344 vulnera
3004 5303 3359 5354 peccatorum,
3379 5305 3513 5355 prae-

1935 5384 2107 5435 dicare
2134 5383 2350 5451 captivis
2375 5381 2751 5446 remissioncm,
2775 5385 2928 5438 ca-cis
2948 5394 3002 5437 nt
3021 5386 3258 5448 videant,
3282 5385 3361 5443 uel
3381 5382 3519 5433 ciuu-

1938 5516 2045 5586 rint
2092 5516 2143 5569 in
2195 5514 2332 5568 LXX
2382 5517 2513 5570 citat
2558 5518 2648 5571 illa
2682 5532 2912 5586 cap.‘tv.
2947 5517 3202 5585 ipsoque,
3258 5534 3338 5580 ιιι
3372 5514 3547 5569 retur.

1937 5585 2261 5657 Hieronymo
2289 5589 2375 5641 hic
2405 5587 2457 5640 itt
2486 5585 2908 5645 Lutttmeuiario.
