3902 6182
419 242 528 304 6:23

1604 256 1667 313 S.
1701 250 2017 313 EUSEBII
2060 251 2507 312 HIEBONYMI

3555 250 3644 314 liii

419 358 488 407 sis
521 357 866 424 apertioncm,
903 359 1048 426 quod
1096 358 1437 414 manifestius
1486 361 1877 431 interpretatus
1914 374 1998 418 cSt
2026 372 2068 426 Α
2100 361 2405 431 Mirumque
2454 366 2506 414 in
2548 362 2763 415 modum
2801 360 2869 416 de
2902 357 3267 415 caementariis
3299 366 3454 427 atque
3482 371 3620 429 pasto

421 449 803 517 Symmachus,
853 450 1038 504 vinctis
1085 449 1417 507 solutionem.
1473 451 1549 507 De
1595 468 1726 524 quo,
1767 455 1878 509 imo
1931 456 1998 508 ad

420 558 582 611 qttrm
617 557 778 612 supra
824 543 1021 597 dicitur
1053 560 1066 597 :
1099 543 1234 596 Ecce
1277 544 1431 612 posui
1471 553 1520 598 te
1553 545 1606 598 in
1655 546 1825 599 lucem
1872 563 1999 616 gen-

423 639 576 697 tium,
610 636 813 703 aperire
862 635 1040 688 oculos
1077 650 1359 701 caecorum,
1410 637 1633 690 educere
1668 639 1731 690 de
1777 636 2000 691 vinculis

426 727 694 796 alligatos,
728 736 778 780 et
813 727 876 780 de
917 729 1071 781 domo
1112 729 1339 781 carceris
1389 728 1624 781 sedentes
1674 730 1727 782 in
1777 729 2001 782 tenebris

425 817 565 898 (lsa.
616 832 749 882 xui,
782 816 836 878 6,
889 818 968 887 7).
1004 818 1221 872 Annum
1272 830 1456 873 autem
1505 819 1911 889 acceptabilem,
1948 828 2003 874 et

425 912 566 963 diem
606 909 1002 976 retributionis,
1033 924 1196 964 omne
1226 910 1635 979 prmdicationis
1664 911 1780 981 ejus
1815 925 1920 981 quo
1949 912 2001 965 in

424 1016 587 1055 carne
617 1010 864 1056 versatus
892 1010 996 1066 est,
1030 1009 1244 1072 tempus
1278 1001 1540 1071 intellige.
1575 1001 1730 1068 Quod
1763 1014 1817 1058 et
1856 1002 2003 1071 Apo-

425 1095 595 1148 stolus
630 1092 789 1162 733
826 1093 1027 1146 Paulus
1075 1094 1128 1147 in
1180 1094 1356 1162 primo
1403 1093 1705 1149 Salvatoris
1735 1094 2003 1163 interpre-

427 1194 572 1237 tatur
601 1186 857 1247 advcntu,
905 1186 1094 1240 dicens
1126 1201 1142 1240 :
1173 1183 1311 1240 Ecce
1341 1202 1478 1239 nunc
1513 1194 1715 1255 tempus
1760 1197 2006 1254 accepta-

426 1277 530 1329 bile
552 1292 570 1329 :
604 1293 720 1330 ecce
767 1292 906 1329 nunc
951 1276 1061 1329 dies
1105 1276 1294 1330 salutis
1325 1276 1377 1345 (Ι
1403 1277 1527 1333 Cor.
1563 1294 1638 1340 vt,
1664 1279 1742 1348 Ξ).
1790 1279 1863 1332 De
1898 1294 2003 1348 quo

426 1383 591 1439 supra
623 1367 835 1436 plenius
869 1368 1106 1422 diximus
1139 1369 1278 1438 (cap.
1310 1367 1428 1438 ιχ).
1476 1368 1572 1424 Sin
1621 1381 1797 1424 autem
1848 1371 2005 1424 retri-

424 1458 578 1514 butio
606 1473 712 1513 non
746 1460 797 1512 in
831 1459 1038 1514 meritis
1068 1459 1356 1524 bonorum,
1386 1461 1478 1516 sed
1508 1462 1562 1515 in
1597 1461 1771 1530 ptenis
1798 1462 2002 1531 accipi-

429 1563 516 1603 tur
551 1561 919 1619 peccatorum,
966 1551 1120 1619 juxta
1156 1551 1302 1621 quod
1356 1551 1472 1606 dies
1518 1552 1724 1607 dicitur
1756 1552 1998 1617 ultionis,

424 1640 492 1692 de
521 1636 743 1693 Judaico
777 1638 1363 1708 populo-sentiendum
1406 1647 1511 1706 est,
1571 1641 1623 1694 in
1680 1654 1837 1708 quem
1885 1650 2006 1709 post

426 1737 729 1801 passionem
765 1734 907 1805 ejus,
944 1736 1128 1790 statim
1177 1735 1272 1791 Dei
1326 1739 1403 1791 ira
1441 1737 1705 1806 pervenit.
1743 1736 2003 1792 Consola-
2032 1764 2075 1819 Β

427 1836 621 1894 Iusque
650 1836 731 1880 est
759 1840 949 1880 omnes
986 1830 1252 1896 lugentes,
1286 1828 1474 1884 dicens
1503 1847 1517 1883 :
1546 1828 1697 1883 Beati
1742 1831 2017 1898 lugentes,

424 1917 673 1985 quoniam
705 1918 805 1987 ipsi
836 1917 1251 1973 consolabuntur
1282 1918 1501 1990 (Matth.
1535 1937 1590 1982 ν,
1620 1920 1714 1990 5);
1751 1931 1811 1975 ut
1838 1921 2003 1990 pone-

428 2019 510 2063 ret
544 2009 850 2079 lugeutibus
892 2010 1023 2065 Sion
1054 2022 1105 2066 et
1142 2011 1298 2067 daret
1324 2013 1405 2067 eis
1439 2012 1665 2083 gloriam
1712 2028 2001 2068 coronam-

427 2115 534 2169 que
566 2116 663 2170 pro
695 2100 898 2154 cincre.
926 2100 1002 2155 De
1035 2102 1233 2171 quibus
1282 2102 1383 2155 luit
1417 2114 1471 2157 et
1500 2102 1772 2173 apostolus
1801 2102 2002 2159 Paulus

426 2193 517 2262 qui
568 2191 787 2263 lugebat
819 2192 947 2246 Sion
995 2202 1159 2261 atque
1188 2193 1403 2247 dicebat
1430 2210 1444 2245 :
1475 2192 1712 2248 Tristitia
1755 2196 1892 2247 enim
1925 2204 2000 2249 est

427 2284 558 2337 mihi
602 2292 651 2337 et
690 2283 844 2337 dolor
873 2288 1154 2338 continuus
1183 2282 1357 2354 (Rom.
1405 2300 1479 2349 ιχ,
1525 2285 1579 2354 2)
1615 2302 1629 2341 :
1663 2284 1727 2340 Et
1760 2287 1951 2341 iterum
1982 2304 1997 2341 :

430 2376 695 2446 Optabam
730 2392 822 2446 ego
865 2376 1145 2430 anathema
1177 2393 1288 2431 esse
1316 2395 1347 2430 a
1378 2377 1588 2431 Christo
1622 2394 1714 2444 pro
1746 2380 2000 2450 fratribus

428 2470 581 2533 meis,
611 2480 658 2522 et
685 2470 993 2538 propinquis
1015 2470 1176 2538 juxta
1217 2485 1433 2523 carnem
1460 2472 1550 2539 qui
1581 2479 1707 2524 sunt
1737 2469 2002 2527 Israelita:

428 2557 596 2628 (Ibid.
634 2558 711 2627 5).
749 2559 812 2612 Ει
851 2570 1135 2626 pmpterea
1181 2560 1426 2630 lugentes
1469 2570 1630 2629 atque
1660 2563 1998 2632 plangentes,

428 2666 528 2721 pro
556 2652 740 2706 cinere
771 2651 951 2706 oleum
997 2652 1176 2723 gaudii
1226 2666 1605 2724 susceperunt,
1640 2656 1886 2711 videntes
1933 2657 2002 2711 de

424 2742 633 2800 ludatis
684 2746 946 2816 plurimos
994 2746 1327 2811 credidisse,
1387 2757 1442 2801 et
1496 2748 1692 2801 stolam
1753 2748 2001 2818 accipere

427 2838 860 2903 mmidissimam,
892 2852 990 2906 pro
1027 2838 1241 2908 lugubri
1277 2839 1622 2893 vestimento.

500 2928 681 2998 (Vcrs.
715 2928 859 2998 5-5.)
895 2949 913 2980 ι
954 2927 1020 2981 Ει
1066 2932 1405 2984 vocabuntur
1451 2929 1504 2983 in
1539 2944 1602 2985 ea
1645 2928 1999 3002 fortesjusti-

428 3022 534 3087 tiae,
563 3021 827 3092 plantatio
858 3020 1063 3075 Domini
1102 3022 1166 3075 ad
1203 3021 1631 3091 gloriﬁcandum.
1669 3022 1730 3077 Et
1758 3026 1997 3079 adiﬁca-

2102 454 2255 507 ribus
2284 453 2596 506 transibunt
2634 454 2685 507 in
2723 451 3013 522 agricolas,
3043 450 3097 503 id
3135 461 3242 513 est,
3270 446 3326 502 in
3356 456 3578 503 aratores
3601 461 3649 505 et

2101 543 2388 605 vinitores,
2427 552 2485 595 ut
2515 542 2727 609 possint
2754 556 2878 596 cum
2905 539 3167 610 Apostolo
3198 539 3397 605 dicere,
3426 539 3515 592 Dei
3540 542 3650 593 adi-

2098 635 2297 706 ﬁcatio.
2340 634 2436 689 Dei
2464 634 2797 705 agricultura
2828 648 3011 686 sumus
3041 629 3097 703 (Ι
3139 630 3268 685 Cor.
3305 646 3383 696 tu,
3414 632 3484 701 9).
3515 631 3651 686 Deni-

2101 742 2207 795 que
2257 726 2481 782 Scribas
2527 736 2581 780 et
2629 725 2954 786 Pharismos,
3001 724 3271 778 vinitores
3318 730 3375 776 et
3418 723 3650 790 agricolas

2100 816 2351 872 Judazoru
2364 834 2436 884 ιιι,
2466 818 2717 873 Salvator
2741 818 3060 886 interrogat,
3081 813 3220 884 quid
3245 811 3411 867 faciat
3433 812 3650 867 vinitori-

2104 911 2204 964 bus
2230 910 2388 966 malis
2415 920 2467 965 et
2491 908 2781 977 agricolis?
2800 908 3019 978 lllisque
3039 904 3524 976 respondentibus,
3550 903 3651 958 Ha-

2102 1004 2179 1056 los
2230 1002 2367 1056 male
2423 1003 2638 1070 perdet,
2684 1008 2738 1054 et
2792 1001 2998 1053 vineam
3049 997 3200 1051 dabit
3266 996 3387 1050 aliis
3435 995 3651 1065 agricolis

2104 1095 2324 1165 (Matth.
2361 1110 2474 1158 χχι,
2505 1093 2621 1165 41).
2655 1093 2837 1149 intulit
2865 1133 2881 1158 ,
2916 1090 3208 1162 Auferetur
3233 1106 3268 1143 a
3302 1089 3437 1143 vobis
3465 1105 3652 1159 regnum

2104 1186 2225 1250 Dei,
2257 1197 2304 1240 et
2335 1186 2556 1239 dabitur
2582 1185 2724 1255 genti
2744 1184 2968 1253 facienti
2997 1184 3205 1253 fructus
3231 1180 3345 1250 e'jus
3374 1177 3527 1249 (Ibid.
3554 1180 3648 1249 45).

2103 1279 2233 1344 Qua:
2266 1293 2353 1333 res
2385 1277 2838 1347 interpretatione
2888 1292 2995 1330 non
3032 1275 3265 1344 indiget.
3298 1272 3501 1339 Quotus
3527 1274 3649 1327 enim

2104 1371 2332 1441 quisque
2357 1369 2729 1425 Ecclesiarum
2761 1368 3014 1438 princeps
3037 1376 3124 1421 est
3150 1366 3218 1421 de
3243 1363 3462 1427 Iudaeis,
3484 1374 3536 1418 et
3561 1380 3649 1417 non

2106 1463 2172 1515 de
2208 1461 2549 1531 alienigenis,
2584 1467 2748 1529 atque
2781 1471 3130 1514 externarum
3164 1456 3411 1527 gentium
3448 1456 3652 1511 homini-

2104 1554 2247 1608 bus?
2272 1553 2364 1622 qui
2393 1562 2519 1608 ante
2564 1553 2723 1608 idolis
2753 1552 3074 1614 servientes,
3122 1560 3178 1607 et
3227 1548 3391 1625 alieni
3438 1563 3468 1603 a
3510 1559 3649 1603 testa-

2108 1655 2292 1701 mento
2328 1644 2445 1710 Dei,
2499 1659 2564 1700 ac
2616 1644 2885 1717 peregrini
2935 1658 2966 1698 a
3014 1643 3466 1714 promissionibus
3510 1642 3648 1704 illius,

2104 1751 2253 1807 spem
2304 1752 2410 1791 non
2444 1737 2738 1804 habentes;
2785 1743 2838 1792 et
2886 1737 3006 1792 sine
3050 1733 3162 1790 Deo
3193 1735 3249 1790 in
3280 1735 3494 1799 saeculo,
3533 1747 3652 1787 nunc

2106 1839 2344 1899 praesunt
2392 1826 2676 1894 Ecclesiis,
2706 1837 2761 1884 et
2791 1829 2925 1883 dura
2949 1829 3114 1884 corda
3162 1827 3467 1899 gentilium,
3496 1826 3649 1896 prius-

2106 1936 2214 1992 que
2262 1921 2562 1985 indomita,
2644 1921 2714 1976 ad
2764 1920 2974 1975 fructus
3019 1919 3281 1975 ferendos
3331 1927 3507 1972 aratro
3547 1916 3650 1971 lidei

2104 2017 2392 2083 edomant;
2427 2024 2487 2070 ut
2516 2024 2815 2070 sementem
2850 2014 3112 2069 doctrinae
3148 2011 3388 2077 Domini,
3416 2011 3648 2067 bonorum

2105 2123 2326 2180 operum
2358 2111 2610 2165 ubertate
2639 2108 3025 2179 multiplicent.

2176 2197 2358 2268 (Vera.
2397 2200 2455 2263 6,
2511 2199 2589 2270 7.)
2645 2217 2664 2252 ι
2705 2199 2815 2255 Vos
2859 2208 3043 2254 autem
3098 2196 3416 2255 sacerdotes
3456 2191 3648 2250 Domini

2107 2292 2460 2358 vocabimini,
2513 2292 2754 2346 ministri
2809 2290 2904 2345 Dei
2952 2292 3152 2355 nostri,
3209 2291 3421 2345 dicetur
3464 2275 3645 2343 vobis:

2104 2386 2502 2443 Fortitudinem
2530 2388 2773 2457 gentium
2818 2385 3143 2450 comedetis,
3179 2385 3233 2438 in
3280 2383 3450 2453 gloria
3476 2395 3645 2447 ~earnm

2104 2479 2454 2547 superbietis.
2482 2479 2588 2534 Pro
2620 2479 2944 2535 confusione
2969 2488 3149 2534 vestra
3178 2477 3381 2548 duplici
3408 2489 3458 2531 et
3480 2474 3648 2529 rubore

2105 2570 2402 2626 laudabunt
2442 2582 2652 2642 partem
2688 2587 2840 2627 suam
2880 2588 2895 2628 :
2933 2582 3158 2640 propter
3192 2573 3298 2626 hoc
3327 2571 3380 2625 in
3411 2580 3538 2623 terra
3566 2579 3646 2620 sua

2105 2663 2340 2733 duplicia
2395 2665 2777 2734 possidebunt,
2828 2665 3017 2720 ltetitia
3070 2662 3402 2733 sempiterna
3436 2661 3532 2715 erit
3559 2657 3643 2722 eis,

2104 2757 2233 2826 quia
2273 2770 2374 2825 ego
2426 2755 2686 2810 Dominus
2717 2756 2947 2824 diligens
2988 2755 3283 2825 judicium,
3331 2760 3385 2807 et
3414 2750 3529 2807 odio
3565 2748 3644 2802 ba-

2105 2847 2240 2902 bens
2273 2847 2516 2916 rapinam
2552 2845 2606 2900 in
2643 2846 3024 2901 haulocausto.
3066 2863 3085 2897 »
3130 2843 3282 2899 LXX
3315 2858 3333 2899 :
3373 2862 3392 2894 ι
3439 2839 3538 2894 Vos
3565 2852 3643 2890 au-

2108 2950 2216 2995 tem
2273 2937 2590 2992 sacerdotes
2639 2936 2851 2992 Domini
2900 2935 3258 3004 vocabimini,
3316 2932 3532 2989 ministri
3562 2929 3641 2982 Dei

2108 3026 2285 3081 nostri
2335 3027 2376 3079 '.
2429 3024 2830 3080 Fortitudinem
2881 3028 3118 3094 gentium
3178 3023 3487 3085 comedetis,
3530 3018 3640 3075 etin

428 3116 563 3169 bunt
594 3115 807 3167 deserta
854 3128 883 3165 a
921 3114 1138 3177 saeculo,
1169 3123 1225 3168 et
1257 3116 1441 3168 ruinas
1473 3116 1725 3186 antiquas
1766 3118 1996 3187 erigant,
2025 3134 2069 3194 ο
2103 3119 2318 3174 divitias
2357 3133 2545 3172 earum
2597 3118 2751 3172 eritis
2797 3116 3170 3171 admirabiles.
3207 3116 3297 3171 Sic
3348 3125 3530 3169 terram
3567 3122 3642 3163 se-

429 3217 484 3262 ct
525 3205 906 3260 instaurabunt
954 3204 1202 3260 civitates
1247 3207 1490 3281 desertas
1532 3217 1588 3261 et
1617 3207 1911 3276 dissipatas
1946 3213 1999 3262 in

426 3300 832 3372 generationem
859 3307 913 3352 et
939 3298 1364 3367 generationem.
1395 3300 1708 3365 Etstabunt
1734 3301 1921 3365 alieni,
1947 3310 2002 3355 et

428 3403 651 3462 poscent
689 3406 884 3462 pecora
921 3399 1095 3447 vestra
1128 3430 1143 3457 ,
1173 3402 1226 3446 et.
1261 3392 1357 3445 lilii
1389 3394 1824 3462 peregrinorum,
1854 3394 2000 3463 agri-

429 3486 560 3540 colae
588 3496 643 3540 et
689 3485 947 3540 vinitores
976 3485 1139 3538 vestri
1172 3492 1355 3538 erunt.
1393 3501 1412 3534 ι
1447 3482 1591 3537 LXX
1622 3522 1638 3547 ,
1680 3502 1699 3535 ι
1738 3482 1804 3537 Et
1837 3498 2003 3538 voca-

434 3580 636 3635 buntur
682 3579 1058 3647 generationes
1101 3577 1327 3647 justitite
1356 3615 1372 3640 ,
1404 3576 1670 3644 plautatio
1706 3578 1913 3632 Domini
1946 3580 1999 3632 in

431 3672 677 3741 gloriam.
711 3671 779 3725 Et
808 3669 1152 3725 aadilicabunt
1181 3671 1425 3725 desertas
1469 3672 1846 3739 sempiternas,
1882 3686 2003 3741 quae

432 3764 689 3817 desolatae
733 3766 951 3816 fuerant
1000 3763 1172 3831 prius,
1214 3760 1636 3828 suscitabmttur,
1679 3773 1736 3818 et
1784 3764 2004 3818 innova-

429 3856 563 3909 bunt
596 3854 847 3910 civitates
884 3855 1148 3921 desertas,
1176 3856 1447 3911 desolatas
1494 3858 1548 3910 in
1595 3856 1999 3927 generationes,

431 3961 486 4002 et
516 3948 731 4003 venient
757 3947 1094 4016 alienigenae,
1127 3955 1181 4001 ct
1208 3958 1434 4017 pascent
1459 3963 1589 4003 oves
1618 3960 1758 4014 tuas,
1788 3959 1840 4003 et
1869 3951 2003 4003 alia-

431 4055 550 4093 rum
586 4039 829 4108 gcntiutn
879 4048 1122 4093 aratores
1154 4048 1209 4092 et
1243 4039 1520 4093 vinitores.
1562 4055 1581 4089 ι
1622 4037 1916 4108 Postquam
1950 4051 2006 4095 et

432 4131 684 4198 apostoli,
715 4139 769 4183 et
817 4128 1100 4198 apostolici
1137 4129 1238 4182 viri
1287 4143 1383 4197 pro
1418 4129 1605 4183 cinere
1645 4138 1700 4182 et
1751 4132 2003 4184 tttmroris

432 4224 646 4292 spiritu,
675 4223 852 4275 oleum
881 4220 1091 4290 gaudii,
1114 4229 1168 4273 ct
1191 4219 1436 4288 pallium,
1463 4221 1577 4273 sive
1598 4219 1750 4288 juxta
1777 4219 2004 4288 Septua-

434 4321 605 4383 ginta,
657 4311 849 4366 stolam
899 4312 1083 4381 gloria:
1132 4311 1409 4381 laudisque
1456 4313 1841 4380 susceperint,
1876 4321 2005 4365 tunc

431 4405 771 4458 vocabuntur
805 4404 1187 4473 generationes
1213 4402 1456 4472 justitiar,
1490 4402 1754 4471 plantatio
1787 4402 2004 4456 Domini

2104 3212 2282 3266 condo
2312 3210 2691 3280 possidebunt,
2743 3219 2800 3265 et
2847 3208 3103 3279 gaudium
3152 3208 3528 3276 sempiternum
3558 3197 3643 3253 erit

2102 3318 2267 3373 super
2305 3312 2467 3371 caput
2495 3317 2707 3357 eorum.
2757 3301 2871 3372 Ego
2902 3301 3048 3369 enim
3096 3314 3220 3356 sum
3274 3297 3537 3359 Dominus,
3563 3288 3640 3360 qui

2105 3395 2272 3463 diligo
2315 3393 2582 3464 justitiam
2621 3409 2636 3446 :
2685 3401 2741 3448 et
2781 3392 2871 3448 odi
2921 3393 3145 3462 rapinas
3197 3406 3267 3447 ex
3310 3387 3588 3459 iniquitate.
3618 3398 3635 3432 ι

2103 3485 2481 3541 IEddicatores
2530 3486 2744 3540 urbium
2785 3485 3134 3540 desertarum
3169 3492 3227 3540 et
3260 3492 3497 3552 pastores
3537 3488 3639 3546 εἴθ’

2104 3594 2252 3649 gum,
2283 3578 2374 3647 qui
2424 3578 2525 3648 ipsi
2570 3588 2694 3633 sunt
2727 3586 2975 3633 aratores
3012 3587 3068 3632 et
3098 3577 3385 3640 vinitores,
3432 3574 3523 3626 hoc
3549 3575 3636 3626 est.

2106 3668 2198 3721 lilii
2224 3673 2661 3738 peregrinorum,
2685 3668 2784 3738 ipsi
2817 3681 3038 3738 quoque
3066 3678 3197 3723 sunt
3227 3665 3521 3723 sacerdotes
3542 3656 3636 3717 Dei.

2106 3759 2171 3825 ad
2213 3773 2347 3827 quos
2380 3757 2650 3828 PrOpbeta
2699 3775 2844 3814 nunc
2878 3759 3012 3814 dicit
3053 3773 3071 3813 ε
3119 3758 3219 3814 Vos
3248 3767 3419 3812 autem
3455 3750 3637 3808 vocabi-

2105 3851 2235 3904 miui
2260 3851 2558 3905 sacerdotes
2593 3851 2827 3920 Domini,
2851 3863 2900 3907 et
2929 3852 3160 3906 ministri
3197 3852 3291 3907 Dei
3322 3846 3500 3913 nostri,
3524 3843 3639 3896 ἀίει·

2108 3953 2196 3996 tur
2235 3943 2381 3999 vobis
2413 3961 2432 3998 :
2469 3943 2611 3998 baud
2640 3944 2865 3999 dubium
2902 3945 3034 4013 quin
3073 3942 3434 3999 Ecclesiarum
3465 3931 3641 4009 princi-

2108 4054 2206 4107 pes
2256 4037 2546 4109 signilicet.
2574 4037 2668 4093 Vel
2697 4052 2846 4095 certe
2877 4038 2944 4094 de
2981 4039 3244 4110 apostolis
3274 4031 3638 4103 intelligendum

2106 4141 2209 4198 est,
2240 4142 2296 4183 ut
2323 4132 2393 4185 sit
2424 4132 2561 4187 ordo
2597 4147 2614 4185 :
2642 4132 2777 4187 Cum
2814 4132 3191 4196 cmmentarii,’
3214 4129 3370 4203 735
3406 4133 3637 4198 pastores.

2107 4233 2351 4278 aratores
2380 4233 2435 4277 et
2467 4223 2731 4279 vinitores
2761 4224 2829 4279 de
2869 4225 3125 4294 gentibus
3155 4223 3355 4279 fuerint
3388 4210 3638 4274 Ecdclesiis

2107 4315 2404 4384 praepositi,
2457 4331 2557 4370 vos
2616 4318 2682 4371 de
2730 4316 2930 4387 quibus
2983 4315 3191 4372 dictum
3242 4323 3324 4370 est
3370 4303 3679 4377 :Reliquiatv'

2107 4408 2270 4461 salva:
2296 4407 2420 4475 [ient
2457 4407 2635 4476 (liam.
2675 4424 2752 4473 ιιι,
2794 4408 2913 4478 27).
2962 4408 3030 4463 Et
3071 4426 3086 4465 :
3126 4410 3247 4464 Nisi
3281 4405 3519 4463 Dominus
3556 4399 3641 4453 5a-

434 4498 667 4568 gloriosa
696 4533 711 4559 ,
745 4498 826 4549 vel
853 4496 1006 4565 juxta
1040 4492 1361 4562 lleqraicum
1410 4509 1512 4548 me
1566 4477 1756 4564 (ista),
1787 4510 1883 4565 per
1908 4510 2003 4548 ex-
2036 4479 2082 4535 ί)
2111 4497 2268 4552 baoth
2315 4499 2613 4569 reliquisset
2663 4501 2807 4555 nobis
2840 4477 3037 4566 semen,
3084 4506 3240 4573 quasi
3283 4497 3498 4556 Sodoma
3527 4503 3640 4547 esse.

434 4601 642 4644 tensam
674 4598 960 4657 utramque
989 4586 1270 4655 syllabam,
1307 4586 1490 4653 fortes,
1527 4587 1726 4656 Deique
1753 4588 2000 4656 justitiae,

433 4692 526 4735 aut
562 4681 665 4754 |Al.
708 4682 786 4752 ut]
822 4679 1082 4747 plantatio
1119 4677 1330 4732 Domini
1363 4679 1427 4732 ad
1460 4677 1873 4749 gloriﬁcandutu
1903 4720 1918 4744 ,
1948 4689 2007 4733 ut

434 4791 558 4829 cmn
594 4772 880 4844 glorilicati
919 4770 1139 4834 fuerint,
1173 4768 1255 4822 vel
1294 4768 1396 4839 ipsi
1442 4771 1869 4838 glorilicavcriut
1903 4769 2006 4824 Do-

433 4866 673 4930 minum,
722 4863 989 4918 aediﬁcent
1019 4861 1265 4916 desertas
1308 4877 1341 4915 a
1391 4864 1591 4917 saeculo
1621 4864 1904 4929 civitates,
1952 4874 2008 4918 et

380 5016 384 5027 ,
435 4958 619 5011 ruinas
666 4957 922 5026 antiquas
969 4956 1255 5018 suscitant,
1291 4964 1398 5008 tam
1445 4955 1624 5024 populi
1675 4953 2007 5021 Judzeorum,

435 5066 597 5120 quam
640 5060 960 5104 cunctarum
1008 5050 1271 5118 gentium,
1326 5048 1417 5117 qui
1467 5062 1575 5101 non
1617 5047 1789 5102 solum
1840 5048 2011 5101 indili-

433 5141 592 5196 candi
622 5148 677 5194 et
701 5140 1042 5196 instaurandi
1074 5141 1233 5194 urbes
1261 5140 1532 5194 habebunt
1559 5139 1881 5202 scientiam;
1912 5139 2005 5193 sed

434 5244 489 5288 et
517 5242 764 5303 pastores
796 5232 958 5303 734
983 5243 1145 5287 erunt
1178 5232 1387 5301 optimi,
1421 5242 1480 5286 ut
1511 5232 1740 5301 repulsis
1769 5233 2008 5302 antiquis

434 5322 766 5392 pastoribus,
817 5323 1011 5389 quibus
1045 5337 1140 5391 per
1172 5321 1515 5376 Ezecbielem
1568 5322 1782 5377 dixerat
1825 5321 1965 5377 Dens
1993 5363 2007 5387 ,

439 5417 482 5468 0
515 5422 753 5481 pastores
795 5411 983 5478 Israel,
1020 5415 1272 5482 numquid
1306 5425 1526 5481 pascunt
1564 5416 1868 5484 semetipsos
1914 5432 2012 5484 pa-

434 5515 624 5572 stores,
649 5515 698 5559 et
726 5521 830 5559 non
858 5505 1026 5574 magis
1052 5521 1167 5558 oves
1193 5505 1411 5573 (Ezccii.
1442 5522 1624 5569 xxxiv,
1657 5506 1749 5577 2)?
1774 5507 2017 5563 Audiaut

436 5609 563 5651 cum
583 5598 830 5665 apostolo
850 5594 1046 5659 Petro,
1072 5593 1238 5649 Pasce
1260 5613 1375 5650 oves
1396 5613 1538 5651 meas
1558 5597 1745 5666 (Joan.
1768 5614 1880 5663 χχι,
1906 5599 2014 5668 Π).

2108 4606 2245 4654 mus,
2299 4599 2349 4643 et
2400 4591 2600 4644 similes
2651 4588 2961 4645 Gomorrhte
3012 4592 3293 4664 fuissemus
3340 4588 3467 4661 (Ita.
3510 4600 3545 4648 ιο
3574 4579 3637 4649 9)*

2110 4676 2440 4732 vocabimiui
2468 4680 2800 4747 sacerdotes,
2834 4688 2888 4734 et
2919 4680 3156 4736 ministri
3186 4680 3277 4736 Dei
3309 4677 3482 4750 quales
3509 4673 3640 4726 erant

2112 4779 2166 4823 et
2198 4769 2291 4823 lilii
2332 4769 2523 4825 David.
2562 4773 2636 4826 De
2665 4772 2866 4842 quibus
2898 4773 3179 4840 Scriptura
3222 4772 3350 4828 dicit
3381 4787 3395 4823 :
3424 4763 3536 4819 Filii
3559 4773 3639 4813 att»-

2112 4860 2216 4915 iem
2250 4861 2421 4917 Dauid
2456 4874 2607 4917 erant
2643 4864 2942 4919 sacerdotes
2989 4865 3088 4919 Dei
3119 4865 3203 4937 (II
3247 4864 3371 4934 Reg.
3408 4872 3516 4923 vltt,
3542 4848 3635 4920 18)ο

2120 4955 2208 5011 Isti
2248 4956 2625 5011 fortitudinem
2674 4959 2917 5025 gentium
2953 4962 3263 5024 comedent,
3300 4966 3353 5010 et
3378 4956 3427 5007 in
3459 4942 3636 5004 diVilii‘

2117 5060 2306 5100 earum
2367 5044 2721 5100 admirabiles
2773 5054 2954 5100 erunt.
3003 5045 3214 5100 Corona
3264 5043 3403 5099 enim
3452 5039 3632 5105 μεσοίη

2115 5138 2288 5209 gloria
2326 5140 2649 5205 liberorum,
2673 5148 2727 5194 et
2758 5137 3035 5209 profectus
3065 5139 3268 5208 p0puli,
3295 5131 3456 5204 epulae
3479 5132 3636 5181 sacer-

2115 5235 2301 5287 dolum
2343 5233 2526 5305 (Prov.
2556 5237 2716 5304 xvii).
2755 5234 2831 5289 De
2874 5232 3189 5289 istiusmodi
3236 5226 3432 5287 divitiis
3469 5217 3636 5275 Paul"!

2114 5326 2391 5380 scribebat
2423 5328 2488 5379 ad
2518 5326 2836 5381 Corinthios
2871 5342 2886 5380 :
2919 5325 3140 5380 Gratias
3169 5341 3265 5395 ago
3290 5323 3389 5376 Deo
3425 5315 3633 5402 meai":

2114 5417 2297 5470 Jcsurn
2328 5416 2623 5481 Christum,
2666 5418 2917 5487 quoniam
2963 5419 3016 5469 in
3048 5417 3286 5470 omnibus
3315 5407 3485 5465 divites
3524 5398 3630 5468 iam

2118 5510 2239 5562 estis
2268 5510 2320 5563 in
2350 5525 2431 5574 eo,
2471 5510 2526 5562 in
2556 5512 2701 5563 omni
2731 5508 2903 5573 verba,
2938 5517 2987 5562 et
3018 5510 3072 5562 in
3104 5513 3242 5561 omni
3271 5499 3489 5560 scientia,
3515 5490 3630 5590 sicut

2121 5604 2479 5657 testimonium
2510 5603 2710 5658 Christi
2741 5603 3117 5672 conﬁrmatum
3152 5610 3226 5657 est
3265 5602 3319 5655 in
3345 5592 3489 5656 vobis:
3512 5592 3557 5639 ⁸⁸
3579 5589 3629 5632 ⁸⁸

516 5706 535 5737 ⁸
570 5704 754 5778 Neque
808 5710 863 5763 in
917 5709 1282 5767 Ambrosiano
1335 5729 1437 5767 ms.
1498 5730 1676 5785 neque
1733 5717 1787 5771 in
1838 5716 2030 5773 Grteco
2068 5718 2366 5785 exemplari
2402 5719 2619 5776 additur
2653 5733 2954 5789 pronomen
2990 5720 3177 5773 nostri.
