3902 6182
272 411 397 477 625

277 624 459 680 titudo
481 636 662 681 autem
690 631 936 697 gentium
970 634 1282 706 triumphus
1312 649 1398 695 est
1425 650 1726 712 martyrum
1764 661 1777 698 :
1810 656 1864 701 et

275 731 385 772 nos
413 718 466 773 in
503 734 691 775 eorum
725 725 897 792 gloria
932 728 1154 796 superbi
1190 745 1401 795 sumus,
1433 748 1541 789 non
1576 749 1638 789 ea
1676 752 1865 805 super-

276 810 369 866 bia
400 829 518 881 quae
544 815 597 868 in
624 816 755 870 vitio
785 828 891 885 est,
923 820 1010 874 cui
1042 821 1182 877 Deus
1214 826 1443 890 resistit,
1472 838 1529 881 ut
1562 828 1865 886 humilibus

276 905 373 960 det
405 910 636 976 gratiam
689 908 876 979 (Prov.
925 929 1024 979 tu;
1075 915 1193 971 Jac.
1228 918 1321 989 4);
1358 920 1455 976 sed
1505 936 1567 976 ea
1617 938 1736 989 qua:
1768 938 1864 992 pro

276 998 520 1065 potentia
546 1010 601 1055 et
629 1001 802 1071 gloria
831 1005 1122 1076 accipitur.
1155 1008 1309 1065 Unde
1341 1020 1395 1066 et
1426 1012 1594 1083 Moysi
1630 1025 1860 1070 eomuta

275 1085 453 1144 facies
492 1100 610 1144 erat
652 1092 852 1163 (Exod.
888 1103 1101 1168 xxxiv),
1139 1101 1229 1169 qui
1264 1101 1446 1157 dicere
1481 1113 1697 1172 poterat
1745 1122 1758 1158 :
1797 1103 1864 1157 In

276 1186 326 1232 te
362 1180 607 1238 inimicos
652 1195 857 1241 nostros
890 1205 1053 1243 cornu
1090 1193 1457 1249 ventilabimus
1491 1194 1664 1264 (Psal.
1706 1210 1861 1260 ιιιιι,

275 1270 360 1339 6).
389 1271 456 1327 Et
479 1290 580 1344 pro
606 1280 858 1347 superbia
883 1282 1096 1352 glorias;
1122 1285 1515 1354 interpretatus
1537 1300 1622 1345 est
1647 1290 1864 1358 Aquila,

276 1364 377 1417 καὶ
428 1366 490 1419 ὲν
537 1367 668 1440 δόξῃ
724 1372 908 1429 αὐτῶν
957 1377 1217 1449 πορφύρᾳ
1266 1379 1608 1447 ὲνδύσεσοαι,
1664 1382 1717 1435 id
1757 1391 1863 1446 est,

276 1473 521 1527 purpura
554 1462 854 1520 vestiemini
873 1485 894 1533 ;
925 1479 985 1522 ιιι
1026 1470 1239 1540 insigne
1271 1473 1402 1543 regii
1434 1475 1646 1530 decoris
1678 1486 1867 1531 osten-

278 1548 463 1604 deret.
496 1550 761 1626 Quodque
803 1561 1053 1626 sequitur
1091 1580 1105 1616 :
1151 1562 1258 1618 I‘ro
1310 1568 1615 1637 confusione
1643 1571 1860 1639 duplici,

274 1654 323 1696 et
376 1659 478 1710 pro
524 1648 713 1703 rubore
767 1650 1063 1707 laudabunt
1110 1667 1318 1725 partem
1371 1676 1549 1724 suam,
1605 1666 1747 1733 quod
1808 1667 1862 1719 in

278 1734 638 1809 Septuaginta
691 1758 801 1797 non
852 1744 1105 1812 habetur,
1156 1751 1237 1805 sic
1274 1751 1407 1805 mihi
1461 1754 1863 1821 esplanaudnm

277 1830 521 1885 videtur.
555 1831 665 1888 Pro
708 1850 775 1890 eo
825 1840 970 1906 quod
1021 1840 1295 1909 duplicem
1347 1844 1631 1900 habebatis
1672 1849 1866 1903 conlu-

275 1921 518 1991 sionem,
554 1935 664 1980 tatn
713 1944 881 1998 super
918 1932 1118 2001 populo
1145 1932 1485 2003 indecorum,
1532 1939 1624 2008 qui
1673 1957 1703 1994 a
1758 1941 1866 1997 Deo

278 2024 613 2082 recesserat,
641 2034 806 2088 quam
847 2035 1013 2090 super
1042 2024 1376 2093 nationibus,
1405 2044 1526 2097 qua:
1562 2029 1717 2085 idolis
1753 2048 1867 2085 sero

277 2106 526 2176 ciebant,
577 2112 830 2170 videbitis
864 2131 959 2171 eos
990 2133 1289 2175 conversos
1341 2123 1407 2176 ad
1446 2122 1696 2177 timorem
1749 2126 1864 2195 Dei,

274 2198 506 2256 laudare
526 2214 734 2272 partem
762 2223 938 2264 suam.
966 2208 1115 2265 Haud
1142 2213 1362 2267 dubium
1387 2214 1519 2284 quin
1545 2213 1858 2283 Dominum,

275 2291 342 2343 de
379 2306 493 2359 quo
522 2294 846 2363 loquebatur
874 2308 930 2352 et
966 2300 1200 2357 Sanctus
1234 2319 1247 2354 :
1289 2301 1430 2358 Pars
1460 2322 1576 2359 mea
1606 2305 1863 2363 Dominus

274 2381 456 2453 (Psal.
490 2401 662 2453 Lxxu,
699 2388 816 2459 26).
867 2388 981 2447 Hoc
1012 2404 1192 2465 autem
1228 2409 1391 2449 nemo
1426 2407 1606 2464 potest
1652 2399 1858 2466 dicere,

274 2476 379 2529 nisi
428 2478 524 2548 qui
565 2480 724 2533 aliam
774 2492 981 2552 partem
1018 2500 1124 2538 non
1161 2486 1342 2541 habet.
1378 2486 1516 2553 Quia
1559 2490 1731 2558 igitur
1770 2507 1864 2548 vos

273 2581 444 2636 super
476 2568 557 2625 eis
586 2569 864 2642 duplicem
899 2572 1169 2631 habuistis
1205 2578 1582 2635 confusionem
1617 2592 1672 2637 et
1704 2584 1865 2638 rubo-

275 2674 389 2713 rem
430 2663 639 2730 peccati
672 2679 884 2731 eornm,
934 2682 1104 2737 super
1142 2682 1252 2737 quo
1287 2670 1388 2740 ipsi
1437 2688 1540 2725 non
1576 2675 1866 2731 erubesce-

274 2748 433 2815 bant,
466 2760 752 2821 propterea
787 2755 838 2806 in
887 2764 1028 2809 terra
1081 2771 1202 2821 sua,
1256 2759 1306 2811 id
1341 2767 1446 2823 est,
1481 2761 1533 2812 in
1588 2770 1730 2815 terra
1766 2762 1866 2816 tui-

278 2840 415 2896 tium
451 2853 614 2914 atque
642 2846 966 2913 viventium,
1015 2849 1249 2918 duplicia
1297 2853 1653 2919 possidebunt
1691 2871 1704 2908 :
1735 2870 1860 2909 cum

277 2944 329 2988 et
358 2937 730 3005 praesentibus
757 2939 1112 3003 crediderint,
1143 2952 1196 2997 et
1229 2942 1444 2998 futuris.
1488 2943 1551 2997 Et
1583 2947 1866 3001 iubebunt

278 3027 529 3084 laetitiam
584 3031 1000 3102 sempiternam.
1063 3032 1170 3089 Pro
1232 3052 1343 3104 quo
1398 3039 1448 3090 in
1503 3036 1861 3108 Septuaginta

276 3120 502 3192 legitur,
530 3124 609 3179 sic
639 3132 837 3179 terram
870 3126 1096 3180 secundo
1126 3129 1484 3195 possidebunt.
1512 3130 1575 3184 Et
1603 3133 1862 3203 gaudium

424 498 429 501 Ι
772 426 1272 496 CUMMENTAR.
1321 434 1402 495 IN
1440 435 1715 500 ISAIAM
1760 440 2229 508 PROPHETAM
2275 450 2419 516 LIB.
2466 452 2660 526 XVII,
2693 452 2851 518 CAP.
2894 455 3054 520 LXI.

275 531 429 637 tif”?
454 532 736 605 indigentis
770 539 838 637 tu
859 541 973 595 ulla
1001 548 1181 637 gratia
1211 543 1267 617 (1
1301 544 1428 601 Cor.
1461 565 1502 612 ι,
1553 549 1696 620 4-7).
1735 548 1870 605 For-
1897 554 1944 609 Α
1975 575 2088 615 rem
2113 563 2258 619 dabit
2273 566 2461 637 justis,
2483 570 2618 635 sive,
2640 580 2699 625 ut
2722 567 2914 625 melius
2939 566 3240 623 habeturin
3264 566 3547 631 Hebraico,

3446 456 3553 520 626

1972 652 2027 704 in
2075 655 2295 711 ueritate
2326 675 2345 712 :
2400 669 2457 713 ut
2506 675 2851 730 nequaquam
2898 660 3041 715 sicut
3093 659 3149 714 in
3194 658 3312 728 lege
3359 660 3551 713 utnbra

1973 743 2243 811 veritatis,
2297 752 2395 803 sed
2449 749 2566 820 ipsa
2629 753 2701 807 sit
2735 752 2959 807 veritas.
3012 748 3080 804 Et
3132 764 3348 821 pactum
3400 749 3557 805 feriet

1972 837 2390 905 sempiternum,
2417 857 2523 896 non
2555 842 2719 913 quale
2755 843 2925 913 Moysi
2956 843 3209 908 dederat,
3240 844 3383 913 quod
3421 858 3556 911 prte-

1975 927 2157 994 teriit;
2223 934 2318 985 sed
2380 943 2595 999 pactum
2654 935 2972 1003 Evangelii,
3038 940 3105 992 de
3161 952 3269 1007 quo
3315 937 3557 1005 loquitur

1974 1015 2232 1091 Christus
2273 1038 2287 1074 :
2326 1020 2529 1076 Cozlunt
2558 1032 2607 1077 et
2639 1033 2781 1080 terra
2814 1028 3231 1095 pertransibunt,
3270 1026 3424 1080 verba
3457 1043 3557 1079 au-

1974 1118 2082 1163 tem
2112 1128 2227 1166 mea
2257 1131 2361 1168 non
2394 1117 2734 1184 praeteribunt
2768 1118 2985 1186 (Matth.
3012 1135 3160 1183 XXIV,
3188 1119 3303 1191 55).
3334 1120 3395 1173 Et
3426 1130 3556 1172 tunc

1973 1201 2182 1278 scietur
2230 1205 2285 1258 in
2324 1208 2579 1275 gentibus
2610 1225 2795 1262 semen
2844 1211 3230 1278 apostolicum,
3262 1222 3319 1265 et
3365 1226 3557 1265 ontues

1974 1268 2172 1348 fututa:
2208 1298 2593 1365 generationes
2627 1298 2930 1365 suscipient
2958 1311 3255 1354 sementem
3294 1300 3556 1354 doctrina:

1973 1382 2068 1437 Dei
2124 1404 2137 1439 :
2188 1402 2532 1458 nequaquam
2587 1391 2720 1444 illud
2758 1390 3028 1454 dicentes,
3081 1390 3137 1444 in
3179 1405 3285 1459 quo
3330 1391 3558 1459 populus

1975 1480 2124 1547 prius
2175 1480 2615 1538 circumcisionis
2671 1486 2893 1538 errabat
2929 1485 3123 1538 dicens
3172 1502 3183 1537 :
3230 1482 3369 1548 Quid
3417 1485 3557 1536 enim

1973 1571 2144 1634 aliud,
2180 1573 2286 1626 nisi
2321 1590 2498 1627 semen
2525 1577 2718 1644 quierit
2756 1576 2894 1629 Deus
2921 1579 2935 1607 ⁸
2964 1576 2988 1629 ?
3019 1575 3208 1630 Omnis
3238 1576 3327 1645 qui
3360 1574 3560 1629 viderit

1971 1678 2091 1729 eos,
2133 1666 2306 1734 prima
2362 1668 2539 1723 fronte
2588 1682 2901 1740 cognoscet,
2953 1672 3078 1740 quia
3124 1686 3308 1725 semen
3357 1672 3427 1724 sit
3465 1672 3555 1725 cui

1974 1756 2315 1813 benediserit
2350 1744 2655 1818 Dominus.‘
2683 1762 2817 1829 Quis
2860 1765 3003 1816 enim
3054 1778 3118 1815 ex
3157 1763 3351 1818 ordine
3404 1764 3549 1829 vitae,

1973 1853 2416 1918 mansuetudine,
2440 1855 2800 1923 continentia,
2828 1856 3209 1924 hoSpitalitate,
3233 1858 3555 1925 enttctiSque

1974 1943 2269 1998 virtutibus
2300 1960 2405 2000 non
2439 1946 2708 2016 intelligat
2742 1950 2997 2017 populum
3034 1948 3124 2002 Dei
3153 1947 3179 2001 ?
3205 1947 3267 2001 Et
3298 1949 3421 2017 quis
3446 1964 3553 1999 non

1970 2048 2001 2088 e
2052 2038 2335 2090 contrario
2389 2036 2696 2092 detestetur
2748 2046 3008 2094 cruentas
3064 2039 3281 2093 lsraclis
3343 2054 3559 2101 tttalllls,

1969 2125 2253 2178 adversum
2285 2142 2421 2195 quos
2452 2128 2785 2198 imprecatur
2810 2128 3085 2196 Propheta
3112 2130 3335 2184 «Ιίςθειεε
3364 2127 3552 2193 Ιηιμρισι.

1971 2215 2216 2285 Domine,
2246 2218 2410 2289 facies
2460 2237 2641 2275 eorum
2674 2224 2967 2291 ignominia
2999 2221 3173 2292 (Psal.
3204 2238 3410 2288 Lxuu,
3446 2224 3554 2287 i7).

2044 2308 2222 2380 (νει-δ.
2260 2312 2348 2376 10,
2390 2314 2505 2385 Η.)
2545 2332 2563 2365 ι
2599 2314 2857 2371 Gaudens
2907 2316 3153 2382 gaudebo
3204 2317 3255 2370 itt
3301 2315 3555 2380 Πυιιιίτεο,

1968 2412 2022 2456 et
2051 2406 2345 2460 exsultavit
2378 2403 2565 2479 [Vulg.
2603 2409 2899 2463 exsultabit
2931 2407 2948 2479 ]
2981 2410 3159 2461 anima
3195 2426 3314 2463 mea
3354 2412 3405 2463 in
3442 2410 3555 2463 Deo

1969 2511 2091 2549 meo
2123 2515 2136 2552 :
2181 2498 2309 2567 quia
2341 2497 2517 2552 induit
2559 2498 2719 2569 737
2768 2515 2852 2554 tne
2898 2501 3243 2556 vestimentis
3279 2501 3474 2555 salutis
3499 2513 3556 2555 et

1969 2588 2302 2644 indumentis
2320 2588 2548 2660 justitia:
2571 2592 2935 2645 circumdedit
2967 2607 3076 2656 me,
3102 2592 3258 2662 quasi
3286 2609 3548 2659 sponsum

1968 2682 2282 2735 decoratum
2317 2696 2543 2748 corona,
2575 2692 2630 2737 et
2662 2683 2819 2753 quasi
2852 2699 3113 2752 sponsam
3145 2694 3395 2775 qruatam
3437 2701 3553 2735 littl-

1968 2775 2173 2831 nilibus
2190 2776 2327 2831 suis.
2355 2775 2512 2831 Sicut
2535 2778 2683 2832 enim
2715 2787 2860 2833 terra
2889 2777 3094 2847 profert
3117 2791 3338 2848 germen
3365 2792 3550 2842 suum,

1966 2875 2022 2920 et
2057 2867 2200 2922 sicut
2236 2867 2430 2923 hortus
2460 2882 2650 2923 semen
2686 2885 2846 2923 suum
2880 2871 3153 2939 germinat
3186 2888 3200 2924 :
3249 2868 3329 2924 sic
3364 2870 3549 2923 Domi-

1968 2975 2069 3013 nus
2115 2944 2257 3016 Deus
2302 2961 2633 3032 germinabit
2680 2961 2949 3031 justitiam
2994 2973 3050 3016 et
3100 2961 3316 3016 laudem
3368 2976 3552 3015 coram

1969 3050 2237 3107 universis
2276 3053 2551 3122 gentibus.
2605 3073 2624 3106 ι
2662 3052 2846 3107 LXX:
2902 3074 2920 3105 s
2965 3054 3178 3108 Gaudio
3215 3054 3550 3109 laetabuntur

1967 3140 2021 3195 iu
2054 3142 2312 3208 Domino,
2350 3146 2590 3199 exsultet
2622 3145 2802 3200 anima
2842 3160 2960 3199 mea
2993 3148 3047 3198 in
3085 3145 3339 3200 Domino.
3374 3142 3554 3197 Induit

276 3216 679 3287 sempiternum
728 3219 835 3274 erit
880 3235 1045 3289 super
1076 3232 1236 3292 caput
1269 3240 1485 3288 eorum,
1532 3234 1588 3277 ut
1617 3228 1706 3293 qui
1740 3242 1860 3295 pos-

1969 3237 2114 3289 enitn
2167 3252 2253 3290 me
2299 3238 2626 3292 vestimento
2681 3237 2897 3301 salutis,
2951 3247 3006 3292 ct
3061 3238 3301 3292 tunicam
3357 3237 3555 3292 laetitia:

276 3309 545 3363 sederant
575 3320 776 3367 terram
809 3312 860 3367 in
894 3312 1092 3368 Judaea:
1119 3315 1526 3385 augestissimis
1551 3316 1716 3388 736
1747 3318 1862 3373 liui-

278 3401 407 3467 bus,
443 3411 636 3472 postea
669 3403 985 3461 universum
1022 3407 1211 3462 orbem
1259 3407 1594 3477 possideant.
1648 3410 1723 3464 De
1754 3426 1863 3479 qua

278 3505 426 3548 terra
468 3491 636 3550 Pater
686 3496 928 3566 loquitur
971 3497 1239 3553 Salvatori
1277 3517 1290 3553 :
1322 3498 1549 3555 Postula
1592 3519 1624 3556 a
1662 3519 1766 3566 me,
1815 3515 1862 3558 et

275 3588 413 3641 dabo
454 3588 548 3642 tibi
580 3599 757 3660 gentes
790 3591 1152 3646 hareditatent
1189 3602 1362 3658 tuum,
1399 3604 1449 3649 et
1479 3596 1862 3664 possessionem

276 3689 430 3734 tuam
463 3683 719 3737 terminos
753 3694 909 3759 terra:
942 3684 1114 3755 (Psal.
1152 3701 1212 3754 tt,
1244 3688 1323 3757 8).
1358 3687 1472 3743 lloc
1503 3698 1683 3745 autem
1724 3705 1862 3759 pra:-

274 3776 416 3830 stitit
449 3774 735 3844 Dominus,
762 3752 857 3846 (fui
890 3752 1293 3849 diligitjudicii
1316 3782 1628 3844 veritatem.
1652 3752 1862 3838 et-odio

274 3868 439 3924 habet
472 3871 718 3939 rapinam
752 3870 804 3925 in
840 3872 1178 3927 holocausto.
1219 3871 1323 3927 Pro
1357 3888 1468 3942 quo
1504 3873 1860 3945 Septuaginta

273 3960 702 4028 transtulerunt,
734 3964 983 4033 rapinam
1011 3968 1077 4017 de
1108 3964 1388 4034 iniquitate
1421 3979 1439 4018 .'
1478 3967 1636 4036 quasi
1677 3968 1859 4036 aliqua

271 4055 342 4112 sit
391 4056 589 4125 rapina
633 4072 753 4127 quae
805 4072 911 4112 non
948 4073 1013 4112 ex
1064 4056 1353 4126 iniquitate
1385 4059 1672 4115 consistat.
1716 4061 1860 4133 Ergo

270 4150 422 4220 quod
455 4150 612 4217 dicit.
660 4153 763 4209 hoc
802 4159 887 4206 est
924 4167 939 4208 :
975 4149 1146 4220 Magis
1197 4150 1637 4222 Deusjustorum
1685 4154 1862 4225 diligit

272 4254 672 4313 paupertatem,
698 4260 861 4316 quant
886 4244 1116 4301 divitum
1146 4260 1392 4314 munera,
1418 4260 1538 4316 qua:
1565 4246 1631 4302 de
1654 4247 1859 4318 rapinis

269 4349 405 4395 sunt
436 4349 492 4395 et
522 4339 831 4409 iniquitate.

1969 3328 2335 3384 circumdedit
2388 3330 2540 3386 mihi.
2580 3328 2733 3384 Sicut
2784 3346 3044 3398 sponsum
3083 3330 3268 3394 tnitra,
3308 3339 3363 3384 et
3411 3333 3553 3384 sicut

1969 3434 2227 3489 sponsam
2260 3423 2479 3477 ornavit
2514 3423 2721 3477 mundo
2753 3421 3028 3487 muliebri,
3064 3431 3121 3475 et
3164 3422 3311 3477 sicut
3348 3432 3550 3476 terram

1968 3513 2284 3570 ellerentem
2335 3516 2527 3569 ﬂorent
2568 3530 2754 3574 suum.
2802 3527 2857 3568 et
2917 3514 3062 3568 sicut
3102 3513 3295 3567 hortus
3344 3513 3551 3568 semina

1966 3623 2066 3663 sua
2102 3607 2375 3677 germinat
2408 3624 2423 3662 :
2463 3608 2545 3664 sic
2575 3606 2841 3662 Dominus
2873 3606 3014 3661 Deus
3041 3605 3252 3674 profert
3277 3606 3552 3675 justitiam

1965 3711 2021 3755 et
2053 3700 2267 3754 laudent
2316 3700 2371 3754 itt
2403 3708 2702 3768 conspectu
2732 3699 2975 3752 omniuut
3027 3697 3293 3766 gentium.
3343 3715 3362 3747 ι
3397 3695 3555 3750 Priu-

1966 3791 2167 3861 cipinm
2204 3790 2429 3861 capituli
2469 3790 2625 3860 juxta
2658 3787 2823 3853 LXX,
2872 3789 2963 3859 qui
3000 3789 3251 3842 dixerunt
3289 3806 3305 3843 :
3338 3788 3551 3844 Caudio

1965 3885 2291 3939 laetabuntur
2326 3884 2380 3936 in
2420 3882 2674 3950 Domino,
2717 3883 2808 3936 lini
2855 3881 3159 3951 superioris
3193 3880 3414 3951 capituli
3460 3897 3554 3936 co-

1963 3975 2206 4047 pulatur.
2236 3974 2399 4030 Juxta
2442 3973 2702 4030 llebrteos
2739 3988 2870 4028 vero
2905 3974 3130 4028 alterius
3165 3973 3357 4041 capitis
3388 3988 3552 4025 exor-

1963 4065 2111 4122 dium
2161 4074 2281 4131 est,
2327 4065 2381 4119 itt
2432 4079 2540 4134 quo
2592 4064 2957 4118 introducitur
3002 4062 3287 4128 Ecclesia,
3344 4062 3548 4118 Christi

1961 4158 2293 4228 respondere
2340 4156 2685 4213 sermonibus
2719 4174 2733 4210 :
2775 4153 3024 4208 Gaudeas
3066 4155 3302 4225 gaudebo
3340 4154 3396 4207 in
3440 4153 3552 4206 Du-

1961 4252 2125 4317 mino,
2160 4259 2210 4303 et
2255 4248 2544 4303 exsultabit
2576 4248 2757 4302 anima
2790 4263 2903 4301 mea
2937 4253 2990 4302 in
3022 4246 3130 4301 Deo
3161 4263 3292 4301 meo.
3331 4243 3548 4316 Nequa-

1958 4356 2124 4408 quam
2161 4340 2215 4393 in
2251 4338 2519 4410 patribus,
2546 4339 2691 4395 sicut
2732 4337 2905 4393 Judaei
2939 4338 3339 4409 gloriabantur,
3367 4337 3552 4392 dicen.

252 4494 260 4501 ,
342 4432 528 4507 (Vers.
561 4434 616 4500 8,
648 4434 728 4501 9.)
766 4452 785 4485 ι
828 4434 897 4489 Ει
928 4432 1068 4488 dabo
1106 4447 1243 4503 opus
1275 4447 1465 4487 eorum
1507 4432 1565 4487 in
1608 4434 1855 4500 veritate,
1961 4443 2042 4487 tes
2073 4450 2088 4486 :
2126 4431 2315 4487 Semen
2338 4429 2604 4484 Abraham
2629 4441 2836 4493 sumus,
2866 4442 2915 4484 et
2945 4431 3143 4484 nemini
3172 4446 3401 4501 unquam
3432 4447 3544 4483 ser-

273 4538 324 4582 et
354 4527 543 4583 {tellus
581 4536 903 4607 perpetuum
936 4523 1129 4578 feriam
1177 4524 1283 4578 eis.
1321 4522 1388 4578 Et
1432 4526 1636 4579 scietur
1665 4523 1853 4597 [γυῖα.

1964 4524 2190 4578 vivimus
2223 4521 2407 4589 (Joun.
2446 4539 2564 4587 \‘lll,
2600 4523 2716 4591 35);
2745 4525 2841 4577 sed
2887 4526 2938 4577 in
2990 4522 3118 4588 Deo,
3158 4522 3435 4593 Scriptura
3468 4525 3549 4575 di-

269 4618 471 4694 scient]
504 4620 557 4673 iu
589 4597 843 4689 gentibus
871 4631 1058 4672 semen
1091 4631 1301 4683 eorum,
1327 4624 1381 4671 et
1408 4630 1630 4686 germen
1662 4632 1851 4672 eorum
1888 4597 1932 4652 θ
1962 4626 2118 4670 cente
2146 4634 2160 4671 :
2188 4614 2545 4669 Multitudinis
2568 4628 2746 4670 autent
2770 4616 3093 4669 credentium
3122 4625 3236 4670 erat
3268 4633 3359 4670 cor
3385 4632 3547 4668 unum

269 4716 326 4771 in
390 4714 572 4770 medio
631 4711 979 4781 populorum.
1036 4709 1241 4764 Omnes
1299 4710 1388 4777 qui
1445 4708 1683 4763 viderint
1735 4725 1852 4775 eos,

272 4814 609 4879 cognoscent
637 4820 753 4871 eos,
786 4804 913 4873 quia
943 4802 1030 4857 isti
1063 4810 1187 4856 sunt
1218 4816 1405 4856 semen
1458 4801 1545 4855 cui
1576 4801 1853 4856 benedixit

274 4900 560 4958 Dominus.
592 4918 611 4952 ι
643 4897 789 4953 LXX
821 4914 840 4953 :
870 4917 890 4948 ι
928 4894 995 4949 Et
1023 4895 1162 4949 dabo
1185 4894 1426 4949 laborem
1454 4908 1643 4973 eorum
1664 4894 1849 4961 justis,

270 5006 325 5052 et
356 5004 745 5050 testamentum
777 5000 1043 5046 aeternum
1076 5002 1272 5057 ponam
1308 5003 1432 5041 cum
1466 4986 1565 5040 eis.
1609 4985 1675 5041 Et
1711 4988 1852 5043 seic-

274 5101 359 5144 tur
387 5090 442 5142 in
477 5086 730 5157 gentibus
762 5097 945 5138 semen
978 5096 1193 5142 eorum,
1228 5089 1281 5134 et
1314 5090 1540 5147 nepotes
1574 5095 1763 5136 eorum
1798 5083 1853 5136 in

275 5181 453 5235 medio
498 5178 845 5250 populorum.
888 5173 1079 5229 Omnis
1124 5173 1215 5242 qui
1252 5172 1447 5227 viderit
1480 5187 1597 5237 eos,
1650 5189 1854 5243 cogno-

272 5283 387 5329 scet
419 5272 568 5336 illos,
594 5269 722 5340 quia
750 5269 838 5322 isti
862 5277 988 5322 sunt
1013 5280 1201 5321 semen
1231 5265 1578 5319 benedictum
1605 5282 1635 5320 a
1660 5265 1791 5322 Deo.
1828 5286 1847 5318 ι

274 5363 417 5420 Deus
445 5364 537 5434 qui
569 5361 742 5433 diligit
765 5361 1039 5431 justitiam
1089 5368 1252 5428 atque
1281 5357 1570 5427 judicium,
1614 5368 1669 5413 et
1709 5360 1857 5413 dete-

230 5509 241 5519 ,
273 5468 448 5511 statur
474 5455 791 5510 holocausta
818 5453 1056 5507 violenta
1077 5450 1361 5521 (quidquid
1385 5450 1530 5505 enim
1557 5452 1623 5505 de
1648 5451 1855 5519 rapinis

275 5555 380 5611 est,
409 5549 566 5617 quasi
597 5544 905 5601 mercedem
939 5545 1109 5597 scorti
1143 5549 1379 5611 reputat,
1409 5551 1463 5596 et
1494 5541 1727 5611 pretium
1761 5556 1853 5595 ca-

278 5639 382 5708 nis)
412 5636 522 5712 [AL
555 5635 786 5710 carnis],
820 5637 938 5707 ipse
968 5650 1160 5691 eorum
1195 5634 1290 5703 qui
1321 5632 1565 5688 secundo
1592 5633 1852 5700 possede-

279 5734 389 5789 riat
420 5742 645 5800 terram,
673 5740 728 5787 ct
752 5746 891 5803 quos
922 5728 1119 5798 duplici
1154 5727 1338 5782 laetitia
1372 5725 1673 5788 coronat-it,
1706 5725 1855 5782 labo-

1957 4714 2009 4760 et
2035 4707 2218 4759 anima
2251 4722 2357 4759 una
2390 4706 2533 4777 (Act.
2570 4721 2642 4767 IV,
2680 4705 2794 4775 52).
2837 4705 3143 4774 liedditque
3184 4721 3378 4760 causas
3413 4704 3549 4757 huti-

1957 4800 2090 4857 tim;
2121 4796 2259 4865 Quia
2291 4799 2463 4853 induit
2495 4815 2575 4852 me
2601 4799 2908 4852 vestimento
2941 4798 3157 4861 salutis,
3190 4806 3238 4850 et
3266 4797 3547 4849 indumen-

1963 4904 2038 4957 to,
2068 4894 2181 4948 sive
2215 4893 2395 4946 tunica
2420 4891 2653 4959 justitiw
2685 4901 2841 4959 atque
2874 4887 3093 4949 la'titite,
3135 4902 3257 4955 qua:
3286 4885 3550 4940 Hebrait'o

1956 4987 2158 5041 dicitur
2217 5000 2346 5039 IAIL
2401 4966 2910 5056 (ﬁrmabornavit
2965 4988 3121 5047 atque
3176 4978 3543 5031 circumdedit.

1967 5080 2247 5149 Quotquot
2291 5077 2437 5132 enim
2485 5074 2539 5128 in
2581 5074 2799 5127 Christo
2830 5070 3085 5138 baptizati
3130 5084 3340 5134 sumus,
3373 5069 3553 5124 indui-

1967 5188 2087 5226 tnur
2117 5170 2340 5226 Christo
2378 5166 2585 5240 (Galat.
2616 5180 2720 5231 ιιι),
2747 5174 2800 5217 et
2834 5161 3095 5217 babetnus
3123 5162 3364 5216 tunicam
3394 5164 3553 5233 justi-

1964 5264 2054 5319 tite
2080 5262 2296 5334 (Ep/tes.
2324 5260 2395 5331 γι)
2426 5277 2439 5313 :
2470 5257 2562 5328 qui
2597 5258 2770 5310 iactus
2796 5264 2879 5309 est
2909 5253 3063 5308 nobis
3089 5255 3374 5321 sanctitas,
3393 5254 3552 5322 justi-

1964 5359 2059 5421 tia,
2094 5365 2149 5411 et
2177 5353 2477 5422 redemptio
2507 5348 2562 5420 (Ι
2588 5348 2713 5404 Cor.
2743 5348 2806 5415 ι).
2841 5346 3108 5416 Ponitque
3141 5346 3550 5403 similitudinem

1964 5451 2195 5505 duorum
2231 5446 2283 5499 itt
2331 5443 2578 5497 Ecclesia
2636 5441 2939 5508 agminum,
2973 5437 3338 5509 perfectorem
3386 5450 3549 5509 atque

1963 5537 2365 5609 incipientiunt.
2407 5534 2688 5589 Perfectus
2736 5532 2926 5601 sponsi
2977 5538 3262 5600 comparat
3310 5531 3553 5601 pulchri-

1962 5631 2173 5697 tudini;
2206 5628 2529 5696 incipientes
2574 5640 2792 5694 sponsa:
2825 5623 3094 5681 ussimilat
3137 5624 3375 5679 ornatui.
3415 5624 3551 5679 Per-

1964 5726 2137 5779 lectus
2190 5731 2307 5776 erat
2359 5719 2582 5785 Paulus,
2622 5718 2713 5789 qui
2770 5716 2927 5787 quasi
2979 5731 3215 5787 sponsus
3259 5715 3553 5774 decoratus

352 5921 370 5954 ⁸
392 5916 536 5976 ldcm
564 5918 936 5988 AmbrOsian.,
965 5917 1151 5976 dicens
1178 5936 1191 5976 :
1223 5916 1362 5985 Quid
1390 5917 1526 5973 enim
1560 5911 1708 5967 aliud
1738 5909 1840 5965 nisi
1879 5925 2050 5965 senum
2082 5907 2221 5965 Dei?
