3906 6172
404 356 509 421 627

1558 362 1615 422 S.
1654 358 1967 422 EUSEBII
2008 357 2454 419 HIERONYMI

3510 368 3597 433 628

405 489 517 527 cor.
543 491 606 528 na
638 454 1185 541 atque/coronandus,
1210 474 1342 537 sive,
1371 483 1426 524 ut
1454 474 1647 541 Aquila
1678 473 1976 536 transtulit,
2006 477 2052 533 Α
2081 476 2268 527 urbem
2318 476 2601 529 illuminat.
2649 474 2782 541 Quis
2817 476 2885 531 sit
2918 475 3022 529 iste
3051 490 3209 546 quem
3244 478 3442 545 quarit,
3466 496 3598 551 quem

409 565 797 636 ῑερατευμένος
834 565 1107 635 στεφάνῳ,
1142 569 1281 635 quod
1319 566 1369 619 in
1413 567 1589 633 lingua
1624 577 1806 620 nostra
1843 565 1979 618 dit-i-

409 673 519 721 tur.
572 661 837 716 sacerdoti
888 669 1110 727 portans
1156 675 1437 722 coronam,
1496 659 1765 728 loquentis
1820 658 1873 711 in
1925 672 1984 711 se

405 755 611 807 (lltristi
662 753 986 806 auctoritate
1032 752 1290 805 dicebat:
1325 753 1599 805 Certamen
1640 751 1831 804 bonum
1874 767 1986 804 cer-

410 850 539 902 tavi.
570 862 781 898 cursum
816 845 1197 908 consummavi,
1223 844 1380 913 [idem
1417 844 1620 899 servavi
1648 859 1666 898 :
1705 845 1768 898 de
1797 854 1986 898 cwtero

407 939 634 1007 apposita
664 948 738 991 est
777 938 907 990 milii
938 953 1130 991 corona
1160 937 1387 1007 justitia:
1422 936 1506 1007 (11
1539 937 1674 991 Tim.
1706 953 1780 1002 tv,
1822 937 1873 1001 7,
1906 938 1984 1005 8).

410 1034 475 1084 lit
515 1035 567 1083 in
613 1029 720 1082 alio
749 1029 868 1083 loco
904 1047 918 1084 :
953 1028 1219 1097 Quotquot
1255 1045 1375 1098 ergo
1406 1031 1647 1099 perfecti,
1679 1035 1776 1082 hoc
1807 1030 1989 1099 sapia-

412 1138 525 1173 mus
565 1120 818 1193 (Philipp.
852 1133 937 1184 ιιι,
970 1120 1081 1189 l5).
1115 1120 1384 1187 Incipiens
1411 1130 1591 1174 autem
1620 1128 1738 1173 erat
1770 1134 1991 1189 compa-

411 1211 625 1265 ratione
672 1211 1051 1279 plenitudinis,
1083 1210 1304 1282 quando
1338 1226 1404 1264 ex
1454 1225 1682 1280 persona
1724 1211 1989 1278 incipien-

413 1302 546 1354 tiutn
600 1301 926 1370 loquebatur
961 1319 975 1355 :
1013 1300 1141 1357 Cum
1177 1318 1340 1355 essem
1385 1301 1659 1367 parvulus,
1695 1302 1829 1355 sicut
1865 1318 1990 1365 par-

413 1393 565 1446 uulus
607 1395 882 1464 loquebar,
920 1396 1053 1448 sicut
1093 1393 1343 1461 parvulus
1374 1394 1665 1461 sapiebam,
1698 1395 1833 1448 sicut
1867 1408 1994 1461 par—

413 1488 564 1540 vulus
613 1487 903 1555 cogitabam
945 1483 1000 1556 (1
1044 1484 1167 1541 Cor.
1204 1485 1466 1556 31",“).
1518 1484 1582 1537 Et
1626 1484 1819 1539 iterum
1857 1499 1871 1537 :
1914 1482 1994 1536 Ea:

413 1593 563 1645 parte
590 1580 843 1647 videmus,
873 1590 921 1634 et
953 1595 1018 1634 ex
1045 1578 1210 1650 738
1236 1591 1388 1647 parte
1416 1580 1796 1650 cognoscimus,
1828 1578 1994 1631 donec

414 1674 585 1725 veniat
613 1672 751 1741 quod
781 1674 1064 1744 perfectum
1096 1683 1171 1727 est
1199 1671 1399 1744 (Ibid.,
1424 1672 1503 1742 9).
1533 1671 1599 1725 Et
1630 1672 1753 1727 ideo
1784 1685 1997 1740 sponsae

415 1765 749 1818 assimilatur
782 1765 1024 1831 ornatui,
1057 1781 1181 1836 quae
1216 1776 1440 1820 ornatur
1472 1765 1674 1820 mundo
1718 1762 1992 1825 muliebri,

417 1857 553 1920 sive,
594 1865 650 1907 ιιι
682 1857 861 1910 cmteri
906 1856 1333 1923 tranetuleruut,
1383 1858 1518 1910 rasis
1575 1856 1662 1910 vel
1716 1855 1996 1909 monilibus

416 1944 549 1998 suis.
613 1944 879 2014 Ponitque
940 1945 1167 2002 alterius
1222 1948 1648 2017 comparationis
1709 1949 1996 2011 exetnpla,

420 2054 652 2106 qliOt‘llnl
710 2040 864 2107 prius
914 2039 979 2092 ad
1032 2054 1316 2110 spettsum,
1358 2055 1596 2110 sequens
1646 2039 1881 2093 refertur
1931 2039 1998 2090 ad

420 2148 702 2200 sponsam.
740 2130 894 2184 Sicut
925 2140 1068 2185 terra
1101 2132 1304 2201 profert
1341 2147 1559 2200 germen
1587 2146 1766 2194 suum,
1798 2140 1850 2184 et
1885 2145 1999 2185 cm-

421 2222 648 2279 lestibus
700 2222 899 2291 pluviis
952 2210 1253 2294 irrigatur:
1291 2234 1343 2281 et
1391 2224 1536 2280 sicut
1582 2225 1771 2278 hortus
1815 2238 1997 2276 semen

419 2331 576 2369 suum
610 2317 899 2385 germinat,
930 2316 1022 2385 qui
1056 2314 1290 2371 fontium
1323 2327 1486 2386 atque
1516 2316 1803 2372 ﬂuviorum
1831 2329 2001 2384 aquas

421 2409 738 2463 desiderat:
783 2410 887 2472 sic,
932 2409 1127 2478 inquit,
1166 2407 1425 2463 Dominus
1470 2408 1798 2480 gerininabit
1843 2408 2003 2477 justi-

423 2504 553 2553 tiam
601 2515 762 2571 atque
802 2501 1044 2568 laetitiam
1095 2515 1279 2556 coram
1323 2503 1538 2557 cunctis
1582 2501 1874 2571 gentibus:
1912 2515 2005 2554 ne-

423 2604 699 2660 quaquam
757 2606 940 2646 coram
992 2589 1193 2656 Israel,
1250 2602 1306 2644 ut
1357 2592 1711 2662 supercilium
1763 2592 2004 2646 decutiat

421 2684 779 2749 .ludtrorum;
817 2684 910 2738 sed
943 2687 1154 2739 cunctis
1192 2684 1463 2755 gentibus,
1500 2700 1622 2756 quae
1664 2686 1716 2740 in
1763 2684 2003 2739 Ecclesia

424 2785 850 2844 congregantur.

496 2868 658 2939 (Cap.
690 2868 923 2922 LXll.—
953 2867 1105 2923 νει-θ.
1141 2868 1165 2921 i
1205 2877 1387 2938 seqq.)
1425 2887 1443 2920 ι
1479 2867 1709 2938 Propter
1735 2867 1863 2923 Sion
1899 2883 2003 2919 non

425 2966 640 3027 tacebo,
676 2974 727 3015 et
765 2973 986 3030 propter
1017 2960 1317 3017 Jerusalem
1359 2979 1465 3017 non
1498 2965 1803 3032 quiescam,
1834 2964 2007 3017 donec

428 3055 741 3122 egrediatur
776 3067 831 3109 ιιι
864 3055 1118 3124 splendor
1146 3055 1328 3126 justus
1360 3057 1501 3124 ejus,
1529 3065 1583 3110 et
1618 3056 1856 3109 salvator
1887 3056 2006 3124 ejus

2091 568 2275 620 venire
2301 567 2597 627 desiderat,
2628 566 2779 636 ponit
2813 567 3151 623 manifestius
3178 584 3194 622 :
3225 568 3384 623 Donec
3405 576 3604 641 egredia-

2087 671 2178 711 tur
2207 667 2263 713 ut
2296 661 2539 728 splendor
2565 659 2744 729 justus
2780 660 2918 730 ejus,
2943 671 2990 714 et
3024 659 3256 714 salvator
3284 662 3389 730 ejus
3418 674 3465 715 ut
3494 665 3605 719 latn-

2086 775 2181 823 pas
2241 758 2584 811 accendatur.
2649 756 2813 827 739
2869 756 3018 821 Sive,
3052 756 3202 823 juxta
3254 755 3430 814 LXX:
3465 758 3608 814 Donec

2086 859 2236 904 exeat
2259 850 2396 902 sicut
2434 848 2526 903 tua:
2552 849 2771 918 justitia
2807 847 2943 917 ejus,
2983 857 3036 903 et
3079 847 3311 902 salutare
3342 849 3469 902 illius
3497 852 3608 906 sicut

2090 940 2294 1009 lantpas
2343 940 2527 994 ardeat
2562 943 2607 991 ⁸.
2650 938 2779 1005 Qua:
2828 940 3043 994 diccbat
3078 940 3129 994 in
3170 938 3447 1005 Evangelio
3475 956 3486 994 :
3518 941 3611 1010 Ego

2090 1050 2207 1087 sum
2259 1034 2351 1086 lux
2392 1034 2578 1087 mundi
2618 1030 2801 1103 (Joan.
2836 1046 2955 1095 vttt,
2987 1032 3096 1101 12);
3129 1046 3247 1101 qua:
3279 1047 3389 1084 cum
3423 1033 3471 1085 in
3504 1030 3611 1086 Sion

2090 1131 2147 1177 et
2176 1122 2229 1176 in
2259 1122 2560 1177 Jerusalem
2603 1123 2766 1178 fuerit
2800 1138 3053 1186 accensa,
3087 1137 3412 1192 nequaquam
3447 1124 3493 1176 iu
3523 1125 3616 1178 sola

2093 1212 2625 1284 splendebitJudm,
2651 1213 2745 1270 sed
2774 1214 2987 1269 dicetur
3010 1213 3075 1266 ad
3105 1229 3222 1267 eam
3253 1214 3476 1268 :Lumen
3502 1216 3617 1283 quod

2095 1305 2150 1359 in
2173 1316 2230 1377 (te.
2262 1315 2369 1365 est,
2400 1320 2685 1359 accensum
2721 1316 2836 1370 est;
2876 1305 3016 1373 quod
3046 1319 3319 1374 egressqu
3349 1315 3425 1358 est
3453 1319 3508 1360 ex
3534 1303 3620 1357 Pa-

2096 1408 2197 1460 tre,
2232 1397 2282 1448 in
2328 1399 2435 1451 tuis
2468 1397 2632 1462 cwpit
2672 1397 2867 1449 ardere
2912 1396 3132 1461 ﬁnibus,
3165 1405 3218 1450 et
3252 1410 3431 1451 omnes
3466 1386 3631 1464 gentes

2096 1486 2425 1542 illuminabit
2483 1486 2715 1555 (Matth.
2769 1486 2881 1559 vt
2952 1486 3023 1540 Et
3088 1487 3260 1541 cuncti
3324 1503 3455 1557 reges
3506 1486 3624 1539 vide.

2098 1580 2222 1632 bunt
2266 1580 2519 1648 inclytum
2571 1590 2742 1643 tuum,
2773 1594 2804 1631 o
2834 1574 3135 1633 Jerusalem
3180 1589 3235 1632 et
3282 1579 3403 1631 Sion
3433 1594 3444 1628 :
3473 1578 3547 1644 qui
3573 1578 3627 1630 de

2102 1680 2193 1723 tua
2225 1670 2395 1739 stirpe
2425 1680 2712 1741 generatus
2759 1680 2864 1732 est,
2894 1671 2986 1740 qui
3031 1669 3083 1723 in
3128 1678 3183 1724 te
3225 1669 3477 1725 exaltatus
3512 1667 3628 1737 pati-

2104 1761 2250 1825 bulo,
2287 1777 2476 1815 omnes
2526 1762 2687 1816 traxit
2734 1763 2802 1817 ad
2856 1778 2945 1827 se;
3002 1763 3075 1817 ita
3125 1772 3183 1815 ut
3226 1772 3406 1832 gentes
3442 1760 3629 1815 videant

2097 1852 2363 1921 justitiam
2420 1853 2574 1920 ejus,
2621 1868 2725 1921 qua
2777 1863 3096 1907 cunctorum
3146 1853 3373 1908 Creator
3414 1851 3632 1908 misertus

2101 1955 2179 1999 est
2210 1945 2497 2016 gentibus:
2526 1956 2580 1999 et
2619 1961 2772 2014 reges
2800 1946 3028 2016 gloriam
3070 1946 3238 2011 illius,
3267 1961 3366 2013 qua
3395 1944 3632 2012 gloriﬁca-

2102 2047 2190 2092 tus
2216 2039 2269 2090 in
2300 2053 2464 2091 cruce
2493 2047 2596 2102 est,
2621 2045 2676 2091 et
2702 2039 2884 2092 onmia
2912 2053 3012 2091 suo
3042 2038 3273 2106 imperio
3304 2053 3455 2107 regna
3486 2034 3637 2104 subje-

2102 2130 2197 2182 cit.
2251 2127 2498 2201 Dcnique
2551 2142 2893 2195 nequaquam
2947 2128 3236 2182 vocabitur
3288 2125 3559 2180 Jerusalem
3594 2131 3637 2178 et

2105 2218 2263 2284 Sion,
2296 2223 2388 2273 sed
2423 2235 2617 2274 nomen
2650 2236 2848 2274 novum
2879 2223 3128 2287 accipiet,
3162 2222 3301 2286 quod
3336 2217 3381 2271 ei
3416 2216 3639 2269 Dominus

2106 2314 2450 2383 imposuerit,
2488 2315 2677 2368 dicens
2726 2316 2793 2369 ad
2849 2313 3153 2383 apostolum
3196 2310 3409 2365 Petrum
3446 2326 3459 2363 :
3495 2307 3561 2362 Tu
3595 2324 3640 2362 es

2106 2406 2328 2471 Petrus,
2363 2415 2414 2460 et
2461 2423 2619 2476 super
2661 2408 2797 2461 hanc
2842 2418 3042 2475 petram
3082 2404 3356 2473 crdiﬁcabo
3393 2400 3641 2455 Ecclesiam

2104 2516 2309 2566 meam,
2355 2509 2405 2553 et
2451 2508 2617 2571 porta:
2671 2500 2828 2568 inferi
2881 2516 2983 2554 non
3028 2498 3383 2569 prwvalebunt
3431 2495 3643 2550 adversus

2104 2608 2221 2645 eam
2262 2590 2480 2662 (Matth.
2532 2609 2646 2657 xvt,
2685 2592 2798 2661 l8).
2836 2590 2987 2658 Quod
3037 2590 3361 2645 Vocabulum
3400 2604 3426 2641 a
3464 2587 3644 2640 nomine

2110 2683 2321 2738 Domini
2376 2683 2662 2748 detivavit,
2701 2693 2759 2737 ut
2809 2682 3025 2737 dicatur
3071 2681 3435 2736 Dominicum.
3472 2676 3530 2730 Et
3570 2691 3646 2745 po-

2108 2775 2267 2843 pulus
2316 2775 2462 2830 illius
2509 2789 2851 2845 nequaquam
2900 2773 3069 2828 veteri
3120 2772 3341 2827 nomine
3386 2769 3645 2841 appelletur

2109 2869 2297 2932 Israel,
2327 2868 2421 2921 sed
2457 2882 2619 2933 novo,
2655 2869 2706 2922 id
2741 2876 2845 2932 cst,
2880 2866 3245 2924 Christianus.
3282 2862 3495 2933 Eritque
3520 2859 3646 2929 quasi

2109 2976 2310 3027 corona
2352 2959 2568 3015 decoris
2610 2960 2663 3015 in
2705 2973 2872 3013 manu
2911 2956 3153 3022 Domini,
3183 2967 3238 3011 et
3256 2955 3407 3026 quasi
3438 2954 3646 3007 diadema

2113 3051 2263 3123 regni
2316 3052 2369 3105 iu
2421 3066 2582 3104 manu
2641 3050 2732 3105 Dei
2782 3051 2890 3117 sui,
2927 3050 3144 3117 quando
3186 3064 3306 3103 eam
3350 3040 3650 3102 coronaverit

431 3160 485 3198 ιιι
525 3147 735 3216 lampas
766 3150 1115 3201 accendatur.
1169 3146 1232 3201 Et
1269 3148 1526 3204 videbunt
1567 3160 1758 3218 gentes
1797 3147 2002 3215 justum
2032 3154 2075 3212 ς,
2110 3145 2264 3199 turba
2299 3143 2658 3208 credentium,
2685 3143 3000 3198 etdiadema
3028 3142 3274 3212 imperii,
3302 3139 3438 3209 quod
3479 3147 3650 3205 marty-

430 3251 606 3303 tuum,
640 3250 691 3293 et
727 3240 909 3294 cuncti
948 3255 1098 3309 reges
1132 3240 1392 3309 inclytum
1426 3251 1601 3307 tuum,
1636 3250 1691 3296 et
1727 3242 2007 3295 voealiitur

431 3332 527 3385 tibi
564 3348 761 3386 nomen
793 3348 1012 3397 novum,
1038 3334 1179 3401 quod
1212 3349 1272 3387 os
1300 3333 1515 3388 Domini
1546 3334 1844 3389 nominavit
1870 3336 1907 3386 ‘.
1943 3330 2010 3386 Et

431 3424 544 3480 eris
573 3423 761 3494 [γαίῃ.
791 3424 923 3496 erit]
959 3440 1158 3490 corpus
1192 3426 1376 3495 gloriae
1407 3425 1458 3481 in
1492 3441 1653 3479 manu
1685 3424 1922 3484 Domini.
1956 3433 2011 3480 et

431 3516 681 3570 diadema
716 3518 865 3587 regni
894 3517 949 3571 in
980 3532 1138 3572 manu
1178 3515 1267 3571 Dei
1313 3517 1412 3572 tui.
1448 3536 1467 3569 ι
1502 3516 1641 3571 LXX
1680 3535 1694 3571 :
1732 3534 1750 3568 ι
1786 3515 2011 3582 Propter

432 3610 563 3661 Sion
614 3625 719 3663 non
766 3607 977 3675 tacebo,
1015 3616 1069 3663 et
1113 3616 1332 3678 propter
1376 3606 1675 3663 Jerusalem
1714 3625 1817 3661 non
1850 3608 2011 3662 relin-

434 3720 596 3771 quam
632 3718 648 3758 :
679 3704 848 3757 donec
885 3701 1201 3771 egrediatur
1233 3701 1375 3757 sicut
1410 3703 1587 3755 lumen
1625 3702 1831 3771 iustitia
1875 3705 2011 3771 ejus,

434 3808 487 3848 ct
517 3797 757 3849 salutare
802 3794 946 3848 illius
976 3794 1119 3848 sicut
1156 3794 1362 3864 lampas
1396 3795 1608 3850 ardeat.
1645 3794 1711 3848 Et
1755 3796 2012 3851 videbunt

435 3898 628 3954 gentes
675 3887 941 3958 justitiam
996 3896 1186 3953 tuam,
1241 3899 1295 3942 et
1340 3902 1530 3943 omnes
1583 3903 1738 3959 rcges
1786 3888 2012 3960 gloriam

328 4020 342 4034 .
436 3991 604 4046 tuam,
645 3991 693 4035 et
728 3981 943 4034 vocabit
973 3990 1023 4035 te
1052 3995 1248 4034 nomen
1282 3995 1503 4045 novum,
1534 3981 1675 4050 quod
1706 3995 1768 4035 os
1802 3979 2016 4035 Domini

436 4073 760 4127 nominabit.
795 4073 860 4126 Et
890 4074 1000 4129 eris
1028 4089 1228 4127 corona
1256 4075 1471 4128 decoris
1498 4073 1551 4126 itt
1585 4089 1747 4126 manu
1779 4072 2014 4139 Domini,

436 4180 493 4221 ιι
526 4168 771 4221 diadema
804 4169 953 4236 regni
986 4168 1039 4221 in
1075 4184 1233 4221 manu
1269 4166 1361 4221 Dei
1395 4167 1489 4220 ttti.
1524 4185 1542 4218 ι
1583 4165 1805 4220 Dixerat
1834 4165 2018 4221 Domi-

439 4273 544 4312 nus
608 4269 768 4329 atque
827 4258 1098 4327 Salvator,
1149 4258 1381 4329 Spiritus
1436 4259 1650 4313 Domini
1704 4274 1861 4328 super
1903 4276 2016 4324 me,

438 4358 654 4417 propter
682 4350 821 4419 quod
853 4352 1004 4404 unxit
1036 4369 1116 4406 me
1146 4349 1301 4421 (Luc.
1338 4368 1409 4420 tv,
1447 4352 1558 4422 18),
1590 4368 1764 4422 usque
1795 4353 1861 4407 ad
1896 4367 2018 4407 eum

440 4442 622 4495 locum
669 4443 755 4495 ubi
803 4453 1069 4523 scriptum
1102 4457 1235 4501 est:
1276 4448 1465 4499 Omnes
1510 4444 1598 4513 qui
1638 4446 1860 4498 uiderint
1907 4461 2019 4512 eos,

443 4545 749 4604 cognoscent
799 4535 927 4604 quia
957 4535 1046 4586 isti
1076 4544 1197 4588 sunt
1230 4551 1406 4589 semen
1435 4536 1519 4589 cui
1547 4534 1807 4590 benedixit
1840 4533 2022 4588 Domi-

446 4646 544 4683 nus
591 4627 730 4700 (Isa.
787 4644 911 4693 ut,
965 4626 1043 4698 9).
1092 4625 1221 4682 Post
1280 4645 1440 4697 quam
1503 4628 2023 4698 repromiSsionem,

441 4721 728 4792 respondit
774 4719 1015 4775 Ecclesia
1054 4737 1068 4773 :
1107 4719 1356 4776 Gaudeas
1405 4720 1643 4791 gaudebo
1684 4723 1739 4775 in
1780 4721 2024 4786 Domino,

442 4830 563 4883 quin
596 4814 654 4868 in
695 4814 859 4867 tertio
899 4813 1161 4882 graduum
1211 4812 1443 4881 psalmo,
1477 4826 1541 4867 ex
1576 4826 1806 4881 persona
1847 4812 2027 4882 populi

444 4909 781 4979 pmuitentis,
818 4906 937 4962 laeta
979 4906 1220 4962 cantavit
1253 4923 1268 4961 :
1299 4904 1529 4960 Lanatus
1567 4921 1682 4959 sum
1714 4906 1769 4958 in
1802 4905 1884 4959 his
1913 4921 2029 4974 quia

448 5002 593 5053 dicta
616 5011 735 5053 sunt
762 4998 913 5064 mihi,
930 4999 987 5053 in
1007 5000 1221 5053 domum
1246 4996 1459 5052 Domini
1480 4996 1669 5049 ibimus
1689 4995 1858 5067 (Psal.
1877 5011 2026 5056 ειχι,

450 5092 527 5163 t);
564 5107 708 5146 nunc
744 5091 1018 5161 prophetae
1058 5091 1424 5146 introducitur
1459 5103 1690 5159 persona
1750 5088 1980 5144 dicentis
2014 5107 2026 5141 :

449 5188 678 5248 Propter
717 5181 848 5236 Sion
886 5200 987 5237 non
1025 5184 1223 5250 tacebo,
1256 5191 1304 5237 et
1337 5193 1548 5251 propter
1588 5179 1882 5234 Jerusalem
1925 5196 2029 5233 non

449 5277 740 5348 quiescam.
776 5274 1000 5341 Diebus,
1028 5275 1226 5345 inquit,
1254 5289 1318 5328 ac
1346 5271 1596 5329 noctibus
1623 5286 1716 5325 ora
1746 5286 1849 5325 non
1882 5270 2031 5323 clau-

451 5371 598 5434 dam,
633 5385 733 5424 nec
785 5384 899 5423 mea
951 5385 1183 5439 unquam
1230 5368 1482 5423 reticebit
1517 5367 1734 5433 oratio;
1772 5364 1870 5420 sed
1909 5374 2031 5417 tau-

451 5467 540 5519 diu
575 5462 842 5525 clamabo,
876 5471 930 5516 et
964 5462 1218 5527 precibus
1240 5461 1468 5531 jungam
1491 5473 1703 5531 preces,
1738 5458 1912 5512 donec
1948 5470 2037 5509 ve-

452 5557 568 5610 niat
600 5556 690 5625 qui
723 5553 1025 5626 promissus
1066 5563 1171 5620 est,
1202 5561 1257 5608 et
1301 5553 1589 5622 splendore
1631 5565 1734 5606 suo
1773 5558 2033 5603 cunctum

534 5758 553 5790 ι
591 5755 808 5812 Videtur
839 5776 905 5814 ex
940 5771 1103 5813 sacro
1133 5765 1282 5812 textu
1314 5754 1682 5825 reponendum
1717 5751 2037 5818 nominabit,

454 5828 598 5902 quod
631 5826 835 5884 Victor.
875 5829 1116 5901 praefert.

2113 3252 2205 3289 res
2230 3249 2565 3304 gemmarum
2596 3248 2813 3287 suarum
2842 3232 3104 3288 varietate
3130 3231 3491 3292 distinxerim,
3517 3224 3653 3282 luerit

2112 3327 2165 3380 in
2195 3341 2354 3379 manu
2381 3324 2477 3378 Dei
2507 3335 2564 3379 ut
2586 3324 2757 3378 lilium
2786 3339 2944 3378 suum
2971 3338 3161 3378 eorum
3186 3331 3409 3378 coronet
3430 3318 3649 3376 victoriis.

2113 3417 2269 3473 Unde
2302 3426 2353 3473 et
2388 3415 2668 3487 apostolus
2713 3415 2913 3472 Paulus
2952 3415 3278 3485 loquebatur
3322 3414 3386 3469 ad
3427 3419 3651 3471 sanctos:

2113 3508 2378 3565 Gaudium
2408 3517 2687 3563 et.corona
2717 3524 2854 3563 mea.

2188 3600 2367 3670 (Vcrs.
2416 3601 2496 3666 4.)
2567 3620 2584 3654 ι
2622 3601 2742 3656 Non
2795 3601 3084 3655 vocaberis
3149 3599 3294 3654 ultra
3335 3597 3653 3659 derelicta.et

2119 3707 2261 3748 terra
2309 3705 2401 3748 tua
2461 3708 2567 3749 non
2631 3694 2917 3749 vocabitur
2977 3691 3211 3761 amplius
3268 3686 3655 3747 desolatused

2118 3785 2403 3841 vocaberis
2434 3785 2684 3841 voluntas
2713 3799 2829 3839 mea
2865 3784 2916 3837 in
2945 3798 3032 3848 ea,
3057 3793 3110 3836 et
3137 3793 3279 3839 terra
3311 3792 3401 3838 tua
3433 3780 3653 3844 habitata,

2118 3878 2244 3950 quia
2286 3877 2612 3944 complacuit
2669 3876 2898 3931 Domino
2927 3876 2981 3931 iu
3015 3884 3106 3930 te:
3138 3884 3194 3930 et
3233 3885 3374 3931 terra
3416 3884 3498 3928 tua
3532 3872 3659 3925 iulia-

2118 3973 2404 4027 bitabitur.
2435 3988 2453 4023 ι
2493 3967 2676 4024 LXX:
2714 3988 2731 4021 ι
2777 3967 2845 4023 Ει
2877 3984 3219 4039 nequaquam
3249 3969 3394 4024 ultra
3416 3961 3660 4021 vocaberis

2118 4064 2401 4129 derelicta,
2432 4071 2485 4117 et
2513 4070 2658 4115 terra
2692 4070 2780 4114 tua
2817 4075 2923 4115 non
2950 4061 3237 4115 vocabitur
3267 4060 3439 4115 adhuc
3462 4058 3659 4111 deserta.

2122 4154 2416 4209 Vocaberis
2463 4152 2608 4207 enim
2659 4152 2912 4207 voluntas
2954 4166 3092 4217 mea,
3124 4164 3180 4206 et
3238 4161 3378 4206 terra
3419 4159 3499 4203 tua
3540 4142 3660 4200 babi-

2125 4257 2252 4302 tata.
2300 4267 2320 4300 a
2348 4245 2457 4301 Pro
2484 4243 2613 4301 Sion
2656 4254 2708 4301 et
2768 4244 3071 4300 Jerusalem
3117 4245 3399 4300 vocaberis
3437 4237 3662 4300 Ecclesia,

2122 4351 2177 4397 et
2214 4340 2554 4395 Dominieum
2582 4354 2596 4392 :
2624 4353 2721 4408 pro
2735 4337 2936 4392 Judteis
2950 4328 3661 4408 appellabunturChristiani.

2124 4432 2235 4487 Nec
2275 4433 2378 4487 hoc
2408 4433 2519 4487 eris
2552 4431 2938 4487 vocabulorqu
2980 4432 3089 4485 line
3129 4441 3386 4487 contenta
3415 4447 3431 4497 ;
3465 4428 3548 4484 sed
3570 4437 3667 4495 qna

2054 4504 2101 4562 θ
2128 4527 2282 4597 prius
2315 4525 2598 4581 vocabaris
2626 4524 2829 4590 relicta,
2856 4523 2999 4593 quod
3033 4523 3300 4579 llebraice
3328 4524 3515 4579 dicitur
3533 4533 3668 4574 tam

2131 4617 2359 4690 (mm),
2385 4617 2670 4673 vocaberis
2724 4630 2965 4672 EPISI-BA
3002 4615 3476 4688 (mftrsn),quod
3534 4616 3671 4665 inter-

2130 4720 2372 4778 pretatur
2404 4709 2651 4764 voluntas
2685 4726 2801 4764 mea
2831 4711 2886 4763 in
2913 4725 2975 4764 ea
2992 4726 3014 4776 ;
3041 4722 3095 4765 et
3135 4718 3286 4764 terra
3311 4721 3398 4765 tua
3419 4719 3528 4777 qua:
3545 4701 3670 4772 prius

2130 4804 2427 4857 vocabatur
2455 4791 2694 4858 ἐειιειιλ
2728 4800 2981 4873 (πηοεν),
3007 4800 3248 4856 desolata
3310 4801 3424 4855 sive
3474 4797 3669 4855 deserta,

2130 4904 2319 4967 postea
2360 4896 2649 4952 vocabitur
2680 4894 2845 4967 740
2897 4910 3031 4951 seu
3062 4894 3297 4964 (ὅππη),
3327 4890 3464 4961 quod
3506 4884 3670 4955 Aquila

2132 4994 2526 5062 interpretatus
2581 4999 2665 5046 est
2706 4988 3026 5062 ὲσχημένης
3059 4987 3414 5059 Symmachus
3447 4988 3498 5040 et
3522 4978 3674 5034 Theo-

2133 5085 2282 5139 dotio
2324 5082 2751 5153 συνῳκισμένη;
2809 5079 3166 5151 Septuaginta
3225 5076 3530 5147 οἰκουμένη,
3574 5082 3672 5137 qua

2134 5176 2342 5241 omnia,
2395 5175 2714 5240 Itabitatam,
2767 5187 3169 5244 possessumque
3226 5167 3538 5241 signiﬁcant.
3580 5158 3673 5214 Hoc

2137 5275 2221 5321 est
2272 5273 2453 5319 autem
2509 5262 2788 5319 Hebraica:
2843 5265 3274 5327 consuetudinis,
3308 5271 3364 5316 ut
3394 5275 3456 5315 ex
3507 5260 3671 5309 eventu

2137 5358 2301 5414 rebus
2356 5357 2619 5414 vocabula
2660 5371 2877 5429 semper
2934 5359 3219 5429 imponant
3253 5373 3271 5414 :
3301 5356 3438 5413 sicut
3482 5351 3672 5409 Abram

2138 5454 2227 5522 qui
2278 5453 2427 5522 prius
2461 5451 2765 5519 dicebatur,
2798 5461 2949 5521 pater
2982 5451 3240 5517 excelsus,
3293 5445 3500 5519 quando
3542 5435 3676 5495 audi-

2138 5550 2220 5601 vit
2258 5544 2741 5616 repromissionem
2769 5559 2785 5597 :
2814 5542 2881 5597 Et
2918 5542 2971 5596 in
3001 5543 3199 5597 semine
3236 5554 3324 5595 tuo
3354 5532 3676 5594 benedicentur

2212 5752 2232 5782 '
2266 5748 2640 5817 Ambrosiam,
2672 5743 2904 5817 Lampus
2931 5741 3249 5800 accendatur
3271 5746 3320 5796 et
3349 5733 3539 5793 ardeat.
