3906 6172
263 201 378 269 629

740 209 1248 278 COMMENTAR.
1292 214 1375 277 IN
1416 216 1679 279 ISAIAM
1750 220 2209 286 PROPIIETAM
2268 228 2416 290 LIB.
2461 228 2650 304 XVII,
2697 230 2861 292 CAP.
2894 228 3083 292 LXII.

3445 230 3565 297 630'

259 330 452 371 omnes
504 326 681 387 gentes
734 319 890 390 (Gen.
936 339 1034 386 xu,
1066 325 1137 391 3;
1166 341 1302 393 xxtt,
1337 327 1424 397 l8)
1453 328 1753 397 appellatus
1784 341 1866 384 est
1893 333 1942 391 A
1969 343 2018 386 et
2046 343 2260 401 ,τνοριεν
2285 333 2584 391 Jerusalem
2624 356 2724 394 non
2757 342 3047 411 quiescam,
3076 347 3130 399 et
3157 348 3349 395 caetera
3382 356 3554 410 usque

254 414 422 473 pater
479 407 771 462 multarum
821 412 1079 481 gentium.
1117 415 1166 469 id
1199 425 1302 482 eet,
1332 416 1622 473 Abraham.
1651 419 1715 473 Et
1751 419 1855 474 Do-

256 497 417 551 tttino
444 495 712 552 Salvatori
745 515 906 570 supra
937 518 1135 558 nomen
1170 505 1503 574 imponitur:
1536 509 1656 564 Cito
1683 513 1855 580 spolia

256 586 505 652 detrahe,
534 590 777 645 velociter
798 594 1042 660 pra'dare
1070 594 1206 665 (Isa.
1233 611 1347 661 vm,
1383 598 1458 668 l).
1493 600 1612 655 Filii
1638 617 1857 672 quoque

255 675 537 743 Zt'itt‘da‘i,
580 697 815 750 quorum
881 700 1020 739 unus
1081 702 1265 742 vocem
1327 690 1549 744 tonitrtti
1607 694 1856 748 emittere

256 780 480 837 poterat
524 772 722 841 (Marc.
782 775 911 842 ttt):
947 775 1015 830 In
1052 778 1311 847 principio
1348 789 1463 833 erat
1526 779 1774 847 Verbum,
1805 794 1855 838 et

265 859 496 914 Verbum
523 872 642 916 erat
675 864 816 933 apud
835 864 1025 931 Deum,
1044 878 1092 921 et
1116 867 1255 924 Deus
1275 880 1389 924 erat
1422 868 1644 925 Verbum
1665 872 1849 945 (Joan.

251 966 293 1017 ι,
336 952 412 1019 t),
442 954 694 1022 appellati
725 967 853 1009 sunt
902 972 1037 1012 esse
1069 974 1212 1014 nam:
1250 959 1395 1031 (mh
1431 965 1564 1031 un),
1591 964 1735 1033 quod
1774 968 1854 1019 in-

254 1056 622 1114 terpretatur,
679 1049 780 1115 ﬁlii
841 1052 1084 1107 tonitrui.
1141 1052 1293 1119 Quod
1332 1064 1513 1111 autem
1551 1058 1850 1127 sequitur:

251 1136 401 1200 Quia
437 1139 755 1209 complacuit
789 1139 1015 1195 Domino
1065 1144 1119 1198 in
1149 1152 1219 1213 te,
1252 1155 1301 1200 et
1339 1156 1481 1202 terra
1516 1158 1608 1202 tua
1649 1150 1855 1205 inhabi-

248 1232 484 1292 tabitur,
505 1246 537 1287 a
567 1230 919 1303 Septuaginta
949 1238 1378 1305 praetermissum
1410 1249 1514 1308 est,
1547 1248 1851 1314 causasque

250 1324 497 1377 redlidit
548 1340 721 1394 quare
779 1327 1082 1396 appellatur
1132 1344 1283 1387 EPilSl
1322 1332 1529 1401 (tuan),
1569 1346 1623 1390 et
1676 1352 1848 1406 quare

248 1414 564 1481 appellatur
603 1431 734 1469 seu
769 1416 1008 1488 (mum),
1031 1421 1290 1489 quoniam
1322 1422 1719 1493 complacuerit
1743 1426 1845 1480 sibi

250 1505 522 1581 Dominus
554 1507 610 1561 in
646 1506 805 1572 Sion,
835 1517 891 1564 et
933 1520 1131 1565 terram
1179 1512 1351 1582 ipsius
1381 1514 1732 1571 habitabilem
1767 1518 1846 1572 fc-

247 1598 413 1663 cerit,
443 1615 563 1669 quae
597 1601 745 1665 prius
768 1600 995 1658 Jttdaico
1032 1603 1209 1661 fuerat
1233 1621 1423 1663 errore
1454 1609 1691 1666 deserta.
1719 1611 1845 1666 Sive

1969 425 2036 476 ad
2093 441 2214 477 eum
2271 427 2445 483 locum
2497 431 2587 485 ubi
2647 447 2793 487 nunc
2840 431 3138 502 capitulum
3205 433 3552 486 terminatum

1962 524 2042 566 est
2075 529 2089 568 :
2121 512 2382 570 (laudabit
2420 535 2637 583 sponsus
2670 538 2830 591 super
2860 540 3057 592 sponsa
3086 541 3096 576 :
3125 523 3369 590 gaudebit
3398 538 3555 592 super

1965 616 2013 659 te
2048 607 2185 663 Deus
2222 621 2367 666 tuus.
2406 612 2582 683 chue
2619 619 2946 685 promiserat
2976 617 3170 672 diebus
3204 632 3266 671 ac
3299 616 3552 671 noctibus

1962 711 2309 770 rogaturum,
2338 715 2397 759 ut
2456 707 2707 762 Salvator
2759 717 2815 765 et
2867 710 3055 766 Justus
3106 711 3197 781 qui
3252 708 3555 779 promissus

1958 791 2157 862 fuerat,
2192 796 2496 861 adveniret,
2523 809 2576 854 et
2609 800 2784 856 instar
2807 800 3076 873 lampadis
3106 811 3275 857 totum
3309 802 3554 858 illustra-

1958 896 2039 938 ret
2070 889 2280 941 orhem.
2320 887 2442 945 Post
2495 907 2615 961 quae
2656 891 3031 949 introducitur
3063 909 3295 965 persona
3331 894 3425 951 Dei
3467 896 3550 951 lo-

1957 979 2177 1047 quentis
2216 980 2282 1035 ad
2329 981 2653 1050 Jerusalem,
2682 987 2732 1039 id
2788 997 2870 1042 est
2902 986 3199 1044 Ecclesiant
3251 989 3553 1060 primitivoo

1958 1086 2101 1131 rum,
2148 1080 2201 1126 ct
2264 1088 2382 1128 eam
2442 1091 2561 1144 quae
2618 1076 2670 1131 in
2728 1079 2990 1147 apostolis
3040 1096 3103 1135 ac
3140 1096 3235 1146 per
3265 1083 3551 1151 apostolos

1954 1164 2219 1217 :ediiicata
2253 1176 2337 1220 est
2365 1184 2378 1221 :
2409 1167 2583 1237 Super
2617 1186 2799 1224 muros
2836 1180 2953 1225 tuos
2989 1176 3236 1228 constitui
3278 1176 3545 1230 custodes.

1953 1268 2089 1321 quos
2123 1257 2206 1339 vel
2237 1260 2477 1329 angelos,
2514 1260 2597 1316 vel
2629 1263 2928 1332 apostolos,
2952 1274 3006 1319 et
3033 1280 3224 1321 omnes
3268 1268 3548 1339 principes

1951 1346 2065 1413 ejus
2091 1333 2255 1418 atque
2290 1351 2543 1407 doctores
2573 1347 2825 1424 accip’ere
2872 1370 3182 1425 possumus.
3226 1358 3327 1424 Qui
3361 1369 3548 1416 custo-

1953 1440 2111 1494 diunt
2148 1457 2333 1497 muros
2386 1442 2661 1511 Ecclesiae,
2701 1462 2769 1500 ne
2808 1447 3160 1504 adversarius
3198 1461 3383 1505 noster
3433 1452 3552 1505 dia-

1951 1529 2132 1597 bolus,
2165 1532 2256 1599 qui
2294 1535 2448 1602 quasi
2484 1535 2568 1589 leo
2596 1537 2818 1603 rugiens
2846 1537 3065 1600 circuit,
3092 1549 3145 1593 et
3174 1541 3370 1610 quierit
3403 1556 3544 1611 quo-

1954 1624 2112 1677 modo
2137 1625 2305 1693 possit
2335 1625 2542 1680 intrare
2568 1626 2619 1698 (I
2654 1627 2799 1683 Petr.
2844 1631 2920 1699 ν),
2946 1631 3288 1685 mensionem
3317 1633 3549 1703 accipiat

2137 1680 2149 1693 .
2569 1680 2607 1698 γ
2654 1680 2676 1682 -
2707 1680 2719 1682 -
2786 1680 2798 1683 -
2953 1680 3287 1685 "VM-ww-
3317 1680 3546 1703 --ν-’Ὶν--η

253 1689 360 1745 hoc
390 1691 570 1761 ipsum
606 1694 908 1751 referamus
941 1696 1009 1750 ad
1057 1696 1384 1767 Ecclesiam,
1417 1715 1536 1770 qua:
1594 1717 1845 1772 poSsessa
1881 1680 1924 1741 Β
1954 1714 2019 1767 ad
2054 1729 2272 1787 gregem
2307 1717 2521 1773 Domini
2557 1720 2979 1778 ἀενειειηηάωιι,
3011 1723 3113 1789 Qui
3148 1725 3403 1779 custodes
3444 1741 3546 1781 nec

249 1781 407 1851 prius
441 1784 511 1837 ab
545 1784 725 1849 idolis,
758 1785 972 1842 deserta
1009 1785 1192 1845 fuerat
1231 1804 1261 1844 a
1297 1790 1429 1846 Deo.

320 1871 510 1942 (Vers.
546 1875 625 1946 5.)
658 1896 677 1929 ε
726 1875 1009 1934 Habitabit
1043 1880 1186 1935 enim
1216 1881 1434 1952 juvenis
1459 1900 1580 1939 cum
1616 1885 1844 1956 virgine,

248 1973 302 2018 et
342 1964 678 2021 habitabant
714 1968 763 2023 itt
823 1978 874 2024 te
931 1969 1023 2025 filii
1065 1970 1164 2025 tui.
1214 1972 1282 2027 Et
1320 1974 1575 2044 gaudebit
1610 1992 1845 2046 sponsus

248 2069 422 2125 super
448 2071 677 2127 sponsa,
704 2059 962 2131 gaudebit
987 2052 1152 2132 super
1179 2074 1230 2118 te
1255 2062 1401 2119 Deus
1431 2078 1575 2120 tuus.
1613 2086 1632 2121 s
1667 2066 1840 2124 LXX:

252 2168 271 2200 ι
320 2147 385 2203 Et
422 2149 567 2205 sicut
608 2152 858 2207 habitans
897 2152 1117 2222 juvenis
1146 2172 1269 2210 cum
1314 2157 1543 2229 virgine,
1575 2159 1654 2215 sic
1686 2160 1842 2215 habi-

249 2243 448 2297 labunt
511 2245 604 2298 lilii
657 2244 754 2301 tui.
810 2246 876 2300 Et
925 2249 1029 2301 erit
1061 2249 1332 2317 quomodo
1360 2250 1574 2306 laetatur
1607 2269 1843 2324 sp0nsus

244 2345 418 2399 Super
468 2348 691 2404 sponsa,
723 2335 803 2390 sit:
866 2336 1137 2392 ltetahitnr
1170 2353 1336 2407 super
1384 2351 1438 2395 te
1485 2341 1767 2400 Dominus.
1816 2362 1835 2396 ι

244 2424 393 2480 Dicit
451 2437 508 2482 et
560 2429 896 2499 Apostolus:
942 2429 1073 2499 Viri,
1118 2431 1323 2504 diligite
1378 2448 1567 2488 uxores
1613 2447 1839 2501 vestras,

244 2520 382 2572 sicut
419 2530 468 2574 et
510 2518 751 2575 Christus
781 2521 1079 2579 Ecclesium
1115 2524 1329 2593 (Ephes.
1366 2544 1416 2590 ν,
1446 2525 1563 2598 Ξὲ).
1593 2528 1840 2599 Cumque

246 2609 295 2660 in
332 2609 445 2663 alio
498 2611 613 2666 loro
651 2615 923 2681 posuisset
971 2618 1317 2687 exemplum:
1358 2618 1581 2683 Propter
1612 2619 1709 2672 hoc
1744 2635 1831 2673 re-

246 2700 453 2771 linquet
485 2703 638 2757 ltomo
694 2715 898 2773 patrem
934 2716 984 2760 et
1019 2717 1265 2774 matrem,
1293 2720 1340 2762 et
1369 2708 1653 2765 adltwrebit
1684 2710 1839 2763 uxori

242 2808 378 2857 sua.
410 2803 460 2848 et
494 2806 644 2849 erunt
665 2801 769 2849 duo
797 2798 851 2851 in
873 2814 1030 2851 carne
1048 2816 1172 2859 una,
1201 2801 1403 2863 intulit,
1427 2784 1832 2857 Sacramentum

243 2885 338 2939 hoc
368 2904 622 2957 magnum
653 2901 767 2957 est;
800 2908 892 2961 ego
927 2901 1102 2946 autent
1155 2894 1271 2947 dico
1316 2896 1368 2948 in
1417 2892 1629 2951 Christo
1675 2905 1726 2950 et
1778 2898 1837 2950 in

244 2976 493 3032 Ecclesia
526 2980 685 3053 (Ibid.
721 2985 811 3050 5|,
838 2984 953 3056 32).
993 2985 1045 3042 Si
1092 3004 1222 3056 ergo
1256 2997 1476 3058 prOptcr
1512 2989 1830 3045 brevitatem

246 3072 537 3136 temporis,
560 3075 703 3142 quod
735 3075 788 3129 in
821 3087 972 3131 arcto
1010 3088 1113 3143 est,
1144 3080 1223 3133 sic
1269 3080 1467 3134 debent
1501 3080 1598 3134 viri
1637 3080 1838 3137 habere

244 3178 447 3217 uxores
509 3180 657 3229 suas,
688 3167 845 3235 quasi
909 3185 1015 3224 nun
1077 3171 1358 3225 habeant:
1409 3182 1613 3241 quanto
1662 3175 1837 3242 magis

246 3255 394 3311 inter
430 3270 693 3326 sponsum
721 3269 776 3313 et
809 3275 1065 3329 sponsam
1100 3264 1206 3317 erit
1258 3275 1445 3318 sancta
1477 3266 1837 3334 conjunctio?

243 3348 353 3401 iste
385 3358 471 3403 est
501 3363 734 3418 sponsus
767 3351 834 3406 de
870 3368 978 3423 quo
1012 3353 1080 3407 in'
1109 3354 1552 3413 duodevicesimo
1612 3355 1833 3415 Psalmo

243 3445 506 3517 canitur]
542 3445 609 3500 Et
643 3449 753 3518 ipse
778 3459 1030 3520 tanquam
1060 3468 1281 3522 sponsus
1310 3456 1598 3524 procedens
1630 3457 1693 3512 de
1717 3458 1835 3511 tha-

244 3545 390 3599 lamo
424 3561 521 3599 suo
558 3545 728 3615 (Psat.
781 3562 936 3613 xvut,
971 3547 1052 3619 6).
1081 3546 1147 3602 Et
1175 3552 1277 3603 ista
1327 3566 1527 3620 sponsa
1562 3568 1681 3621 qua:
1716 3570 1832 3608 crc-

243 3638 400 3694 brius
460 3639 511 3693 in
570 3638 799 3695 Cantico
853 3639 1113 3696 scribitur
1160 3642 1524 3709 canticorum,
1554 3661 1670 3713 qua:
1725 3662 1830 3699 non

242 3734 408 3789 habet
446 3748 630 3803 rugam
654 3746 758 3788 nec
792 3734 1059 3788 maculam
1086 3733 1397 3805 (Cantatv).
1429 3734 1602 3802 Qttatn
1634 3737 1831 3793 Paulus

241 3827 520 3881 desidet-at
551 3823 749 3881 oli‘erre
809 3825 900 3879 uni
959 3825 1077 3880 viro
1112 3825 1378 3896 virginem
1414 3838 1640 3893 castam,
1667 3826 1823 3901 741

242 3931 294 3973 ιιι
337 3918 413 3972 sit
461 3928 646 3973 sancta
698 3928 926 3987 corpore
958 3925 1013 3973 et
1052 3918 1244 3987 spiritu
1279 3917 1362 3988 (II
1384 3918 1567 3975 Cornu
1591 3919 1659 3986 ,Ι
1700 3921 1827 3980 Cor.

240 4015 367 4085 vn).
402 4010 478 4067 De
528 4026 634 4080 qua
657 4020 712 4066 et
737 4014 835 4065 sub
864 4011 1083 4066 nomine
1122 4010 1453 4079 charissimi,
1476 4015 1831 4085 quadragesi-

241 4120 366 4161 mus
399 4111 627 4173 quartus
651 4101 895 4170 psalmus
918 4102 1065 4157 canit
1094 4119 1108 4158 :
1142 4104 1327 4157 Astitit
1357 4107 1539 4174 regina
1567 4124 1599 4161 a
1624 4108 1825 4165 dextris

241 4200 346 4251 tuis
372 4200 424 4252 iu
453 4198 637 4251 vestitu
674 4199 953 4264 deaurato,
986 4196 1317 4251 circumdata
1376 4199 1629 4253 varietate
1666 4203 1824 4269 (rers.

241 4290 356 4356 10).
384 4289 535 4344 Sicut
568 4288 734 4358 igitur
764 4304 997 4356 sponsus
1021 4291 1221 4359 gaudet
1252 4291 1303 4344 in
1337 4306 1552 4357 sponsa,
1582 4294 1827 4365 juvenis-

1954 1808 2147 1864 diebus
2194 1810 2397 1867 debent
2434 1828 2534 1868 nec
2583 1817 2835 1872 nortibus
2885 1826 3085 1884 tacere,
3119 1833 3218 1874 nec
3273 1818 3326 1873 itt
3382 1820 3543 1886 hetis,

1948 1915 2050 1954 nec
2088 1901 2141 1956 in
2178 1903 2472 1973 triatibus;
2511 1906 2605 1961 sed
2657 1922 2875 1979 semper
2925 1907 3139 1964 Domini
3193 1910 3543 1967 cletnentiam

1948 1991 2259 2062 deprecari,
2288 2004 2348 2049 ut
2396 2012 2529 2066 grex
2564 1998 2707 2053 illius
2739 2009 2794 2056 et
2827 2002 2966 2056 muri
3004 1997 3306 2060 Jerusalem
3360 2016 3546 2062 custo-

1948 2088 2238 2143 dianturct
2263 2091 2535 2147 vallentur
2554 2093 2676 2163 ejus
2702 2096 2931 2153 auxilio.
2963 2095 3119 2154 Unde
3148 2113 3203 2154 et
3228 2101 3293 2155 ad
3322 2108 3542 2158 eosdem

1947 2181 2207 2235 custodes
2240 2190 2405 2249 atque
2431 2172 2685 2240 ductores
2710 2200 2890 2242 sermo
2917 2188 3176 2261 dirigitur
3208 2208 3223 2248 :
3256 2191 3301 2248 Ο
3327 2209 3423 2249 vos
3452 2196 3544 2266 qui

1947 2272 2314 2326 recordamini
2381 2273 2614 2341 Domini,
2650 2278 2879 2348 ejusque
2932 2281 3282 2339 clementiam
3336 2287 3424 2341 die
3476 2302 3543 2343 ac

1944 2374 2102 2417 nocte
2137 2367 2389 2435 precibus
2432 2368 2693 2440 fatigatis,
2723 2381 2913 2428 cavete
2976 2389 3043 2429 ne
3075 2391 3315 2446 unquam
3349 2373 3408 2433 in'
3444 2394 3541 2435 ore

1942 2465 2126 2510 vestro
2153 2458 2312 2514 sileat
2342 2462 2538 2517 oratio.
2566 2464 2646 2519 Ne
2683 2467 2820 2522 detis
2861 2467 3127 2523 silentium
3161 2472 3230 2531 ei.
3273 2471 3541 2527 subaudi-

1941 2552 2053 2611 tur,
2080 2545 2354 2618 Domino;
2390 2554 2482 2607 sed
2515 2570 2733 2626 semper
2770 2558 2985 2612 molesti
3018 2559 3164 2627 sitis,
3204 2572 3534 2630 Opportune,

1941 2633 2269 2707 importune,
2302 2652 2358 2697 et
2390 2643 2675 2699 imitemini
2717 2647 3198 2717 interpellatricem
3233 2650 3354 2705 duri
3381 2651 3533 2721 judi-

1944 2728 2047 2784 cis.
2085 2729 2142 2782 Si
2179 2730 2326 2786 enim
2386 2734 2475 2790 ille
2536 2738 2735 2793 mentis
2777 2738 3037 2796 ferociam
3077 2742 3238 2815 742
3268 2743 3488 2801 assidua
3518 2743 3537 2778 ⁸

1945 2824 2345 2893 imprecatione
2372 2828 2642 2898 deposuit,
2669 2844 2871 2903 quanto
2906 2850 3078 2906 magis
3107 2835 3267 2892 Pater
3294 2837 3541 2895 ctelestis

1941 2911 2079 2966 bona
2132 2914 2283 2970 dabit
2332 2921 2642 2989 petentibus
2692 2923 3036 2981 setTaudiu
3087 2937 3273 2985 autem
3333 2945 3533 3002 rogare

1858 3036 1908 3101 ο
1940 3005 2171 3073 debetis,
2209 3011 2385 3068 donec
2425 3012 2756 3084 Jerusalem,
2790 3033 2911 3088 quae
2949 3019 3002 3075 in
3036 3020 3241 3079 Judaais
3275 3022 3536 3091 concidit,

1940 3110 1992 3153 et
2025 3101 2076 3153 in
2108 3104 2414 3168 exetttplum
2447 3117 2532 3162 est
2562 3119 2730 3180 atque
2772 3112 3145 3179 maledictum,
3173 3114 3227 3169 in
3253 3116 3423 3171 totius
3445 3130 3540 3172 or-

1941 3191 2032 3245 bis
2057 3200 2325 3248 terrarum
2375 3196 2533 3252 laude
2565 3211 2844 3257 versetur.
2884 3202 3160 3275 Mirorque
3191 3209 3322 3277 quid
3358 3210 3542 3266 voltte'

1940 3281 2048 3335 t‘int
2084 3281 2464 3355 Septuaginta,
2497 3304 2597 3359 pro
2630 3306 2695 3346 eo
2722 3293 2864 3360 quod
2908 3294 3144 3350 habetur
3175 3296 3228 3351 in
3282 3295 3533 3365 Hebraeo.

1938 3387 2000 3425 ne
2047 3372 2178 3427 detis
2218 3376 2492 3432 silentium
2536 3381 2607 3448 ei,
2633 3382 2796 3436 donec
2828 3385 3071 3439 stabiliat
3102 3397 3150 3441 et
3178 3398 3343 3458 ponat
3371 3390 3534 3447 Jeru-

1934 3464 2097 3517 salem
2129 3465 2339 3522 laudem
2394 3471 2446 3525 iu
2481 3481 2650 3540 terra,
2684 3475 2885 3543 dicere,
2930 3478 3087 3550 cujus
3124 3495 3320 3538 sensus
3354 3485 3406 3538 in
3437 3498 3534 3541 su-

1938 3554 2247 3622 perioribus
2274 3575 2377 3615 non
2406 3562 2685 3622 cohaeret:
2718 3563 2843 3622 Non
2874 3581 2948 3624 est
2974 3571 3110 3625 enim
3142 3572 3281 3627 vobis
3309 3575 3531 3641 similis,
3570 3643 3584 3655 ο

1935 3645 1982 3697 si
2005 3649 2261 3717 corrigat,
2287 3660 2335 3705 et
2376 3653 2545 3724 faciat
2592 3656 2893 3716 Jerusalem
2928 3666 3189 3733 gaudium
3241 3684 3399 3737 super
3425 3676 3535 3724 ter-

1936 3754 2069 3794 ram.
2106 3740 2216 3797 Nisi
2256 3742 2401 3801 forte
2443 3747 2546 3804 hoc
2586 3753 2787 3808 artifici
2832 3754 3054 3826 eloquio
3099 3773 3438 3829 coaptemus,
3468 3773 3531 3833 ut

1934 3833 2146 3888 dicatur
2184 3836 2250 3892 ad
2288 3840 2543 3897 custodes
2581 3841 2875 3911 Ecclesiae,
2906 3848 3116 3904 nullum
3148 3864 3335 3909 eorum
3365 3856 3524 3911 sitni-

1932 3923 2038 3979 lem
2068 3925 2185 3983 fore
2213 3929 2306 3998 qtti
2349 3934 2738 4001 praedicatione
2776 3954 2872 3993 sua
2922 3940 3174 4009 fecerint,
3200 3955 3258 3998 ut
3279 3947 3529 4019 corriga-

1935 4026 2042 4083 tur,
2073 4029 2127 4074 et
2164 4019 2252 4074 fiat
2281 4019 2585 4080 Jerusalem
2619 4030 2876 4098 gaudium
2911 4032 3090 4088 omnis
3125 4045 3308 4092 terra).

2000 4199 2176 4270 (Vers.
2204 4201 2257 4269 8,
2292 4203 2371 4274 9.)
2409 4224 2426 4255 t
2461 4205 2673 4263 Jttravit
2705 4208 2969 4272 Dominus
3001 4213 3055 4269 in
3088 4215 3309 4272 dextera
3340 4234 3439 4274 sua
3470 4231 3526 4276 et

1928 4292 2157 4350 brachio
2212 4297 2556 4354 fortitudinis
2602 4316 2741 4356 suae.
2775 4302 2832 4357 Si
2865 4304 3069 4361 dedero
3100 4310 3340 4365 triticum
3376 4320 3527 4368 tuum

242 4399 349 4452 quc
371 4397 494 4435 cum
518 4382 744 4451 virgine,
773 4382 825 4435 in
853 4382 1047 4451 quibus
1071 4382 1335 4449 exemplis
1368 4399 1559 4437 sancta
1594 4387 1823 4455 eonjnn-
1849 4382 1905 4444 ι)
1931 4382 2068 4437 ultra
2103 4385 2283 4441 cibum
2337 4388 2576 4445 inimicis
2615 4393 2722 4446 tuis
2750 4410 2765 4449 :
2802 4403 2857 4449 et
2884 4395 2928 4451 si
2966 4397 3201 4454 biberint
3240 4401 3332 4455 lilii
3366 4403 3529 4459 alletti

242 4477 355 4532 ctio
383 4489 462 4531 est
492 4492 506 4531 :
540 4477 617 4528 sic
656 4472 913 4528 Dominus
942 4472 1215 4530 ltntahilnr
1239 4475 1289 4528 itt
1316 4492 1399 4540 ea,
1426 4480 1580 4547 cujus
1607 4483 1820 4536 nomina

237 4566 444 4623 fuerint
473 4566 779 4620 immutata.

310 4655 491 4728 (Vens.
550 4656 603 4719 6,
649 4654 726 4724 7.)
773 4670 793 4707 ι
831 4651 1006 4723 Super
1060 4669 1243 4711 muros
1299 4667 1441 4718 tuos.
1495 4656 1822 4729 Jerusalem,

237 4748 496 4804 constitui
529 4747 785 4802 custodes
816 4763 831 4801 :
863 4755 972 4801 tota
1004 4745 1090 4801 die
1134 4759 1190 4804 et
1222 4756 1330 4803 tota
1364 4759 1523 4804 nocte
1564 4763 1825 4823 perpetuo

240 4854 343 4890 ttott
383 4839 641 4892 tacebunt
670 4853 686 4892 :
717 4835 809 4905 qui
842 4835 1256 4891 remittiscimitti
1291 4837 1524 4905 Domini,
1553 4856 1620 4897 ne
1647 4854 1825 4897 tacea-

242 4931 326 4997 tis,
370 4941 423 4985 et
459 4944 527 4983 ne
556 4927 697 4982 dctis
727 4927 1005 4983 silentium
1040 4928 1111 4995 ei,
1141 4930 1316 4986 donec
1358 4933 1606 4988 stabiliat
1646 4945 1701 4989 et
1729 4939 1824 4991 do-

240 5036 336 5076 nec
366 5031 532 5090 ponat
567 5018 863 5075 Jerusalem
896 5019 1108 5075 laudem
1146 5022 1199 5075 itt
1234 5033 1400 5081 terra.
1437 5045 1454 5077 ι
1493 5026 1672 5082 LXX:
1708 5046 1726 5081 t
1757 5028 1821 5085 Et

239 5121 397 5177 super
452 5121 639 5162 muros
694 5118 837 5175 tuos,
882 5107 1211 5175 Jerusalem,
1239 5115 1500 5169 constitui
1536 5118 1816 5187 custodes,

241 5208 346 5253 tota
378 5200 467 5254 die
508 5210 562 5255 et
601 5209 711 5254 tota
745 5210 904 5256 nocte
947 5201 1039 5272 qui
1085 5218 1362 5273 nunquam
1424 5210 1702 5277 tacebunt,
1734 5226 1823 5268 re-

240 5292 529 5348 cordantes
575 5293 832 5349 Domini:
872 5310 976 5351 non
1016 5307 1099 5353 est
1128 5299 1271 5353 enim
1319 5301 1482 5357 vestri
1525 5302 1723 5359 similis
1774 5305 1820 5360 si

241 5387 555 5451 correxerit,
580 5397 632 5441 et
657 5385 821 5441 faciet
847 5385 1149 5446 Jerusalem
1200 5392 1454 5463 gaudium
1503 5409 1666 5467 super
1710 5406 1821 5453 ter-

245 5493 373 5535 ram.
420 5499 438 5530 s
479 5477 745 5549 Propheta
776 5481 1028 5539 dixerat:
1058 5482 1286 5554 Propter
1314 5484 1441 5541 Sion
1475 5504 1578 5542 non
1615 5491 1821 5559 tacebo,

316 5664 328 5693 ³
357 5665 493 5722 hfcm
536 5670 879 5725 Atubrosiatt.
902 5710 917 5739 ,
946 5672 1163 5729 assidua
1202 5672 1620 5744 interpellatione
1650 5672 1902 5742 deposuit.

1932 4477 2116 4530 vinum
2151 4488 2322 4545 tuum,
2352 4481 2407 4535 in
2441 4498 2553 4552 quo
2584 4484 2843 4541 laborasti
2871 4504 2887 4547 :
2921 4489 3049 4558 quia
3077 4491 3169 4560 qui
3198 4506 3529 4567 congregant

1931 4565 2084 4632 illud,
2132 4572 2444 4638 comedent,
2499 4583 2551 4628 et
2607 4574 2905 4632 laudabttnt
2962 4579 3247 4637 Domioum
3279 4604 3292 4640 :
3323 4596 3377 4639 et
3408 4565 3525 4658 iqui

1927 4670 2273 4724 comportant
2303 4662 2453 4727 illud,
2486 4664 2676 4721 bibent
2724 4666 2780 4724 in
2830 4670 2986 4725 atriis
3035 4675 3241 4728 sanctis
3292 4676 3448 4731 meis.
3499 4697 3520 4733 s

1934 4747 2119 4805 LXX:
2166 4767 2185 4803 t
2227 4749 2441 4809 .luravit
2486 4753 2748 4813 Dominus
2799 4776 2893 4829 per
2940 4763 3217 4818 dexteram
3250 4779 3429 4837 suam,
3466 4778 3524 4827 et

1929 4854 2028 4910 per
2070 4839 2451 4899 fortitudinem
2490 4847 2698 4903 brachii
2754 4850 2861 4915 sui,
2895 4852 2939 4905 si
2975 4853 3116 4909 ultra
3147 4855 3347 4914 dedero
3382 4861 3525 4916 triti-

1923 4945 2044 4986 cum
2080 4946 2258 4987 meum
2293 4945 2351 4989 ttt
2387 4936 2462 4991 sit
2493 4938 2548 4992 in
2577 4939 2757 4993 cibum
2793 4943 3030 4997 inimicis
3056 4945 3185 5010 tuis,
3205 4956 3261 5001 et
3290 4948 3335 5004 si
3380 4953 3521 5009 ultra

1921 5023 2158 5079 biberint
2198 5027 2291 5081 lilii
2325 5014 2491 5084 alieni
2542 5032 2728 5084 vinum
2786 5042 2934 5087 tuttm
2971 5037 3164 5108 inquo
3211 5038 3517 5101 laborasti:

1930 5118 2024 5171 sed
2052 5118 2144 5188 qui
2176 5123 2652 5192 congreguvcrint,
2680 5125 2969 5187 cottvedent
2999 5143 3087 5197 ea,
3109 5142 3163 5186 et
3223 5133 3521 5194 laudabunt

1929 5206 2262 5278 Dominum;
2319 5222 2375 5268 et
2426 5215 2515 5283 qui
2570 5221 3046 5289 congregaveriut,
3095 5223 3287 5281 bibent
3333 5243 3398 5283 ea
3463 5230 3520 5286 in

1931 5301 2087 5356 atriis
2123 5315 2329 5386 sanctts
2378 5307 2538 5363 meis.
2583 5326 2602 5359 ι
2638 5308 2999 5383 Omnipotens
3043 5315 3206 5386 Deus,
3243 5320 3336 5389 qui
3362 5321 3522 5375 dixe-

1930 5407 2012 5452 rat
2050 5399 2114 5451 ad
2147 5380 2470 5468 Ecclesium,
2500 5400 2673 5474 Super
2718 5420 2895 5459 muros
2949 5416 3064 5461 tuos
3115 5412 3377 5469 constitui
3406 5427 3528 5463 cus-

1930 5493 2095 5560 todes,
2120 5493 2213 5564 qui
2242 5504 2490 5565 perpetuo
2529 5513 2639 5555 non
2685 5499 2946 5567 tacebunt,
2984 5501 3307 5581 quibusque
3345 5504 3537 5573 prmi-
