3906 6172
156 303 256 366 633

627 301 1140 365 COMMENTAR.
1186 304 1269 366 IN
1309 304 1582 370 ISAIAM
1623 311 1747 373 PBt

1853 316 2089 376 lETAM
2134 317 2284 378 LIB.
2328 317 2496 379 XVII
2558 318 2719 380 CAP.
2756 319 2973 383 LXI”.

3312 319 3423 385 63$

155 416 566 489 negotiationem
623 417 640 449 ⁸
684 417 828 473 τνθι
881 419 935 472 in
987 419 1258 487 gentibus,
1296 434 1521 494 propter
1562 425 1731 482 idolo-

1853 440 2149 497 :ruentum,
2179 430 2451 502 itrperant
2478 435 2692 487 eteteris
2727 434 2959 500 angelis,
2995 431 3051 488 et
3072 434 3137 488 ab
3183 437 3262 491 eis
3316 456 3417 492 an-

156 512 387 577 latriam,
414 512 507 569 sed
546 511 830 581 requisita,
881 521 942 567 ut
991 509 1261 569 Hebraice
1317 517 1518 571 dicitur
1577 534 1738 576 nausa

158 603 430 673 (mnu);
471 613 529 658 ut
572 618 673 674 pro
724 606 1034 675 augmentis
1065 614 1121 661 et
1151 607 1414 664 varietate
1453 610 1736 681 virtutum,

159 710 291 751 nova
322 709 541 762 semper
572 694 842 764 accipiant
886 695 1131 751 nomina.

223 786 394 856 (Cap.
456 785 908 843 LXlll.--Vers.
946 788 997 842 1.
1030 787 1048 857 )
1091 807 1110 839 ‹
1151 786 1286 856 Quis
1345 801 1433 847 est
1468 792 1591 859 iste,
1642 796 1746 864 qui

156 879 303 933 venit
330 881 401 933 de
426 878 623 942 Edom,
648 880 833 934 tinctis
868 880 1115 935 vestibus
1144 882 1210 935 de
1245 880 1416 936 Bosra
1442 882 1596 939 ?lste
1624 884 1741 938 for-

159 986 336 1025 mosus
369 971 426 1025 in
456 970 595 1025 stola
650 985 773 1033 sua,
831 971 1162 1041 gradiensin
1220 975 1571 1030 multitudine
1632 976 1743 1031 fnr~

161 1061 410 1118 titudinis
436 1077 568 1116 suae.
604 1080 624 1115 ι
664 1061 804 1118 LXX
842 1079 857 1117 :
907 1080 927 1115 ς
964 1063 1104 1129 Quis
1136 1075 1222 1119 est
1271 1065 1377 1121 iste
1434 1067 1532 1136 qtti
1584 1071 1739 1125 venit

158 1156 220 1210 de
256 1154 452 1220 Edom,
481 1153 646 1210 fulvis
677 1155 918 1210 vestibus
950 1159 1017 1211 de
1051 1156 1261 1212 Bosor?
1290 1158 1383 1213 Sic
1406 1161 1429 1193 ²
1463 1159 1738 1218 formosus

161 1248 209 1301 itt
241 1249 379 1301 stola
405 1262 528 1313 sua,
587 1248 990 1303 violentia-ann
1051 1248 1393 1305 fortitudine.
1434 1270 1453 1304 ι
1507 1252 1735 1309 Omnem

162 1340 298 1394 hunc
317 1340 500 1395 locum
530 1342 601 1396 ab
628 1342 854 1407 eoloco,
881 1343 971 1396 ubi
993 1342 1146 1412 juxta
1174 1343 1312 1399 LXX
1344 1346 1575 1403 dicitur:
1602 1348 1742 1402 [Ilua

160 1441 381 1497 minare,
440 1433 772 1497 illuminare,
804 1434 1129 1497 Jerusalem,
1195 1436 1320 1506 quia
1366 1438 1507 1492 venit
1563 1438 1737 1493 lumen

163 1534 322 1590 tuum,
341 1536 395 1579 et
428 1510 607 1596 gloria,
626 1525 839 1581 Domini
861 1543 1019 1595 super
1037 1537 1086 1581 te
1110 1536 1324 1583 ortaest
1352 1532 1369 1599 (
1392 1545 1511 1600 cap.
1545 1547 1636 1595 ιχ,
1660 1533 1735 1601 1),

160 1631 322 1687 usque
346 1617 420 1673 ad
442 1633 683 1687 praesens
705 1617 1029 1687 capitulum,
1067 1619 1154 1674 ubi
1217 1620 1420 1674 dicitur
1451 1638 1464 1675 :
1493 1621 1621 1687 Quis
1660 1631 1737 1676 est

162 1708 251 1760 iste
277 1707 368 1775 qui
404 1709 544 1761 venit
579 1707 642 1761 de
669 1706 866 1773 Edam,
919 1709 1101 1762 tinctis
1152 1709 1382 1763 vestibus
1431 1709 1495 1765 de
1523 1708 1737 1764 Bassa?

1846 522 2000 576 dinnt
2036 540 2050 577 :
2084 520 2279 576 Levate
2296 531 2498 588 portas,
2529 523 2815 590 principes,
2843 536 3041 578 vestras
3067 523 3112 589 ³,
3140 534 3191 579 et
3249 529 3423 582 eleuao

1848 615 1979 669 mini
2006 625 2173 681 porta:
2198 615 2501 679 wternales,
2534 626 2580 667 et
2606 616 2844 669 introibit
2879 615 2987 669 Rea:
3040 618 3241 688 gloritc.
3289 620 3423 686 Quis

1845 717 1920 762 est
1952 709 2050 762 iste
2083 707 2193 762 Rea:
2222 708 2402 775 gloriw
2424 709 2450 761 ?
2473 708 2727 765 Dominus
2774 710 2929 779 fortis
2961 722 3007 764 el
3048 723 3252 778 potens,
3312 714 3425 767 Do-

1846 800 2022 852 minus
2045 801 2197 869 {prtis
2217 799 2269 851 in
2296 798 2501 865 prwlio.
2527 797 2805 852 Etiterum
2833 816 2848 852 :
2879 799 3135 853 Dominus
3169 803 3424 854 virtutum

1845 891 1956 960 ipse
1970 900 2050 945 est
2074 889 2182 943 Rex
2198 887 2574 960 glorian‘sal.
2600 892 2813 956 xxrtt,7,
2832 890 2883 954 8,
2908 891 2994 960 10)
3016 891 3139 947 Ηωο
3162 892 3427 961 praemisi-

1847 998 1986 1046 mus,
2021 992 2081 1037 ut
2106 998 2227 1037 cum
2261 981 2384 1036 aliis
2415 980 2744 1037 testimoniis
2782 983 2946 1036 etiam
2979 999 3217 1051 prtesens
3273 985 3420 1053 capi-

1845 1074 2015 1128 tulum
2066 1087 2368 1143 congruere
2417 1075 2736 1129 doceamus.
2801 1076 2954 1130 Unde
2987 1086 3041 1130 et
3096 1080 3150 1130 in
3197 1078 3427 1132 Cantica

1844 1167 2045 1221 dicitur
2071 1166 2409 1220 canticorum
2450 1184 2464 1220 :
2504 1165 2806 1221 Fratruclis
2832 1184 2978 1221 meus
3010 1169 3340 1222 rubicundus
3371 1181 3424 1223 et

1843 1257 2101 1311 candidus
2134 1256 2331 1322 (Cant.
2367 1274 2421 1324 v,
2450 1258 2552 1329 10)
2584 1275 2598 1315 ;
2652 1260 2989 1314 rubicundus
3040 1260 3094 1313 in
3126 1261 3377 1329 passione
3406 1277 3424 1329 ;

1843 1352 2107 1407 candidus
2140 1351 2193 1406 in
2224 1354 2647 1406 resurrectione.
2703 1350 3040 1422 lnterrogant
3102 1351 3271 1420 igitur
3325 1368 3425 1405 an-

1843 1444 1964 1513 geli,
2000 1444 2075 1498 rei
2114 1444 2358 1498 novitate
2399 1444 2679 1513 perterriti
2709 1443 3071 1513 (mysterium
3115 1443 3262 1497 enim
3303 1458 3428 1512 pas-

1843 1536 2012 1592 sionis
2047 1545 2101 1590 et
2133 1535 2556 1591 resurrectionis
2582 1536 2786 1590 Chris'ti
2840 1537 3143 1591 secundum
3197 1546 3422 1605 aposto-

1842 1628 1952 1683 lum
1976 1627 2197 1682 Paulum
2223 1627 2275 1698 (1
2303 1627 2429 1683 Cor.
2464 1644 2502 1682 tt
2533 1632 2571 1695 ),
2602 1629 2813 1683 cunctis
2861 1638 3009 1682 retro
3056 1626 3427 1694 generationi-

1842 1720 1943 1775 bus
1968 1721 2143 1775 fuerat
2174 1720 2476 1791 ignoratum
2510 1720 2551 1777 ).
2587 1720 2722 1786 Quis
2752 1730 2833 1772 est
2863 1719 2966 1773 iste
3021 1719 3113 1788 qui
3170 1720 3236 1771 de
3282 1730 3424 1773 terta

163 1796 310 1850 multi
330 1807 647 1852 nostrorum
678 1798 921 1852 referunt
947 1796 1013 1850 ad
1045 1798 1211 1853 linem
1243 1798 1456 1862 mundi,
1508 1800 1560 1852 in
1627 1814 1738 1868 quo
1773 1789 1815 1844 Β
1846 1810 2013 1866 Edon,
2039 1812 2062 1844 ι
2084 1789 2355 1867 οτυέιηυδ
2383 1811 2646 1866 adven”?
2682 1826 2825 1865 Em”
2853 1810 2871 1877 (
2921 1820 3064 1868 om
3096 1811 3112 1880 )
3140 1811 3339 1879 quippe
3371 1812 3424 1863 in

164 1887 271 1943 sive
299 1888 623 1955 carnaliter,
667 1887 782 1942 sive
839 1888 1204 1958 Spiritnaliter
1258 1889 1522 1954 (diversa
1588 1890 1736 1944 enim

163 1980 431 2033 sententia
490 1979 856 2049 plurimorum
912 1978 1324 2049 est)explenda
1376 1981 1737 2035 contendunt.

162 2069 263 2125 Nos
284 2078 475 2125 autem
504 2074 629 2140 quia
661 2079 714 2123 et
737 2084 903 2140 supra
928 2070 981 2124 in
1012 2069 1118 2124 ltoc
1134 2070 1328 2125 eodem
1358 2072 1594 2140 capitulo
1614 2070 1742 2141 legi-

164 2179 279 2220 tuus
303 2181 318 2220 :
355 2162 600 2233 Spiritus
628 2163 843 2228 Domjni
870 2178 1036 2234 super
1058 2180 1155 2229 me,
1178 2174 1392 2232 propter
1417 2168 1554 2235 quod
1586 2166 1741 2218 unxit

164 2272 239 2311 tne
261 2258 594 2312 annuntiars
624 2258 946 2324 pauperibus
985 2257 1127 2311 misit
1152 2273 1234 2311 me
1263 2260 1443 2326 :quod
1480 2257 1742 2312 Dominus

163 2359 315 2419 atque
332 2349 615 2418 Salvator,
634 2349 774 2405 lecto
792 2348 942 2404 Isaiae
960 2350 1253 2414 volumine,
1281 2351 1334 2404 in
1354 2348 1634 2421 Synagoga
1647 2348 1745 2405 .lu-

165 2444 403 2498 daeorum
429 2458 596 2513 super
624 2457 684 2499 se
716 2444 992 2513 expletum
1016 2457 1140 2498 esse
1165 2444 1489 2498 monstravit
1507 2444 1697 2497 dicens
1723 2461 1740 2498 :

164 2537 326 2593 Hodie
351 2539 618 2607 completa
680 2545 757 2592 est
786 2537 896 2592 hac
926 2535 1208 2604 Scriptura
1231 2537 1285 2589 in
1309 2536 1531 2591 auribus
1555 2537 1743 2590 vestris

168 2628 315 2699 (Lac.
335 2647 418 2696 tv,
439 2629 532 2696 21)
560 2647 578 2699 ;
611 2640 665 2685 et
688 2645 833 2685 nunc
863 2630 932 2685 de
960 2631 1151 2685 eodem
1194 2630 1413 2695 dicitur,
1438 2630 1580 2700 quod
1603 2643 1746 2702 post

167 2726 472 2792 passionem
500 2727 569 2780 ad
594 2725 808 2781 Patrem
839 2733 1102 2780 cruentus
1141 2726 1473 2786 ascenderit,
1505 2725 1746 2781 necessi-

168 2828 271 2872 tate
296 2818 700 2889 compellimur,
721 2817 902 2873 omnia
933 2832 1055 2887 quaa
1082 2818 1356 2883 dicuntur,
1377 2817 1431 2872 in
1456 2818 1632 2886 primo
1655 2832 1746 2873 ac-

168 2912 341 2980 cipere
369 2910 681 2966 Salvatoris
709 2912 966 2965 adventu.
993 2908 1181 2980 Neque
1211 2911 1354 2966 enim
1393 2909 1510 2966 ﬂeri
1545 2921 1742 2983 potest,

168 3005 300 3073 quod
330 3006 617 3075 plerisque
655 3011 967 3059 nostrorum
1015 3001 1198 3058 facere
1230 3004 1504 3067 nituntur,
1559 3012 1617 3057 ut
1651 3018 1747 3056 va-

171 3096 375 3151 rientur
409 3106 679 3166 tempore,
713 3112 837 3166 qua:
867 3095 1129 3166 operibus
1159 3096 1412 3167 capulata
1431 3103 1559 3150 sunt
1592 3112 1607 3161 ;
1645 3109 1747 3150 nec

171 3203 423 3259 negamus
451 3187 672 3243 sudoris
704 3202 828 3244 esse
852 3186 1099 3254 maximi,
1136 3188 1252 3242 haec
1274 3187 1456 3242 omnia
1479 3188 1583 3242 sibi
1619 3201 1748 3241 con-

170 3280 406 3350 jungere,
434 3289 491 3335 et
514 3281 595 3336 sic
621 3280 977 3350 spiritualiter
998 3278 1258 3351 explenda
1294 3281 1348 3333 in
1370 3293 1609 3333 consum
1625 3293 1745 3333 nta-

174 3369 312 3425 tione
340 3380 672 3436 monstrare,
711 3381 769 3424 ut
801 3368 856 3425 in
892 3370 1118 3425 Christo
1166 3379 1220 3425 et
1245 3370 1399 3438 juxta
1448 3383 1666 3425 carnem
1691 3377 1748 3423 et

171 3461 313 3530 juxta
340 3464 623 3532 spiritum,
655 3463 768 3532 jam
804 3463 1072 3533 completa
1106 3463 1427 3518 doceamus.
1481 3462 1614 3527 Quia
1653 3460 1748 3530 igi-

172 3561 259 3609 tur
279 3556 429 3610 venit
464 3554 588 3609 [ilice
615 3554 747 3610 Sion
776 3553 1048 3619 Salvator,
1083 3555 1247 3623 cujus
1277 3568 1488 3609 merces
1534 3566 1655 3607 cum
1684 3566 1751 3606 eo

174 3655 278 3712 est,
306 3657 364 3703 et
393 3662 537 3715 opus
562 3646 710 3702 illius
740 3661 928 3702 coram
956 3645 1085 3713 illo;
1116 3657 1172 3701 et
1194 3659 1453 3716 egressus
1519 3652 1603 3699 est
1657 3644 1745 3721 ju-

173 3749 291 3796 stus
329 3739 684 3807 utsplendor,
711 3748 761 3795 et
799 3737 1054 3793 Salvator
1085 3752 1352 3794 accensus
1391 3746 1476 3792 est
1504 3746 1562 3791 ut
1615 3734 1752 3789 lam-

176 3851 288 3905 pas,
354 3835 691 3908 gavisusqne
737 3849 972 3905 sponsus
997 3820 1162 3903 super
1188 3846 1392 3901 sponsa
1443 3844 1541 3886 sua
1561 3827 1753 3884 Eccle-

174 3928 273 3991 sia,
296 3930 409 3985 imo
440 3928 738 3984 exsultavit
780 3941 944 3998 super
974 3941 1093 3982 eam
1124 3925 1270 3982 Deus
1294 3940 1450 3989 suus,
1479 3925 1573 3996 qui
1636 3925 1752 3995 ipse

175 4023 333 4097 746
363 4033 421 4080 et
448 4038 689 4094 sponsus
717 4032 772 4079 et
802 4022 1065 4078 Dominus
1093 4029 1175 4077 est
1199 4038 1214 4076 :
1253 4029 1542 4092 propterea
1561 4034 1756 4075 secun-

176 4116 298 4170 dum
325 4115 760 4188 assumptionem
783 4114 986 4179 carnis,
1013 4124 1067 4167 et
1088 4113 1589 4183 passionetncrucis
1616 4112 1754 4165 dici-

179 4219 260 4263 tur
279 4210 345 4263 ad
363 4223 491 4263 eum
512 4226 528 4263 :
547 4206 612 4262 Ut
634 4209 932 4277 intingatur
950 4221 1039 4276 pes
1080 4215 1203 4259 tuus
1234 4206 1289 4259 in
1304 4204 1560 4274 sanguine
1582 4203 1752 4273 (Psal.

175 4314 338 4364 mu,
366 4299 501 4369 24).
532 4299 598 4355 Et
631 4302 732 4355 sub
753 4297 906 4354 Juda:
933 4298 1198 4354 vocabulo
1224 4298 1279 4352 in
1298 4296 1493 4352 Genesi
1523 4296 1756 4367 prophe-

179 4406 339 4464 tatur,
375 4393 526 4449 Juda
558 4406 605 4449 te
630 4394 926 4448 laudabunt
962 4393 1153 4463 fratres
1191 4392 1269 4444 tui
1295 4388 1529 4446 :Manus
1557 4399 1663 4443 tua:
1700 4391 1752 4443 in

176 4491 458 4545 ceruicibus
490 4490 829 4543 inimicorum
881 4496 1095 4541 tuorum
1125 4500 1145 4540 :
1183 4484 1484 4538 adorabunt
1539 4493 1589 4538 te
1655 4482 1757 4552 ﬁlii

176 4585 343 4649 patris
373 4585 472 4638 tui.
505 4582 729 4638 Catulus
763 4582 930 4634 leonis
949 4579 1116 4643 Juda,
1153 4580 1223 4632 ad
1264 4577 1524 4646 prtetlam,
1548 4576 1629 4645 ﬁli
1662 4576 1757 4638 mi,

182 4678 464 4732 ascendisti
500 4693 515 4730 :
553 4678 878 4746 requiescens
905 4672 1205 4727 accubuisti
1240 4682 1294 4725 ut
1356 4672 1459 4731 leo.
1491 4680 1542 4724 et
1598 4672 1756 4740 quasi

183 4765 345 4823 le-rna
374 4771 526 4838 :quis
548 4768 825 4823 suscitabit
848 4781 966 4820 eum
994 4767 1019 4819 .’
1053 4764 1119 4819 Et
1179 4765 1374 4818 iterum
1404 4780 1417 4817 :
1445 4760 1641 4832 Ligans
1690 4761 1759 4814 ad

182 4865 383 4918 sineaut
414 4863 616 4930 pullum
633 4877 808 4919 suum,
846 4871 895 4912 et
926 4858 995 4912 ad
1027 4858 1201 4923 vitem,
1233 4872 1262 4909 ο
1283 4856 1364 4925 ﬁli
1395 4855 1487 4917 nti,
1546 4855 1759 4907 asinam

180 4972 332 5009 suam
360 4972 379 5022 ;
420 4954 619 5009 laoubit
647 4955 765 5007 tino
790 4953 987 5005 stolam
1019 4952 1196 5014 sitim,
1228 4959 1278 5004 et
1326 4949 1586 5018 sanguine
1643 4963 1758 5001 uva:

180 5048 405 5115 pallium
452 5063 605 5101 suum
637 5043 805 5115 (Gen.
844 5042 1051 5109 thx,8
1080 5045 1123 5111 ).
1157 5039 1264 5096 Iste
1317 5048 1402 5095 est
1449 5054 1610 5109 quem
1656 5054 1756 5092 an-

181 5144 366 5214 gelicae
419 5150 724 5213 potestates
772 5139 1020 5193 videntes
1072 5137 1141 5191 ad
1208 5133 1421 5190 Patrem
1461 5132 1760 5189 ascendere

255 5374 273 5407 ⁸
296 5372 535 5443 Corrigit
562 5371 774 5428 Victor.
809 5387 873 5425 ex
906 5369 1151 5443 Mediceo
1184 5367 1381 5443 codice
1423 5363 1758 5443 negationem

185 5458 284 5513 pro
314 5434 743 5511 negotiationem,
774 5457 937 5513 quam
996 5438 1244 5511 profecto
1312 5436 1512 5492 falsam
1568 5434 1762 5490 lectio.

186 5530 310 5571 nem
338 5527 412 5569 illi
442 5531 587 5570 €558.

260 5586 600 5651 'Corruptc,
629 5582 809 5651 inquit
873 5580 1081 5648 Victor,
1140 5581 1218 5635 sic
1280 5580 1478 5652 legitur
1522 5593 1622 5652 pro
1675 5578 1759 5652 hic

187 5659 351 5715 etiam
382 5660 431 5710 iu
458 5649 894 5722 Commentario,
941 5653 1142 5722 quippe
1180 5668 1304 5706 cum
1336 5649 1627 5706 'llebraice
1684 5649 1759 5703 sit

190 5731 296 5802 (η)
317 5729 505 5802 ρτιιιςθ
526 5720 705 5802 οὗτος.
741 5720 1085 5802 ιιςιιὶηρλειε.

259 5789 288 5834 ί
313 5796 388 5855 Ex
418 5797 607 5854 Graeco
641 5796 812 5867 ἄρατε
851 5794 1050 5862 πύλας,
1083 5794 1133 5847 οἱ
1166 5796 1449 5867 ἄρχοντες,
1493 5789 1670 5863 ὑμῶν,
1706 5798 1761 5847 et

1844 1904 2079 1973 linguam
2111 1915 2354 1958 nostram
2387 1912 2441 1958 et
2482 1911 2719 1957 terrenus
2742 1911 2798 1957 et
2855 1916 3105 1955 cruentus
3161 1902 3425 1971 exprimi-

1845 2006 1952 2051 tur.
1980 1995 2181 2051 Tinctis
2209 1996 2434 2050 uestibus
2464 1996 2526 2049 de
2561 1993 2732 2048 Bosra
2771 1994 2969 2072 7Qnod
3011 1995 3164 2048 tnulti
3217 1996 3306 2060 pio
3341 2012 3428 2049 er-

1843 2103 1969 2142 rore
2002 2088 2161 2157 lapsi,
2188 2096 2379 2155 putant
2411 2087 2480 2142 de
2538 2101 2720 2140 carne
2783 2084 2995 2141 Domini
3057 2087 3289 2155 intelligi
3325 2106 3340 2141 :
3375 2090 3427 2142 id

1843 2192 1947 2243 est,
1982 2196 2148 2235 nassa
2176 2182 2197 2251 (
2225 2179 2419 2249 ηψπ),
2450 2179 2594 2249 quod
2617 2181 2842 2234 verbum
2870 2179 2916 2235 si
2943 2195 3160 2233 carnem
3206 2179 3430 2249 signiti—

1842 2275 2371 2339 caret,seriberetur
2394 2288 2489 2340 per
2516 2272 2751 2325 mediam
2818 2271 3056 2325 litteram
3114 2286 3221 2331 BIN,
3283 2287 3428 2326 nunc

1845 2378 2024 2423 autem
2048 2380 2144 2436 per
2165 2380 2295 2420 sane
2318 2363 2600 2426 scribitur,
2627 2374 2683 2417 et
2722 2362 3116 2430 interpretatur
3146 2362 3305 2429 ﬁrma
3347 2372 3431 2416 at-

1845 2477 1950 2531 que
1996 2459 2201 2514 munita
2232 2473 2251 2510 :
2307 2457 2451 2528 quod
2513 2457 2596 2511 vel
2646 2457 2714 2511 de
2767 2453 3067 2510 Jerusalem
3129 2456 3431 2526 acripimus

1847 2550 2045 2622 (Psal.
2081 2567 2193 2617 ιιι,
2229 2550 2289 2603 11
2329 2551 2370 2618 ),
2401 2563 2522 2617 qute
2558 2547 2896 2602 ﬁrmissimis
2927 2546 3099 2600 muris
3150 2545 3251 2600 fttit
3302 2555 3430 2599 ante

1848 2642 2208 2707 circumdata,
2240 2639 2294 2693 iu
2327 2654 2431 2705 qua
2480 2651 2675 2706 passus
2733 2645 2821 2691 est
2882 2636 3188 2704 Dominus;
3224 2638 3307 2691 vel
3363 2637 3431 2691 de

1849 2730 2083 2796 interno,
2115 2728 2184 2784 de
2212 2743 2320 2798 quo
2340 2727 2394 2783 in
2429 2728 2885 2798 quinquagesimo
2925 2742 3068 2780 nouo
3094 2736 3146 2779 et
3189 2728 3240 2779 in
3300 2741 3430 2780 cen-

1848 2824 2047 2879 tesimo
2073 2823 2304 2889 septimo
2340 2821 2547 2890 psalmo
2577 2821 2840 2887 scriptum
2903 2830 2984 2873 est
3010 2835 3025 2875 :
3061 2818 3191 2884 Quis
3213 2818 3432 2873 deducet

1849 2933 1931 2971 me
1950 2917 2005 2970 in
2029 2915 2291 2969 civitatem
2323 2914 2581 2967 munitam
2608 2911 2797 2983 (Psal.
2831 2926 2942 2975 ιιι,
2966 2910 3023 2965 ll
3053 2927 3068 2978 ;
3100 2926 3233 2975 cut,
3272 2912 3330 2965 11
3371 2911 3433 2983 )‘l

1850 3006 2026 3075 inqua
2057 3006 2256 3060 clausae
2271 3013 2400 3059 sunt
2418 3004 2613 3057 animae
2637 3011 3001 3066 mortuorum,
3022 3011 3075 3055 et
3093 3001 3429 3055 circumdata

1772 3128 1816 3186 ο
1848 3110 1930 3157 est
1956 3098 2285 3154 firmissimis
2346 3094 2634 3152 custodiis.
2695 3094 2986 3147 Sciendum
3022 3108 3240 3162 quoque
3285 3094 3432 3160 quod

1844 3197 2002 3268 juxta
2026 3197 2311 3251 historiam
2362 3192 2583 3261 BOSR.\(
2628 3190 2966 3258 rnnhton
2999 3191 3072 3246 sit
3126 3192 3178 3244 in
3235 3189 3431 3250 Edom.

1850 3290 1942 3344 sed
1970 3288 2023 3342 in
2059 3286 2237 3342 Moab.
2264 3285 2523 3354 Sequitur
2552 3301 2566 3336 :
2595 3280 2685 3337 Sic
2710 3286 2975 3350 formosus
3016 3283 3071 3335 in
3107 3282 3247 3336 stola
3310 3297 3432 3344 sua,

1851 3384 2100 3455 gradiens
2127 3383 2182 3436 in
2206 3380 2564 3435 multitudime
2600 3378 2932 3445 fortitudinis
2960 3392 3093 3431 ante.
3118 3374 3193 3429 De
3232 3390 3341 3444 quo
3380 3386 3436 3429 et

1850 3474 2295 3545 quadragesimus
2327 3482 2556 3539 quartus
2592 3469 2831 3537 psalmus
2866 3467 3029 3539 ’147
3076 3471 3264 3524 canit:
3306 3465 3438 3520 For-

1851 3583 2030 3621 mosus
2062 3566 2247 3619 decore
2272 3579 2385 3632 prae
2415 3563 2543 3633 ﬁliis
2566 3562 2864 3616 hominum.
2915 3560 3198 3624 Accingere
3248 3556 3431 3626 gladio

1852 3671 1942 3713 tuo
1968 3674 2124 3722 super
2144 3656 2316 3726 femur
2342 3667 2511 3718 tuum,
2559 3654 2919 3724 potentissime
2948 3653 2991 3705 '.
3023 3649 3207 3719 Specie
3254 3662 3342 3702 tua
3381 3662 3429 3703 et

1852 3746 2243 3819 pulchritudine
2272 3756 2387 3810 tua,
2417 3744 2648 3807 intende,
2666 3760 2914 3814 prospere
2935 3744 3159 3812 procede
3187 3751 3234 3794 et
3271 3757 3432 3808 regna

1854 3840 2024 3912 (Psal.
2060 3854 2206 3906 thv,
2241 3839 2397 3909 3-5).
2427 3836 2532 3893 Pro
2574 3854 2684 3908 quo
2717 3836 3071 3908 Septuaginta
3135 3834 3437 3889 transtule-

1852 3941 2005 3997 runt,
2043 3931 2270 3986 violenta
2325 3946 2443 3985 cum
2464 3930 2801 3999 fortitudine.
2819 3927 2974 3995 Quod
3020 3941 3180 3997 quem
3210 3941 3435 3982 sensum

1855 4024 2054 4080 habent
2088 4022 2329 4096 prudens
2357 4021 2529 4077 lector
2557 4021 2818 4092 inquirat.
2854 4096 2863 4103 .

1939 4134 1957 4169 t
2003 4114 2118 4187 Ego
2146 4116 2239 4184 qui
2266 4116 2461 4184 loquor
2483 4113 2779 4183 justitiam,
2814 4120 2868 4165 et
2899 4118 3267 4178 prOpIIgttator
3311 4122 3435 4160 smn

1857 4211 1925 4264 ad
1946 4208 2296 4263 salvandum.
2335 4225 2353 4259 ι
2381 4204 2519 4261 LXX
2551 4223 2563 4258 :
2604 4223 2623 4256 ι
2660 4203 2773 4273 Ego
2794 4201 2886 4272 qui
2919 4202 3112 4270 loquor
3141 4199 3437 4270 justitiam,

1858 4309 1914 4356 et
1936 4300 2205 4371 judicium
2235 4298 2515 4354 salutaris.
2549 4315 2568 4349 ι
2603 4295 2907 4364 Respondit
2937 4291 3203 4348 Dominus
3259 4291 3437 4347 inter-

1862 4394 2185 4462 rogantibus
2241 4392 2496 4460 angelis:
2577 4388 2835 4456 Qumtitis
2898 4387 2989 4457 qui
3044 4388 3171 4451 sint,
3220 4386 3312 4454 qui
3369 4384 3439 4439 ad

1794 4465 1835 4520 ί)
1866 4488 2037 4542 t'tnlos
2059 4495 2321 4540 cruentus
2350 4483 2662 4549 asdendatn,
2697 4492 2752 4535 et
2783 4480 3012 4550 sanguis
3044 4495 3151 4549 qun
3181 4492 3439 4547 aspersus

1862 4593 2007 4642 sum,
2031 4592 2136 4631 non
2162 4576 2293 4631 tttilti
2318 4575 2722 4630 deformitatem
2749 4573 3031 4637 tribuerit,
3052 4572 3143 4626 sed
3161 4568 3441 4624 det-orent?

1862 4669 1976 4739 Ego
2011 4686 2130 4724 sunt
2164 4670 2249 4723 cui
2279 4671 2441 4722 Pater
2468 4669 2693 4722 tradidit
2728 4664 3172 4733 oamejudicium
3224 4664 3242 4733 (
3270 4659 3438 4715 Jt-an.

1864 4778 1894 4814 ν
1920 4763 1959 4833 ).
2002 4754 2212 4828 D€quo
2239 4770 2293 4815 et
2336 4761 2624 4833 l’salmista
2692 4758 2907 4812 dicebat
2942 4773 2955 4811 :
2992 4756 3152 4815 Deus,
3176 4754 3443 4822 judicium

1862 4830 2009 4909 tuum
2037 4856 2143 4922 regi
2168 4853 2263 4919 da,
2300 4830 2641 4923 eljustitiam
2696 4863 2841 4903 tuam
2893 4846 3007 4916 ﬁlio
3057 4846 3191 4914 regis
3249 4842 3440 4914 (l’sttl.

1861 4965 2009 5009 mu.
2047 4949 2069 5002 1
2098 4931 2149 5019 ).’
2172 4946 2274 5013 Qui
2308 4947 2497 5018 loquor
2523 4946 2803 5016 justitiam
2846 4959 2861 4997 :
2891 4952 2948 4995 ttt
2978 4941 3136 4994 malis
3169 4938 3333 5002 mala,
3384 4948 3443 4992 et

1864 5042 2021 5096 bonis
2046 5043 2342 5095 retribuam
2395 5042 2533 5093 bona
2569 5038 2702 5106 ;qui
2768 5036 2891 5089 veni
2949 5048 3190 5105 pugnare
3248 5041 3442 5087 contra

1863 5136 2214 5190 adversarios
2232 5142 2557 5205 potestates,
2580 5140 2635 5185 et
2657 5130 2887 5201 captivis
2916 5128 3215 5201 prmdicare
3246 5127 3445 5185 remis-

1863 5365 2024 5432 Yulg.
2054 5362 2188 5419 edit.
2220 5370 2418 5432 vestras
2454 5374 2551 5429 pro
2583 5357 2740 5432 vestri
2774 5356 2980 5432 Victor.
3034 5358 3250 5432 posuit.

1936 5428 2204 5487 "Numen
2240 5430 2432 5490 Edam,
2458 5428 2608 5500 quod
2642 5431 2729 5483 Itin
2787 5430 2997 5500 deerat,
3031 5428 3399 5500 SlAljlph}\‘\“§
3424 5432 3501 5500 εξ

1864 5506 2232 5588 Ambrosiano
2257 5516 2362 5557 ms.
2386 5487 2571 5570 iuq'uo
2603 5516 2730 5555 mox
2763 5509 2847 5553 est
2895 5487 3149 5551 adueniat
3418 5487 3516 5545 nd-

1864 5587 2023 5631 νέηαι.

1936 5646 2037 5700 ⁸1η
2093 5645 2299 5719 aliquot
2340 5659 2498 5719 u:ss_.,
2555 5642 2997 5719 potentissimum.
3057 5637 3343 5719 (101ὶίΚΧ

1865 5712 2248 5771 adnotavimus
2289 5716 2341 5767 in
2375 5712 2705 5780 υνίμιζίοϋ,
2762 5713 2827 5765 ad
2891 5712 3199 5769 Suuuiatu

1865 5760 2062 5856 ἶέΐιὶῖὶίζ
2079 5760 2351 5843 mut;
2378 5760 2606 5842 “satis
2621 5760 2869 5841 ’ῐὸείιᾎῖμ
2893 5760 3199 5769 ””’“”ίί”“
3356 5760 3467 5832 η)

3452 5602 3457 5607 ι
3462 5624 3590 5691 «χχκῖ

3373 5697 3402 5742 ἲ
3430 5760 3435 5761 ν
3475 5690 3623 5761 ενι-ο
