3902 6182
526 349 633 414 635

1695 361 1753 421 S.
1801 355 2122 420 EUSEBIF
2168 357 2302 421 1ΠΕ
2314 363 2607 428 RONYMI

3634 383 3717 448 636

516 461 755 520 sionem.
789 469 838 514 et
862 460 1076 520 vinctos
1104 463 1171 520 de
1191 479 1411 521 carcere
1444 465 1702 537 liberare,
1737 478 1794 525 ut
1825 482 1873 527 et
1905 473 2097 528 adver-
2123 469 2174 528 Δ
2206 475 2422 543 ponitur
2450 489 2616 547 atque
2655 479 2970 545 tormentis,
2997 480 3217 551 quando
3245 480 3498 542 Jeremias
3550 485 3597 542 in
3637 487 3721 545 La-

515 554 645 608 sarii
684 568 892 622 pugnas,
928 566 981 611 et
1024 558 1224 627 captivi
1256 561 1493 616 sentiant
1522 561 1853 618 libertatem.

506 670 509 689 ε
591 648 609 715 (
646 646 805 702 Vers.
832 648 929 718 Ξ.)
960 668 977 702 ι
1003 650 1185 715 Quare
1204 665 1333 718 ergo
1364 652 1585 709 rubrum
1610 663 1692 709 est
1721 656 2098 711 indumentum

517 747 687 802 tuum,
718 749 771 795 et
797 742 1121 796 veSIimenta
1156 753 1243 797 tua
1316 746 1463 800 sicut
1520 748 1847 804 calcantium
1921 762 2103 805 torcu-

516 831 600 885 lar
633 832 692 885 ‘?
721 853 740 885 ι
774 832 959 890 LXX:
1002 855 1020 889 ι
1049 836 1230 904 Quare
1263 840 1424 894 rubra
1456 852 1580 895 sunt
1627 847 1950 900 vestimenta
1988 856 2099 914 tua,

517 935 571 979 et
595 923 907 981 indumenta
945 937 1031 982 tua
1068 929 1552 988 sicutc:deantium
1586 937 1849 999 torcular,
1873 938 2095 1007 plenum

516 1019 932 1075 conculcatum?
962 1022 1015 1091 ι)
1046 1021 1151 1077 Ubi
1181 1039 1324 1080 nunc
1362 1025 1581 1093 dicitur,
1624 1026 1864 1094 rubrum,
1906 1030 1957 1083 in
1995 1028 2101 1085 He-

518 1109 666 1166 braeo
690 1112 887 1183 legitur
913 1129 1054 1167 soon
1082 1114 1268 1183 (tm-tn
1292 1117 1333 1186 ).
1372 1117 1512 1189 Ergo
1539 1128 1593 1173 et
1617 1134 1782 1189 supra
1820 1120 1908 1175 ubi
1966 1124 2106 1178 scri-

518 1199 668 1255 bitur
694 1200 886 1267 Edam,
924 1219 1029 1258 non
1061 1203 1162 1260 loci
1220 1208 1543 1263 vocabulum
1598 1219 1703 1275 est,
1732 1214 1827 1266 sed
1906 1229 2100 1269 nomen

522 1296 823 1365 sanguinis.
859 1296 1093 1353 Rursum
1155 1309 1335 1354 autem
1382 1304 1561 1372 angeli
1632 1307 1989 1363 sciscitantur
2051 1319 2107 1365 et

521 1380 746 1440 dicunt:
769 1384 1065 1441 Didicimus
1082 1391 1225 1458 quod
1246 1392 1411 1461 tusis,
1435 1394 1523 1462 qui
1551 1395 2102 1469 loquerisjustitiam.

522 1482 580 1529 et
607 1476 754 1530 salus
786 1479 1023 1531 οιιιιιίιιιιι
1055 1481 1106 1534 in
1144 1491 1234 1536 tuo
1260 1487 1330 1538 sit
1357 1484 1564 1555 judicio
1595 1492 1915 1547 constituta.
1950 1492 2106 1549 Nunc

523 1565 669 1619 scire
726 1566 996 1633 volumus,
1051 1583 1221 1633 quare
1272 1573 1597 1630 vestimenta
1647 1585 1736 1631 tua
1796 1579 1909 1634 sint
1960 1580 2107 1636 velut

523 1670 710 1711 mu5to
744 1657 933 1723 tincta,
966 1671 1059 1714 aut
1085 1662 1214 1730 quid
1242 1678 1418 1719 cauete
1464 1667 1735 1723 exstiterit
1773 1678 1830 1724 ut
1866 1673 2109 1730 tunicam

517 1763 645 1818 quae
665 1750 901 1819 desuper
942 1761 1091 1808 texta
1115 1765 1216 1819 est,
1242 1765 1297 1810 et
1329 1758 1502 1812 scindi
1531 1776 1635 1814 non
1670 1771 1873 1830 potest,
1943 1773 1998 1818 et
2041 1765 2109 1819 de

520 1851 681 1895 utero
718 1842 967 1911 virginali
998 1853 1207 1900 tantum
1235 1849 1530 1904 candorem
1563 1851 1780 1920 habuit,
1835 1864 2107 1924 quantum

530 1932 716 1986 nullus
777 1932 1041 1989 fullonum
1088 1937 1258 2004 possit
1289 1940 1467 1994 facere
1502 1958 1668 2012 super
1701 1954 1927 2013 terram,
1983 1962 2112 2004 san—

528 2024 688 2090 guine
724 2034 1048 2081 cvucntares
1074 2028 1096 2081 ?
1130 2029 1301 2099 Magis
1332 2032 1479 2087 enim
1508 2034 1605 2089 tibi
1634 2036 1930 2094 clementia
1984 2055 2114 2095 con-

528 2115 699 2180 venit,
734 2131 894 2186 quam
917 2120 1244 2177 crudelitas:
1273 2126 1445 2193 magis
1471 2127 1695 2193 candor,
1729 2145 1891 2199 quam
1925 2147 2109 2188 cruor.

531 2205 742 2272 Quibus
775 2211 1050 2277 respondit
1092 2211 1374 2282 Dominus,
1406 2232 1512 2273 non
1549 2235 1657 2275 uno
1698 2223 1991 2290 versiculo,
2057 2234 2115 2280 ut

531 2298 701 2364 prius,
734 2299 830 2354 sed
865 2302 1052 2358 multis
1094 2303 1275 2360 verbis
1309 2322 1323 2364 :
1365 2316 1423 2363 ut
1453 2311 1638 2365 omnia
1702 2314 1891 2371 doceat
1954 2315 2111 2387 igno-

532 2401 738 2460 rantes,
778 2407 844 2448 ne
876 2409 1090 2449 rursum
1126 2412 1371 2465 quaerere
1405 2404 1832 2474 compellantur.

603 2482 805 2553 (Vers.
839 2486 873 2543 ⁸5
898 2486 1100 2560 seqq.)
1134 2507 1154 2541 ι
1191 2489 1458 2549 Torcular
1487 2498 1697 2553 calcavi
1742 2502 1916 2567 solus,
1959 2513 2011 2556 et
2045 2502 2114 2559 de

532 2579 788 2648 gentibus
814 2594 921 2634 non
955 2592 1041 2637 est
1069 2581 1153 2635 vir
1186 2598 1419 2642 mecum.
1467 2588 1685 2646 Calcavi
1717 2608 1812 2648 eos
1847 2594 1900 2648 in
1928 2594 2115 2651 furore

535 2686 680 2735 meo,
708 2685 762 2729 et
797 2677 1118 2735 conculcavi
1158 2695 1254 2737 eos
1307 2681 1361 2735 in
1412 2683 1487 2737 ira
1534 2700 1651 2740 mea
1689 2702 1705 2743 :
1737 2694 1793 2740 et
1851 2702 2112 2757 aspersus

536 2776 621 2816 est
659 2770 882 2837 sanguis
913 2785 1104 2826 eorum
1149 2789 1313 2845 super
1341 2777 1664 2832 vestimenta
1695 2776 1861 2849 748
1884 2793 2028 2845 mea,
2061 2792 2116 2833 et

537 2858 719 2913 omnia
746 2859 1057 2918 indumenta
1090 2879 1204 2920 mea
1262 2867 1429 2935 pollui
1489 2865 1699 2940 [Vulg.
1761 2871 2039 2940 inquinavi
2069 2870 2112 2944 ].

540 2950 666 3005 Dies
704 2955 849 3007 enim
888 2956 1110 3012 ultionis
1141 2958 1195 3014 in
1222 2961 1387 3016 corde
1412 2977 1557 3030 meo,
1587 2978 1761 3020 annus
1787 2965 2117 3033 redemptio-

540 3043 623 3094 nis
642 3059 775 3100 meae
818 3048 985 3104 venit.
1008 3048 1412 3122 Circumspcxi,
1462 3064 1516 3112 et
1540 3071 1644 3112 non
1666 3059 2114 3129 cratausiliatOr;

2204 664 2390 731 quitur
2428 682 2441 719 :

2211 571 2638 629 mentationibns
2670 574 2934 643 plangens
2978 574 3317 630 eversionem
3381 575 3644 635 Jerusalem
3663 584 3719 636 lo-

2507 662 2770 718 Torcular
2843 664 3067 721 calcavit
3117 665 3373 721 Dominus
3425 670 3589 740 virgini
3621 670 3718 740 lilia

2212 754 2376 821 Iuda,
2410 756 2527 810 ideo
2551 773 2642 825 ego
2667 756 2817 826 ploro
2840 761 2858 826 (
2880 761 3070 812 Tltren.
3103 774 3141 822 ι,
3178 758 3270 824 15,
3303 758 3368 813 16
3392 760 3433 828 ).
3463 760 3511 814 ιιι
3562 763 3716 819 bonam

2207 860 2415 916 partem
2436 850 2810 905 inscribuntur
2846 851 3042 921 psalmi
3072 866 3166 920 pro
3192 851 3531 906 torcularibus
3545 864 3718 910 octavus

2207 952 2260 995 et
2292 944 2661 1014 octogesimus
2699 944 2915 1001 tertius.
2943 941 3016 997 De
3051 944 3323 1013 quibusin
3351 945 3458 999 suis
3502 946 3638 1007 locis.
3680 950 3717 1002 si

2209 1038 2317 1091 vita
2347 1050 2530 1091 comes
2570 1035 2788 1102 fuerit',
2828 1033 3057 1091 Domino
3090 1038 3385 1105 prtebente.
3415 1036 3617 1092 dicetur.
3636 1037 3720 1093 lloc

2212 1129 2477 1192 torcular,
2514 1129 2568 1182 in
2599 1144 2706 1198 quo
2731 1137 2785 1183 et
2807 1127 2967 1183 malis
2992 1127 3283 1204 supplicia,
3304 1137 3358 1184 et
3386 1129 3528 1184 bonis
3547 1130 3717 1197 premi:

2212 1232 2242 1272 a
2270 1217 2556 1274 Salvatore
2594 1218 2898 1284 calcantur,
2935 1217 3089 1272 solus
3114 1217 3230 1284 ipse
3264 1217 3506 1281 calcavit,
3541 1216 3725 1270 nullum-

2209 1326 2314 1379 que
2348 1310 2887 1380 babuitadjntorem.
2947 1309 3136 1383 Neque
3193 1310 3338 1365 enim
3390 1309 3619 1378 Angelus,
3656 1319 3725 1363 aut

2210 1401 2613 1472 Archangelus,
2650 1399 2882 1464 Tlironi,
2911 1398 3455 1464 Dominaliones,aut
3507 1398 3599 1451 ulla
3637 1413 3723 1454 cm-

2212 1488 2809 1565 lestiumpotestatum,
2864 1492 3164 1550 humanum
3218 1510 3414 1563 corpus
3468 1490 3723 1565 assumpsit,

2212 1590 2263 1636 et
2295 1596 2393 1652 pro
2419 1581 2577 1637 nobis
2611 1560 2803 1652 passus
2837 1593 2940 1650 est,
2980 1594 3035 1642 et
3058 1588 3401 1644 conculcavit
3444 1590 3724 1645 adversarias

2215 1672 2583 1737 fortitudines,
2638 1682 2800 1744 atque
2863 1678 3126 1732 contrivit
3159 1697 3173 1733 :
3201 1679 3366 1753 749
3405 1681 3501 1737 nisi
3552 1682 3625 1736 illc
3658 1681 3724 1750 qui

2216 1765 2455 1835 loquitur
2495 1766 2546 1820 in
2580 1767 2826 1835 psalmo:
2882 1768 3099 1824 Saluum
3125 1788 3206 1826 me
3238 1774 3344 1843 fac,
3389 1772 3604 1837 Domine,
3631 1789 3726 1836 qua-

2225 1858 2371 1911 niant
2392 1857 2585 1926 defecit
2609 1868 2825 1913 sanctus
2858 1859 3029 1930 (Psal.
3060 1878 3142 1929 xx,
3190 1863 3214 1918 l
3248 1864 3266 1934 )
3294 1881 3311 1931 ;
3360 1865 3414 1919 in
3444 1873 3641 1929 tantum,
3684 1874 3725 1918 ut

2220 1947 2386 2003 etiam
2427 1947 2951 2017 conﬁdentissimus,
2993 1962 3048 2010 et
3080 1955 3136 2011 in
3174 1955 3298 2011 fidei
3332 1957 3552 2013 veritate
3577 1957 3726 2010 tinnis-

2220 2045 2393 2100 simns
2425 2045 2702 2114 apostolus
2757 2047 2976 2112 Petrus,
3043 2049 3242 2104 timore
3302 2052 3515 2104 territus
3560 2048 3723 2114 fugerit,

2222 2136 2329 2189 imo
2382 2136 2672 2193 Dominum
2728 2140 2937 2210 negarit.
2989 2138 3217 2208 (Matth.
3276 2154 3394 2194 xsvt
3441 2139 3483 2211 ).
3526 2138 3727 2205 Quodque

2219 2229 2467 2300 sequitur
2498 2271 2514 2294 ,
2569 2231 2638 2287 Et
2702 2249 2951 2303 aspersus
2995 2243 3073 2289 est
3123 2237 3342 2305 sanguis
3398 2251 3564 2295 eorum
3615 2249 3727 2299 super

2221 2322 2529 2375 vestimenta
2557 2337 2693 2387 mea,
2743 2332 2791 2377 et
2823 2324 2998 2378 omnia
3061 2324 3379 2380 indumenta
3437 2342 3542 2379 mea
3586 2324 3725 2393 pallui,

2225 2428 2569 2483 nequaquam
2602 2417 2683 2470 sic
2713 2414 3150 2483 intelligendum,
3183 2426 3242 2470 ut
3266 2417 3524 2472 d:emoues
3573 2427 3617 2470 et
3661 2416 3726 2467 ad-

2224 2508 2494 2561 versaries
2525 2515 2820 2575 potestates
2838 2499 3157 2575 san'guinem
3212 2510 3410 2565 habere
3463 2508 3726 2566 credamus:

2223 2600 2319 2652 scd
2360 2598 2689 2668 tropologice
2741 2599 3058 2670 accipienda
3119 2609 3255 2657 sunt
3314 2600 3508 2661 omnia.
3565 2596 3728 2670 quando

2226 2689 2683 2748 clvmetnissimus
2698 2690 2842 2749 Deus
2866 2694 2932 2749 ad
2949 2695 3316 2751 erudiendum
3339 2695 3573 2765 pupulum
3592 2705 3728 2752 suum.

2228 2794 2282 2838 et
2323 2784 2657 2854 captivitatis
2696 2786 2932 2841 vinculis
2981 2786 3346 2854 liberandum,
3397 2788 3562 2841 hostes
3611 2782 3732 2838 ferire

2229 2874 2594 2944 compellitur.
2659 2875 2779 2930 Dies
2828 2879 2987 2943 enim,
3034 2879 3232 2944 inquit,
3292 2878 3564 2933 ultionisin
3618 2872 3733 2928 corde

2229 2982 2361 3030 meo,
2384 2982 2553 3020 annus
2577 2968 2945 3038 redemptionis
2976 2986 3103 3024 mea:
3124 2972 3286 3027 venit.
3324 2971 3394 3025 De
3419 2970 3519 3039 quo'
3537 2978 3583 3022 et
3606 2977 3731 3034 supra

2229 3054 2383 3126 (cap.
2412 3074 2609 3125 xxmv,
2639 3058 2691 3130 8)
2713 3060 2964 3130 legimus,
2983 3063 3036 3117 in
3064 3063 3266 3119 bonam
3286 3074 3483 3134 partem
3502 3059 3733 3130 prazdicare

539 3136 786 3203 qnesivi,
816 3148 1000 3196 etnon
1033 3152 1152 3199 erat
1178 3146 1273 3215 qui
1296 3147 1602 3216 adjuvaret.
1639 3147 1705 3203 Et
1727 3150 1955 3208 salvavit
1981 3154 2115 3210 mihi
2147 3178 2194 3239 ο
2227 3150 2662 3220 annum;Domini
2697 3163 3006 3224 acceptum,
3038 3164 3093 3209 et
3118 3157 3263 3212 diem
3295 3147 3732 3239 retributionist

540 3225 823 3284 brachium
849 3245 1137 3302 meumket
1182 3238 1485 3310 indignatio
1546 3259 1662 3301 mea
1697 3245 1813 3317 ipsa
1876 3246 2114 3307 auxilia-

543 3324 596 3369 ta
631 3328 710 3371 est
771 3319 928 3375 mibi.
962 3322 1029 3377 Et
1057 3327 1371 3386 conculcavi
1398 3334 1621 3403 pepulos
1651 3337 1704 3393 in
1734 3340 1921 3398 furore
1970 3358 2115 3408 meo,

541 3414 597 3460 et
633 3408 892 3466 inebriavi
924 3429 1016 3470 eos
1064 3416 1116 3472 in
1151 3418 1521 3492 indignatione
1559 3444 1697 3496 mea,
1728 3440 1781 3488 et
1821 3433 2033 3489 detraxi
2064 3437 2119 3491 in

542 3509 742 3557 terram
773 3505 1025 3562 virtutem
1056 3523 1269 3568 eorum.
1298 3531 1315 3566 ι
1347 3513 1702 3589 Septuaginta
1747 3539 1845 3593 pro
1875 3540 1941 3581 eo
1977 3529 2117 3596 quod

544 3608 642 3647 nos
674 3594 935 3666 diximus,
999 3604 1235 3658 torcular
1295 3608 1499 3664 calcari
1545 3613 1711 3677 solus.
1774 3616 2121 3689 interpretati

541 3696 690 3751 sunt,
720 3690 931 3758 plenum
957 3696 1346 3766 conculcatum,
1382 3704 1523 3770 quod
1553 3710 1726 3778 magis
1780 3726 1902 3766 cum
1957 3728 2124 3783 supe-

539 3780 675 3834 riori
715 3785 952 3853 capitulo
995 3786 1280 3859 legendum
1302 3806 1409 3858 est,
1445 3813 1606 3865 quam
1640 3811 1698 3855 ιιι
1730 3803 1803 3856 sit
1842 3780 2122 3874 sequentis

542 3873 893 3944 principium.
919 3877 1124 3936 Caetera
1150 3884 1233 3940 sic
1259 3889 1655 3947 transtulerunt
1683 3910 1700 3951 :
1745 3912 1763 3946 t
1795 3894 1860 3952 Et
1894 3873 1963 3954 de
1994 3911 2129 3970 gen-

543 3964 687 4019 tibus
727 3968 808 4020 vir
849 3983 956 4024 non
998 3981 1084 4027 est
1108 3989 1347 4045 mecum,
1372 3987 1428 4034 et
1461 3982 1779 4039 conculcavi
1808 4001 1903 4043 eos
1949 3964 2023 4044 inv
2043 3992 2127 4046 fu-

542 4073 667 4113 rore
696 4076 838 4128 meo,
882 4072 937 4118 et
970 4065 1218 4140 confregi
1241 4086 1335 4127 eos
1361 4073 1521 4142 quasi
1552 4085 1778 4146 terram,
1806 4089 1862 4135 et
1926 4082 2127 4140 deduxi

542 4153 863 4221 sanguinem
898 4168 1084 4211 eorum
1129 4158 1183 4216 in
1223 4169 1448 4228 terram,
1482 4176 1536 4220 et
1558 4168 1744 4221 omnia
1805 4171 2128 4229 vestimenta

546 4256 665 4295 mea
696 4244 996 4314 inquinavi.
1037 4250 1161 4307 Dies
1190 4253 1339 4308 enim
1402 4258 1784 4318 retributionis
1835 4265 1988 4322 venit
2023 4270 2127 4335 eis,

545 4344 600 4388 et
637 4350 812 4393 annus
838 4342 1229 4413 redemptionis
1255 4349 1431 4405 adest.
1476 4351 1702 4424 Aspexi,
1728 4367 1790 4425 et
1841 4374 1946 4416 non
2010 4372 2132 4419 erat

537 4427 888 4488 auxiliator:
928 4436 1296 4505 consideravi,
1355 4453 1410 4499 et
1474 4447 1655 4506 nullus
1717 4453 1810 4522 qui
1861 4456 2130 4525 praeberet

2226 3258 2412 3306 nostro
2444 3258 2538 3316 ;et
2575 3263 2717 3304 nunc
2745 3259 2852 3304 tam
2885 3250 2939 3303 in
2968 3250 3166 3303 malam
3221 3264 3380 3320 quam
3406 3249 3454 3302 in
3483 3238 3732 3300 bonamJn

2222 3343 2454 3400 malam:
2486 3343 2608 3398 Dies
2629 3344 2768 3396 enim
2789 3342 3004 3397 ultionis
3036 3344 3090 3397 in
3120 3345 3279 3399 corde
3307 3359 3436 3398 meo.
3467 3341 3518 3396 ltt
3542 3347 3731 3393 bonam:

2225 3438 2411 3492 Annus
2436 3435 2814 3506 redemptionis
2843 3452 2974 3491 mete
3011 3438 3149 3491 venit
3172 3453 3193 3501 ;
3222 3448 3281 3491 ιιι
3304 3451 3369 3493 eo
3398 3446 3616 3502 tempore
3654 3439 3731 3497 quo

2224 3529 2528 3597 puniuntur
2577 3527 2903 3591 adversarii,
2944 3528 3035 3581 Dei
3072 3530 3308 3597 populus
3375 3528 3622 3584 liberetur,
3656 3520 3735 3574 imo

2229 3621 2525 3676 redimatur
2554 3619 2790 3689 pretioso
2805 3621 3064 3689 sanguine
3086 3622 3214 3689 agni
3235 3622 3325 3691 qui
3345 3620 3396 3674 in
3415 3614 3608 3674 Joannis
3630 3616 3735 3679 Apo-

2225 3712 2428 3783 calypsi
2447 3712 2984 3767 diciturtrucidatus.
3016 3712 3091 3766 De
3115 3715 3219 3767 bac
3242 3707 3588 3766 retributionis
3618 3704 3734 3805 dicet

2227 3806 2439 3876 Moyses
2468 3813 2656 3860 sancto
2676 3803 2879 3874 Spiritu
2900 3806 3301 3874 propitetabal:
3329 3805 3394 3859 Et
3424 3801 3637 3857 retribuet
3653 3801 3735 3849 ιιιιιο

2230 3899 2427 3954 dictam
2451 3898 2705 3962 inimicis,
2738 3906 2807 3960 et;
2843 3898 3144 3952 odientibus
3179 3916 3236 3953 se
3292 3899 3515 3953 restituet
3574 3891 3591 3961 (
3612 3888 3729 3943 Dm-

2229 4005 2402 4051 xxxn,
2429 3987 2521 4054 41.
2548 3988 2664 4061 45).
2695 3987 3083 4057 Circuntspexi,
3109 3998 3158 4041 et
3179 4004 3283 4044 non
3303 3999 3413 4043 erat
3455 3979 3727 4039 auxiliator:

2230 4082 2532 4152 quwsiai,et
2559 4097 2664 4135 non
2694 4090 2808 4136 erat
2832 4082 2922 4151 qui
2949 4080 3248 4150 adjuverat.
3270 4079 3371 4145 Qui
3418 4076 3537 4132 etin
3565 4066 3733 4168 Psalnttl

2230 4175 2444 4230 dixerat
2472 4189 2487 4229 :
2512 4170 2579 4226 Et
2601 4172 2896 4239 exspectaui
2913 4173 3002 4243 qui
3023 4174 3444 4234 contristamur,
3471 4175 3518 4222 et
3542 4178 3628 4219 nos
3646 4160 3735 4231 fuit.

2231 4275 2280 4318 et
2310 4267 2401 4335 qui
2426 4262 2811 4328 consolaretur,
2852 4273 2901 4317 et
2923 4280 3024 4318 non
3043 4264 3214 4318 inveni
3232 4266 3251 4336 (
3271 4262 3412 4318 Psal.
3444 4271 3606 4319 uvm,
3626 4249 3682 4355 ἰι

2236 4356 2357 4427 Ipse
2384 4356 2526 4409 enim
2562 4369 2684 4408 cum
2712 4364 2857 4409 esset
2914 4354 2966 4406 in
3018 4352 3193 4410 forma
3240 4354 3355 4420 Dei,
3409 4367 3506 4406 non
3544 4352 3731 4448 rapinam

2237 4446 2533 4502 arbitratus
2561 4446 2821 4516 aequalem
2847 4458 2905 4500 se
2932 4458 3056 4502 esse
3110 4445 3242 4509 Deo,
3306 4444 3398 4502 sed
3447 4444 3733 4504 semetipsum

536 4521 845 4590 auxilium;
876 4536 929 4580 et
956 4531 1098 4585 eruit
1134 4548 1230 4589 eos
1261 4535 1551 4594 brachium
1615 4521 1821 4612 meum,
1862 4521 1919 4603 et
1972 4548 2128 4607 furor
2161 4524 2206 4581 θ
2235 4541 2556 4604 exinanivit,
2585 4538 2817 4595 formam
2870 4540 3012 4594 servi
3065 4539 3362 4608 accipiens,
3398 4544 3452 4591 et
3474 4533 3625 4588 lactus
3642 4524 3739 4579 obe-

551 4625 706 4666 tuens
735 4614 976 4683 advenit,
1006 4627 1061 4673 et
1099 4624 1420 4682 conculcavi
1453 4645 1547 4687 eos
1573 4632 1624 4686 in
1658 4633 1737 4689 ira
1774 4651 1916 4705 mea,
1955 4648 2010 4695 et
2039 4641 2131 4697 de-

540 4703 672 4757 duxi
707 4704 759 4760 in
787 4718 986 4763 terram
1019 4716 1344 4784 sanguinem
1375 4734 1591 4777 eorum.
1632 4744 1651 4778 ι
1691 4724 1801 4782 Pro
1860 4732 2123 4791 torculari

542 4798 691 4864 quod
710 4796 972 4855 llebraice
992 4801 1194 4859 dicitur
1213 4810 1391 4881 cern(
1416 4822 1487 4875 ru
1518 4812 1559 4883 ),
1587 4814 1898 4876 Theodol'o
1935 4821 2118 4891 ipsum

547 4889 771 4943 verbum
807 4891 1132 4951 llebraicnm
1157 4901 1337 4967 posuit
1387 4908 1820 4983 PHURA‘GTTIB).
1860 4889 1969 4969 Sed
2011 4930 2128 4970 me-

486 4972 491 4977 ’
550 4980 655 5038 lius
688 4987 738 5041 in
771 4987 872 5045 hoc
907 4990 1026 5048 loco
1055 4991 1439 5064 Symmachus,
1480 5017 1641 5069 quem
1704 5016 1762 5061 et
1817 5023 1916 5063 nos
1956 5011 2130 5065 secuti

550 5091 761 5133 Stllltlls.
791 5081 1025 5140 Verbum
1049 5088 1195 5142 enim
1220 5106 1395 5146 pucna
1425 5095 1742 5166 atnbignnm
1783 5111 1887 5166 εει,
1939 5112 1995 5157 et
2020 5113 2130 5158 tam

548 5172 808 5237 torcular,
834 5190 1000 5245 quam
1052 5178 1391 5250 lagunculam
1451 5187 1773 5260 plerumque
1834 5193 2127 5266 signiﬁcat.

550 5258 847 5317 Dicendum
875 5278 959 5321 est
984 5269 1166 5341 itaque
1196 5274 1263 5328 de
1291 5276 1575 5345 torculari,
1609 5258 1752 5349 quod
1782 5258 1941 5353 ⁸ἱιιςῖιι
1990 5286 2135 5342 Scri-

546 5362 687 5410 turre
714 5368 918 5415 sanctae
948 5368 1419 5433 consuetudinem,
1455 5372 1726 5429 interdum
1768 5392 1866 5447 pro
1929 5381 2133 5437 ultione

546 5460 713 5519 atque
740 5452 1024 5522 suppliciis
1060 5460 1282 5527 ponitur
1311 5478 1686 5533 peccatorum,
1754 5471 2026 5528 interdum
2074 5475 2127 5531 in

546 5548 973 5615 congregatione
1064 5564 1329 5608 novorum
1416 5556 1716 5615 fructuum.
1781 5560 1888 5619 Pro
1935 5569 2112 5635 ptenis

629 5749 643 5780 ¹
702 5748 1049 5805 Ambrosian.
1088 5794 1102 5815 ,
1155 5754 1308 5814 quasi
1365 5760 1686 5812 micantium
1744 5765 1796 5815 in
1847 5766 2129 5818 torculari.

2236 4635 2390 4691 dieus
2426 4632 2573 4688 Patri
2607 4632 2858 4703 usquead
2884 4642 3135 4695 mortem,
3166 4640 3391 4686 mortem
3418 4635 3582 4683 autem
3639 4628 3736 4672 cru-

2236 4727 2335 4793 cis,
2364 4735 2417 4780 et
2456 4734 2746 4796 propterea
2802 4724 3026 4780 donavit
3068 4723 3117 4778 ei
3169 4737 3364 4776 nomen
3420 4728 3570 4783 super
3613 4713 3736 4761 omne

2235 4833 2430 4874 nomen
2453 4820 2472 4887 (
2496 4816 2725 4887 Philipp.
2759 4832 2796 4872 ιι
2818 4818 2861 4889 ).
2884 4825 2941 4870 ιιι
2969 4817 3206 4871 salvaret
3227 4814 3328 4870 sibi
3362 4808 3616 4866 credentes
3637 4797 3741 4889 det-

2236 4922 2346 4967 tcra
2406 4886 2504 4967 sua
2540 4927 2556 4978 ;
2587 4920 2643 4966 et
2670 4886 2969 4980 indignatio
2986 4908 3105 4979 ejus
3128 4924 3246 4978 quae
3301 4915 3415 4962 erat
3465 4906 3631 4956 contra
3663 4886 3737 4940 πά·

2244 5006 2528 5069 versarios,
2579 5003 2671 5057 Dei
2706 5002 2962 5089 poulum
2984 5003 3261 5057 liberaret.
3311 4999 3434 5055 Sive
3474 4990 3599 5089 eruit
3641 4993 3732 5089 ore:

2243 5102 2430 5153 dentes
2460 5098 2514 5150 in
2545 5096 2770 5153 brachio
2800 5082 2926 5160 suo,
2955 5106 3009 5150 et
3031 5094 3270 5150 furorem
3301 5105 3448 5148 suum
3495 5082 3617 5138 ultra
3650 5084 3731 5126 ιιοιι

2243 5189 2837 5260 distulltzdeduxitqne
2876 5172 3192 5259 sanguinem
3234 5199 3413 5243 eorum
3465 5181 3513 5234 in
3564 5178 3735 5228 terram.

2242 5287 2325 5340 vel
2351 5285 2655 5339 daamonum
2677 5283 2981 5354 τροπικῶς.
2995 5281 3077 5338 vel
3099 5291 3246 5338 certe
3260 5273 3553 5347 sanguinem
3577 5260 3741 5319 indeo-

2243 5394 2361 5432 mm
2384 5394 2397 5431 ;
2414 5392 2510 5445 pro
2532 5390 2641 5446 quo
2663 5377 2842 5431 caeteri
2861 5366 3208 5446 interpretes.
3225 5361 3738 5462 εοηίθηίίθηθωεᾳῗῗῖ

2239 5473 2522 5535 tulerunt;
2559 5471 2650 5540 qui
2682 5468 2831 5524 omni
2854 5470 3032 5525 studio
3079 5466 3405 5528 nitebantur,
3458 5464 3511 5511 ut
3539 5446 3734 5505 vinctum

2241 5563 2496 5634 populum
2521 5562 2878 5618 dimitterent.

634 5822 654 5851 ¹
700 5818 830 5872 Vide
858 5820 1134 5917 prmiixam
1166 5825 1343 5894 primo
1420 5838 1565 5885 torno
1622 5834 1941 5902 generalem
2008 5835 2412 5904 Prgcfationcnt,
2452 5853 2599 5891 ιιιιιιι.
2635 5834 2697 5890 ill
2732 5844 2783 5890 ct
2812 5847 2965 5904 seqq.
