3902 6182
156 304 245 359 bii’t

606 304 1104 371 COMMENTAII.
1159 308 1242 371 IN
1288 312 1556 373 ISAIAM
1596 313 1736 375 PRO

1845 317 2070 381 ΪΕΤΑΜ
2108 323 2254 388 LIB.
2292 325 2482 408 XYII,
2521 326 2676 389 CAP.
2721 329 2935 393 LXIII.

3323 334 3434 414 633

222 415 404 483 (Vens.
444 417 472 468 7
504 419 521 473 δ
576 436 593 465 ι
638 415 1301 479 Μίεεηιιῑοηιιπι’1)οιηίηἰ
1353 427 1686 482 recordabor
1713 446 1727 491 ς
1758 426 1807 486 Α
1834 429 2030 483 (Ιίτοξιιιτ
2075 448 2088 485 :
2120 431 2310 486 Melior
2346 443 2428 488 est
2479 434 2735 489 sterilitas
2785 452 2906 490 cum
2939 436 3133 491 virtute
3161 434 3311 509 (Sap.
3347 458 3424 504 tu,

157 505 365 558 Iaudem
420 507 627 559 Domini
658 526 822 575 Super
853 514 1112 568 onmibus
1149 531 1270 583 qua:
1315 517 1547 571 reddidit
1575 520 1732 573 nobis

157 598 427 662 Dominus,
455 609 507 652 et
562 618 725 671 super
770 606 1173 661 multitudinem
1224 610 1488 665 bonorum
1541 610 1732 667 domui

156 689 339 751 Israel.
391 706 509 759 qua:
540 692 765 764 largitus
791 706 876 751 est
911 698 992 754 eis
1018 699 1183 769 750
1220 694 1519 757 Secundum
1558 704 1736 758 indul-

155 781 392 845 gentiam
424 796 600 846 etiam,
639 794 693 838 et
730 788 1034 842 secundum
1071 792 1476 848 multitudinem
1509 796 1737 850 misera-

155 875 353 926 tionum
414 889 660 938 suarum,
696 897 714 929 ι
771 878 908 933 LXX
946 899 960 935 :
996 900 1015 933 ί
1074 882 1458 941 inseriCnrdize
1522 884 1735 943 Domini

158 964 466 1018 recordatus
480 981 623 1028 sum,
650 970 875 1021 virtutes
902 970 1110 1025 Dutnini
1142 976 1471 1029 recordabar
1490 978 1542 1031 in
1561 978 1734 1032 omni-

159 1058 248 1110 bus
301 1072 427 1124 quae
478 1061 712 1114 reddidit
767 1064 964 1118 nobis:
1027 1065 1288 1122 Dominus
1326 1070 1489 1138 judex
1552 1073 1737 1129 domui

159 1147 349 1211 Israel,
400 1154 667 1206 retribuet
728 1156 887 1211 nobis
933 1161 1231 1213 secundum
1304 1162 1733 1223 misericordiam

158 1255 326 1302 suam.
361 1251 420 1295 et
454 1247 755 1300 secundum
816 1252 1217 1309 multitudinem
1266 1256 1492 1325 iustitiae
1546 1276 1678 1316 sum.
1712 1278 1732 1313 ι

163 1330 361 1396 Finito,
402 1347 461 1389 ut
494 1353 589 1390 nos
620 1340 949 1395 arbitrantur
978 1346 1179 1413 primo,
1214 1360 1270 1402 ut
1311 1352 1548 1422 pit-rique
1578 1357 1736 1411 msti-

160 1434 299 1478 m~nt
351 1430 594 1482 secundo
628 1431 929 1489 Salvatoris
957 1438 1214 1505 adventu,
1249 1443 1299 1495 in
1334 1458 1442 1512 quo
1474 1449 1740 1504 subaudi-

160 1517 611 1585 tur.judicantis,
664 1526 772 1578 imo
831 1532 1124 1597 pugnantis
1181 1549 1317 1601 vox,
1371 1543 1643 1608 Snosan
1685 1556 1740 1597 ct

161 1610 328 1675 populi
391 1611 480 1665 sui
528 1617 870 1671 adversarios
955 1623 1300 1689 trucidantis,
1351 1641 1607 1686 cruentus
1658 1635 1739 1689 vi-

160 1714 375 1769 corque
417 1704 790 1762 describitur:
827 1711 1017 1783 incipit
1063 1716 1173 1769 alia
1193 1724 1489 1794 περικοπή,
1530 1728 1582 1778 in
1633 1745 1736 1796 qua

160 1807 216 1843 ex
252 1808 483 1858 persona
519 1802 700 1868 pomi
756 1801 1024 1872 PrOpheta
1062 1809 1323 1877 loquitur,
1352 1830 1616 1871 enarratis
1652 1821 1742 1875 be-

164 1882 342 1938 neﬁcia
388 1887 444 1940 in
492 1903 553 1944 se
602 1893 716 1953 Dei,
753 1905 803 1946 et
836 1895 918 1947 sui
968 1900 1147 1953 cordis
1178 1905 1454 1967 duritiam,
1485 1909 1553 1961 0|)
1580 1928 1739 1979 quam

163 1980 210 2024 ct
232 1969 536 2030 Ierusalem
569 1981 840 2049 inccndio,
876 1996 928 2039 et
968 1986 1127 2043 Israel
1166 1993 1464 2061 captivitati
1513 1969 1738 2055 traditus

288 2066 451 2132 Quod
502 2070 674 2129 Judaei
724 2076 790 2130 ad
841 2077 1164 2148 Babylonica
1200 2080 1735 2162 re‘i’erunttempo'a.

168 2157 267 2212 Nos
311 2172 497 2216 autem
540 2169 733 2222 ordine
795 2179 850 2223 et
896 2173 1108 2227 ratione
1165 2157 1627 2250 monstravit-ins,
1672 2187 1740 2239 de

172 2253 412 2314 praesenti
469 2255 576 2311 dici
617 2267 882 2328 tempore.
920 2262 971 2316 in
1017 2278 1124 2333 quo
1175 2266 1435 2322 Romanis
1466 2273 1735 2341 serviunt,

170 2352 218 2395 et
243 2346 471 2402 excluso
506 2348 723 2419 Israele,
755 2356 993 2423 gentium
1027 2359 1185 2414 turba
1214 2365 1501 2421 successit.
1532 2366 1737 2423 Curra-

172 2451 279 2488 mns
305 2437 477 2506 igitur
504 2456 599 2509 per
627 2444 836 2515 singula
878 2449 1148 2508 orationis
1182 2456 1450 2525 membra,
1476 2469 1527 2512 et
1557 2475 1642 2524 ea,
1672 2475 1738 2516 ne

170 2528 414 2585 laciniosa
452 2533 519 2586 sit
552 2537 851 2605 expositio.
879 2540 1120 2597 breviter
1162 2546 1551 2607 edisseramus.
1578 2550 1737 2609 Pres-

167 2636 249 2675 sus
285 2624 532 2691 pondere
562 2629 851 2697 malorum,
892 2634 947 2688 in
988 2636 1136 2692 nullo
1171 2639 1279 2695 alio
1301 2642 1403 2697 nisi
1428 2646 1478 2697 in
1511 2643 1605 2701 Dei
1635 2649 1737 2704 mi-

164 2714 455 2771 sericordia
505 2734 653 2789 spem
686 2723 895 2793 babeo;
931 2729 1025 2798 qui
1059 2729 1189 2786 facit
1220 2733 1649 2793 miscricordiam
1679 2742 1733 2795 in

169 2807 317 2861 millia
379 2811 735 2883 diligentibus
785 2833 866 2885 se,
896 2831 950 2876 et
995 2825 1241 2880 extendit
1299 2828 1731 2887 misericordiam

168 2912 305 2954 suam
343 2903 437 2959 bis
466 2908 558 2974 qui
586 2921 925 2979 cognoscunt
955 2907 1100 2970 eum.
1145 2916 1221 2972 Ex
1257 2934 1363 2989 quo
1397 2922 1730 2993 ostenditur,

167 2992 502 3064 diligentibus
526 3011 579 3056 et
606 3008 1065 3074 cognoscentibus
1084 3010 1277 3076 Deum.
1302 2992 1731 3074 misericordiam

1842 522 1950 589 I5).
1987 522 2140 577 Prior
2190 526 2402 581 virtutis
2436 527 2794 596 intelligentia
2833 528 2940 583 Deo
2981 546 2994 582 :
3038 530 3277 585 secunda
3331 532 3431 585 bo-

1840 616 2081 672 miuibus
2115 620 2393 673 convenit.
2432 620 2536 675 Pro
2598 637 2663 672 eo
2704 632 2881 674 autem
2934 623 3077 690 quod
3116 637 3215 675 nos
3263 621 3433 676 inter-

1836 708 2030 773 pretati
2060 725 2284 766 sumus:
2304 709 2475 782 Super
2492 712 2731 765 omnibus
2747 728 2861 782 qua:
2891 713 3121 767 reddidit
3144 712 3293 774 nobis
3316 711 3433 765 Do-

1839 799 2032 861 minus,
2058 803 2199 867 quod
2236 812 2413 872 potest
2436 812 2490 858 et
2509 805 2563 858 in
2583 806 2780 858 bonum
2810 814 2870 858 et
2904 806 2958 859 in
3000 806 3197 859 malam
3221 815 3432 876 partem

1839 891 2033 959 accipi,
2073 890 2433 964 Symmachus
2463 896 2803 950 manifestius
2837 899 2888 950 in
2930 898 3203 952 bonorum
3250 899 3435 967 posuit

1838 983 2214 1051 retributione,
2253 985 2442 1040 dicens
2473 1004 2488 1044 :
2520 985 2625 1041 Pro
2656 989 2916 1051 omnibus,
2950 989 3005 1041 in
3037 989 3229 1058 quibus
3278 990 3435 1044 bene-

1839 1073 1961 1144 ]‘ecit
1996 1076 2165 1139 nobis,
2202 1086 2248 1130 et
2285 1092 2379 1145 pro
2410 1076 2752 1131 multitudine
2783 1079 3056 1142 bonitatis,
3091 1094 3251 1147 quam
3274 1098 3433 1147 super

1839 1165 2052 1219 domum
2089 1165 2260 1222 Israel
2290 1169 2545 1223 exercuit.
2581 1167 2685 1222 Pro
2716 1184 2823 1238 quo
2861 1170 3210 1239 Septuaginta
3240 1180 3430 1226 trans-

1842 1250 2083 1306 tulerunt
2111 1268 2125 1308 :
2156 1252 2413 1309 Dominus
2440 1255 2608 1324 judex
2634 1255 2801 1310 bonus
2830 1259 3006 1311 domui
3054 1257 3244 1323 Israel,
3273 1262 3433 1315 retri-

1842 1342 1957 1397 buit
1986 1344 2135 1397 nobis
2164 1347 2457 1401 secundum
2501 1350 2923 1403 misericordiam
2956 1366 3136 1415 suam,
3167 1362 3214 1404 et
3239 1368 3431 1407 secun-

1843 1434 1967 1487 dum
2030 1435 2424 1491 multitudinem
2471 1439 2703 1507 justitiw
2758 1425 2900 1493 suis.
2936 1439 3053 1495 [Ioc
3094 1449 3277 1496 autem
3325 1456 3431 1496 non

1845 1537 2022 1596 potest
2068 1528 2270 1586 dicere.
2309 1528 2414 1583 nisi
2445 1529 2535 1583 ille
2557 1531 2646 1599 qui
2687 1531 2939 1601 intelligit
2974 1530 3121 1599 jnste
3156 1533 3432 1588 sustinere

1845 1631 1965 1684 qua!
2018 1618 2244 1686 patitur.
2304 1618 2547 1688 Denique
2610 1621 2661 1674 in
2723 1627 3133 1692 septuagesimo
3194 1627 3434 1679 secundo

1848 1708 2074 1777 psalmo,
2111 1708 2269 1779 cujus
2309 1712 2591 1765 exordium
2651 1721 2733 1768 est
2767 1732 2780 1768 :
2818 1713 2997 1780 Quam
3050 1715 3214 1770 bonus
3264 1714 3437 1768 Israel

1849 1799 2015 1863 Deus,
2048 1803 2129 1856 Itis
2160 1804 2252 1872 qui
2283 1816 2421 1857 recto
2452 1815 2572 1858 sunt
2599 1807 2775 1871 corde,
2799 1807 3044 1875 loquitur
3073 1807 3341 1877 Propheta
3366 1822 3436 1863 ex

1850 1909 2080 1963 persona
2118 1911 2305 1950 eorum
2359 1899 2455 1967 qui
2478 1897 2571 1951 Dei
2599 1899 2818 1968 jndiciis
2852 1901 3245 1967 perturbantur
3276 1917 3291 1953 :
3326 1900 3434 1954 Mei

1851 1993 2026 2036 autem
2078 2000 2207 2050 pene
2242 1987 2368 2039 moti
2412 1997 2534 2039 sunt
2566 1987 2726 2056 pedes
2758 2005 2777 2046 :
2811 2005 2939 2055 pene
2961 1990 3119 2060 effusi
3145 2001 3264 2044 sunt
3293 2006 3440 2060 gres-

1849 2090 1939 2128 sus
1966 2076 2089 2140 mei,
2121 2093 2305 2146 pacem
2336 2088 2673 2145 peccatorum
2708 2082 2909 2146 videns,
2937 2093 2993 2136 et
3023 2091 3239 2147 caetera,
3266 2096 3437 2153 usque

1849 2168 1914 2221 ad
1963 2167 2124 2221 linem
2169 2170 2387 2239 psalmi.
2420 2169 2579 2226 Unde
2621 2178 2902 2243 apostolus
2947 2174 3164 2240 Paulus,
3206 2176 3295 2245 qui
3329 2175 3438 2231 Do-

1851 2263 2056 2315 minmn
2107 2262 2351 2333 judicem
2415 2265 2619 2320 bonum
2675 2266 3001 2336 justumque
3077 2278 3437 2338 cognoverat,

1845 2353 2089 2423 loquitur
2120 2355 2461 2411 conﬁdenter
2492 2374 2511 2414 :
2547 2358 2795 2426 Reposito
2830 2369 2905 2412 est
2940 2359 3071 2414 mihi
3094 2377 3288 2414 corona
3304 2362 3428 2431 jus-

1846 2448 1979 2503 titite
2007 2464 2167 2517 quam
2196 2450 2372 2504 reddet
2401 2451 2529 2504 mihi
2553 2451 2738 2519 justus
2757 2450 2946 2519 judex.
2978 2451 3100 2507 Non
3134 2453 3307 2508 solum
3334 2470 3437 2507 au-

1846 2548 1945 2593 tem
1977 2539 2125 2608 mihi,
2163 2541 2254 2595 sed
2284 2551 2334 2595 et
2363 2542 2608 2596 omnibus
2636 2543 2727 2612 qui
2753 2543 2985 2613 diligunt
3011 2546 3288 2599 adventum
3326 2543 3435 2599 Do-

1846 2632 1979 2685 mini
2036 2644 2085 2687 et
2138 2630 2439 2689 Saluatoris
2489 2636 2661 2689 nostri
2693 2633 2783 2703 (II
2808 2633 2947 2693 Tim.
2980 2652 3052 2702 tv,
3092 2636 3169 2707 8).
3200 2634 3313 2692 Nec
3344 2642 3431 2693 est

1845 2722 1990 2778 inter
2053 2724 2253 2779 bonum
2304 2735 2357 2781 et
2397 2726 2624 2795 justum,
2649 2735 2706 2781 ut
2767 2728 3007 2783 ltmretici
3062 2728 3273 2795 volunt,
3312 2730 3425 2784 ulla

1842 2817 2127 2882 distantia,
2170 2818 2362 2873 eodem
2388 2821 2660 2876 Scribente
2693 2838 2710 2877 :
2740 2821 2882 2893 Ergo
2923 2822 3008 2876 lex
3035 2831 3222 2877 sancta
3245 2833 3345 2890 est,
3378 2832 3432 2879 et

1842 2911 2154 2964 mandatum
2182 2921 2449 2978 sanctum,
2482 2921 2531 2967 et
2549 2913 2781 2983 justum,
2812 2922 2861 2968 et
2893 2913 3085 2969 bonum
3119 2913 3298 2984 (Rom.
3324 2930 3429 2982 vn,

1844 3001 1956 3072 Η),
1984 3011 2045 3056 ut
2082 3004 2341 3060 videlicet
2383 3006 2596 3063 bonitas
2641 3009 2695 3061 in
2741 3022 2964 3078 genere,
2995 3015 3053 3063 et
3098 3008 3311 3081 justitia
3346 3009 3432 3063 in-

169 3082 360 3143 Domini
426 3094 741 3151 subvenire.
783 3096 899 3153 Non
934 3110 1016 3155 est
1061 3104 1205 3157 enim
1258 3106 1512 3174 volentis,
1559 3126 1736 3183 neque

1846 3094 2120 3164 telligatur
2154 3096 2208 3150 in
2241 3097 2446 3166 specie.
2480 3097 2848 3165 Quamobrem
2891 3100 3087 3155 scribit
3130 3103 3196 3154 ad
3225 3100 3431 3155 Roma-

168 3185 449 3248 t-urrentis,
478 3188 570 3240 sed
620 3188 932 3247 miserantis
992 3194 1081 3247 Ι)ςεί
1136 3194 1313 3262 (Rom.
1361 3199 1459 3271 tr).
1513 3200 1580 3256 Et
1632 3205 1734 3260 nisi

168 3269 414 3332 Douiiuus
463 3278 815 3337 mdiﬁcaverit
853 3284 1100 3353 domum,
1145 3298 1197 3341 et
1237 3269 1564 3349 custodierit
1608 3297 1740 3351 civi-

169 3375 338 3429 tatem.
363 3369 419 3423 in
440 3384 639 3426 sanum
672 3374 859 3445 vigilat
889 3378 979 3445 qui
1008 3379 1242 3434 aediﬁcat
1269 3390 1323 3436 et
1352 3387 1735 3457 custodit‘eam

171 3455 326 3521 (Psal.
364 3465 575 3536 cxxvt).
610 3466 727 3535 Ipse
755 3470 899 3523 enim
935 3471 1192 3527 virtutem
1225 3475 1449 3542 tribuet,
1481 3487 1540 3533 ut
1566 3455 1735 3535 facia-

170 3563 275 3606 mus
306 3551 711 3623 fortitudinem,
744 3570 800 3615 et
855 3564 1125 3630 possimus
1159 3566 1343 3623 dicere
1396 3588 1409 3626 :
1450 3569 1737 3630 Fortitudo

167 3654 272 3698 mea
299 3655 352 3701 et
382 3648 674 3713 auxilium,
712 3663 767 3708 et
793 3653 1064 3723 refugium
1105 3674 1284 3714 meum
1334 3661 1388 3716 in
1421 3664 1510 3719 die
1570 3668 1741 3723 malo-

168 3748 272 3791 mm
320 3756 567 3796 meorum
599 3742 817 3817 (Jerem.
852 3750 987 3820 xvn).
1022 3750 1152 3818 ane
1190 3754 1241 3807 in
1290 3757 1546 3824 praesenti
1596 3759 1741 3824 Ioco,

167 3843 261 3921 non
300 3849 399 3901 pro
458 3836 610 3893 vitiis
652 3850 816 3911 atque
876 3845 1141 3911 peccatis.
1179 3846 1274 3901 sed
1324 3863 1423 3917 pro
1475 3852 1745 3921 angustiis

171 3920 413 3981 debemus
440 3928 722 3997 accipere.
785 3929 938 3998 Quod
966 3944 1146 3989 autem
1177 3935 1334 4006 juxta
1379 3938 1742 4011 Septuaginta

169 4016 402 4081 sequitur
436 4038 452 4075 :
494 4018 730 4076 Virtutes
788 4022 1000 4080 Domini
1056 4027 1378 4084 recordabar
1405 4030 1461 4085 in
1501 4035 1744 4089 omnibus

165 4115 267 4172 qua
318 4110 567 4166 retribuit
625 4114 775 4178 mihi,
829 4130 927 4182 pro
982 4130 1089 4186 quo
1145 4120 1196 4172 in
1236 4119 1526 4188 lIebraico,
1555 4126 1743 4181 laudes

166 4192 385 4266 Domini,
415 4204 794 4271 continentur,
841 4208 993 4278 signa
1032 4208 1402 4280 intelligamus
1443 4222 1604 4282 atque
1648 4217 1750 4270 mi-

166 4291 353 4356 racula.
400 4307 502 4364 pro
530 4296 730 4364 quibus
766 4306 1040 4366 ponuntur
1070 4315 1214 4370 saepe
1241 4301 1495 4366 virtutes,
1525 4316 1583 4360 ut
1619 4307 1692 4361 ibi
1732 4321 1746 4358 :

165 4378 383 4440 Gloriam
443 4404 614 4442 meam
665 4389 823 4444 alteri
870 4407 970 4445 non
1007 4392 1170 4458 dabo,
1206 4410 1299 4448 nec
1344 4397 1566 4451 uirtutes
1597 4414 1744 4453 meas

165 4476 481 4543 srulptilibus
531 4480 671 4553 (Isa.
714 4498 838 4546 xw,
887 4483 967 4555 8),
1004 4485 1073 4540 Et
1131 4487 1258 4540 alibi
1297 4506 1312 4541 :

118 4634 121 4637 _
162 4567 210 4618 in
231 4571 411 4626 insulis
443 4577 784 4643 nuntiabunt,
816 4577 900 4633 vel
928 4580 1183 4650 gentibus
1222 4582 1389 4639 totius
1424 4584 1633 4647 mundi,
1658 4577 1745 4639 vel

169 4656 412 4720 Ecclesiis
443 4681 567 4732 quae
597 4667 752 4723 ﬁrma
786 4669 928 4724 mole
962 4671 1201 4727 fundata:
1229 4682 1356 4729 sunt
1379 4683 1435 4728 et
1466 4673 1743 4731 feriuntur

169 4756 328 4820 potius
360 4776 526 4830 quam
561 4762 978 4818 subvertuntur.
1011 4764 1291 4821 Interdum
1324 4768 1503 4822 virtus
1530 4784 1738 4838 nequa-

167 4860 311 4912 quam
348 4870 445 4922 pro
492 4852 813 4912 fonitudine
866 4856 1025 4927 751
1065 4861 1336 4929 accipitur
1366 4868 1533 4929 atque
1569 4861 1741 4917 mira-

168 4946 288 4998 culis
320 4963 333 5000 :
365 4948 461 5001 sed
509 4963 607 5017 pro
663 4950 1081 5006 conversatione
1146 4952 1322 5018 bona,
1357 4965 1414 5007 ut
1473 4956 1602 5009 illtul
1659 4966 1742 5011 est

168 5042 542 5103 apmtnlurum,
603 5039 747 5097 Petri
800 5062 815 5101 :
872 5042 1176 5098 Minislrate
1218 5047 1273 5098 in
1303 5049 1525 5102 scientia
1566 5059 1737 5103 vestra

168 5127 391 5185 virentem
424 5131 473 5197 (1
507 5131 653 5189 Petr.
679 5151 718 5198 l,
758 5135 844 5205 5);
884 5148 933 5189 et
965 5135 1109 5190 Pauli
1140 5152 1154 5192 :
1183 5135 1242 5191 Si
1270 5155 1375 5207 qua
1400 5142 1594 5202 virtus,
1617 5150 1666 5193 et
1692 5143 1739 5195 si

168 5234 258 5287 qua
280 5223 393 5276 laus
427 5224 689 5296 (Philipp.
733 5243 806 5293 tv,
836 5227 912 5299 8).
948 5226 1110 5282 Juxta
1147 5229 1290 5300 quod
1318 5241 1372 5284 et
1394 5232 1445 5283 in
1476 5232 1581 5284 alio
1614 5233 1733 5287 loco

238 5419 415 5476 'Satis
446 5425 726 5493 ingeniose
757 5425 1031 5483 Victorius
1054 5431 1195 5480 hunc
1235 5428 1409 5480 locum
1444 5431 1514 5479 ita
1559 5431 1730 5483 refor-

172 5496 341 5552 mavit,
374 5495 424 5547 in
453 5512 554 5563 quo
571 5496 666 5549 sub
684 5497 869 5551 habitu
915 5499 1243 5568 'judicantis.
1281 5501 1384 5552 imo
1415 5504 1728 5567 pugnantis.

170 5574 396 5639 tuosque,
437 5577 551 5621 etc.
584 5569 855 5622 Caeterum
897 5582 953 5620 et
986 5571 1137 5636 juxta
1171 5585 1301 5624 mss.
1344 5571 1730 5639 editorumque

176 5631 417 5711 librarum
446 5639 603 5691 [idem
638 5640 881 5703 minime,
916 5631 1007 5694 aut
1038 5651 1185 5695 recte
1238 5656 1345 5695 non
1392 5656 1566 5711 usque
1591 5631 1729 5698 adeo

175 5705 415 5768 impletus
445 5719 528 5762 est
555 5723 771 5764 sensus.

238 5773 257 5805 ²
287 5774 378 5845 Lo,
409 5788 457 5833 et
484 5789 562 5834 est
593 5781 857 5849 negantis,
883 5791 991 5838 etc.
1030 5780 1137 5839 Pro
1171 5784 1283 5839 sola
1315 5784 1413 5838 bac
1457 5783 1724 5847 particula

1842 3202 1943 3242 nos
1977 3205 1991 3240 :
2030 3186 2134 3242 Via:
2173 3190 2315 3243 enim
2371 3206 2468 3261 pro
2502 3191 2657 3259 justo
2705 3192 2821 3258 quis
2856 3194 3085 3246 moritur
3116 3208 3137 3248 :
3166 3208 3291 3247 nam
3337 3208 3437 3262 pro

1841 3279 1975 3334 bono
2006 3281 2233 3351 forsitan
2267 3285 2385 3352 quis
2418 3284 2613 3338 audeat
2643 3287 2777 3339 mori
2800 3283 2979 3345 (Rom.
3023 3301 3077 3350 v,
3117 3281 3194 3356 7).
3278 3298 3281 3301 '

1913 3373 2094 3442 (Vers.
2126 3373 2158 3427 8
2188 3376 2369 3444 seqq.)
2404 3393 2423 3425 t
2477 3373 2542 3427 Et
2570 3376 2748 3430 dixit:
2783 3375 3170 3431 Verumtamen
3208 3375 3443 3447 populus

1842 3479 1995 3518 meus
2029 3473 2148 3531 est;
2178 3465 2271 3518 lilii
2312 3481 2418 3517 non
2449 3475 2713 3533 negantes
2746 3481 2761 3519 :
2799 3475 2854 3518 et
2889 3467 3067 3520 factus
3092 3476 3177 3520 est
3199 3468 3278 3519 eis
3316 3465 3441 3519 Sal-

1845 3566 2017 3610 vator.
2040 3557 2098 3610 In
2129 3557 2279 3610 omni
2313 3556 2674 3612 tribulatione
2717 3571 2906 3611 eorum
2938 3572 3045 3609 non
3074 3564 3159 3610 est
3192 3556 3426 3610 tribula-

1846 3656 1959 3711 tus,
1992 3660 2046 3703 et
2088 3648 2310 3716 angelus
2348 3648 2505 3702 faciei
2554 3648 2672 3719 ejus
2707 3647 2939 3702 salvavit
2987 3663 3079 3701 cos
3114 3664 3132 3725 :A
3181 3647 3237 3701 in
3296 3647 3434 3704 dile-

1846 3743 2029 3798 ctione
2058 3756 2180 3807 sua,
2206 3752 2261 3797 et
2310 3744 2362 3795 in
2400 3741 2743 3812 indulgentia
2776 3756 2876 3796 sua
2921 3741 3035 3811 ipse
3061 3743 3291 3797 redemit
3320 3758 3440 3812 eos,

1847 3842 1903 3888 et
1936 3832 2175 3902 portavit
2204 3847 2323 3895 eos,
2342 3841 2393 3888 et
2425 3833 2632 3887 levavit
2653 3847 2749 3889 eos
2770 3833 2982 3887 cunctis
3014 3833 3203 3888 diebus
3231 3835 3439 3893 saeculi.

1846 3924 1952 3993 Ipsi
2010 3934 2194 3980 autem
2251 3924 2317 3979 ad
2359 3924 2700 3980 iracundiam
2755 3933 3222 3993 provocaverunt,
3254 3933 3309 3980 et
3361 3924 3445 3979 af-

1849 4016 2107 4072 ﬂixerunt
2160 4017 2424 4086 Spiritum
2476 4021 2651 4071 sancti
2699 4014 2812 4089 [ΑΙ.
2868 4014 3144 4089 sanctum]
3176 4015 3331 4087 ejus;
3382 4026 3441 4073 et

1847 4126 2151 4167 conversus
2218 4120 2300 4166 est
2354 4112 2436 4166 eis
2467 4111 2519 4165 in
2557 4110 2864 4175 inimicum,
2896 4118 2952 4163 et
2986 4108 3102 4178 ipse
3147 4110 3440 4165 debellavit

1849 4219 1966 4264 eos.
2011 4224 2030 4256 ›
2066 4202 2248 4258 LXX:
2289 4224 2308 4257 ι
2343 4203 2411 4258 Et
2446 4203 2584 4259 dixit
2627 4222 2643 4256 :
2680 4201 2796 4256 Non
2844 4201 3077 4271 populus
3132 4217 3307 4267 meus,
3341 4202 3437 4258 lilii

1852 4312 2196 4368 nequaquam
2234 4296 2623 4364 reprobabuut.
2663 4294 2724 4345 Et
2755 4292 2932 4348 factus
2961 4299 3044 4347 est
3074 4291 3155 4346 eis
3199 4293 3250 4346 in
3288 4294 3435 4347 salu-

1851 4394 1963 4442 tem
1988 4403 2052 4443 ex
2086 4386 2234 4442 omni
2264 4386 2610 4439 tribulatione
2638 4398 2828 4438 eorum
2869 4400 2883 4438 :
2918 4398 3027 4439 non
3066 4384 3302 4451 legatus,
3338 4399 3437 4439 ne-

1353 4487 1589 4544 Virtutes
1624 4488 1739 4559 ejus
1770 4469 1821 4529 υ
1847 4495 1955 4550 que
1984 4480 2233 4550 angelus,
2268 4478 2429 4550 752
2459 4478 2553 4532 sed
2587 4479 2701 4548 ipse
2731 4476 2961 4532 salvavit
2992 4490 3109 4541 eos,
3140 4480 3282 4546 quod
3314 4477 3440 4532 dili-

1853 4581 2004 4643 geret
2065 4572 2207 4638 illos,
2246 4582 2302 4628 et
2356 4582 2598 4643 parceret
2651 4571 2753 4636 eis,
2788 4572 2904 4639 ipse
2947 4569 3177 4624 redemit
3216 4584 3335 4636 eos,
3380 4578 3445 4625 et

1850 4664 2088 4734 suscepit
2126 4665 2268 4731 illos,
2301 4673 2358 4720 et
2398 4664 2661 4720 exultavit
2707 4664 2965 4721 omnibus
2994 4663 3191 4718 diebus
3222 4661 3437 4716 saeculi.

1847 4758 1954 4827 Ipsi
1976 4766 2156 4814 autem
2182 4774 2289 4812 non
2324 4756 2698 4822 crediderunt,
2726 4767 2782 4809 et
2811 4755 3282 4810 esacerbaverunt
3307 4753 3434 4825 Spi-

1847 4853 2015 4907 ritum
2037 4859 2289 4907 sanctum
2311 4852 2429 4921 ejus
2448 4868 2471 4922 ι
2500 4864 2800 4905 conversus
2822 4857 2905 4902 est
2935 4847 3016 4902 eis
3039 4847 3092 4901 in
3121 4844 3431 4909 inimicum,

1845 4947 1964 5016 ipse
2010 4947 2267 5016 pugnavit
2318 4954 2510 5000 contra
2561 4959 2679 4999 eos.
2722 4960 2742 4994 ι
2777 4939 2879 4996 Ubi
2919 4955 3037 4996 mos
3085 4939 3433 5008 interpretati

1843 5053 2031 5095 sumus
2064 5056 2079 5096 :
2109 5037 2173 5092 In
2210 5039 2349 5092 omni
2381 5037 2727 5092 tribulatione
2753 5049 2934 5089 eorum
2958 5047 3063 5087 non
3092 5041 3168 5087 est
3211 5030 3436 5086 tribules

1844 5140 1951 5197 tus,
1984 5131 2128 5203 quod
2163 5130 2426 5187 Ichraice
2473 5130 2671 5185 dicitur
2709 5143 2777 5183 ιο
2815 5128 2838 5160 ³
2866 5134 2923 5182 ει
2949 5133 3034 5181 est
3059 5125 3309 5194 negantis
3333 5123 3431 5179 ad-

1840 5226 2106 5292 verbium,
2143 5239 2241 5297 pro
2270 5241 2396 5290 non,
2415 5223 2514 5294 legi
2546 5230 2722 5291 potest
2746 5231 2795 5275 et
2826 5221 2962 5292 ipse,
3008 5227 3066 5274 ut
3096 5219 3167 5273 sit
3196 5231 3441 5274 sensus:

1838 5427 2087 5495 negativa
2120 5442 2184 5480 ιο
2214 5434 2429 5495 veteres
2463 5423 2730 5478 editiones
2759 5421 3032 5492 integrum
3058 5429 3278 5495 ponunt
3302 5428 3430 5495 ver-

1837 5490 2067 5553 siculum
2120 5494 2484 5563 Hebraicum;
2549 5509 2614 5549 ac
2668 5490 3069 5563 consequenter
3125 5490 3430 5563 obtrudttut

1836 5551 1996 5623 aliaat
2059 5551 2493 5634 vocetuﬁcujns
2555 5564 2763 5643 nullum
2791 5551 2975 5643 exstat
3036 5560 3332 5643 vestigium
3373 5558 3432 5614 in

1837 5655 1970 5694 mss.
2002 5630 2567 5712 codicibus,_qsa:que
2600 5635 2771 5712 oflictt
2791 5632 3167 5712 intelligentia:
3207 5630 3427 5712 verbo-

1836 5728 1958 5764 rum
2014 5699 2494 5783 Hieronytni,'-_u.t'
2524 5706 2773 5773 prudenti
2823 5699 3016 5760 critico
3076 5699 3433 5783 manifestum

1837 5783 1958 5844 erit,
1998 5781 2043 5835 si
2079 5773 2289 5834 attente
2321 5776 2615 5833 editionem
2654 5790 2849 5831 novam
2874 5789 2997 5829 cum
3041 5773 3163 5829 aliis
3198 5783 3428 5829 contenta
