3902 6182
507 373 619 442 639

1681 376 1746 439 S.
1789 378 2105 441 EUSEBII
2146 379 2651 445 HIERONYMI’
3639 390 3721 454 6ἱο

508 485 571 543 ιη
604 486 757 543 omni
794 486 1146 543 tribulatione
1171 502 1363 544 eorum
1409 489 1526 561 ipse
1563 499 1651 549 est
1680 492 1991 558 tribulatus,
2042 490 2096 546 id
2122 495 2175 555 Α
2201 492 2365 550 Patre
2415 494 2665 562 Filioque
2726 503 2937 550 naturis
2969 505 3074 552 est.
3103 463 3462 565 Quamobrem
3489 498 3726 570 Apostolus

511 589 617 648 est,
654 580 799 636 Deus
836 599 851 635 :
881 591 940 635 ut
976 595 1082 634 non
1139 582 1316 636 solum
1379 594 1621 652 peccata,
1653 585 1749 643 sed
1788 594 1842 642 et
1870 585 2090 640 tribula-

513 674 699 727 tiones
741 680 954 726 nostras
985 673 1099 739 ipse
1128 683 1390 742 portaret.
1426 674 1545 741 Ipse
1570 676 1717 730 enim
1751 675 2097 733 inﬁrmitates

512 777 730 821 nostras
781 777 984 836 portat,
1022 775 1076 821 et
1139 783 1235 836 pro
1266 769 1421 823 nobis
1450 770 1619 824 dolet.
1645 770 1814 824 Porro
1860 771 2098 840 Septua-

513 859 660 926 ginta
714 870 1011 926 posuerunt
1046 859 1193 913 aliud
1247 861 1391 928 quod
1430 863 1481 913 in
1527 860 1756 915 Hebrteo
1794 877 1901 916 non
1934 861 2102 917 babe-

515 961 648 1004 tur:
690 947 815 1004 Non
845 952 1068 1021 legatus,
1118 966 1280 1021 neque
1315 950 1558 1021 angelus,
1600 953 1691 1005 sed
1721 953 1828 1021 ipse
1875 952 2102 1007 saluauit

514 1057 639 1107 eos;
670 1044 736 1097 de
763 1058 871 1112 quo
912 1044 964 1097 in
1004 1060 1104 1098 suo
1130 1045 1375 1099 dicemus
1405 1043 1546 1100 loco.
1585 1042 1730 1098 Dixit
1758 1043 1927 1113 igitur
1958 1043 2101 1099 Deus

513 1133 609 1202 qui
654 1132 835 1203 justus
862 1145 949 1189 est
974 1136 1144 1205 judex
1170 1136 1356 1191 domui
1385 1135 1579 1200 Israel,
1627 1143 1682 1190 et
1719 1135 2100 1191 austeritatem

510 1222 740 1294 iustitiae
774 1225 1065 1280 clementia
1121 1226 1336 1296 mitigat
1386 1226 1731 1297 judicantis:
1775 1224 1946 1281 Cotini
1980 1227 2104 1297 qui-

517 1315 638 1369 dem
664 1316 808 1385 ﬁlios
837 1325 885 1372 et
902 1318 1158 1385 exultavi,
1177 1328 1229 1371 et
1252 1320 1676 1390 ipsispreoerunt
1706 1336 1789 1374 me
1807 1320 2002 1391 (IsaJt,
2021 1321 2101 1391 ‘2).

518 1404 913 1464 Verumtamen
964 1412 1090 1482 quia
1148 1417 1382 1481 populus
1439 1430 1592 1470 meus
1642 1426 1792 1481 sunt,
1834 1425 1891 1471 et
1936 1417 2104 1472 semei

520 1499 618 1553 lilii
664 1501 954 1569 nominati,
998 1519 1105 1558 non
1143 1505 1398 1573 peribunt
1449 1507 1501 1560 in
1538 1516 1901 1578 perpetuum;
1933 1510 1978 1563 si
2017 1526 2105 1565 me

520 1604 782 1660 spernere
806 1603 860 1648 et
893 1610 1094 1664 negare
1135 1597 1418 1664 desierint,
1448 1600 1684 1654 sentient
1713 1600 2050 1657 Salvatorem
2089 1624 2103 1659 :

521 1681 649 1747 quia
672 1681 726 1735 in
750 1685 895 1738 omni
927 1676 1281 1743 tribulatione
1302 1704 1491 1744 eorum
1521 1692 1635 1760 ipse
1663 1692 1957 1747 tribulatns
1995 1704 2101 1748 est.

520 1770 650 1828 Sive
674 1788 780 1828 non
811 1786 896 1830 est
928 1778 1245 1844 tribulatus,
1277 1791 1335 1835 ut
1363 1798 1654 1853 parumper
1685 1798 1778 1839 eos
1804 1784 2103 1851 desereret,

2202 586 2450 656 praecipit
2486 584 2715 643 :Nolite
2764 587 3081 643 contristare
3126 588 3384 659 Spiritum
3429 593 3726 655 sanctum,iti

2203 697 2309 752 quo
2322 683 2523 753 signati
2547 682 2674 736 estis
2701 679 2917 752 (Ephes.
2937 699 3014 746 tv,
3043 683 3159 750 '50).
3187 682 3293 748 Qui
3316 682 3535 752 Spiritus
3554 696 3727 740 sanctus

2205 771 2463 826 recedita
2488 786 2715 841 corpore
2744 773 2959 827 subdito
2988 773 3227 841 peccatis
3263 791 3278 827 :
3313 782 3364 827 et
3391 772 3442 826 in
3468 789 3723 841 perversam

2206 863 2447 917 animam
2484 878 2592 917 non
2631 865 2940 933 ingreditur
2975 865 3244 933 sapientia
3278 862 3427 934 (Sap.
3456 866 3513 931 ι).
3539 865 3665 920 Unde
3686 875 3729 919 et

2208 953 2379 1008 David
2412 954 2756 1009 conscientia
2831 966 3206 1023 peccatorum,
3244 972 3310 1008 ne
3354 956 3592 1025 Spiritum
3631 971 3728 1010 san-

2208 1053 2358 1098 ctum
2420 1045 2689 1113 perderet,
2716 1045 3044 1113 precabatur
3096 1046 3285 1100 dicens
3343 1065 3356 1101 :
3410 1045 3473 1098 Et
3524 1045 3728 1114 Spiritum

2208 1146 2447 1191 sanctum
2488 1148 2637 1190 tuum
2693 1152 2759 1190 ne
2797 1135 3011 1206 auferas
3068 1154 3100 1190 a
3151 1153 3233 1193 me.
3283 1135 3454 1203 (Psal.
3491 1154 3538 1200 ι..
3564 1139 3653 1206 l3).
3679 1137 3729 1193 Ut

2210 1239 2390 1283 autem
2455 1229 2715 1293 sciamus,
2773 1244 2995 1284 omnem
3060 1231 3153 1300 qui
3206 1243 3488 1301 exasperat
3522 1231 3728 1302 Spiritum

2209 1330 2482 1387 sanctum,
2513 1320 2680 1374 Deum
2706 1320 3008 1385 otl'endere,
3037 1331 3092 1375 et
3124 1322 3192 1376 de
3224 1324 3403 1376 amico
3431 1322 3669 1376 inimicum
3692 1335 3731 1376 et

2213 1412 2425 1467 hostem
2490 1410 2634 1474 ﬁeri,
2696 1410 2893 1465 Petrus
2950 1412 3233 1479 apostolus
3298 1413 3656 1483 signiﬁcantius
3689 1414 3727 1468 in

2210 1503 2576 1572 apostolorum
2609 1503 2836 1558 Actibus
2872 1503 3155 1572 loquitur:
3184 1504 3365 1570 Quare
3393 1507 3604 1558 convenit
3624 1505 3729 1558 robis

2211 1597 2418 1647 mentiri
2447 1593 2674 1661 Spiritui
2695 1605 2877 1649 sancto
2903 1596 2928 1649 ἲ
2950 1614 3053 1650 non
3083 1598 3210 1652 estis
3238 1598 3527 1651 hominibus
3552 1599 3728 1661 mentiti,

2209 1686 2302 1739 sed
2348 1684 2452 1738 Deo
2491 1683 2631 1755 (Act.
2660 1701 2712 1751 v,
2738 1686 2793 1750 3,
2819 1686 2899 1756 4).
2929 1688 3037 1743 Iste
3060 1696 3144 1742 est
3180 1688 3419 1756 Spiritus
3459 1698 3665 1754 sanctus,
3680 1690 3729 1741 de

2209 1792 2317 1847 quo
2354 1777 2404 1828 in
2438 1776 2729 1847 Evangelio
2764 1778 3023 1834 Dominus
3050 1780 3303 1834 dicebat:
3342 1780 3401 1833 Si
3425 1779 3625 1848 diligitis
3652 1794 3726 1843 nu,

517 1872 575 1920 οι
604 1868 836 1923 nudatos
890 1871 1097 1925 auxilio
1131 1888 1230 1928 suo
1276 1886 1496 1943 cogeret
1551 1876 1619 1931 ad
1653 1877 1979 1946 rogandum.
2007 1877 2101 1933 vel
2135 1868 2177 1923 Β
2212 1869 2464 1922 mandata
2516 1887 2633 1924 mea
2685 1881 2888 1927 servate
2915 1889 2934 1928 .'
2974 1883 3024 1926 ct
3078 1890 3173 1943 ego
3230 1881 3405 1942 petam
3445 1875 3647 1935 Patrem,
3692 1882 3727 1925 (ι

518 1964 669 2011 certe
698 1974 1044 2030 nequaquam
1088 1964 1368 2021 tribulavit
1423 1982 1538 2031 eos,
1576 1970 1669 2023 sed
1722 1984 1754 2023 e
1809 1969 2112 2037 contrario,

520 2049 734 2104 caeteris
792 2056 1265 2122 persequentibus,
1294 2058 1511 2125 ailjutor
1544 2059 1668 2125 fuit,
1707 2061 1966 2129 misitque
2019 2076 2117 2115 an-

519 2142 700 2210 gelum
726 2156 909 2211 suum,
941 2146 1032 2215 qui
1063 2161 1157 2201 eos
1188 2151 1253 2201 de
1272 2150 1517 2218 periculo
1542 2150 1940 2208 liberaret.Aut
1960 2152 2116 2221 juxta

521 2230 899 2304 Septuaginta,
931 2254 1038 2293 non
1072 2254 1167 2309 per
1196 2243 1415 2310 angelos
1439 2253 1492 2297 et
1519 2247 1843 2314 prophetas,
1887 2255 1941 2300 et
1975 2244 2114 2298 alios

521 2336 747 2383 sanctos
790 2328 937 2385 viros
968 2324 1180 2387 salvare
1206 2334 1374 2389 voluit
1398 2337 1656 2405 populum
1691 2353 1890 2396 suum;
1927 2351 2116 2391 verum

520 2416 640 2487 ipse
692 2419 974 2475 descendit
1024 2422 1092 2477 ad
1138 2441 1270 2480 oves
1300 2426 1548 2496 perditas
1578 2434 1790 2485 domus
1828 2428 2019 2491 Israel.
2057 2431 2117 2482 ut

520 2525 677 2566 ovem
729 2513 1032 2569 morbidam
1092 2519 1206 2571 suis
1260 2519 1507 2576 humeris
1552 2531 1882 2593 reportaret,
1907 2533 1961 2579 et
1994 2526 2119 2578 dra-

520 2603 738 2658 chmam
787 2619 909 2675 quas
968 2610 1209 2676 perierat
1249 2611 1545 2682 inveniret,
1573 2625 1628 2670 et
1680 2617 1969 2674 luxurioso
2003 2617 2116 2675 [illo

519 2697 818 2753 revertenti
865 2698 1021 2754 hctus
1069 2714 1410 2760 occurreret.
1442 2705 1675 2776 Propter
1709 2712 1856 2778 quod
1905 2709 2117 2779 Sponsa

521 2787 655 2845 dicit
683 2792 740 2844 in
769 2790 998 2848 Cantico
1023 2795 1358 2852 canticorum
1385 2799 1527 2870 (cap.
1560 2816 1599 2869 I,
1631 2818 1767 2856 vers.
1819 2803 1875 2871 1)
1910 2818 1926 2861 :
1952 2802 2118 2858 Oscu-

524 2881 665 2936 letur
694 2898 778 2937 me
814 2886 1012 2940 osculis
1042 2889 1153 2942 oris
1210 2891 1318 2945 sui.
1354 2890 1706 2962 Nequaquam
1755 2909 1854 2963 per
1880 2895 2118 2964 patriar-

521 2973 675 3037 chas,
708 2971 954 3044 Moysen,
989 2987 1044 3032 et
1075 2981 1391 3049 prophetas,
1423 2985 1517 3038 sed
1559 3000 1738 3039 meum
1784 3000 1984 3056 corpus
2032 3001 2120 3042 as-

521 3073 727 3125 sumat,
766 3064 818 3117 in
861 3079 977 3119 mea
1009 3081 1174 3123 carne
1218 3083 1492 3136 versetur,
1538 3073 1778 3129 Verbum
1813 3090 1947 3129 caro
1999 3077 2113 3144 liat,

521 3163 576 3208 et
607 3152 689 3208 sic
730 3155 1008 3211 osculetur
1043 3174 1131 3213 me
1174 3160 1435 3217 habitans
1472 3163 1526 3223 in
1557 3179 1667 3231 me,
1703 3175 1763 3221 ut
1800 3166 1871 3223 sit
1900 3166 2120 3222 Emma-

521 3245 671 3300 nuel.
699 3245 1050 3317 Nequaquam
1078 3252 1245 3322 igitur
1271 3265 1326 3309 ut
1355 3254 1592 3325 legatus,
1632 3272 1732 3314 nec
1758 3269 1819 3313 ut
1862 3259 2111 3330 angelus,

520 3339 621 3392 sed
652 3338 764 3406 ipse
795 3340 1029 3395 salvabit
1060 3357 1156 3399 eos
1186 3346 1279 3415 qui
1323 3359 1648 3416 receperunt
1678 3338 1967 3406 salutem:
2006 3365 2112 3404 non

527 3444 753 3498 operqu
788 3434 1003 3498 merito,
1035 3437 1128 3491 sed
1166 3437 1437 3493 charitate
1469 3441 1583 3496 Dei.
1621 3441 1712 3497 Sic
1744 3443 1891 3497 enim
1924 3443 2115 3499 dilexit

523 3521 671 3578 Deus
729 3525 1011 3590 mundum,
1035 3536 1094 3581 ut
1140 3526 1337 3584 Filium
1366 3546 1527 3586 suum
1562 3532 1903 3604 unigenitum
1934 3536 2112 3600 daret,

526 3625 585 3670 ut
618 3619 797 3673 omnis
831 3620 924 3688 qui
955 3623 1129 3702 cgedit
1172 3624 1225 3678 in
1268 3640 1416 3690 eum,
1455 3642 1562 3682 non
1598 3643 1814 3695 pereat,
1867 3631 1965 3685 sed
2016 3632 2114 3687 ha-

525 3710 654 3765 beat
694 3710 863 3766 vitam
891 3719 1178 3771 aeternam.
1211 3716 1367 3784 Quod
1396 3719 1441 3773 si
1474 3720 1715 3789 prudens
1751 3722 1929 3778 lector
1950 3726 2115 3781 tacita

528 3802 858 3870 cogitatione
916 3806 1265 3874 responderit
1307 3822 1524 3877 :quare
1574 3813 1727 3866 multi
1787 3814 1948 3885 753
2000 3830 2109 3870 non

527 3903 655 3947 sunt
687 3896 904 3963 salvati,
937 3896 982 3953 si
1018 3898 1133 3967 ipse
1175 3902 1411 3956 satvavit
1446 3918 1564 3971 eos,
1586 3913 1642 3960 et
1670 3906 1884 3973 dilexit,
1918 3916 1974 3961 et
2020 3922 2114 3978 pe-

527 3988 704 4057 percit
734 3986 863 4043 iiliis
896 3989 1033 4055 suis,
1060 3999 1113 4045 et
1153 3993 1386 4050 redemit
1422 4011 1517 4052 eos
1542 3999 1807 4068 sanguine
1840 4014 1964 4067 suo,
1988 4014 2113 4056 sus-

526 4081 786 4152 cepitque
824 4089 881 4138 et
926 4083 1190 4140 exaltavit
1247 4089 1597 4158 assumptos?
1651 4091 1887 4146 infertur
1947 4107 2113 4148 causa

529 4172 817 4241 perspicua
840 4190 863 4245 ι
893 4174 1000 4244 Ipsi
1030 4188 1211 4231 autem
1264 4194 1374 4235 non
1421 4180 1773 4248 eediderunt,
1808 4192 1863 4238 et
1890 4198 2113 4239 exacer-

531 4265 803 4322 baverunt
833 4266 1099 4338 Spiritum
1151 4280 1400 4327 sanctum
1433 4274 1569 4341 ejus,
1606 4276 1719 4332 sive
1747 4277 1917 4331 sancti
1949 4275 2112 4343 illius,

531 4360 678 4427 quod
721 4358 987 4416 ilebraice
1012 4361 1216 4420 dicitur
1241 4378 1442 4421 capsso
1475 4367 1685 4450 (πω-φ).
1722 4366 1902 4424 Voluit
1931 4369 2114 4439 itaque

532 4451 680 4505 Deus
718 4453 935 4508 salvare
971 4457 1254 4523 cupientes
1288 4474 1304 4513 :
1334 4469 1390 4513 et
1417 4460 1733 4522 provocavit
1764 4463 1830 4516 ad
1856 4461 2109 4527 salutem,

2143 3216 2189 3279 C

2219 1963 2384 2016 alium
2435 1962 2783 2019 Paracletum
2828 1967 2974 2020 dabit
3030 1967 3197 2034 vobis,
3244 1978 3300 2020 ut
3333 1968 3399 2021 sit
3448 1966 3726 2021 vobiscsmin

2220 2056 2617 2124 sempiternum,
2653 2056 3174 2127 Spiritunttteritatis
3205 2057 3382 2129 (Joan.
3414 2073 3517 2122 xxv,
3552 2057 3623 2121 15,
3646 2055 3725 2123 l6).

2222 2143 2296 2198 De
2330 2161 2438 2213 quo
2470 2146 2524 2201 in
2560 2147 2837 2218 Sapientia
2874 2152 3200 2218 reperimus,
3245 2167 3366 2219 qua:
3391 2151 3588 2205 nomine
3612 2149 3726 2202 Salo-

2221 2237 2401 2290 monis
2428 2238 2729 2293 seribitur:
2768 2239 3002 2296 Sanctus
3044 2243 3188 2297 enim
3220 2241 3449 2312 Spiritus
3494 2240 3727 2308 discile

2220 2327 2381 2398 fugiet
2412 2329 2612 2396 dolum,
2642 2341 2689 2387 et
2723 2335 2923 2388 recedet
2953 2351 2983 2388 a
3011 2336 3420 2406 cogitationibus
3446 2335 3599 2390 stultis
3613 2332 3727 2405 (ϐαρ.

2221 2431 2258 2480 I,
2280 2417 2358 2485 5).
2919 2436 2927 2444 ’

2292 2510 2473 2582 (Vers.
2506 2514 2568 2568 ll
2599 2529 2755 2585 seqq.
2794 2517 2812 2583 )
2845 2535 2863 2568 ι
2902 2517 2970 2572 Ει
2995 2520 3314 2574 recordatus
3341 2528 3420 2574 est
3448 2519 3627 2572 dierum
3652 2530 3724 2570 sa-

2223 2606 2356 2672 culi,
2402 2606 2596 2679 Moysi,
2629 2608 2815 2678 populi
2846 2610 2953 2665 sui.
2991 2609 3092 2665 Ubi
3121 2624 3211 2668 est
3271 2614 3361 2679 qui
3395 2612 3563 2667 eduxit
3584 2624 3659 2663 eos
3682 2607 3729 2660 de

2220 2697 2357 2751 mari
2385 2712 2508 2752 cum
2541 2702 2851 2768 pastoribus
2875 2703 3057 2773 gregis
3084 2706 3168 2758 sui
3207 2704 3230 2757 ?
3262 2705 3354 2759 ubi
3376 2714 3456 2759 est
3491 2702 3572 2773 qui
3597 2698 3729 2770 posuit

2220 2790 2274 2846 in
2312 2793 2493 2847 medio
2515 2793 2634 2861 ejus
2667 2793 2936 2865 Spiritum
2981 2796 3156 2851 sancti
3187 2796 3324 2852 sui?
3367 2794 3463 2861 Qui
3505 2791 3657 2849 eduxit
3682 2791 3730 2842 ad

2219 2884 2499 2939 dexteram
2531 2885 2751 2957 Moysen
2786 2888 3010 2943 brachio
3033 2889 3339 2958 majestatis
3370 2901 3475 2942 sua
3506 2904 3520 2943 :
3551 2884 3626 2955 qui
3653 2880 3731 2935 sci-

2222 2976 2299 3030 dit
2328 2991 2498 3046 aquas
2525 2987 2653 3033 ante
2673 2992 2790 3044 eos,
2826 2991 2885 3033 ut
2918 2980 3123 3035 laceret
3150 2980 3258 3035 sibi
3293 2994 3482 3061 nomen
3506 2975 3731 3043 sempiter-

2223 3083 2350 3121 num
2381 3069 2405 3123 ἲ
2435 3069 2537 3134 Qui
2571 3070 2726 3125 duxit
2765 3069 2958 3142 [ναις.
3009 3070 3245 3144 eduxit]
3294 3087 3386 3127 eos
3431 3085 3518 3139 per
3557 3067 3730 3136 abyssos

2223 3157 2381 3225 quasi
2413 3173 2611 3229 equum
2644 3161 2700 3215 in
2754 3161 2974 3217 deserto
3030 3179 3137 3219 non
3169 3162 3543 3233 impingentem
3565 3159 3586 3212 2
3606 3154 3730 3223 Quasi

2223 3253 2423 3308 animal
2457 3255 2509 3308 in
2547 3253 2710 3325 754
2742 3269 2937 3326 campo
2970 3257 3330 3325 descendens,
3363 3255 3574 3326 Spiritus
3594 3248 3731 3304 Domi-

2216 3346 2269 3399 ni
2307 3348 2505 3400 ductor
2535 3345 2656 3414 ejus
2685 3345 2788 3401 luit
2820 3360 2836 3398 :
2887 3350 2968 3402 sic
2997 3349 3282 3405 adduxisti
3334 3348 3570 3419 populum
3597 3353 3726 3401 tuum.

2216 3444 2274 3489 ut
2303 3436 2512 3492 iaceres
2544 3437 2641 3491 tibi
2663 3453 2857 3493 nomen
2883 3439 3091 3509 glorize.
3123 3459 3143 3492 ι
3179 3439 3368 3497 LXX:
3401 3461 3420 3494 ι
3443 3439 3503 3493 Et
3526 3436 3726 3491 recorda-

2217 3541 2302 3584 tus
2319 3537 2403 3585 est
2439 3529 2648 3584 dierum
2684 3532 3035 3601 antiquorum
3090 3533 3184 3603 qni
3219 3534 3404 3589 eduxit
3430 3533 3493 3587 de
3520 3540 3637 3584 terra
3659 3539 3728 3594 pa-

2213 3631 2417 3677 storem
2453 3619 2666 3676 ovium.
2695 3618 2797 3676 Ubi
2840 3633 2924 3678 est
2972 3624 3064 3693 qui
3095 3627 3283 3693 posuit
3336 3625 3387 3679 in
3421 3624 3495 3680 eis
3522 3616 3727 3689 Spiritum

2214 3713 2510 3768 sanctum?
2566 3717 2662 3783 qui
2690 3714 2881 3769 eduxit
2937 3716 3164 3772 dextera
3227 3717 3444 3790 Moysen
3507 3710 3727 3769 brachium

2213 3808 2400 3878 gloria:
2425 3806 2579 3862 suae?
2610 3805 2703 3863 Sic
2730 3807 2920 3863 eduxit
2952 3809 3208 3878 populum
3247 3825 3402 3865 suum
3435 3822 3524 3876 per
3553 3801 3729 3856 validam

2214 3916 2410 3971 aquam
2446 3902 2496 3956 in
2537 3912 2837 3971 conspectu
2890 3901 3032 3968 ejus,
3076 3911 3135 3956 ut
3190 3902 3397 3958 faceret
3446 3898 3538 3956 sibi
3580 3905 3727 3950 nomen

2214 3992 2630 4062 sempiternum.
2661 3990 3009 4047 Adduxiteos
3030 4007 3128 4062 per
3153 3991 3408 4065 abyssum
3436 3992 3726 4053 sirutequﬂm

2214 4098 2312 4154 per
2349 4082 2725 4147 solitudinem,
2752 4095 2807 4140 et
2833 4099 2941 4138 non
2969 4084 3387 4142 laboraverunt.
3419 4084 3481 4138 Et
3522 4080 3643 4135 sicut
3669 4073 3731 4143 ju'

2215 4187 2398 4232 menta
2428 4192 2527 4248 per
2545 4190 2795 4245 campum
2823 4177 3103 4234 descendit
3130 4177 3365 4247 Spiritus
3395 4192 3422 4228 a
3465 4169 3671 4231 Domino,
3692 4169 3731 4217 οι

2216 4270 2324 4324 dux
2352 4283 2541 4324 eorum
2564 4268 2663 4322 fuit
2694 4284 2711 4322 :
2745 4269 2827 4324 sic
2843 4267 3115 4324 adduxisti
3180 4269 3441 4339 populum
3501 4273 3647 4324 tuum,
3689 4263 3732 4310 ιιι

2214 4358 2424 4415 faceres
2452 4360 2549 4415 tibi
2577 4374 2776 4416 nomen
2795 4360 3000 4430 gloriae.
3037 4378 3056 4412 ι
3092 4360 3378 4425 Dominus,
3400 4358 3485 4427 qui
3518 4355 3577 4409 de
3592 4357 3731 4421 prole-

2226 4463 2380 4509 ctore
2412 4452 2593 4509 factus
2621 4463 2705 4510 est
2728 4452 3080 4509 adversarius
3121 4455 3307 4524 pepuli
3356 4436 3729 4509 .ludaeorumiflui

531 4553 590 4597 ut
622 4542 866 4599 voluntas
917 4545 1146 4601 haberet
1175 4550 1457 4616 praemium
1482 4566 1501 4618 ;
1530 4552 1625 4607 sed
1659 4550 1735 4605 illi
1765 4552 1991 4607 credere
2018 4566 2113 4607 no—
2138 4560 2192 4622 ι)
2218 4546 2284 4600 ad
2309 4546 2639 4601 iracundiam
2658 4556 3096 4617 provocaverunt
3115 4543 3376 4614 Spiritum
3392 4534 3729 4603 sanctumejusi

530 4634 772 4689 luerunt.
801 4636 1055 4730 Alioqqin
1089 4650 1145 4694 et
1174 4639 1242 4695 de
1262 4638 1472 4697 Joanne
1515 4644 1779 4715 scriptum
1820 4654 1939 4701 est:
1988 4643 2119 4700 Fuit

528 4731 682 4785 homo
714 4731 904 4786 missus
938 4749 970 4786 a
1015 4731 1158 4800 Deo,
1193 4737 1282 4789 cui
1318 4752 1504 4791 nomen
1554 4747 1669 4791 erat
1716 4737 1949 4794 Joannes
1985 4755 2005 4795 :
2032 4739 2118 4794 hic

530 4829 668 4898 venit
721 4838 776 4880 ut
803 4827 1058 4895 praeberet
1082 4831 1439 4885 testimonium
1466 4831 1596 4893 luci.
1631 4842 1690 4886 ut
1730 4850 1908 4887 omnes
1938 4833 2120 4888 crede-

530 4930 645 4975 rent
691 4937 784 4992 pcr
827 4937 946 4976 eum
979 4920 1166 4994 (Joan.
1199 4937 1239 4988 ι,
1273 4923 1327 4988 6,
1367 4924 1445 4992 7).
1477 4922 1592 4981 Nec
1642 4926 1824 4981 statim
1874 4927 1930 4979 in
1960 4926 2117 4996 culpa

530 5022 634 5079 est,
669 5014 714 5067 si
751 5014 934 5082 plures
968 5015 1193 5071 credere
1224 5021 1538 5081 noluerunt,
1605 5018 1699 5073 sed
1731 5018 1984 5072 voluntas
2027 5033 2119 5073 ve-

530 5105 771 5160 nientis'
802 5107 919 5163 bare
952 5108 1075 5171 fuit,
1107 5118 1166 5163 ut
1201 5124 1391 5165 omnes
1425 5110 1712 5165 crederent
1756 5119 1811 5164 et
1839 5109 2120 5166 salvaren-

534 5205 646 5250 tur.
694 5196 790 5252 Sin
838 5209 1023 5254 autem
1062 5201 1153 5271 qui
1184 5202 1595 5270 exasperaverit
1622 5211 1677 5258 et
1704 5200 1963 5257 aiilixerit
1994 5202 2118 5271 Spi-

532 5286 697 5343 ritum
765 5300 1053 5358 sanctum,
1103 5292 1189 5347 vel
1245 5292 1430 5347 Sancti
1482 5292 1623 5359 ejus,
1654 5293 1706 5347 id
1757 5302 1858 5358 est,
1889 5291 2117 5360 Christi,

530 5380 705 5437 Deum
752 5393 1044 5453 exasperat
1079 5402 1094 5440 :
1125 5384 1372 5455 ejusdem
1426 5384 1663 5454 Spiritus
1721 5393 1944 5441 sanctus
1995 5399 2118 5439 eum

530 5565 664 5621 dere
685 5563 942 5621 voluerit.
975 5562 1260 5630 Quomodo
1296 5576 1479 5623 autem
1511 5565 1788 5636 contrario
1819 5580 1980 5620 sensu
2008 5561 2131 5636 legi'

531 5639 707 5705 possit
731 5638 842 5704 ipse
875 5646 951 5691 est
979 5636 1284 5700 tribulatus,
1304 5637 1479 5693 facilis
1501 5645 1584 5692 est
1607 5653 1670 5692 ex
1695 5634 1966 5705 Hebraico
1986 5634 2119 5691 con-

534 5693 681 5786 iextu
734 5693 1037 5786 responsio,
1084 5707 1155 5763 ibi
1182 5693 1326 5763 enim
1396 5709 1691 5786 legiturjat
1719 5693 1793 5786 μ’)
1824 5722 1841 5772 ς
1874 5709 1924 5760 ίο
1973 5718 2109 5786 ιδίξζι

534 5778 680 5844 quod
739 5779 1054 5847 ambiguum
1093 5788 1198 5841 est,
1247 5788 1412 5848 atque
1451 5776 1738 5833 transferri
1786 5786 1981 5844 potest.
2035 5776 2118 5831 illi

535 5848 804 5919 angustia,
835 5849 921 5904 vel
950 5864 1054 5902 non
1079 5850 1346 5919 angustia.
1384 5847 1448 5903 In
1473 5849 1615 5903 omni
1645 5848 1988 5904 tribulatione
2024 5863 2118 5901 co-

2221 4646 2275 4692 et
2298 4635 2710 4692 debellavlteos
2755 4638 2915 4704 :ipse
2957 4637 3282 4692 recordatus
3325 4646 3405 4691 est
3449 4630 3728 4699 antiquari!ll

2220 4729 2456 4795 dierum,
2487 4729 2706 4801 quando
2736 4744 2833 4798 pro
2881 4729 2961 4783 eis
3000 4728 3215 4801 Moyses
3253 4731 3306 4783 in
3332 4738 3506 4784 eremo
3527 4723 3730 4785 depreca-

2224 4832 2311 4876 tus
2356 4830 2460 4889 est,
2499 4822 2689 4878 dicens
2721 4837 2735 4850 ·
2771 4821 2877 4875 Aut
2900 4822 3106 4875 dimitte
3134 4823 3210 4876 eis
3236 4821 3369 4876 hanc
3401 4832 3575 4873 nosam
3603 4825 3621 4865 :
3662 4810 3729 4857 ut

2219 4915 2267 4969 si
2301 4930 2403 4968 non
2431 4914 2585 4980 facis,
2604 4914 2717 4995 dele
2752 4929 2831 4968 me
2858 4914 2920 4967 de
2945 4913 3080 4967 libro
3113 4930 3263 4985 quem
3294 4908 3539 4980 scripsisti
3568 4900 3727 4997 (Exod-

2221 5021 2395 5078 xsm,
2425 5007 2515 5072 51,
2547 5005 2660 5075 '52).
2692 4989 2916 5060 'Veteris
2941 5007 3105 5075 igitur
3146 5004 3315 5061 Isaias
3368 4998 3644 5057 recordatus
3666 4989 3728 5041 llis

2220 5077 2430 5163 storiae,
2452 5097 2583 5153 dicit
2609 5113 2628 5151 :
2652 5097 2758 5153 Ubi
2788 5107 2871 5153 est
2895 5098 2984 5154 ille
3010 5097 3225 5170 Moyses
3252 5098 3342 5168 qui
3367 5093 3537 5152 eduxit
3573 5098 3650 5140 eos
3676 5077 3729 5177 de

2222 5189 2407 5245 Rubro
2438 5191 2573 5244 mari
2604 5189 2627 5243 i
2657 5190 2748 5246 ubi
2784 5202 2869 5247 est
2914 5201 3099 5262 pastor
3138 5188 3365 5246 ovium?
3409 5185 3492 5242 ubi
3537 5180 3613 5235 ille
3655 5183 3724 5262 qut

2221 5296 2346 5337 cum
2392 5281 2610 5336 caeteris
2659 5257 2971 5352 pastoribus
3013 5282 3194 5352 gregis
3223 5278 3426 5338 Domini
3475 5257 3728 5328 laboravit?

2220 5381 2323 5448 Qui
2349 5380 2683 5453 impetravit,
2711 5389 2767 5435 et
2799 5380 2984 5450 posuit
3026 5377 3289 5450 Spiritum
3334 5372 3422 5428 Dei
3459 5363 3665 5424 oratione
3685 5360 3725 5407 el

2222 5563 2434 5619 rumilli
2460 5560 2732 5633 angustia,
2762 5559 2847 5615 vel
2863 5558 2933 5615 In
2961 5558 3104 5613 omni
3120 5554 3449 5613 tribulatione
3469 5555 3623 5602 eorum
3641 5546 3722 5591 twn

2221 5636 2495 5706 angustia.
2522 5633 2799 5706 hinnitus.
3037 5704 3045 5706 _
3127 5700 3140 5706 _
3528 5703 3538 5706 Α

2295 5690 2546 5759 ἰ’Μίιιυηιι
2576 5703 2795 5773 quidam
2840 5704 3073 5757 vocantis
3127 5700 3304 5772 legere
3355 5709 3445 5766 pro
3492 5690 3720 5744 uiuentis,“

2224 5776 2318 5835 sed
2348 5775 2495 5832 nulla
2530 5773 2814 5831 movenda:
2851 5774 3102 5831 lectionis
3141 5783 3224 5829 est
3266 5783 3438 5826 causa.
