3902 6182
182 291 283 352 641

656 291 1154 351 COMMENTAR.
1188 290 1273 352 IN
1314 290 1586 351 ISAIAM
1624 289 2101 352 PROPHETAM
2141 290 2298 353 LIB.
2341 292 2529 358 XVII.
2570 293 2733 354 CAP.
2779 294 2996 355 LXIII.

3296 289 3422 358 ,642

185 404 436 476 precibus
486 408 624 465 suis,
670 403 722 455 in
793 420 953 472 grege
997 404 1261 458 Domini?
1314 406 1420 459 Ant
1474 414 1623 460 certe
1671 405 1746 457 ita
1777 412 1825 470 Λ
1851 406 2033 458 citur:
2069 402 2195 457 Fiat
2224 406 2468 458 voluntas
2491 415 2582 458 tua
2614 408 2748 459 sicut
2776 407 2829 459 in
2857 406 3005 470 caelo,
3032 408 3107 460 ita
3128 402 3179 459 'et
3204 407 3257 461 in
3284 418 3427 461 terra

179 495 583 564 intelligendum
622 494 759 548 :Ubi
791 504 876 549 est
914 496 1003 549 illa
1053 497 1345 552 clementia
1380 497 1613 560 Domini,
1645 510 1749 565 qua

175 590 452 657 quondaut
475 588 729 642 misertus
754 599 833 640 est
852 590 1047 655 popqu
1068 605 1187 655 suo,
1206 596 1264 642 ut
1281 589 1517 657 Spiritus
1540 604 1751 656 quoque

174 678 353 732 sancti
383 677 465 731 eis
500 679 728 744 gratiam
780 676 1042 731 tribueret
1076 695 1089 730 :
1124 680 1213 746 qui
1244 677 1431 732 eduxit
1479 679 1530 730 in
1569 680 1753 731 deste-

174 784 297 823 ram
331 784 560 837 partem,
598 783 706 821 non
770 767 823 821 in
891 768 1194 834 sinistram,
1255 768 1474 839 Moysen
1533 782 1747 822 servum

170 876 335 915 suum
393 860 618 915 brachio
655 861 954 929 majestatis
990 876 1154 917 sum:
1220 863 1312 930 qui
1371 862 1533 915 scidit
1581 875 1749 929 aquas

170 962 300 1005 ante
328 967 444 1017 eos,
483 960 543 1005 ut
574 951 779 1006 laceret
802 952 904 1006 sibi
956 966 1150 1007 nomen
1210 953 1601 1021 sempiternum
1630 967 1646 1017 ;
1691 959 1751 1005 ut

170 1058 348 1110 usque
368 1044 422 1096 in
441 1054 762 1111 pnesentem
781 1045 919 1099 diem
944 1044 1090 1099 illius
1115 1044 1354 1112 potentia
1389 1042 1750 1098 narraretur?

170 1133 336 1187 Duxit
366 1133 507 1187 enim
532 1134 785 1203 populum
809 1150 966 1189 suum
1003 1150 1097 1204 per
1147 1136 1443 1190 immensas
1472 1150 1738 1202 aquarqu

167 1225 419 1297 abyssos,
449 1227 602 1295 quasi
628 1241 824 1294 equum
855 1242 950 1294 per
979 1227 1355 1287 solitudinem.
1415 1238 1468 1280 et
1492 1228 1740 1297 iumenta

167 1331 265 1386 per
293 1318 541 1387 planum,
581 1326 634 1373 et
660 1318 892 1388 Spiritus
923 1319 1131 1373 Domini
1156 1321 1351 1373 ductor
1383 1319 1503 1387 ejus
1531 1320 1658 1384 luit,
1689 1321 1740 1374 id

165 1421 271 1474 est,
307 1411 491 1479 gregis
518 1408 731 1465 Domini
788 1408 991 1473 (Exod.
1047 1414 1183 1481 ιιν).
1233 1410 1497 1480 Spiritum
1562 1424 1742 1468 autem

165 1500 256 1555 hic
280 1502 549 1569 Angelum
569 1500 826 1555 debemus
862 1502 1185 1573 intelligere,
1257 1504 1348 1574 qui
1398 1504 1589 1559 ductor
1634 1503 1737 1557 luit

163 1592 352 1659 populi
380 1591 570 1657 Israel,
606 1592 760 1661 juxta
797 1592 933 1647 illud
972 1597 1111 1661 quod
1165 1596 1429 1665 scriptum
1460 1605 1580 1651 est:
1639 1595 1743 1663 Qui

162 1685 292 1753 facit
329 1685 545 1751 angelos
576 1700 698 1737 suos
730 1686 976 1752 spiritus,
1006 1693 1056 1738 et
1090 1688 1360 1740 ministros
1418 1704 1542 1741 suos
1566 1689 1739 1758 igneus

1852 493 2065 564 (Matth.
2110 511 2183 560 vr,
2219 496 2331 566 I0).
2397 496 2722 567 Ubicunque
2773 513 2902 567 ergo
2934 497 2990 551 ﬁt
3025 496 3271 551 voluntas
3308 497 3426 559 Dei,

1853 585 1983 639 illud
2012 597 2093 640 est
2144 588 2515 641 habitaculum
2552 588 2690 655 ejus,
2747 600 2798 642 et
2847 589 3043 643 domus
3102 587 3217 641 Dei.
3270 586 3428 654 Quod

1851 689 2029 731 autem
2052 681 2318 748 sequitur,
2353 678 2453 732 Ubi
2477 690 2554 734 est
2582 682 2724 735 zelus
2754 693 2873 734 tuus
2903 693 2951 734 et
2987 682 3242 748 fortitudo
3290 691 3380 734 tua
3402 683 3429 734 2

1851 767 1947 821 Illo
1981 771 2294 824 testimonio
2340 771 2696 832 disseramus,
2721 776 2867 840 quod
2923 788 3017 840 per
3056 771 3304 826 Ezechiel
3359 772 3428 825 ad

1848 860 2150 915 Jerusalem
2194 863 2326 915 dicit
2359 864 2521 927 Deus,
2559 880 2679 930 qua:
2710 876 2893 917 secuta
2948 864 3124 917 fuerat
3153 872 3428 918 amatores

1850 968 2015 1007 suos:
2047 954 2173 1007 Jaut
2207 970 2309 1006 non
2335 955 2537 1007 irascor
2563 956 2677 1019 tibi,
2726 966 2775 1008 et
2812 956 2953 1009 zelus
2985 972 3127 1009 meus
3157 956 3367 1009 recessit
3391 972 3427 1008 α

1850 1052 1898 1096 te
1936 1042 2151 1111 (Ezeclt.
2188 1059 2297 1104 xvi.
2339 1043 2455 1111 42).
2497 1046 2558 1098 Et
2587 1055 2671 1099 est
2713 1061 2946 1101 sensus:
2989 1047 3121 1112 Quia
3176 1047 3429 1114 μεσιτενί-

1852 1151 1969 1188 ntus
1994 1146 2049 1188 et
2079 1150 2177 1188 nos
2210 1134 2393 1189 odisse
2441 1136 2677 1204 cmpisti,
2742 1138 2967 1190 recessit
3004 1152 3034 1190 a
3067 1138 3221 1192 nobis
3279 1139 3429 1192 zelus

1850 1235 1993 1289 tuus,
2042 1226 2133 1293 qui
2166 1243 2272 1280 non
2307 1228 2512 1281 recedit
2541 1228 2762 1297 quando
2810 1228 3053 1296 loquitur
3098 1245 3191 1296 per
3220 1229 3428 1284 Zacha-

1848 1320 2019 1371 riam:
2055 1317 2268 1373 Zelatus
2310 1337 2425 1372 sunt
2460 1319 2588 1374 Sion
2637 1330 2686 1372 et
2741 1319 3038 1375 Jerusalem
3079 1322 3189 1375 zelo
3236 1339 3427 1391 magno

1849 1409 2035 1475 (Zaclt.
2073 1429 2113 1475 I,
2145 1412 2259 1479 M).
2298 1413 2456 1467 Unde
2479 1424 2534 1467 ct
2589 1414 2642 1466 in
2683 1414 3141 1484 consequentibus
3188 1418 3299 1469 ait:
3354 1414 3427 1469 Et

1846 1503 2055 1556 irascar
2093 1519 2249 1571 super
2274 1516 2452 1574 gentes
2478 1521 2595 1572 qua:
2625 1516 2951 1574 congregatae
2973 1515 3096 1560 sunt
3151 1511 3428 1561 adversum

1846 1610 1961 1647 eam
2011 1597 2065 1648 in
2125 1596 2375 1649 circuitu.
2434 1596 2738 1650 Recetlente
2785 1606 2967 1650 autem
3027 1595 3162 1660 zelo,
3219 1597 3429 1652 recedit

1847 1685 2011 1755 756
2042 1694 2098 1740 et
2150 1686 2411 1741 fortitudo
2461 1686 2576 1754 Dei,
2626 1698 2680 1740 et
2740 1698 3089 1756 paternorqu
3151 1689 3424 1745 viscerum

162 1786 403 1829 urentem
437 1773 608 1846 (Psal.
640 1792 753 1838 cui,
786 1775 869 1846 4).
903 1776 968 1830 Ει
990 1776 1040 1830 in
1070 1775 1312 1846 Epistula
1345 1779 1411 1832 ad
1443 1779 1734 1835 Hebraeos:
1772 1772 1813 1826 Β
1841 1786 2133 1839 superatur
2162 1776 2414 1841 affectus,
2451 1779 2577 1832 dum
2634 1780 3008 1850 magnitudine
3071 1792 3424 1848 peccatorum

162 1867 260 1921 Isti
291 1868 892 1924 suntadministratorii
944 1873 1185 1939 spiritus,
1223 1874 1314 1941 qui
1344 1876 1633 1929 mittuntur
1684 1879 1738 1931 in

164 1959 543 2024 ministerium,
568 1972 782 2027 prapter
805 1978 890 2015 eos
929 1966 1018 2033 qui
1054 1968 1348 2034 possessuri
1368 1977 1491 2020 sunt
1514 1969 1741 2022 salutem

165 2048 357 2119 (Hebr.
402 2049 576 2118 1,“).
608 2049 1027 2107 Consideretnus
1052 2055 1178 2107 illud
1220 2057 1364 2125 quod
1415 2056 1466 2109 in
1518 2058 1742 2111 Actibus

161 2140 550 2206 Apostolorum
612 2142 871 2195 scribitur
916 2159 931 2195 :
980 2142 1215 2211 Spiritus
1292 2143 1508 2198 Domini
1562 2147 1741 2213 rapuit

161 2230 494 2300 Philippum,
525 2243 570 2286 et
611 2250 713 2287 non
745 2235 871 2287 vidit
906 2252 1024 2288 eum
1056 2235 1202 2288 ultra
1267 2239 1535 2291 eunuchus
1596 2238 1739 2308 (Act.

162 2338 276 2388 vnt,
345 2324 438 2393 39)
494 2340 563 2379 an
613 2341 773 2394 super
848 2327 1053 2397 Angelo
1119 2329 1413 2383 debeamus
1470 2330 1739 2396 accipere.

163 2419 302 2473 Sunt
336 2419 427 2488 qui
461 2418 721 2488 Angelum
754 2417 915 2490 755
987 2420 1041 2474 in
1104 2420 1311 2488 Spiritu
1384 2430 1574 2475 sancto
1626 2421 1743 2475 haec

161 2512 363 2568 fecisse
429 2521 715 2567 testentur.
776 2510 1065 2566 Manifesta
1122 2514 1521 2582 percurrimus,
1572 2523 1631 2567 ιιι
1685 2513 1738 2567 ἰιι

162 2603 583 2658 obscurioribus
608 2603 984 2657 immorentur.

234 2695 420 2764 (γεῖς.
456 2695 520 2748 I5
550 2694 730 2764 seqq.)
769 2712 787 2745 ι
822 2693 1055 2749 Attende
1088 2694 1155 2748 de
1207 2692 1366 2761 C(BIO,
1397 2702 1451 2749 et
1493 2692 1617 2749 vide
1674 2691 1744 2748 de

164 2786 479 2840 hab‘itaculo
506 2795 699 2840 sancto
731 2795 846 2847 tuo,
882 2796 935 2840 et
960 2784 1145 2856 gloria:
1179 2795 1302 2839 tuae.
1349 2783 1448 2839 Ubi
1481 2795 1565 2838 est
1594 2783 1743 2837 zelus

163 2888 288 2934 tuus
317 2888 374 2933 et
403 2878 666 2933 fortitudo
697 2889 787 2933 tua
813 2880 837 2933 I
872 2878 1158 2932 multitudo
1186 2878 1456 2932 viscerum
1500 2889 1739 2942 tuorum,

164 2983 216 3026 et
246 2973 661 3027 miserationum
696 2982 908 3027 tuarum
941 2988 1107 3041 super
1134 2988 1219 3027 me
1240 2973 1625 3027 continuerunt
1660 2988 1739 3025 se.

1845 1867 2191 1921 incredibilis
2218 1867 2312 1922 Dei
2342 1868 2633 1922 clementia
2672 1869 2926 1936 vincitur,
2964 1880 3022 1924 ut
3061 1872 3336 1925 contineat
3362 1885 3425 1925 se

1843 1974 2007 2027 super
2032 1959 2238 2017 auxilio
2269 1976 2414 2025 meo,
2447 1961 2538 2030 qui
2581 1976 2669 2016 me
2714 1976 3032 2032 Oppressum
3085 1963 3267 2016 videre
3313 1977 3421 2017 non

1842 2058 2075 2116 poterat.
2106 2048 2183 2103 Tu
2210 2052 2371 2113 enim,
2408 2050 2609 2120 inquit,
2645 2068 2701 2105 es
2732 2062 2884 2120 pater
2917 2060 3114 2116 nosler,
3147 2052 3238 2120 qui
3274 2067 3424 2105 crea-

1844 2149 1928 2195 tor
1961 2155 2019 2194 es
2049 2142 2318 2195 omnium.
2372 2141 2684 2198 Nescitnos
2734 2143 3033 2208 Abraham,
3089 2154 3145 2198 et
3210 2142 3425 2213 ignorat

1845 2231 2028 2297 Israel,
2059 2234 2182 2300 quia
2237 2244 2289 2286 te
2330 2233 2685 2297 oﬂ‘endimus.
2738 2250 2837 2289 nec
2891 2245 3228 2304 cognoseunt
3284 2235 3424 2289 Iilios

1843 2339 1981 2393 quos
2009 2341 2036 2377 ει
2071 2325 2178 2380 Deo
2209 2340 2309 2380 suo
2367 2327 2671 2396 Intelligunt
2720 2343 2826 2381 non
2864 2329 3059 2382 amari.
3108 2328 3295 2380 Subita
3325 2344 3426 2382 na-

1843 2418 2013 2472 scitur
2045 2418 2296 2486 quaestio,
2343 2434 2515 2488 quare
2543 2420 2815 2473 Abraham
2859 2431 2914 2474 et
2953 2420 3141 2484 Israel,
3179 2423 3279 2474 hoc
3337 2430 3424 2475 est

1840 2505 2030 2573 Iacob,
2061 2510 2324 2576 posuerit,
2355 2522 2408 2564 et
2457 2510 2606 2565 Isaac
2636 2501 2833 2565 nomen
2873 2514 3096 2566 tacitum
3133 2512 3205 2565 sit
3266 2510 3419 2582 (Gen.

1798 2659 1807 2667 ,
1844 2602 2020 2671 xxxn)
2048 2601 2071 2653 ?
2100 2601 2182 2655 Ad
2212 2602 2352 2671 quod
2378 2602 2846 2669 respondebimus.
2890 2586 3156 2672 principio
3204 2613 3259 2657 et
3315 2603 3422 2656 line

1842 2692 2042 2760 posito,
2089 2694 2252 2746 etiam
2285 2691 2464 2747 media
2497 2694 2791 2747 nominari.
2818 2691 2944 2749 Sive
2994 2695 3063 2746 ita
3091 2711 3107 2748 :
3143 2694 3416 2749 Abraham

1844 2785 1910 2836 de
1933 2783 2186 2853 gentibus
2220 2795 2443 2867 vocatus
2483 2784 2549 2837 ad
2585 2784 2743 2837 [idem
2773 2794 2876 2846 est,
2905 2796 2958 2838 et
3007 2800 3104 2854 pro
3157 2786 3420 2855 qualitate

1843 2876 2039 2943 prioris
2101 2884 2156 2929 et
2215 2877 2599 2943 consequentis
2652 2876 3005 2936 conditionis.
3065 2877 3417 2930 mutationem

1843 2967 2069 3021 sortitus
2103 2975 2185 3020 est
2213 2965 2471 3019 nominis.
2500 2963 2669 3019 Iacob
2706 2982 2921 3035 quoque
2962 2977 3019 3019 ut
3053 2965 3420 3035 appellaretur

167 3061 246 3118 Tu
279 3066 432 3117 enim
467 3076 622 3132 pater
661 3075 881 3119 noster:
939 3066 1302 3119 etAbraham
1360 3065 1590 3120 nescivit
1620 3082 1813 3161 nos,c
1847 3058 2035 3119 Israel,
2096 3058 2265 3112 multo
2338 3057 2404 3112 ad
2466 3057 2518 3111 id
2572 3057 2757 3113 labore
2829 3060 3098 3128 pervenit.
3162 3058 3316 3116 Unde
3365 3069 3421 3114 ct

165 3169 220 3211 et
248 3156 422 3210 Israel
450 3156 717 3225 ignoravit
758 3171 883 3211 nos.
926 3156 1027 3223 Tu,
1063 3156 1316 3221 Domine,
1347 3166 1500 3227 pater
1533 3167 1737 3217 noster.

166 3251 484 3319 redemptor
503 3257 687 3304 noster
729 3264 756 3301 a
783 3248 981 3304 sarculo
1043 3263 1241 3302 nomen
1268 3257 1442 3303 tuum.
1472 3267 1491 3301 ι
1551 3248 1693 3303 LXX
1720 3263 1735 3301 :

172 3361 191 3393 ι
219 3341 559 3397 Convertere
585 3342 651 3396 de
681 3341 841 3405 cmlo,
876 3350 930 3395 et
954 3342 1075 3395 ride
1120 3342 1186 3395 de
1213 3342 1376 3395 domo
1409 3351 1594 3395 sancta
1627 3349 1739 3407 tua,

167 3442 220 3488 ct
247 3434 438 3503 gloria:
467 3442 573 3487 tuae
600 3449 615 3487 :
658 3434 745 3487 ubi
775 3442 858 3487 est
888 3433 1037 3488 zelus
1061 3446 1184 3487 tuus
1221 3444 1272 3489 el
1318 3433 1574 3488 lortitudo
1604 3443 1691 3487 tua
1719 3434 1742 3488 ?

172 3525 259 3579 ubi
293 3534 380 3579 est
416 3524 709 3580 multitudo
756 3523 1254 3579 misericordiarum
1290 3534 1526 3588 tuarum,
1555 3536 1610 3578 et
1644 3525 1743 3576 mi-

167 3620 504 3672 serationum
536 3626 749 3671 tuarum
784 3632 889 3686 qua
945 3618 1256 3673 sustinuisti
1291 3618 1432 3672 nos?
1465 3618 1540 3671 Tu
1591 3619 1737 3671 enim

167 3724 223 3762 es
258 3719 423 3778 pater
452 3719 655 3775 noster,
692 3708 819 3777 quia
870 3709 1141 3762 Abraham
1173 3723 1282 3762 non
1334 3709 1587 3778 cognovit
1615 3725 1737 3772 nos,

170 3808 220 3853 et
252 3798 424 3854 Israel
453 3814 555 3853 non
593 3796 846 3867 cegnovit
874 3815 995 3854 nos.
1058 3799 1161 3853 Sed
1194 3809 1273 3865 tu,
1329 3799 1553 3855 Domine
1587 3810 1742 3869 pater

170 3901 378 3958 noster,
410 3892 578 3947 libera
610 3907 708 3947 nos
735 3909 749 3945 :
788 3907 817 3945 a
847 3892 1115 3961 principio
1146 3907 1341 3946 nomen
1371 3902 1523 3946 tuum
1576 3907 1740 3961 super

169 3999 264 4038 nos
289 3993 399 4039 est.
432 4002 451 4036 ι
484 3983 586 4049 Qui
637 3993 787 4037 tanta
838 3987 1036 4052 paputo
1084 3983 1402 4052 praestitisti,
1432 3999 1552 4054 quae
1575 3999 1741 4051 supe-

171 4077 277 4128 rior
302 4089 490 4129 sermo
517 4075 782 4138 narravit,
810 4084 868 4127 ut
899 4074 1126 4143 spiritus
1155 4089 1374 4143 quoque
1419 4074 1491 4126 tui
1545 4072 1739 4144 dignos

173 4183 270 4223 nos
297 4168 579 4223 consortio
629 4167 874 4229 duceres,
925 4181 1069 4220 nunc
1123 4182 1341 4237 quoque
1394 4169 1613 4220 attende
1672 4167 1738 4219 de

169 4260 326 4329 C(BIO,
359 4268 418 4314 et
450 4259 570 4314 vide
597 4274 760 4327 Opera
793 4269 1002 4322 nostra,
1036 4258 1080 4312 si
1112 4268 1289 4310 tamen
1323 4267 1375 4311 te
1400 4258 1557 4325 digna
1588 4264 1735 4312 sunt.

168 4352 344 4419 Quare
374 4351 577 4405 avertis
600 4349 791 4404 faciem
821 4361 967 4404 tuam
1000 4365 1028 4401 a
1083 4348 1239 4403 nobis
1264 4348 1288 4401 ?
1316 4347 1522 4403 leum
1559 4358 1735 4401 autem

1852 3152 2124 3204 Abraham
2156 3160 2263 3204 trcs
2309 3147 2499 3203 habuit
2548 3165 2771 3215 uxores,
2827 3160 2884 3205 et
2928 3147 3097 3205 Jacob
3146 3162 3416 3222 quatuor:

1852 3244 2002 3298 Isaac
2026 3257 2156 3297 vero
2184 3243 2249 3296 ab
2283 3242 2438 3296 initio
2468 3257 2638 3312 usque
2662 3243 2728 3294 ad
2762 3242 2919 3296 linem
2949 3258 3142 3297 nomen
3179 3244 3420 3313 possedit

1849 3336 2152 3403 antiquum,
2183 3343 2237 3387 et
2270 3333 2527 3387 Ecclesiae
2555 3332 2799 3385 indicans
2826 3332 3155 3399 castitatem,
3191 3349 3293 3388 una
3317 3333 3419 3395 luit

1850 3442 2023 3482 uxore
2052 3435 2363 3481 contentus.
2402 3424 2492 3479 Isti
2539 3424 2705 3494 igitur
2730 3425 2822 3493 qui
2856 3435 3147 3492 precantur
3171 3424 3239 3481 de
3293 3442 3420 3495 pec-

1848 3518 2119 3573 catoribus
2178 3516 2664 3572 commutationem
2737 3518 2788 3571 iu
2857 3515 3134 3569 meliorem
3190 3527 3413 3586 statum,

1847 3626 2032 3665 eorum
2068 3616 2353 3663 assumunt
2405 3606 2837 3671 similitudinem,
2888 3606 3084 3675 quibus
3121 3606 3239 3661 lata
3290 3619 3417 3678 post

1850 3703 2025 3757 tristia
2049 3708 2452 3755 successerunt.
2481 3701 2597 3754 Hoc
2630 3709 2808 3754 autem
2842 3708 2926 3753 est
2953 3713 3113 3752 omne
3140 3700 3282 3769 quod
3313 3717 3418 3769 po-

1846 3798 2069 3858 stulant,
2101 3803 2160 3848 ut
2191 3793 2317 3863 quia
2348 3801 2499 3860 pater
2530 3807 2715 3846 eorum
2746 3800 2852 3854 est,
2883 3800 2936 3845 et
2972 3791 3073 3844 hoe
3107 3806 3200 3845 eos
3229 3792 3417 3862 digna-

1847 3902 1931 3947 tus
1950 3898 2034 3944 est
2067 3888 2311 3950 nomine,
2352 3900 2455 3939 non
2486 3884 2840 3939 obliviscatur
2876 3882 3107 3937 ﬁliorum
3153 3898 3412 3952 suorum;

1847 3999 1914 4036 ne
1948 3996 2045 4051 per
2089 3979 2234 4048 ipsos
2286 3991 2480 4030 nomen
2547 3974 2642 4029 Dei
2692 3974 3098 4043 blasphemetur
3127 3974 3181 4028 in
3231 3976 3411 4045 genti-

1845 4078 1966 4130 bus.

1916 4166 2091 4238 (Vers.
2121 4166 2208 4231 I8,
2237 4165 2345 4233 l9.)
2378 4182 2397 4215 ι
2427 4163 2605 4230 Quare
2622 4175 2805 4217 errare
2821 4175 2920 4215 nos
2943 4159 3135 4225 fecisti,
3165 4160 3409 4229 Domine,

1846 4261 1897 4314 in
1929 4263 2029 4315 vtis
2078 4259 2215 4314 tuis:
2261 4256 2530 4311 indurasti
2562 4269 2657 4310 cor
2689 4264 2960 4314 nostrum,
2996 4268 3061 4306 ne
3095 4254 3411 4309 timeremus

1846 4353 1941 4405 te?
1976 4360 2294 4406 convertere
2324 4358 2546 4419 propter
2573 4360 2758 4401 servos
2790 4355 2910 4399 tuos
2962 4345 3134 4399 tribus
3177 4345 3409 4399 Incredi-

166 4443 366 4497 dicitur
396 4440 760 4495 habitaculum
814 4447 1084 4501 sanetum,
1114 4449 1169 4492 et
1189 4439 1379 4493 domus
1410 4438 1594 4507 gloriae
1619 4437 1736 4506 ejus
1764 4455 1816 4513 ι)
1847 4450 1972 4497 tatis
2037 4452 2161 4496 tuae.
2202 4440 2383 4506 'Quasi
2441 4437 2670 4492 nihilum
2738 4436 3099 4507 possederunt
3151 4437 3407 4509 pepulum

168 4535 339 4605 (Psal.
380 4534 561 4602 mu),
582 4534 735 4602 juxta
770 4532 899 4586 illud
926 4549 939 4584 :
979 4531 1177 4584 (Icelum
1210 4533 1337 4585 mihi
1371 4533 1589 4584 thronus
1622 4539 1733 4584 est:

164 4638 302 4680 terra
324 4639 501 4682 autem
527 4625 808 4679 scabellum
829 4624 1020 4693 pedum
1046 4639 1279 4677 meorum
1313 4621 1452 4693 (Ιιια.
1480 4638 1625 4687 vat,
1648 4622 1733 4693 I);

163 4731 212 4772 et
242 4722 296 4772 in
319 4718 431 4771 alio
455 4718 614 4774 loco:
674 4716 780 4782 Qui
833 4715 1040 4769 habitat
1094 4716 1147 4767 in
1170 4714 1333 4780 caelis,
1374 4714 1616 4768 irridebit
1647 4731 1735 4768 eos

164 4807 333 4875 (Psal.
363 4824 429 4871 tt,
458 4809 552 4877 4);
581 4817 673 4861 et:
717 4806 799 4859 Ad
827 4816 878 4857 te
912 4805 1073 4860 levavi
1107 4805 1285 4857 oculos
1335 4821 1493 4872 meos,
1524 4808 1614 4876 qui
1638 4806 1735 4858 Ita—

164 4901 296 4955 bitas
317 4904 372 4954 in
406 4900 531 4953 caelo
560 4899 730 4968 (Psal.
770 4912 905 4960 (ιιι,
959 4898 1037 4966 1).
1072 4896 1188 4951 Non
1224 4911 1333 4964 quo
1387 4896 1733 4966 Omnipotens

163 4996 321 5057 Deus,
358 4995 452 5063 qui
490 5001 637 5046 tenet
686 4990 881 5044 ctrlum
910 4990 1093 5058 palma
1134 4998 1189 5043 et
1243 4999 1444 5042 terram
1506 4989 1731 5059 pugillo,

163 5084 266 5140 ullo
294 5085 579 5139 claudatur
631 5083 788 5149 loco;
827 5083 919 5135 sed
980 5098 1086 5150 quo
1117 5096 1238 5151 qua:
1272 5081 1544 5134 sanctiora
1579 5090 1729 5142 sunt,

163 5179 306 5232 illius
331 5177 490 5232 locus
520 5185 577 5229 et
608 5174 974 5228 habitaculum
1036 5187 1158 5227 esse
1182 5172 1455 5226 dicantur.
1490 5171 1732 5242 Denique

163 5269 417 5327 Salomon
452 5270 543 5337 qui
585 5267 875 5322 aediﬁcavit
908 5267 1127 5321 donnun
1156 5263 1272 5327 Dei,
1312 5266 1379 5317 ad
1436 5279 1558 5318 euut
1605 5279 1731 5333 pre-

157 5378 283 5417 cans
308 5364 593 5430 loquitur:
629 5359 760 5414 Cteli
786 5358 1035 5411 caelorum
1066 5365 1114 5409 et
1144 5365 1285 5409 terra
1314 5372 1416 5409 non
1463 5355 1727 5425 suﬂiciunt

158 5458 245 5509 tibi
272 5455 394 5528 (111
427 5454 552 5525 Reg.
585 5469 702 5519 vni,
725 5452 839 5521 27).
873 5450 1014 5505 Etin
1049 5447 1311 5505 Oratione
1335 5449 1613 5503 Dominiea
1646 5450 1729 5503 di-

226 5595 243 5625 '
299 5593 520 5653 Nescio,
573 5590 749 5661 inquit
800 5588 1092 5653 Victorius,
1148 5587 1270 5656 quis
1333 5587 1472 5640 hanc
1512 5600 1725 5661 _vocc_m

162 5674 343 5717 sancta
391 5668 476 5716 hic.
533 5656 811 5716 inl'arserit
914 5664 1065 5712 deest
1109 5661 1251 5713 enim
1305 5672 1407 5709 non
1446 5656 1619 5709 solum
1669 5656 1723 5709 in

161 5733 317 5795 LXX,
343 5748 528 5788 verum
570 5733 732 5787 etiam
759 5736 811 5784 in
872 5729 1134 5785 Hebraico
1166 5738 1220 5782 et
1250 5726 1480 5796 Vulgata
1530 5728 1665 5781 edit.
1697 5766 1716 5793 ,

1838 4545 2083 4591 sanctum
2114 4543 2305 4588 tuum:
2337 4533 2521 4587 hostes
2572 4530 2741 4584 nostri
2801 4528 3262 4583 conculcavcrunt
3288 4545 3413 4585 san-

1837 4626 2217 4705 ctiﬁcatiopem
2273 4633 2444 4678 tuam.
2491 4621 2643 4676 Facti
2699 4635 2890 4675 sumus
2912 4622 3067 4689 quasi
3118 4621 3173 4674 in
3210 4621 3411 4690 princi-

1836 4719 1925 4787 pio
1950 4737 1964 4773 :
1996 4733 2121 4773 cum
2157 4732 2263 4771 non
2293 4712 2656 4770 dominareris
2685 4713 2879 4775 nostri,
2916 4727 3090 4780 neque
3120 4714 3407 4766 invocare-

1839 4821 1923 4864 tur
1941 4824 2139 4865 nomen
2164 4818 2312 4861 tuum
2339 4821 2503 4876 super
2526 4820 2642 4862 nos.
2670 4823 2689 4856 s
2718 4802 2894 4858 LXX:
2932 4822 2951 4854 ι
2978 4803 3159 4869 Quare
3184 4803 3405 4857 seduxi-

1833 4905 1900 4958 sti
1927 4917 2050 4966 nos,
2080 4902 2325 4963 Domine,
2348 4899 2416 4954 de
2441 4900 2524 4953 via
2550 4908 2638 4953 tua
2660 4910 2848 4952 saneta
2874 4898 2888 4927 '
2917 4912 2932 4950 :
2956 4896 3219 4949 indurasti
3241 4895 3405 4949 corda

1835 5005 2042 5060 nostra,
2065 5004 2121 5048 ut
2137 5009 2243 5048 non
2271 4994 2579 5047 timeremus
2599 4990 2687 5045 te?
2711 4999 3027 5043 convertere
3049 4996 3269 5057 propter
3286 5003 3402 5043 ser-

1836 5103 1931 5143 vos
1957 5097 2101 5150 tuos,
2123 5096 2342 5155 propter
2365 5086 2539 5141 tribus
2557 5082 2891 5138 luereditatis
2914 5090 3036 5145 tum,
3060 5088 3116 5132 ut
3136 5080 3405 5135 modicum

1834 5181 2206 5249 possideamus
2248 5177 2453 5231 montis
2506 5175 2678 5231 sancti
2744 5173 2819 5226 tui
2853 5186 2868 5225 :
2901 5171 3200 5226 adversarii
3230 5172 3404 5227 nostri

1832 5270 2291 5327 conculcaverunt
2349 5266 2719 5322 sanctuarimn
2774 5273 2961 5319 tuum:
3027 5262 3155 5317 lacti
3217 5278 3407 5318 sumus

1830 5359 1984 5429 quasi
2010 5374 2040 5411 a
2074 5358 2340 5428 principio
2372 5372 2495 5409 cum
2533 5370 2639 5409 non
2672 5353 3032 5409 dominareris
3064 5354 3282 5409 nostris
3314 5368 3406 5409 ne-

1828 5466 1931 5521 que
1960 5451 2270 5505 invocatum
2302 5457 2388 5503 est
2423 5460 2620 5501 nomen
2656 5455 2805 5499 tuum
2852 5460 3015 5516 super
3048 5460 3164 5499 uos.
3202 5462 3222 5496 ι
3279 5441 3405 5513 Ειιὶ·

1830 5604 1929 5645 nec
1963 5589 2107 5642 illam
2132 5587 2282 5659 ponit
2313 5585 2538 5641 IIieron.
2585 5582 2724 5639 Tum
2756 5580 2895 5640 infra
2934 5598 3054 5655 cap.
3088 5596 3189 5638 va
3219 5579 3401 5647 initio,

1831 5664 1932 5716 hoc
1958 5663 2334 5718 testimonioin
2367 5665 2521 5719 citat.
