3906 6172
536 320 645 387 643

1710 308 1770 370 S.
1807 307 2110 369 EUSEBll
2152 307 2590 367 HlERONYMl
3635 307 3709 375 (qi

542 440 682 497 stola
724 451 889 506 quam
945 433 1134 491 scribit
1162 430 1362 487 Paulus
1405 424 1473 480 ad
1532 423 1871 487 Corinthios,
1903 436 2024 475 cum
2060 418 2126 474 ad
2159 427 2203 480 Λ
2234 427 2295 472 ut
2324 433 2444 472 cum
2475 427 2680 483 partem
2715 415 3086 481 habuerimus,
3134 417 3401 473 veniamus
3430 418 3486 474 sd
3532 422 3707 489 plenitu-

546 532 718 590 unius
767 528 1043 583 scribatur
1088 521 1346 595 populum
1404 516 1665 579 civitatis,
1716 529 1813 582 pro
1863 515 2124 565 varietate

548 621 935 683 habitantium,
989 617 1042 672 id
1097 625 1218 679 εει,
1273 619 1585 667 sanctorum
1641 615 1698 662 et
1747 612 2120 675 peccatorum,

549 727 695 768 nunc
743 709 928 765 laudat
954 722 1069 771 eos,
1126 718 1272 760 nunc
1310 700 1560 771 corripit,
1598 713 1743 753 nunc
1772 698 1951 761 docet,
1979 708 2126 749 nunc

551 800 921 873 reprehendit,
958 798 1118 870 757
1157 803 1413 865 provocat
1461 792 1526 847 ad
1558 790 1989 852 continentiam;
2023 801 2126 841 nu—

555 899 701 966 ptias
736 910 843 948 non
877 897 1139 956 recusat;
1191 886 1420 942 retrahit
1443 882 1510 938 ab
1538 880 1878 944 idololatria;
1909 878 2135 932 instruit

552 983 1051 1046 resurrectionem;
1087 977 1338 1045 digamiae
1386 973 1617 1044 porrigit
1671 984 1911 1035 manum,
1947 983 2018 1023 ne
2049 968 2131 1022 lo-

553 1090 679 1130 cum
715 1073 915 1128 tribuat
945 1065 1313 1125 fornicationi.
1345 1064 1461 1120 Hoc
1497 1063 1755 1128 diximus,
1802 1068 1859 1114 ut
1894 1071 2134 1127 praesens

556 1180 774 1235 quoque
804 1162 1126 1230 capitulum,
1160 1157 1301 1225 quod
1335 1170 1494 1210 omne
1524 1168 1591 1209 ex
1625 1152 1808 1222 populi
1847 1152 2014 1206 Deum
2043 1151 2137 1205 de-

558 1257 834 1328 precantis
863 1254 1109 1307 oratioue
1139 1248 1472 1310 contexitur,
1524 1245 1608 1300 vel
1635 1244 1906 1315 justorum
1930 1240 2137 1297 intelli-

558 1363 746 1419 gamus
770 1362 910 1407 esse,
943 1345 1023 1397 vt-l
1081 1350 1430 1411 peccatorum
1460 1352 1475 1392 :
1514 1344 1567 1390 et
1593 1350 1734 1390 nunc
1781 1336 2003 1389 laudare
2034 1332 2136 1387 Do-

559 1440 792 1503 minum,
824 1450 967 1489 nunc
995 1448 1212 1488 movere
1236 1430 1467 1486 Domino
1490 1431 1863 1498 quaestionem,
1897 1435 1954 1481 et
1983 1440 2137 1479 suam

563 1530 782 1599 culpam
840 1527 1045 1581 referre
1112 1524 1163 1577 in
1215 1521 1408 1576 Deum.
1476 1518 1627 1573 Unde
1652 1527 1706 1573 et
1765 1528 1885 1588 post
1946 1526 2142 1571 caetera

562 1624 724 1678 etiam
759 1622 861 1675 hoc
894 1619 1235 1688 loquuntur:
1271 1615 1449 1679 Quare
1470 1628 1649 1667 errare
1683 1627 1776 1665 nos
1803 1610 1995 1678 fecisti,
2037 1609 2145 1665 Do-

563 1710 722 1774 mine,
749 1707 813 1761 de
837 1708 934 1761 uiis
958 1706 1087 1769 tuis,
1117 1702 1200 1758 vel
1235 1700 1499 1757 sedumisti
1531 1715 1622 1753 nos
1653 1698 1719 1752 de
1764 1698 1850 1751 uia
1901 1706 1995 1751 tua
2015 1714 2034 1753 :
2062 1699 2146 1752 in-

2228 509 2409 561 dinetn
2444 507 2564 577 ejus
2616 515 2671 561 et
2707 506 3147 577 contemplemur
3191 505 3402 576 gloriam
3444 505 3716 579 Unigenitia

2228 597 2410 661 Patre,
2445 597 2660 666 plenum
2702 597 2889 668 gratia:
2919 604 2974 651 et
2999 596 3245 651 veritatis
3269 594 3439 661 (Joan.
3481 598 3534 667 t).
3559 598 3621 653 De
3640 619 3718 669 quo

2229 692 2283 743 in
2319 691 2423 745 hoc
2450 692 2641 743 eodem
2668 689 2933 757 propheta
2968 687 3205 742 dicitur:
3246 686 3310 740 In
3357 687 3607 742 novissimis
3640 693 3721 745 die-

2230 782 2326 835 bus
2362 781 2673 848 manifestus
2706 780 2805 833 erit
2839 795 2986 832 mons
3014 777 3229 831 Domini
3258 777 3385 843 (Isa.
3417 794 3471 844 ll,
3497 780 3564 849 2).
3591 781 3649 835 De
3677 800 3723 836 eo

2233 884 2413 928 autem
2450 874 2589 945 quod
2623 887 2785 939 supra
2829 872 3061 942 positum
3121 880 3243 927 est:
3280 870 3449 935 Quare
3471 888 3622 926 errare
3655 890 3724 927 nos

2234 968 2406 1038 fecisti
2426 966 2570 1034 (lsa.
2608 980 2762 1030 unt,
2788 965 2926 1035 l7)?
2964 978 3072 1034 quo
3101 978 3264 1018 sensu
3313 963 3639 1033 accipiendum
3658 967 3722 1029 sit,

2236 1060 2549 1131 plenissime
2582 1058 2742 1112 docet
2778 1057 3083 1113 Jeremias:
3132 1055 3394 1111 Seduzisti
3422 1071 3512 1123 me,
3538 1057 3725 1122 Domine,

2234 1162 2281 1204 et
2315 1153 2560 1204 seductus
2588 1164 2736 1203 sum:
2764 1149 2998 1215 tenuisti,
3042 1157 3090 1202 et
3141 1149 3354 1217 potuisti
3383 1147 3482 1219 [ΔΙ.
3533 1149 3727 1221 posuisti]

2236 1242 2460 1313 (Jerem.
2490 1259 2580 1304 xx,
2619 1240 2693 1313 7).
2721 1242 2855 1295 Dum
2882 1241 3025 1295 enim
3060 1239 3190 1295 mihi
3214 1240 3531 1294 clementiam
3557 1241 3726 1310 pollice.

2243 1338 2341 1401 ris,
2370 1346 2423 1389 et
2446 1336 2595 1404 quasi
2628 1335 2939 1389 misericors
2969 1344 3124 1403 pater
3166 1332 3465 1387 dissimulas
3511 1334 3730 1395 duritiam,

2241 1439 2295 1485 et
2322 1428 2515 1484 artil‘ex
2549 1429 2791 1483 medicus
2812 1426 3100 1482 abscondis
3150 1426 3349 1479 ferrum
3405 1427 3733 1485 acutissimum,

2245 1538 2313 1576 tte
2352 1530 2704 1589 aegrotantem
2747 1530 2953 1574 terrens
2976 1528 3265 1587 antequam
3300 1532 3467 1581 cures,
3507 1517 3648 1571 iecisti
3674 1535 3734 1569 una

2246 1614 2641 1685 negligentem;
2689 1620 2910 1680 propter
2938 1612 3080 1682 quod
3126 1619 3180 1664 et
3219 1609 3286 1665 de
3332 1608 3600 1664 Jerusalem
3642 1611 3737 1665 dicit

2249 1704 2428 1760 Deus:
2462 1702 2596 1758 Ecce
2641 1720 2734 1772 ego
2762 1704 3010 1757 seducam
3050 1717 3186 1766 eam,
3221 1709 3271 1754 et
3290 1716 3473 1768 ponam
3508 1716 3608 1755 eain
3629 1702 3741 1769 quasi

562 1799 772 1853 dum“!
819 1812 911 1850 cor
967 1801 1212 1848 ποδιηιπῑ
1263 1805 1327 1844 πο
1378 1789 1679 1843 timerem"!
1733 1795 1782 1842 ιε
1805 1786 1832 1841 9
1855 1784 1973 1842 Non
2031 1802 2138 1857 quo
2172 1786 2214 1841 Β
2240 1797 2833 1861 desertum,etstatuum
2855 1810 2967 1847 eam
2990 1793 3121 1847 sicut
3157 1800 3355 1845 terram
3376 1793 3553 1860 absque
3574 1794 3739 1856 aquis',

564 1893 713 1949 Deus
744 1889 948 1946 erroris
992 1899 1157 1942 causa
1215 1885 1289 1939 sit
1320 1892 1378 1938 et
1425 1879 1661 1947 duritia,
1694 1879 1789 1935 sed
1839 1894 1949 1947 quo
1999 1879 2143 1934 illius

540 1984 857 2058 .patientia,
915 1990 1155 2035 nostram
1184 1974 1555 2045 exspectantis
1586 1973 1839 2039 salutem,
1866 1972 1993 2025 dum
2036 1986 2143 2029 non

570 2074 797 2144 corripit
826 2071 1227 2139 delinquentes,
1258 2080 1423 2121 causa
1463 2064 1669 2129 erroris
1713 2063 2039 2132 durititeqne
2071 2063 2150 2116 vi—

570 2169 779 2220 deatur.
810 2160 968 2218 Unde
998 2158 1322 2230 quibusdam
1357 2155 1713 2211 vehementer
1747 2156 1943 2216 iratus,
1974 2170 2000 2208 a
2030 2168 2150 2225 per-

569 2252 823 2308 cutiendo
856 2265 1074 2304 manum
1099 2245 1405 2317 suspendit,
1435 2256 1491 2301 et
1539 2247 1775 2317 loquitur
1805 2263 1820 2301 :
1876 2245 1999 2301 Non
2027 2248 2149 2302 visi-

570 2346 692 2400 tabo
716 2360 872 2413 super
892 2342 1037 2411 ﬁlias
1062 2348 1262 2395 vestras
1282 2355 1401 2393 cum
1424 2339 1622 2408 fuerint
1650 2339 1953 2409 fornicatte,
1983 2350 2031 2395 et
2062 2358 2153 2395 su-

570 2456 660 2507 per
682 2453 901 2507 sponsas
930 2445 1126 2491 vestras
1148 2451 1266 2503 cum
1304 2434 1720 2489 adulteraverint
1747 2435 1903 2505 (Osee
1939 2450 2013 2502 tv,
2039 2436 2147 2503 Η).

570 2527 832 2598 Flagellat
865 2526 1009 2581 enim
1042 2539 1261 2581 omnem
1315 2522 1482 2578 lilium
1533 2537 1691 2591 quem
1734 2522 1952 2593 recipit,
1982 2531 2037 2577 et
2084 2525 2151 2578 ad

572 2623 673 2676 hoc
713 2619 949 2690 percutit
997 2627 1055 2672 ut
1086 2618 1337 2672 emendet
1380 2614 1561 2685 (Hebr.
1616 2614 1737 2686 xu).
1793 2616 2034 2684 Denique
2059 2615 2151 2686 qui

571 2725 914 2782 nequaquam
973 2708 1204 2764 ﬁliorum
1261 2706 1578 2761 vocabulum
1628 2705 2001 2774 perdiderunt,
2059 2705 2154 2761 sed

574 2819 673 2874 per
701 2817 891 2874 poenas
945 2801 1303 2856 retrahuntur
1366 2800 1433 2853 ad
1465 2798 1865 2867 pmnitentiam,
1921 2797 2053 2852 dicit
2090 2798 2156 2852 de

575 2896 657 2952 eis
686 2911 702 2950 :
740 2892 977 2949 Visitabo
1011 2892 1063 2946 in
1095 2894 1244 2961 uirga
1271 2891 1578 2959 iniquitates
1618 2905 1825 2952 eorum,
1859 2898 1908 2943 et
1944 2891 1996 2945 in
2050 2889 2156 2958 ﬂa-

572 2983 723 3057 gellis
749 2993 966 3053 peccata
1027 2997 1247 3035 eorum:
1277 2978 1701 3036 misericordiam
1763 2987 1939 3035 autem
1986 2994 2158 3034 meam

577 3092 683 3131 non
713 3074 959 3144 auferam
989 3073 1050 3126 ab
1073 3072 1148 3126 eis
1197 3069 1377 3141 (Psal.
1412 3084 1680 3132 Lxxxvm,
1726 3069 1840 3139 35).
1888 3069 1981 3125 Est
2011 3073 2155 3125 enim

578 3167 798 3224 tristitia
829 3180 950 3235 quae
983 3166 1132 3220 ducit
1156 3164 1222 3218 ad
1256 3162 1444 3226 vitam,
1470 3172 1520 3220 et
1553 3170 1638 3218 est
1666 3162 1879 3217 tristitia
1906 3177 2026 3233 quae
2057 3163 2155 3217 du-

577 3261 653 3315 cit
717 3257 783 3313 ad
848 3266 1099 3311 mortem.
1158 3251 1314 3310 Unde
1396 3263 1451 3309 et
1494 3262 1749 3323 peccator
1812 3253 2051 3325 loquitur
2099 3255 2152 3309 in

580 3350 823 3422 psalmo:
865 3347 1138 3401 Declinare
1166 3344 1342 3415 fecisti
1371 3348 1589 3401 semitas
1621 3353 1832 3402 nostras
1860 3363 1893 3400 a
1921 3347 2006 3400 via
2038 3357 2154 3410 tua,

576 3451 627 3496 et
654 3437 949 3494 Itumiliasti
982 3453 1073 3492 nos
1097 3439 1150 3490 in
1180 3439 1293 3491 loco
1326 3437 1623 3509 aﬁiictionis
1651 3436 1826 3508 (Psal.
1860 3452 2017 3507 xutt,
2043 3439 2151 3509 l9).

580 3535 647 3590 Et
672 3528 773 3605 per
812 3533 1167 3604 quadraginta
1198 3547 1370 3589 annos
1399 3545 1547 3588 errat
1573 3532 1806 3604 populus
1833 3533 1887 3587 in
1911 3533 2155 3598 deserto;

582 3639 641 3682 ιιι
675 3630 911 3698 priorem
971 3625 1111 3678 viam
1160 3639 1268 3679 non
1324 3626 1587 3692 inveniat,
1619 3641 1718 3681 nec
1750 3625 1816 3679 ad
1874 3624 2158 3698 IEgyptios

583 3729 889 3774 revertatur
911 3716 1103 3789 (Num.
1146 3717 1341 3787 sxxn).
1377 3714 1434 3771 in
1462 3717 1602 3774 Osee
1626 3733 1844 3788 quoque
1872 3719 2158 3788 sepiuutur

582 3814 788 3868 semita:
816 3810 1142 3875 Jerusalem,
1176 3820 1232 3866 et
1257 3811 1584 3866 clauduntur
1611 3811 1818 3882 spinis;
1853 3826 1919 3867 ne
1967 3826 2160 3880 sequa-

584 3915 676 3959 tur
696 3916 972 3959 amatores
992 3918 1141 3969 suos,
1169 3913 1224 3958 et
1243 3903 1567 3959 necessitate
1591 3903 1886 3973 compulsa,
1920 3913 2159 3957 reverta-

584 4007 674 4053 tur
696 3998 763 4051 ad
790 3999 962 4051 virum
988 4011 1145 4050 suum
1169 3996 1454 4066 pristinmn
1483 3994 1638 4066 (Osee
1668 4000 1751 4066 tt).
1778 3996 1843 4050 Et
1867 3996 2162 4052 Pharaonis

584 4090 787 4144 dicitur
818 4088 963 4144 Deus
994 4089 1279 4142 indurasse
1325 4102 1443 4153 cor,
1473 4103 1539 4142 ne
1561 4086 1857 4141 dimitteret
1908 4089 2161 4158 populum

582 4184 727 4253 ejus,
760 4194 815 4238 et
849 4191 908 4237 ut
953 4185 1140 4237 decem
1195 4181 1367 4251 plagis
1421 4180 1749 4251 alliigeretur
1808 4180 2003 4252 (Exod.
2063 4183 2164 4252 ιν),

585 4280 761 4342 Quam
793 4274 1146 4343 quaestionem
1189 4272 1603 4342 diligentissime
1657 4271 1860 4327 Paulus
1900 4274 2166 4330 disseruit

564 4368 659 4420 'ad
685 4365 963 4421 Romanos
1019 4363 1196 4434 (Rom.
1232 4366 1330 4431 ts).
1365 4361 1430 4418 Et
1467 4377 1563 4418 nos
1608 4364 1663 4418 in
1711 4365 1943 4433 quodam
2004 4379 2168 4433 opere

584 4459 1008 4528 perstrinximus
1039 4458 1083 4509 ⁸.
1113 4456 1439 4524 Convertere,
1491 4457 1585 4520 ait,
1621 4456 1862 4523 Domine,
1888 4459 2002 4511 sive
2042 4473 2166 4511 cou-

588 4560 736 4605 certe
767 4564 859 4602 nos
892 4556 1104 4618 propter
1142 4563 1316 4602 servos
1367 4556 1508 4612 tuos,
1558 4546 1831 4602 Abraham
1882 4558 1936 4602 et
1982 4549 2168 4615 Israel,

588 4647 684 4715 qui
721 4657 827 4695 non
861 4648 1234 4709 cognoverunt
1272 4652 1392 4705 nos,
1425 4638 1509 4693 vel
1546 4654 1683 4708 quos
1713 4655 1834 4694 esse
1858 4639 1937 4692 ~in
1973 4640 2170 4709 populo

586 4738 888 4791 credimus.
928 4733 1093 4800 Quasi
1130 4733 1195 4786 ad
1231 4732 1366 4786 nihil
1421 4729 1563 4785 enim
1613 4742 1666 4786 et
1704 4732 1907 4800 absque
1960 4732 2067 4786 ullo
2096 4732 2173 4785 la-

588 4827 729 4883 bore
758 4824 1011 4895 populum
1045 4834 1195 4876 tuum
1227 4830 1478 4877 sanctum
1517 4820 1880 4892 possederunt
1920 4822 2173 4876 adversa-

592 4920 657 4974 rii
693 4916 881 4973 nostri.
925 4916 1050 4970 Sive
1075 4914 1242 4985 758
1270 4925 1527 4968 converte
1582 4928 1708 4978 nos,
1738 4924 1819 4980 ut,
1871 4913 2025 4984 juxta
2073 4913 2174 4969 Se-

592 5016 905 5082 pluao'ittla,
941 5010 1218 5077 paululum
1245 5007 1624 5077 possideatnus
1652 5010 1854 5061 montis
1877 5009 2047 5062 sancti
2075 5009 2173 5077 tui,

589 5107 720 5174 quia
756 5113 922 5159 totum
960 5113 1199 5158 montem
1228 5111 1380 5156 tuum
1414 5100 1691 5155 possidere
1733 5114 1837 5154 non
1864 5115 2174 5168 possumus,

675 5257 690 5286 ¹
717 5254 775 5308 In
801 5255 1025 5324 quodam
1059 5272 1209 5322 opere
1252 5254 1673 5323 perstrinximus.
1700 5253 1959 5323 lntcliigit
1978 5256 2179 5324 episto-

598 5327 706 5380 lam
766 5327 1006 5378 Hettittue
1058 5338 1356 5393 scriptam;
1416 5341 1537 5377 nam
1588 5326 1889 5392 quaestione
1940 5326 2005 5378 ll)
2040 5327 2178 5380 hanc

599 5400 892 5451 edissermt
932 5397 1345 5465 dtllicultatt-tn.
1386 5394 1555 5447 Porro
1613 5399 1664 5447 in
1713 5395 1941 5461 epistola
2006 5398 2180 5465 prima

601 5470 856 5521 Ecclesiae
911 5467 1279 5533 Lugdunensis
1322 5464 1389 5517 de
1440 5465 1926 5519 Prmdestiuatione
1984 5464 2180 5520 eontra

604 5548 714 5591 tres
741 5537 1009 5606 Epistolas
1062 5537 1302 5603 ejusdem
1361 5540 1611 5589 nionacht
1649 5551 1738 5603 qut
1768 5550 1885 5588 eant
1921 5540 2181 5603 quaestio-

602 5622 723 5661 nem
776 5617 1040 5671 moverat,
1098 5608 1298 5657 dttitur
1356 5607 1442 5658 ille
1496 5608 1801 5658 monachus
1864 5607 2177 5674 opinionem

602 5694 751 5744 etiam
785 5681 997 5730 luistsse
1037 5677 1366 5728 auctoritate
1401 5677 1540 5728 beati
1574 5674 1910 5744 Hieronymi,
1951 5678 2003 5727 in
2038 5677 2179 5730 libro

601 5748 670 5799 de
696 5743 1042 5801 lnduratione
1072 5744 1253 5801 cordis
1303 5744 1630 5812 Pharaonis,
1664 5743 1826 5815 quem
1883 5746 2176 5823 genuinum

984 5935 1031 5955 “·ς

2245 1900 2294 1941 et
2325 1889 2511 1958 loquar
2546 1888 2614 1942 ad
2662 1903 2753 1940 cor
2804 1886 2920 1955 ejus
2948 1903 2969 1943 .'
3005 1894 3056 1939 et
3111 1884 3253 1939 dabo
3303 1882 3622 1952 possessiones
3660 1884 3741 1949 ejus

2247 1980 2390 2044 inde,
2415 1991 2460 2033 et
2484 1976 2669 2034 uallem
2710 1979 2882 2032 Achar
2908 1978 2976 2029 ad
3030 1978 3370 2047 aperiendum
3415 1974 3740 2043 intelligentiam

2250 2073 2407 2143 (Osee
2434 2089 2472 2137 ι,
2502 2073 2585 2135 ll,
2617 2071 2726 2143 15).
2750 2071 3168 2127 Cousitleretnus
3190 2067 3433 2124 ordinem
3455 2067 3742 2136 singulorum:

2250 2163 2461 2218 seducit
2486 2177 2628 2228 eam,
2663 2173 2715 2215 et
2737 2160 2867 2216 facit
2890 2175 3012 2216 esse
3037 2163 3333 2226 desertam,
3356 2168 3409 2213 et
3428 2157 3606 2227 absque
3625 2171 3742 2225 aqua,

2254 2266 2311 2310 ut
2342 2258 2601 2310 virtutum
2632 2255 2879 2325 patiatur
2900 2253 3069 2312 sitim.
3095 2253 3225 2320 Quae
3261 2262 3532 2323 postquam
3562 2250 3741 2305 dixerit:

2254 2347 2433 2403 Sitiuit
2459 2349 2514 2403 in
2540 2356 2586 2402 te
2618 2349 2799 2400 anima
2834 2361 2970 2412 mea,
3002 2363 3157 2415 quam
3187 2344 3536 2413 multipliciter
3561 2342 3640 2396 tibi
3661 2358 3743 2395 cura

2255 2453 2369 2493 mea
2410 2437 2578 2509 (Psal.
2606 2455 2714 2504 su,
2741 2439 2820 2508 ἓ),
2860 2450 2988 2493 tunc
3035 2438 3289 2508 loquetur
3335 2436 3401 2491 ad
3454 2450 3541 2491 cor
3585 2434 3748 2505 ciustt

2256 2530 2532 2600 lugentem
2574 2530 2967 2585 consolabitur.
3020 2526 3088 2582 Et
3136 2528 3290 2583 dabit
3326 2527 3376 2581 ei
3427 2528 3711 2595 possessione
3729 2544 3749 2573 ιι

2256 2625 2401 2688 inde,
2435 2623 2536 2678 hoc
2560 2635 2665 2689 est,
2695 2626 2760 2678 de
2784 2623 3103 2693 paenitentia
3131 2632 3185 2675 et
3208 2636 3442 2677 tttterore
3459 2620 3541 2690 qui
3561 2630 3753 2688 operatur

2252 2716 2505 2771 salutem.
2541 2715 2602 2771 Et
2642 2714 2919 2768 humilitas
2973 2714 3284 2769 conturbati
3334 2713 3507 2768 cordis
3531 2712 3631 2780 ejus
3666 2709 3755 2778 (hoc

2256 2807 2400 2860 enim
2444 2806 2836 2876 interpretatur
2890 2805 3044 2859 vallis
3077 2804 3280 2870 Achor)
3318 2803 3484 2870 aperit
3522 2801 3758 2869 intelligcn-
3848 2844 3849 2847 η

2261 2900 2411 2963 tiam,
2443 2912 2509 2952 ne
2544 2899 2757 2968 ignoret
2779 2897 3092 2952 Creatorem
3126 2911 3309 2949 suum.
3363 2894 3561 2956 Hostes,
3587 2896 3667 2954 ait,
3692 2908 3759 2943 no-

2260 2992 2358 3044 stri
2383 2990 2818 3043 conculcaverunt
2843 2990 3207 3041 sanctuarium
3237 2999 3411 3040 tuum.
3435 2983 3567 3038 Haud
3586 2983 3756 3036 dubiqu

2262 3085 2390 3149 quin
2427 3082 2707 3152 Templum
2736 3080 3026 3150 signiticet,
3068 3080 3210 3149 quod
3265 3081 3496 3134 victores
3546 3076 3762 3130 calcavere

2260 3173 2514 3229 Romani.
2546 3173 2613 3225 Et
2642 3172 2772 3227 facti
2796 3187 2985 3227 sumus
3003 3185 3147 3227 stcut
3177 3172 3231 3226 iu
3258 3170 3513 3242 principio
3536 3178 3758 3234 antequam

2262 3278 2583 3319 vocaremur
2610 3264 2663 3318 in
2698 3262 2995 3330 Abraham,
3026 3274 3079 3318 et
3126 3263 3255 3317 dum
3287 3276 3523 3318 essemus
3548 3261 3593 3315 in
3641 3252 3764 3325 Egy-

2263 3367 2376 3427 pto,
2414 3371 2526 3419 non.
2549 3356 2808 3411 habentes
2840 3356 3034 3422 Deum,
3070 3371 3170 3410 nec
3203 3371 3381 3428 reges,
3416 3369 3511 3408 nec
3538 3350 3762 3421 principes.

2262 3464 2363 3504 nec
2414 3450 2730 3519 prephetas,
2761 3464 2861 3504 nec
2891 3449 3060 3518 legem
3113 3453 3492 3503 mandatorum
3538 3444 3617 3499 Dei
3660 3439 3765 3509 (Om

2265 3545 2374 3607 tu),
2408 3553 2526 3608 qua:
2558 3540 2742 3594 omnia
2774 3550 2897 3609 post
2925 3540 3239 3611 passionem
3273 3539 3535 3610 completa
3568 3545 3672 3590 sunt
3693 3532 3765 3584 Do-

2265 3632 2421 3695 mini,
2453 3631 2721 3702 hodieque
2748 3632 3112 3701 complentur.
3162 3630 3473 3688 Dieentibns
3500 3628 3625 3682 enim
3655 3623 3765 3679 illis:

2266 3723 2497 3795 Sanguis
2525 3725 2639 3795 ejus
2670 3740 2826 3788 super
2852 3742 2968 3789 nos,
2997 3734 3047 3781 et
3067 3740 3223 3795 super
3241 3725 3383 3795 filios
3399 3718 3765 3791 nostroswattt.

2271 3833 2445 3882 xxvii,
2464 3816 2583 3887 25),
2613 3826 2793 3870 manet
2813 3815 3119 3892 maledictio
3153 3817 3499 3886 sempiterna,
3527 3823 3575 3867 et
3595 3826 3680 3865 non
3700 3808 3768 3861 do-

2280 3914 2524 3966 minatur
2541 3925 2728 3965 eorum
2760 3908 2923 3973 Deus,
2956 3923 3131 3979 neque
3159 3908 3445 3963 invocatur
3472 3919 3641 3960 nomen
3663 3900 3769 3954 illius

2269 4018 2436 4073 super
2455 4017 2570 4067 eos,
2590 4002 2720 4057 dum
2742 4015 3083 4073 nequaquam
3110 4000 3204 4055 Dei
3232 3999 3459 4071 populus
3481 4005 3771 4064 nuncupatur.

2341 4096 2494 4167 (Cal)-
2511 4093 2694 4149 LXIV.
2711 4123 2775 4137 -ο
2790 4091 2944 4149 Vcrs.
2966 4093 2989 4146 l
3012 4092 3190 4163 seqq.)
3208 4110 3227 4144 ι
3254 4090 3470 4147 Utinam
3483 4090 3773 4151 diSrttntperrs

2270 4191 2441 4243 ctelos
2463 4199 2517 4243 et
2538 4187 2940 4242 descenderes:
2968 4199 2997 4238 a
3021 4180 3160 4239 facie
3179 4192 3272 4238 tua
3297 4194 3501 4238 montes
3520 4177 3774 4236 deﬂuerent.

2272 4280 2435 4352 759
2458 4278 2611 4334 Sicut
2634 4278 2850 4333 exustio
2869 4275 3009 4347 ignis
3039 4278 3409 4339 tabescerent,
3430 4287 3571 4344 aquae
3586 4270 3778 4325 arderent

2274 4374 2403 4441 igni,
2439 4383 2499 4425 ut
2536 4381 2725 4425 notum
2759 4367 2919 4423 ﬁeret
2959 4382 3156 4423 nomen
3182 4379 3332 4421 tuum
3365 4364 3585 4422 inimicis
3611 4362 3697 4415 luis
3720 4370 3733 4413 :
3757 4370 3776 4405 8

2202 4492 2246 4547 ι)
2274 4463 2413 4516 lacie
2448 4474 2537 4516 tua
2567 4474 2758 4531 gentes
2776 4464 3147 4515 turbarentur.
3182 4457 3319 4512 Cum
3346 4459 3532 4513 ieceris
3555 4450 3779 4508 intrabiiia.

2275 4570 2380 4607 non
2412 4551 2797 4607 sustinebimus
2825 4548 3211 4620 :desceudisti,
3232 4562 3285 4604 et
3316 4546 3499 4617 aiiacie
3527 4549 3780 4611 tuaftuontcs

2288 4642 2681 4698 deﬂuxerunt.»
2706 4641 2881 4697 LXX:
2927 4662 2943 4694 ι
2983 4642 3040 4697 Si
3075 4641 3357 4714 aperueris
3394 4639 3598 4701 (telum,
3631 4642 3780 4686 tremor

2278 4735 2646 4804 apprehendet
2670 4750 2733 4788 ex
2775 4745 2825 4788 te
2864 4744 3111 4787 montes:
3142 4742 3200 4787 et
3226 4732 3519 4802 liquescent
3553 4730 3780 4781 sicutcm

2278 4844 2307 4881 a
2329 4828 2467 4881 facie
2486 4828 2625 4898 ignis
2651 4826 2920 4895 liquescit,
2946 4835 3000 4880 et
3015 4824 3295 4889 con.buret
3313 4824 3451 4893 ignis
3473 4825 3780 4876 adversarius:

2278 4930 2332 4974 et
2365 4918 2739 4974 inanislestutn
2773 4918 2881 4971 erit
2924 4930 3119 4970 nomen
3152 4925 3304 4968 tuutn
3333 4915 3385 4968 in
3413 4910 3735 4967 adtersatiisz
3763 4916 3783 4951 ³

2280 5011 2418 5065 {acie
2452 5017 2542 5063 tua
2573 5018 2762 5080 gentes
2792 5007 3178 5062 turbabuntur.
3204 5004 3342 5061 Cum
3368 5004 3555 5061 ieceris
3583 5000 3784 5068 gloriosa,

2282 5113 2476 5157 tremor
2536 5100 2909 5171 appreheudet
2936 5115 3000 5155 ex
3028 5108 3082 5153 te
3108 5108 3341 5153 montes.
3373 5114 3393 5148 ι
3432 5091 3670 5161 Quoniam
3712 5084 3783 5136 hu-

2282 5272 2404 5311 esse
2431 5273 2495 5310 es
2544 5257 2648 5309 hoc
2702 5256 2822 5308 loco
2870 5252 3152 5323 probabat.
3215 5250 3338 5323 Haec
3393 5239 3785 5323 autemgepistufat

2285 5310 2485 5394 scripta
2515 5329 2659 5380 circa
2712 5310 2910 5378 annum
2969 5324 3179 5379 Domini
3211 5322 3339 5387 8&5,
3375 5327 3546 5376 exstat
3568 5321 3616 5371 in
3640 5310 3792 5365 bibitu-

2287 5401 2440 5452 theca
2478 5396 2722 5450 Patrum.
2761 5396 3035 5449 ΜΑίιτιΑΝ.

2359 5469 2378 5497 ²
2418 5467 2620 5520 Victor.
2654 5466 2857 5528 isthmc,
2891 5477 3120 5518 statuam
3151 5478 3266 5516 eam
3294 5464 3425 5515 sicut
3443 5469 3620 5511 terram
3643 5453 3789 5528 absque

2287 5538 2459 5608 aquis.
2488 5540 2695 5604 adjecta
2733 5526 3026 5597 existimat,
3088 5537 3163 5586 uti
3199 5535 3599 5608 praecedctt_tt_ttt_u
3648 5526 3790 5608 τωςυίξς

2290 5593 2407 5661 rum
2434 5593 2843 5676 expositionem,
2886 5593 3145 5676 Cttlthlltin
3193 5593 3349 5676 modo
3394 5618 3442 5653 tit
3470 5594 3618 5657 LXX,
3643 5593 3789 5676 setl't’i

2290 5681 2343 5732 in
2382 5662 2608 5730 l‘leb'rmo
2634 5693 2699 5730 ac
2731 5662 2953 5745 Vulgata
3008 5673 3200 5729 Latina
3235 5674 3454 5729 desint:
3492 5680 3637 5737 atque
3689 5662 3789 5712 ad“

2292 5764 2389 5818 pro
2417 5759 2464 5801 et
2499 5748 2779 5816 rescripsit
2810 5748 2864 5798 ia
2896 5758 2995 5800 est.
