3902 6182
213 307 330 372 645

719 319 1216 384 COMMENTAR.
1264 321 1350 384 ΙΝ
1392 321 1659 386 lSAIAM
1700 323 2165 386 PROPHEI‘AM
2208 328 2360 389 ΗΕΒ.
2394 330 2584 410 XVII,
2617 333 2784 399 CAP.
2818 336 3023 399 LXIV.

3387 338 3494 399 646

213 432 339 475 stes
365 422 535 476 nostri
585 428 1042 484 concttlcavernnt
1073 435 1447 489 sanctuarinm
1513 445 1693 501 tuum,
1745 447 1798 491 et
1833 447 1873 502 Α
1931 435 1997 513 ad
2032 437 2286 513 salutem.
2319 441 2569 512 Cumque
2595 448 2862 501 mirabilia
2895 447 3108 513 fecerit,
3142 456 3197 503 et
3229 451 3490 506 ostende-

212 508 351 564 ἷκιί
386 526 577 569 sumus
610 518 765 586 quasi
802 520 854 572 in
892 522 1186 591 principio,
1230 527 1451 595 quando
1488 543 1595 581 non
1639 528 1799 585 invo-

209 603 451 656 cabatur
484 620 683 662 nomen
712 618 859 664 tuum
895 626 1062 682 super
1099 632 1238 673 nos:
1284 628 1566 687 propterea
1609 624 1801 691 depre-

205 707 411 747 camur
445 705 501 749 et
537 698 806 755 dicimus:
858 702 1077 758 Utinam
1126 710 1483 779 disrumperes
1526 714 1700 777 cretae,
1749 722 1801 768 et

204 785 555 842 desceitderes
583 807 599 856 ;
633 800 687 845 et
711 795 802 863 qui
825 809 1038 866 semper
1078 801 1431 869 proruitteris,
1472 815 1524 857 tu
1553 805 1802 876 aliquan-

205 876 285 930 do
321 879 594 946 promissa
628 886 956 954 compleres.
988 886 1105 943 Hoc
1125 902 1304 946 autem
1338 908 1404 949 eo
1438 905 1683 963 tempore
1710 896 1799 951 di-

202 970 465 1038 cebatur,
507 979 728 1042 quando
761 981 990 1035 necdum
1024 982 1281 1039 Salvator
1324 991 1640 1054 advenerat,
1696 1005 1799 1044 nec

203 1063 278 1116 de
311 1074 469 1118 utero
500 1066 751 1135 virginali
793 1080 1003 1129 natura:
1035 1086 1234 1131 nostra:
1268 1090 1430 1146 atque
1481 1082 1798 1136 substantiae

200 1168 586 1223 assumpserat
611 1162 884 1217 hcininem
913 1179 1075 1233 quem
1106 1170 1378 1223 salvarct:
1415 1176 1479 1223 ut
1501 1172 1640 1225 sicut
1673 1188 1797 1241 por-

198 1246 442 1300 tavimus
470 1248 760 1317 imaginem
788 1258 1011 1322 terreni,
1042 1268 1311 1325 portemus
1365 1263 1651 1333 imaginem
1700 1281 1794 1319 su-

199 1339 599 1405 percwlestisll
630 1343 756 1398 Cor.
783 1347 999 1417 xv,49).
1024 1348 1177 1415 Quod
1196 1353 1239 1405 si
1270 1354 1496 1419 faceres,
1523 1355 1792 1425 inquiunt,

200 1438 260 1481 et
294 1432 652 1499 aperirentur
685 1434 833 1498 (mli,
864 1437 984 1491 sive
1009 1438 1232 1506 corium,
1261 1441 1327 1493 ad
1361 1443 1658 1496 adventum
1680 1458 1794 1496 ma-

197 1519 428 1586 iestatis
459 1532 564 1579 tum
602 1535 815 1582 montes
867 1529 1186 1597 deﬂuerent,
1223 1533 1308 1587 vel
1362 1542 1565 1589 tremor
1594 1549 1792 1604 appro-

205 1613 479 1669 uenderet
505 1628 741 1685 montes,
779 1630 835 1675 et
882 1636 1365 1690 consumerentur,
1391 1627 1536 1682 sicut
1586 1643 1714 1683 cera
1756 1642 1787 1683 a

205 1703 357 1760 facie
387 1707 528 1777 ignis
563 1713 931 1768 consumitur.
993 1714 1064 1771 Et
1118 1718 1394 1774 Ezechieli
1439 1725 1613 1791 aperti
1662 1731 1791 1777 sunt

1905 508 1977 561 rit
2005 507 2159 578 signa
2187 511 2239 563 in
2275 507 2601 582 Evangelio.
2653 533 2775 585 qua:
2810 507 3370 586 quondam'osteudit
3431 525 3484 576 ιιι
3535 595 3544 602 υ

1901 596 2134 670 ιΕε)’βιο
2160 612 2215 658 et
2246 604 2300 658 in
2337 607 2654 675 solitudine,
2698 610 3115 668 conﬁtebuntur
3150 628 3213 668 se
3254 612 3483 683 gloriam

1902 694 2169 748 adventus
2198 696 2319 764 ejus
2354 698 2501 754 ferre
2541 715 2652 755 non
2706 718 2889 770 posse,
2955 704 3072 759 sive
3104 707 3247 772 quod
3282 716 3485 759 tremor
3542 711 3553 749 ἰ

1900 786 2324 855 apprehenderit
2343 803 2573 849 montes.
2595 794 2937 867 Pulchreque
2953 797 3107 867 juxta
3132 798 3481 864 Hebraicutu,

1901 880 2062 946 quasi
2098 883 2342 936 exauditi
2372 896 2555 941 essent
2583 888 2673 957 qui
2707 904 2872 959 supra
2920 890 3138 945 fuerant
3169 893 3479 959 deprecati:

1900 968 2116 1024 Utinam
2141 972 2491 1043 disrumpens
2520 979 2675 1033 caelos
2709 991 2759 1034 et
2774 982 3132 1045 descenderes,
3168 999 3199 1035 a
3229 982 3368 1049 [acie
3389 992 3481 1034 tua

1899 1072 2104 1117 montes
2153 1065 2468 1134 deﬂuerent,
2535 1083 2721 1139 postea
2791 1056 3069 1130 inferunt:
3124 1075 3473 1139 Descendisti.

1903 1153 2145 1212 Verbum
2178 1174 2307 1214 caro
2345 1160 2547 1216 factum
2580 1178 2661 1226 es,
2686 1174 2739 1219 et
2762 1164 3018 1221 habitasti
3056 1168 3110 1220 itt
3136 1167 3314 1233 nobis,
3347 1181 3475 1222 vere

1896 1247 2236 1318 Emmanuel,
2262 1253 2406 1321 quod
2444 1254 2849 1324 interpretatur
2881 1259 3154 1312 nobiscum
3209 1257 3366 1312 Deus.
3412 1257 3480 1309 Et

1896 1341 2020 1397 ideo
2045 1358 2072 1395 a
2091 1342 2231 1399 facie
2261 1353 2351 1400 tua
2376 1361 2567 1401 omnes
2601 1359 2815 1404 montes
2836 1350 3202 1412 defluxerunt,
3241 1354 3309 1405 de
3354 1350 3479 1420 qui-

1896 1433 1997 1488 bus
2028 1450 2191 1502 supra
2221 1437 2483 1493 diximus.
2522 1437 2734 1494 Hebraai
2769 1442 2912 1497 hunc
2942 1441 3127 1497 locum
3160 1445 3230 1496 ita
3265 1443 3480 1498 edisse-

1897 1535 2055 1581 runt:
2092 1525 2185 1581 Sic
2231 1530 2516 1585 comburat
2548 1531 2689 1600 ignis
2729 1534 2970 1603 iniquos,
3002 1536 3276 1602 quomodo
3315 1552 3474 1604 aqua

1893 1616 2109 1673 fervent
2156 1620 2298 1689 ignis
2338 1622 2576 1691 ardore;
2650 1639 2846 1679 Αιιιθιιι
2905 1625 3143 1698 (avom)
3173 1627 3320 1683 enim
3368 1642 3478 1684 non

1894 1715 2337 1780 consumptionem
2367 1727 2423 1771 ct
2448 1718 2646 1786 tabem,
2667 1728 2723 1773 ιιι
2747 1723 2926 1775 czeteri
2959 1721 3298 1792 interpretati
3323 1733 3474 1790 sunt,

200 1799 363 1862 cadi,
394 1809 449 1855 et
483 1801 614 1856 vidit
641 1805 908 1861 visionem
938 1825 1185 1879 magnam
1219 1812 1436 1879 (Ezech.
1465 1816 1527 1885 t).
1583 1814 1690 1871 Sed
1724 1802 1775 1869 lc:

1892 1803 1986 1857 sed
2017 1804 2221 1873 iniquos
2251 1806 2475 1875 intelligi
2505 1808 2715 1864 volunt.

200 1885 429 1958 Moyses
454 1892 510 1945 in
536 1891 940 1953 Deuteronoutii
993 1899 1470 1960 benedictionibus
1519 1905 1790 1973 impreca-

201 1990 332 2033 tnr:
370 1982 587 2051 Aperiat
620 1986 715 2040 tibi
753 1987 1008 2044 Dominus
1035 1993 1341 2048 thesaurum
1372 2012 1526 2050 suum
1568 1998 1783 2063 bonum,

198 2073 420 2132 calum.
450 2086 506 2128 ut
541 2076 629 2131 det
658 2080 754 2133 tibi
784 2081 1199 2139 benedictionem
1265 2088 1444 2157 (Deut.
1481 2106 1673 2157 xxvm,
1704 2092 1783 2163 8).

198 2162 267 2218 Et
296 2166 354 2219 in
391 2164 685 2239 Evangelio
726 2171 958 2241 (Matth.
998 2175 1084 2246 ιιι)
1142 2176 1384 2249 Baptista
1422 2180 1663 2239 Joannes
1705 2162 1785 2240 vi-

199 2257 356 2315 disse
410 2270 662 2316 narratur
702 2261 815 2335 (At.
840 2269 1094 2341 testatur]
1124 2271 1293 2326 celos
1317 2285 1554 2342 apertos,
1583 2288 1635 2331 et
1663 2277 1791 2345 Spi-

196 2348 374 2403 ritum
404 2360 652 2406 sanctum
684 2370 846 2424 super
879 2358 1165 2415 Dominum
1198 2363 1250 2416 itt
1281 2365 1467 2432 specie
1520 2368 1783 2428 columba:

196 2439 651 2499 descendentem.
686 2444 894 2503 Montes
931 2461 1107 2505 autem
1144 2456 1235 2523 qui
1268 2457 1333 2508 ad
1362 2456 1652 2524 adventum
1684 2462 1788 2518 Do-

197 2531 369 2595 mini,
395 2535 460 2586 de
496 2548 602 2603 quo
642 2538 908 2607 scriptum
968 2551 1086 2596 est:
1124 2543 1261 2598 Deus
1292 2546 1428 2618 ignis
1474 2566 1784 2610 consumens

196 2621 391 2692 (Deut.
423 2637 496 2691 tv,
526 2625 641 2692 24),
671 2627 845 2682 instar
884 2646 1023 2687 cera:
1059 2647 1451 2694 consumeutur
1511 2649 1566 2697 et
1601 2644 1784 2741 ’(ique-

200 2713 336 2741 αλ...
409 2716 736 2741 ..ιι-,Αμηη-ἓ-.
788 2729 1079 2741 ..-ι--.-.,-
1229 2736 1240 2741 -
1336 2737 1345 2741 -
1681 2737 1690 2741 -

199 2713 365 2779 flent,
409 2716 739 2773 adversaria:
786 2729 1084 2790 potestates
1121 2736 1265 2791 sunt,
1297 2737 1351 2782 et
1378 2744 1571 2789 omnes
1601 2713 1692 2804 qui
1726 2750 1785 2790 se

196 2805 423 2877 erigunt
461 2808 749 2864 adversum
786 2814 1073 2869 scientiam
1108 2816 1222 2873 Dei.
1254 2819 1330 2874 De
1358 2823 1558 2890 quibus
1615 2837 1671 2880 et
1728 2828 1782 2882 in

194 2899 555 2972 nonagesimo
572 2911 721 2957 sexto
739 2903 954 2960 Psalmo
979 2910 1197 2964 canitur
1219 2930 1234 2966 :
1266 2911 1430 2980 Vidit,
1452 2930 1499 2967 ει
1524 2928 1783 2973 commota

194 3000 271 3045 est
298 3002 468 3046 terra.
487 2990 687 3048 Montes
710 2995 982 3067 liquefacti
999 3011 1122 3056 sunt
1154 3005 1286 3057 sicut
1311 3007 1430 3061 cera
1456 3025 1487 3061 a
1505 3007 1643 3077 facie
1675 3011 1783 3066 Do-

195 3081 358 3147 mini,
401 3098 433 3135 a
456 3084 598 3151 [acie
622 3083 715 3138 Dei
742 3088 997 3153 universa:
1027 3100 1186 3145 terra:
1220 3092 1390 3163 (Psal.
1425 3109 1571 3159 xcn,
1607 3096 1663 3159 4.
1699 3099 1774 3167 5).
1805 3131 1848 3189 c

196 3172 251 3228 Si
280 3174 433 3228 enim
457 3182 516 3228 tu
542 3176 928 3246 deScenderes,
950 3192 1003 3236 et
1042 3191 1128 3237 tua
1153 3186 1417 3253 promissa
1452 3189 1774 3258 complores,

194 3263 368 3338 760
402 3266 743 3324 tabescerent
780 3271 949 3341 (juxta
976 3272 1386 3348 Symmachum)
1421 3294 1577 3349 aqum
1611 3285 1778 3336 matis

193 3369 248 3412 et
282 3372 506 3414 omnem
534 3360 863 3433 salsuginem
889 3380 1078 3421 earum
1109 3368 1251 3438 ignis
1278 3370 1367 3425 ille
1398 3385 1773 3430 consumeret.

196 3448 271 3507 De
309 3467 423 3522 quo
453 3461 509 3507 et
549 3453 603 3508 in
638 3455 746 3510 alio
786 3456 995 3513 Psalnto
1024 3461 1287 3531 scriptum
1323 3466 1444 3519 est‘
1499 3463 1649 3520 Sicut
1682 3469 1776 3520 de-

189 3544 301 3612 ficit
327 3545 527 3617 fumus,
564 3548 857 3617 deﬁciant:
889 3552 1021 3604 sicut
1048 3556 1379 3607 consumitur
1414 3572 1536 3609 cera
1568 3574 1597 3609 a
1627 3558 1767 3628 facie

192 3637 356 3706 ignis,
378 3637 456 3690 sic
478 3651 692 3706 pereant
725 3653 1023 3709 peccatores
1053 3662 1085 3697 a
1116 3646 1253 3716 facie
1285 3646 1379 3700 Dei
1403 3646 1578 3713 (Psal.
1603 3664 1772 3715 uvu,

189 3723 268 3795 2).
299 3725 370 3783 Et
412 3727 517 3781 hoc
539 3731 833 3784 notandum
867 3733 1010 3800 quod
1042 3749 1165 3789 cum
1204 3751 1362 3805 aqua:
1392 3738 1561 3793 utaris
1591 3741 1773 3793 divino

190 3813 397 3871 fuerint
422 3819 542 3886 igne
569 3832 929 3891 consumptae,
961 3834 1088 3880 tunc
1120 3836 1305 3880 notum
1332 3827 1643 3881 liatnomcn
1676 3829 1773 3882 Do-

191 3909 324 3963 tnini
355 3908 659 3968 Salvatoris
697 3914 934 3971 inimicis
960 3917 1101 3987 ejus.
1145 3917 1220 3974 De
1266 3918 1463 3991 quibus
1513 3923 1565 3978 in
1618 3938 1775 3977 sexa-

187 4005 398 4073 gesimo
431 4006 663 4075 septimo
710 4009 920 4077 psalmo
952 4011 1177 4069 dicitur:
1208 4010 1413 4085 Lingua
1442 4031 1631 4068 canum
1657 3992 1773 4069 tuo!

189 4108 309 4149 rum
348 4110 419 4150 ea:
464 4098 693 4153 inimicis
726 4099 788 4152 ab
818 4101 930 4169 ipso
962 4110 987 4156 tt
1022 4115 1080 4156 ιιι
1138 4119 1297 4173 quem
1331 4105 1608 4161 beneficiis
1662 4125 1767 4161 non

187 4198 496 4254 senserant,
551 4191 699 4246 urbis
729 4208 840 4247 sua:
873 4196 1231 4251 subversione
1260 4207 1314 4252 et
1351 4199 1561 4269 propria
1594 4202 1767 4270 capti-

186 4281 352 4336 vitate
420 4293 772 4353 cognoscant.
831 4285 899 4340 Et
934 4300 963 4339 a
997 4285 1135 4341 facie
1169 4287 1315 4345 illius
1361 4300 1551 4360 gentes
1582 4290 1768 4349 turba-

183 4371 416 4441 buntur,
457 4376 592 4441 sive,
619 4384 677 4430 ut
707 4378 1103 4444 signiﬁcantius
1135 4380 1186 4435 in
1227 4378 1496 4437 llebraico
1546 4385 1765 4451 dicitur,

1962 1893 2145 1963 (Vers.
2174 1899 2228 1955 4.
2261 1898 2342 1967 5.)
2390 1916 2410 1950 ι
2438 1900 2476 1952 Δ
2509 1901 2708 1955 saeculo
2742 1916 2847 1957 non
2914 1906 3249 1958 audierunt:
3290 1918 3469 1975 neque

1888 1987 2118 2042 auribus
2150 2002 2548 2059 perceperunt:
2574 1993 2765 2048 oculus
2800 2009 2908 2050 non
2942 1996 3100 2058 vidit,
3134 1996 3296 2062 Deus,
3325 2000 3451 2053 abs-

1889 2095 1996 2150 que
2030 2093 2083 2137 te
2102 2097 2223 2151 quae
2248 2085 2568 2154 praeparasti
2596 2088 3041 2156 exspectantibus
3066 2096 3136 2143 te.
3168 2086 3470 2144 Occurristi

1888 2173 2089 2228 lmtanti
2119 2183 2174 2230 et
2208 2177 2425 2232 facienti
2453 2176 2720 2245 justitiam
2746 2178 2800 2233 in
2820 2180 2922 2236 viis
2947 2180 3472 2236 luis:recordabun-

1891 2275 1981 2320 tur
2009 2267 2108 2323 tui.
2148 2286 2168 2319 ι
2209 2268 2389 2323 LXX:
2429 2287 2448 2321 ι
2479 2270 2520 2323 Α
2554 2271 2755 2328 saeculo
2779 2287 2887 2349 non
2920 2273 3252 2332 audivimus.
3290 2287 3469 2343 neque

1885 2359 2032 2415 oculi
2057 2363 2228 2415 nostri
2264 2363 2520 2418 videbunt
2550 2364 2717 2419 Deum
2744 2366 2948 2435 absque
2970 2376 3042 2432 te,
3078 2375 3135 2422 et
3160 2381 3324 2438 opera
3351 2379 3466 2433 tua,

1886 2466 2007 2521 quae
2030 2453 2199 2509 facies
2232 2457 2682 2520 exspectantibus
2717 2459 3185 2514 misericordiam:
3218 2463 3465 2515 occurrit

1886 2546 2030 2600 enim
2065 2544 2395 2601 facientibus
2439 2547 2735 2616 justitiam,
2768 2560 2822 2603 et
2850 2550 3062 2605 viarum
3111 2562 3323 2606 tuarum
3372 2567 3461 2605 re-

1885 2636 2277 2693 cordabuntur.
2316 2655 2336 2690 »
2371 2638 2756 2708 Paraphrasitn
2789 2641 2951 2711 hujus
2978 2644 3292 2709 testimonii,
3331 2660 3465 2713 qna-

1883 2728 1933 2783 si
1969 2727 2233 2785 Hebraeus
2266 2738 2320 2784 et
2346 2746 2410 2785 ex
2435 2732 2727 2801 tHebrails,
2755 2736 2985 2789 assumit
3008 2739 3287 2806 apostolus
3322 2740 3460 2792 Pau«

1883 2818 1970 2876 ius
1998 2821 2063 2875 de
2085 2823 2412 2877 authunticis
2442 2823 2599 2879 libris
2631 2827 2647 2856 ¹
2683 2828 2734 2879 in
2790 2828 2948 2899 76],
3006 2829 3247 2899 Epistola
3292 2846 3457 2900 quam

1883 2911 2073 2968 scribit
2117 2914 2184 2967 ad
2234 2915 2569 2983 Corinthios,
2603 2932 2714 2972 non
2750 2920 2972 2974 verbum
3003 2935 3071 2977 es
3103 2922 3274 2976 verbo
3327 2924 3453 2977 red-

1883 3006 2038 3070 dens,
2071 3008 2217 3074 quod
2248 3006 2431 3062 facere
2459 3010 2681 3064 omnino
2707 3013 3046 3081 contemnit;
3078 3015 3173 3078 sed
3195 3029 3454 3070 sensuum

1882 3100 2194 3167 exprimens
2224 3100 2529 3164 veritatem,
2562 3104 2763 3171 quibus
2798 3105 2970 3160 utitur
2999 3106 3067 3161 ad
3109 3107 3163 3161 id
3190 3111 3334 3177 quod
3363 3123 3457 3163 vo-

1883 3189 2042 3245 luerit
2083 3190 2451 3247 roborandam
2483 3194 2534 3267 (I
2568 3196 2697 3252 Cor.
2724 3200 2810 3266 tt).
2842 3197 2998 3253 Unde
3014 3201 3453 3273 apocryphornm

1880 3281 2236 3338 deliramenta
2288 3286 2620 3351 conticeant,
2681 3304 2803 3360 qua:
2849 3305 2917 3344 es
2977 3291 3264 3348 occasione
3288 3292 3454 3363 hujus

1881 3374 2176 3429 testimonii
2209 3376 2536 3445 ingeruntur
2587 3381 2846 3437 Ecclesiis
2872 3382 3098 3439 Christi.
3135 3384 3208 3439 De
3254 3387 3455 3455 quibus

1881 3479 2004 3520 vere
2039 3464 2149 3521 dicit
2197 3475 2395 3536 potest,
2429 3470 2572 3538 quod
2604 3470 2791 3525 sedeat
2841 3473 3088 3529 diabolus
3136 3476 3188 3530 in
3239 3476 3454 3534 insidiis

1877 3572 1999 3612 cum
2056 3557 2321 3614 divitibus
2353 3560 2406 3614 in
2434 3563 2788 3632 apucryphis,
2830 3574 2891 3619 ut
2943 3565 3240 3622 interﬁciat
3297 3571 3454 3623 inno-

1875 3660 2109 3706 centem.
2154 3649 2221 3703 Et
2257 3651 2489 3707 iterum:
2520 3650 2828 3708 lnsidiatur
2868 3657 2923 3709 in
2956 3659 3254 3727 apocrypha
3293 3662 3452 3729 quasi

1874 3742 1955 3797 leo
1998 3744 2054 3797 in
2096 3743 2343 3811 spelunca
2371 3762 2506 3801 sua:
2542 3747 2854 3815 insidiatur,
2878 3751 3143 3819 utlrapiat
3168 3768 3451 3820 pauperem

1877 3834 2054 3906 (Psal.
2095 3853 2151 3901 ιι,
2188 3836 2264 3905 9).
2300 3836 2567 3893 Ascensio
2590 3842 2611 3872 ³
2644 3840 2788 3895 enim
2820 3842 2998 3907 Isaiae,
3020 3852 3076 3897 et
3109 3844 3450 3914 apocalypsis

1876 3925 2007 3981 Elia;
2034 3927 2135 3982 hoc
2167 3927 2369 3982 habent
2394 3930 2785 3986 testimonium.
2812 3933 2879 3987 Et
2905 3947 3002 4003 per
3025 3936 3166 3990 hanc
3198 3937 3449 3991 occasio-

1874 4035 2018 4085 nem,
2072 4022 2349 4091 multaque
2380 4021 2776 4092 hujuscemodi,
2814 4026 3200 4097 Hispaniarum
3245 4039 3299 4084 et
3332 4043 3451 4084 ma-

1872 4114 2017 4171 xime
2054 4112 2345 4169 Lusitaniae
2373 4116 2613 4186 deceptae
2646 4126 2777 4173 sunt
2820 4120 3173 4185 mulierculae,
3202 4131 3450 4177 onerata:

1872 4207 2136 4275 peccatis,
2166 4222 2290 4277 qua:
2315 4212 2589 4264 ducuntur
2646 4211 2936 4268 desideriis
2984 4215 3170 4278 variis,
3221 4229 3447 4283 semper

1869 4301 2164 4368 discentes,
2197 4312 2250 4355 et
2280 4317 2556 4372 nunquam
2606 4304 2674 4358 ad
2708 4306 2991 4360 scientiam
3020 4306 3265 4361 veritatis
3320 4322 3446 4377 per—

1866 4396 2147 4450 venientes
2181 4392 2270 4465 (11
2303 4393 2440 4452 Tini.
2467 4401 2573 4465 tt,),
2617 4408 2679 4453 ut
2734 4398 3003 4466 Basilidis,
3034 4400 3456 4471 Balsamiatque-

184 4464 570 4522 movebuntur:
594 4479 652 4521 ut
671 4483 792 4538 quae
823 4470 975 4540 prius
1004 4469 1310 4528 immobiles
1332 4484 1510 4543 erant,
1544 4478 1763 4532 veniant
1788 4482 1841 4543 Β
1869 4486 2135 4541 Thesauri
2164 4488 2205 4553 ⁸,
2260 4464 2575 4544 Barb‘elonis
2628 4506 2839 4562 qumque
2868 4502 2923 4547 et
2971 4464 3301 4560 Leusiborat,
3375 4509 3455 4549 ac:

259 4625 889 4704 'Vide_t_ttr__ltoc_loco
946 4629 1265 4704 impugnare
1326 4633 1604 4703 Uriginem
1671 4638 1759 4704 qui

100 4730 113 4747 .
185 4697 378 4775 Tract.
410 4697 483 4775 $5
503 4697 571 4751 ad
593 4696 1039 4775 blattbtciaxvtt,
1068 4696 1249 4765 docet,
1281 4716 1344 4756 ea
1372 4696 1495 4771 quae
1542 4705 1596 4759 iu
1641 4696 1762 4775 Epi-

186 4769 323 4844 stola
351 4769 530 4844 prima
560 4768 624 4821 ad
654 4767 903 4844 Co_r_inth.
938 4769 1058 4833 n.9,
1090 4780 1306 4844 exstant
1332 4767 1403 4844 es
1440 4767 1760 4844 apocryphis

184 4835 313 4891 Elite
336 4835 651 4905 desumpta.
709 4837 838 4905 Ejus
872 4840 1192 4895 sententiam
1225 4843 1303 4895 sic
1356 4835 1545 4898 Latine
1579 4835 1759 4899 relidit

183 4908 413 4962 Rufinus
464 4923 479 4960 :
521 4922 541 4956 ι
576 4905 645 4981 Et
671 4906 966 4981 Apostolus
1032 4909 1340 4981 Scripturas
1371 4916 1631 4981 quasdam
1669 4933 1758 4969 se-

182 4990 466 5032 cretorum
501 4977 734 5045 profert,
771 4981 912 5034 sicut
936 4980 1070 5035 dicit
1096 4980 1330 5035 alicubi:
1385 4977 1537 5048 Quod
1574 4993 1755 5039 oculus

181 5063 281 5101 non
330 5050 610 5124 uidit,_nec
644 5051 792 5124 auris
828 5052 1069 5124 audivit;
1096 5052 1157 5124 in
1192 5051 1342 5104 nullo
1396 5056 1538 5108 enim
1599 5072 1757 5124 regu-

182 5119 277 5171 lari
324 5121 465 5172 libro
502 5118 603 5169 hoc
650 5121 892 5185 positum
926 5118 1222 5185 invenitur,
1279 5123 1384 5175 nisi
1441 5124 1492 5176 in
1528 5118 1756 5180 semotis

177 5187 309 5262 lilia:
357 5189 660 5262 prophetae.
697 5206 717 5239 ι
759 5190 897 5244 llinc
942 5193 1106 5245 etiam
1146 5190 1508 5262 Hegesippum
1538 5208 1758 5250 accusat

180 5259 495 5327 Stephanus
565 5256 812 5315 Gobarus
863 5268 1000 5329 apud
1044 5256 1499 5330 Ριιυιιιι”ιιι,ἰιίιο(ὶ
1554 5266 1752 5321 lalsum

178 5344 297 5382 esse
346 5330 451 5384 hoc
483 5330 855 5383 testtntonium
890 5341 1180 5399 putaverit.
1241 5332 1334 5385 Ille
1367 5350 1546 5388 autent
1582 5342 1664 5391 vel
1700 5355 1755 5391 ιιι

179 5409 548 5467 contemptum
583 5400 876 5452 voluminis
905 5402 1194 5471 apocryphi
1246 5406 1465 5467 iecerat,
1508 5408 1585 5459 vel
1628 5424 1750 5459 cum

180 5483 284 5545 non
341 5477 567 5538 negaret
618 5483 805 5523 verum
840 5473 1132 5539 aliquando
1160 5474 1457 5536 esstitisse.
1499 5489 1561 5528 ea
1627 5492 1748 5545 qua:

178 5535 318 5607 Deus
362 5535 477 5594 suis
524 5535 1135 5607 prteparavcratﬁuvma
1154 5548 1559 5607 esse,tttaudita
1585 5535 1753 5601 ct'tu-

178 5606 415 5684 cognita,
453 5606 688 5684 att-phus
719 5626 904 5684 rerum
930 5606 1044 5666 ttutt
1075 5628 1196 5666 esse
1224 5619 1604 5679 contendebat,
1635 5628 1753 5684 post

179 5678 613 5751 inearnationetn
652 5680 875 5751 Christi,
942 5695 994 5734 et
1029 5686 1339 5739 missionem
1399 5688 1455 5737 b'.
1493 5678 1747 5751 Spiritus,

179 5751 546 5821 subjungeute
576 5749 768 5815 Paulo,
792 5748 961 5805 Nobis
987 5763 1161 5806 autem
1187 5757 1434 5809 reuelauit
1492 5748 1627 5809 Deus
1661 5773 1752 5823 per

1863 4620 2124 4701 Spiritum
2155 4638 2332 4701 suum,
2354 4623 2990 4701 _etc.__Verissim_eautem
3041 4625 3264 4683 ilierOn.
3296 4626 3455 4701 Quo.

1862 4696 2052 4766 sticos,
2076 4699 2132 4766 et
2162 4693 2415 4766 Basilidis
2441 4694 2733 4766 discipulus
2758 4696 3056 4765 impugnat,
3088 4699 3455 4766 quemadm‘os

1862 4763 1991 4818 dum
2023 4764 2346 4818 adnotamus
2367 4765 2423 4818 in
2456 4763 2695 4833 Epistula
2727 4769 2792 4819 ad
2830 4763 3167 4821 Desideriu‘m
3233 4766 3445 4819 Penta-

1865 4834 2063 4905 teur_ho
2090 4835 2329 4902 praeﬁxa,
2373 4851 2539 4905 quam
2577 4838 2799 4905 videsis,
2833 4848 2889 4891 et
2919 4835 3167 4890 conferas
3196 4851 3317 4889 cum
3344 4836 3449 4891 illa.

1860 4903 2405 4974 ad,Pammacltittut~
2440 4906 2507 4959 de
2554 4904 2766 4974 Optimo
2801 4922 2985 4974 genere
3024 4905 3446 4973 interpretandi-

1933 4973 1955 5044 ξ
1995 4972 2086 5027 Sic
2121 4970 2473 5042 Epiphanius,
2512 4970 2701 5028 lintres.
2736 4970 2826 5039 40',
2864 4974 2889 5044 §
2930 4975 2983 5039 2,
3033 4984 3081 5028 et
3119 4978 3309 5028 Ita-res.
3343 4970 3443 5040 6'7,

1858 5041 1889 5166 ᾗ
1922 5043 1976 5104 5,
2008 5041 2344 5096 ἀοίαὸατικὸν
2392 5046 2613 5098 Ἠσαίου
2656 5057 2829 5097 vocat.
2861 5041 3031 5109 Quam
3065 5060 3191 5098 vero
3219 5044 3432 5113 Apoca-

1882 5114 2031 5166 unsin
2069 5114 2196 5166 lilia:
2229 5115 2492 5166 nominat.
2520 5115 2588 5166 ab
2611 5117 2899 5166 Anastasio
2921 5112 3181 5166 Biblioth.
3218 5116 3268 5166 in
3326 5114 3432 5166 La-

1880 5114 2031 5193 gpsin
2069 5114 2196 5194 Elite
2229 5115 2492 5195 nominat,
2520 5115 2899 5195 abrA'uastasio
2921 5112 3181 5195 Biblioth.
3218 5112 3281 5195 in.
3326 5114 3433 5195 ba-

1862 5187 1972 5235 tina
2015 5186 2259 5236 versione
2311 5184 2714 5239 Stichomctrite
2772 5183 3183 5252 Nicephorium:
3233 5186 3435 5240 dicitur

1859 5252 1991 5306 Elim
2004 5254 2315 5320 fl’ropltett'n.

1931 5324 1950 5354 ³
1991 5324 2350 5390 Exposuitntts
2385 5326 2499 5378 hmc
2531 5326 2771 5388 nomina,
2806 5334 2860 5375 nt
2895 5325 3068 5392 licuit,
3100 5342 3166 5381 ex
3211 5330 3435 5386 Hebrai-

1860 5394 1944 5447 cis
1978 5395 2246 5457 t'nntibus,
2304 5395 2355 5446 in
2389 5395 2615 5461 Epistol.
2660 5395 2747 5456 75,
2784 5397 2850 5448 ad
2881 5396 3244 5458 Tlteouoram,
3275 5417 3427 5454 utrm.

1856 5466 1909 5527 5,
1943 5467 2116 5531 deque
2147 5463 2335 5534 lreuaei
2364 5467 2694 5529 testimonio,
2731 5473 2873 5532 quod
2896 5466 3029 5520 infra
3050 5479 3154 5530 est,
3174 5471 3429 5534 diximus,

1858 5537 1911 5586 in
1969 5550 2075 5600 quo
2140 5536 2197 5585 S.
2250 5531 2451 5586 Doctor
2486 5534 2701 5587 viui-tur
2735 5531 3122 5590 hallucinatns.
3166 5537 3293 5591 Vide
3356 5531 3432 5595 ibi

1857 5615 2012 5680 notas
2071 5617 2193 5680 pag.
2262 5603 2387 5672 449,
2443 5604 2744 5672 Epistulam
2779 5624 2993 5678 quoque
3026 5609 3091 5662 ad
3122 5607 3432 5680 ﬂedtbiam,

1855 5674 2059 5738 Quaest.
2092 5675 2178 5728 il).
