3902 6182
513 314 619 379 6ἰῖ

1699 304 1767 366 S.
1821 300 2137 364 EUSEBll
2184 296 2627 358 HIERONYMI
3641 295 3723 359 (48

515 426 853 495 reliquorum
893 419 1177 476 nominum
1210 421 1463 487 portenta
1484 415 1851 485 susciperent.
1888 412 2094 482 Dequi-
2126 418 2169 472 Α
2204 416 2406 465 cuncta
2445 408 2750 462 arbitratur
2781 402 2939 474 quasi
2970 409 3236 465 stercora,
3290 410 3350 455 ut
3385 398 3633 455 Christum
3661 405 3725 457 lu-

525 519 629 572 bus
655 514 1073 582 diligentissime
1094 508 1561 577 vir‘apostolicus
1603 507 1799 563 scribit
1836 505 2098 568 lrenaaus,

2205 499 2485 564 criiaciat,
2526 504 2583 551 et
2641 496 2956 551 inveniatur
3019 492 3074 546 in
3128 504 3199 547 eo
3232 504 3340 545 non
3374 491 3565 544 bibens
3602 503 3728 546 suam

522 611 811 685 episcopus
842 604 1221 675 Lugdunensis
1265 612 1322 656 et
1363 610 1590 672 martyr,
1643 600 1938 654 multarum
1993 598 2104 651 ori-
2199 592 2500 662 justitiam,
2550 604 2674 662 qua:
2715 604 2784 646 ex
2837 587 2956 657 lege
2990 594 3100 685 est,
3128 585 3227 640 sed
3278 597 3375 685 per
3404 581 3549 637 iidem
3570 582 3730 685 (ibristi

529 702 687 769 gines
711 700 997 767 explicans
1023 697 1333 757 hmreseon,
1363 702 1417 747 et
1449 693 1682 746 maxime
1696 689 2101 753 Gnosticorum,

520 794 613 861 qui
643 806 738 859 per
766 789 1002 844 Marcum
1040 786 1379 858 Aigyptium,
1400 782 1698 839 Galliarum
1728 783 1963 852 primum
1996 781 2105 834 cir-

521 899 586 939 ca
614 883 962 944 Rhodanum,
995 880 1194 933 deinde
1222 876 1615 945 Hispaniarum
1644 874 1853 928 nobiles
1872 872 2105 926 feminas

522 975 877 1043 deceperunt,
909 973 1203 1024 miscentes
1227 967 1432 1022 fabulis
1458 968 1816 1033 voluptatem,
1854 974 1909 1018 et
1932 965 2108 1033 impeo

520 1066 665 1123 sitia:
699 1080 810 1119 sua:
844 1078 1045 1117 nomen
1077 1062 1321 1116 scientiae
1344 1060 1683 1113 vindicantes
1702 1058 1979 1127 (lrenaaus.
2011 1057 2105 1111 Iih.

523 1172 542 1212 ι
573 1160 636 1211 de
672 1156 716 1208 Η
732 1154 931 1223 a‘res.).
959 1153 1115 1220 Quod
1140 1163 1319 1207 autem
1358 1153 1489 1205 dicit
1527 1151 1758 1220 pepnlus
1783 1150 1835 1203 iu
1866 1164 2108 1218 praesen-

523 1251 586 1314 ti,
634 1249 739 1305 hoc
793 1260 898 1315 est,
942 1262 1221 1319 nunquam
1257 1260 1317 1300 se
1357 1259 1459 1299 nec
1495 1244 1741 1306 auribus,
1781 1257 1883 1297 nec
1933 1243 2108 1316 oculis

522 1340 868 1408 cognovisse,
901 1353 1022 1407 quae
1049 1337 1190 1392 Deus
1220 1336 1425 1394 sanctis
1454 1333 1572 1389 suis
1617 1341 1884 1403 praeparet
1922 1334 1976 1386 in
2025 1331 2108 1386 fu-

526 1441 708 1484 turum
738 1447 754 1483 :
780 1431 921 1499 quod
956 1436 1206 1483 occurrat
1235 1426 1319 1480 his
1344 1425 1438 1496 qui
1468 1423 1990 1492 faciuntjustitiam,
2051 1431 2110 1479 et

523 1525 738 1577 viarum
772 1523 915 1585 illius
949 1520 1330 1577 recordantur.
1362 1519 1528 1575 Porro
1560 1518 1717 1589 juxta
1752 1517 2108 1590 Septuaginta

524 1616 733 1678 dicunt,
762 1627 820 1668 se
858 1626 1135 1682 nunquam
1170 1612 1338 1665 Deum
1361 1611 1526 1664 alium
1569 1612 1919 1681 cognovisse,
1968 1624 2111 1680 prte-

525 1715 611 1759 ter
643 1720 764 1759 eum
797 1705 888 1773 qui
922 1719 1049 1758 vere
1079 1703 1223 1757 Deus
1248 1712 1354 1767 est,
1388 1717 1491 1758 nec
1516 1702 1747 1769 alterius
1780 1703 1906 1757 talia
1940 1716 2106 1772 opera

2207 701 2328 757 quae
2360 695 2446 739 est
2475 699 2542 739 ex
2584 683 2696 737 Deo
2725 682 2961 750 justitia.
3003 678 3103 733 Est
3140 680 3286 730 enim
3313 678 3486 745 justus
3515 675 3594 743 qui
3619 676 3729 744 perit

2208 781 2264 832 in
2289 777 2501 847 justitia
2531 788 2631 830 sua
2671 772 2873 842 (Eccle.
2900 771 3027 841 vn),
3059 771 3103 823 si
3139 778 3261 837 post
3288 766 3545 837 hvangelii
3566 769 3731 821 verita-

2211 881 2318 925 tem
2350 870 2572 923 umbras
2597 873 2731 921 veht
2753 880 3012 933 exercere
3027 863 3248 933 legales,
3267 871 3324 914 et
3351 875 3453 914 non
3471 860 3602 926 justo
3618 860 3731 928 quod

2204 965 2409 1035 justum
2454 970 2544 1017 est
2592 960 2869 1031 persequi.
2927 956 3085 1014 Unde
3112 956 3269 1025 juxta
3332 954 3731 1023 sapientissimum

2211 1058 2580 1120 Salotnonem,
2618 1055 2799 1109 omnis
2827 1054 2912 1108 vir
2935 1052 3155 1107 videtur
3185 1049 3293 1104 sibi
3326 1047 3523 1115 justus,
3555 1059 3660 1100 cum
3691 1046 3732 1099 in

2212 1150 2330 1219 lege
2356 1151 2644 1205 versatur‘
2685 1149 2752 1203 ad
2797 1160 2937 1217 quos
2969 1143 3236 1199 Dominus
3268 1141 3502 1209 loquitur
3529 1140 3577 1193 in
3601 1136 3733 1191 Evan-

2210 1244 2391 1314 gelio:
2426 1241 2587 1312 763
2643 1238 2744 1295 Vos
2785 1240 2910 1294 estis
2949 1238 3040 1308 qui
3090 1240 3430 1296 vosmetipsos
3471 1229 3732 1300 iustiﬁcati:

2211 1351 2392 1389 raram
2423 1333 2721 1387 hominibus
2754 1331 2907 1402 (Luc.
2944 1343 3057 1393 xw,
3091 1326 3205 1396 15).
3243 1322 3400 1391 Quod
3452 1319 3631 1376 Paulus
3669 1320 3729 1373 fu-

2213 1429 2366 1497 giens
2389 1426 2496 1479 ait:
2524 1422 2675 1477 Nihil
2706 1425 2836 1476 mihi
2863 1421 3109 1476 conscius
3138 1435 3285 1482 sum,
3304 1431 3397 1470 nec
3421 1414 3734 1470 tameniultet

2204 1521 2533 1589 justi/iratus
2599 1534 2717 1571 sum
2749 1515 2800 1583 (ι
2854 1515 2981 1571 Cor.
3012 1529 3083 1576 tv,
3114 1513 3194 1583 s).
3228 1511 3310 1566 13.x
3343 1519 3554 1580 peccato
3592 1516 3734 1561 autem

2214 1616 2308 1670 Dei
2339 1616 2573 1680 justitia,
2600 1613 2668 1667 de
2705 1625 2815 1681 qua
2860 1610 3002 1663 idem
3053 1607 3317 1660 Salomon
3361 1600 3618 1674 loquitur:
3659 1596 3736 1653 ιιι-

2216 1705 2430 1776 telligite
2446 1703 2719 1774 justitiam
2759 1718 2935 1759 veram
2966 1702 3118 1773 (Sep.
3153 1717 3196 1757 ι.
3230 1701 3308 1771 i).
3362 1697 3502 1769 Ergo
3548 1705 3620 1752 est
3656 1694 3737 1749 alia

527 1803 788 1860 tantaque
810 1794 1038 1860 vidisse,
1058 1809 1179 1864 qua:
1208 1793 1455 1849 facturus
1483 1795 1552 1849 sit
1573 1793 1663 1849 his
1684 1793 1774 1862 qui
1793 1800 2116 1864 exspectent
2145 1784 2191 1843 Β
2215 1798 2430 1868 justitia
2454 1814 2575 1868 quae
2605 1812 2715 1851 non
2749 1799 2916 1852 habet
2961 1798 3280 1858 veritatem,
3318 1800 3376 1847 et
3403 1791 3513 1846 haec
3543 1798 3617 1845 est
3641 1802 3734 1844 vera

525 1888 950 1942 misericordiam
969 1888 1109 1957 ejus,
1141 1887 1457 1958 faciantque
1497 1887 1796 1958 justitiam,
1816 1894 1872 1940 et
1896 1886 2106 1940 viarum

524 1979 671 2033 illius
700 1980 1081 2033 recordentur.
1110 1978 1174 2034 Et
1195 1978 1473 2048 quomodo
1496 1976 1758 2045 scriptum
1784 1984 1907 2031 est:
1940 1973 2109 2030 Deum

524 2087 677 2124 nemo
707 2071 839 2125 vidit
868 2085 1101 2140 unquam
1127 2069 1312 2141 (Joan.
1339 2086 1379 2134 ι,
1407 2070 1522 2137 i8).
1548 2069 1615 2123 Et
1650 2070 1886 2123 iterum:
1938 2068 2110 2123 Nemo

525 2163 664 2216 uidet
683 2164 874 2231 faciem
906 2179 1075 2216 meam
1101 2173 1148 2216 et
1183 2164 1314 2217 vivet
1343 2162 1547 2233 (Exod.
1575 2178 1766 2223 xxxiii,
1798 2162 1934 2234 20)?
1965 2163 2111 2232 Ergo

529 2256 675 2309 Dens
717 2271 1060 2325 nequaquam
1084 2255 1433 2310 sermonibus
1453 2254 1778 2324 explicatur,
1815 2270 1916 2310 nec
1936 2255 2112 2311 oculis

526 2348 965 2415 contemplabilis
1021 2358 1125 2409 est,
1163 2349 1257 2402 sed
1310 2348 1381 2402 ab
1439 2347 1525 2402 his
1556 2348 1772 2402 videtur
1805 2347 1873 2402 de
1909 2349 2109 2418 quibus

524 2441 787 2508 scriptum
850 2448 972 2494 est:
1003 2438 1155 2494 Beati
1217 2441 1415 2493 mundo
1458 2437 1638 2506 corde,
1695 2440 1952 2508 quoniam
2004 2441 2110 2509 ipsi

527 2530 693 2584 Deum
719 2530 966 2583 videbunt
998 2529 1220 2602 (Matth.
1253 2546 1306 2597 v,
1348 2529 1427 2599 8).

598 2623 780 2691 (Vers.
843 2623 921 2694 6.)
984 2641 1003 2673 ι
1040 2622 1182 2678 Ecce
1223 2635 1278 2677 tu
1328 2626 1499 2678 iratus
1530 2637 1610 2684 es.
1643 2630 1698 2677 et
1725 2623 2101 2692 peccavimus;

528 2717 580 2770 in
601 2717 764 2787 762
793 2716 924 2784 ipsis
956 2715 1159 2769 fuimus
1190 2729 1424 2784 semper,
1450 2723 1504 2770 et
1558 2715 1913 2770 salvabimur.
1935 2716 2003 2771 Et
2032 2716 2110 2770 fa-

525 2809 598 2862 eti
637 2823 827 2862 sumus
859 2817 914 2860 ut
962 2807 1276 2862 immundus
1303 2806 1411 2878 (At.
1437 2805 1725 2878 immundi]
1749 2821 1938 2861 omnes
1990 2821 2109 2873 nos,

527 2899 683 2967 quasi
722 2915 932 2968 pannus
963 2909 1317 2953 menstruatre
1348 2900 1615 2954 universae
1638 2899 1868 2969 justitia:
1888 2907 2108 2955 nostras.

532 2990 596 3045 Et
628 2991 927 3044 cecidimus
984 2991 1139 3059 quasi
1188 2990 1376 3044 folium
1413 2990 1677 3054 universi,
1710 2998 1765 3043 et
1797 2990 2113 3060 iniquitates

531 3099 730 3135 nosme
759 3081 915 3151 quasi
938 3088 1130 3135 ventus
1156 3079 1498 3135 abstulerunt
1522 3094 1639 3134 nos.
1681 3098 1700 3132 ι
1731 3080 1872 3135 LXX
1895 3099 1943 3137 :t
1968 3065 2110 3137 Ecce

532 3187 588 3227 ιιι
624 3176 793 3227 iratus
821 3188 903 3237 es,
939 3182 994 3226 et
1021 3187 1211 3226 omnes
1240 3173 1620 3240 peccavimus:
1662 3172 1873 3228 idcirco
1895 3175 2107 3229 erravi.

531 3280 671 3324 mus.
708 3274 762 3319 et
790 3264 919 3320 facti
960 3280 1150 3319 sumus
1181 3266 1339 3334 quasi
1371 3265 1637 3319 immundi
1660 3280 1849 3321 omnes
1893 3281 2012 3331 nos,
2051 3276 2113 3322 ut

529 3374 742 3430 pannus
763 3359 1005 3414 sedentis
1029 3359 1209 3413 omnis
1231 3357 1441 3427 justitia
1456 3367 1639 3411 nostra
1664 3372 1682 3412 :
1708 3369 1762 3413 et
1784 3358 2112 3415 deﬂuximus

528 3455 683 3519 quasi
707 3450 833 3505 folia
867 3459 1088 3521 prepter
1113 3449 1429 3519 iniquitates
1462 3460 1714 3505 nostras:
1742 3452 1885 3506 sicut
1918 3464 2113 3507 ventus

531 3543 745 3598 auferet
768 3557 885 3597 nos.
913 3560 933 3595 ι
974 3541 1122 3596 Ordo
1145 3550 1533 3611 praeposterus.
1565 3540 1683 3596 Non
1710 3544 1834 3612 quia
1862 3552 1918 3598 tu
1942 3546 2115 3600 iratus

524 3651 609 3701 es,
628 3651 728 3691 nos
741 3637 1105 3706 peccavimus;
1124 3635 1215 3690 sed
1238 3635 1365 3704 quia
1388 3649 1486 3688 nos
1501 3636 1926 3703 peccavitnus,tu
1948 3638 2116 3693 iratus

528 3746 614 3787 es.
646 3730 711 3783 Et
734 3731 858 3800 quia
888 3731 1259 3797 peccavimus,
1300 3727 1459 3782 nobis
1490 3727 1664 3781 iratus
1704 3742 1788 3792 es,
1848 3729 2113 3784 Domine:

532 3830 819 3894 propterea
869 3820 1195 3883 erravimus,
1237 3828 1293 3872 et
1332 3828 1540 3871 rectam
1581 3817 1907 3887 reliquimus
1941 3820 2109 3875 viam.

531 3915 683 3981 Sive,
706 3913 861 3983 juxta
889 3912 1238 3978 Hebraicum,
1258 3911 1349 3981 qui
1385 3924 1598 3979 semper
1617 3910 1818 3965 fuimus
1849 3911 1902 3964 in
1929 3925 2119 3981 pecca-

536 4009 629 4074 tis,
661 4019 749 4063 tua
783 4017 990 4062 tantum
1023 4004 1356 4059 salvabituur
1408 4003 1811 4065 misericordia,
1859 4003 1951 4073 qui
2009 4018 2108 4073 per

531 4116 635 4157 nos
693 4098 957 4153 immundi
990 4112 1202 4162 sumus;
1233 4106 1289 4151 et
1318 4095 1581 4165 quidquid
1612 4095 1866 4150 videmur
1912 4095 2117 4151 habere

528 4193 782 4263 iustitiae,
813 4204 993 4258 panno
1025 4188 1288 4252 sedentis,
1327 4188 1442 4240 sive
1483 4195 1833 4240 menstruata:
1868 4187 2117 4243 mulieris

532 4291 903 4351 comparatur.
942 4280 1048 4335 Pro
1071 4294 1182 4349 quo
1213 4277 1516 4334 Theodotio
1541 4278 1720 4349 ipsum
1747 4278 1979 4333 verbum
2011 4277 2120 4334 lle-

535 4378 783 4431 braicuin
840 4375 1025 4444 posuit
1071 4387 1292 4427 nonin
1329 4372 1516 4442 (ειν-ιν)
1556 4372 1701 4441 quod
1759 4370 2119 4441 Symmachus

533 4470 927 4537 interpretatus
990 4466 1117 4520 est‘
1172 4464 1429 4519 κυουσῶν
1493 4461 1551 4517 id
1593 4472 1699 4528 est,
1761 4465 2114 4531 pariendum;
2148 4477 2190 4533 ι)

535 4560 727 4631 Aquila
772 4557 1112 4629 μαρτυριῶν.
1148 4558 1253 4612 hoc
1280 4567 1386 4622 est,
1421 4557 1868 4621 testimoniorum,
1903 4558 2119 4626 quando

533 4656 757 4726 sanguis
793 4656 845 4706 in
876 4654 1052 4723 primo
1090 4652 1235 4705 coitu
1259 4649 1496 4705 maritali
1520 4650 1715 4720 virgini
1751 4651 2114 4720 approbatur.

536 4750 604 4802 Et
626 4747 967 4817 deﬂuximus,
1004 4745 1196 4813 inquit,
1225 4743 1382 4814 quasi
1404 4743 1537 4815 folia
1563 4748 1626 4796 de
1656 4743 1963 4806 arboribus,
1997 4757 2119 4812 qua:

534 4853 758 4910 prepter
785 4838 1105 4906 iniquitates
1138 4845 1379 4900 nostras,
1414 4846 1705 4891 ventorum
1748 4833 1975 4889 ﬂatibus
2006 4835 2122 4889 dis-

537 4941 855 5003 perguntur.
891 4929 948 4984 In
977 4944 1088 4999 quo
1110 4928 1586 4993 considerandum,
1607 4925 1971 4995 quodjustitia
2000 4941 2120 4996 qua:

535 5025 592 5077 in
625 5025 740 5091 lege
765 5034 872 5088 est,
900 5023 966 5075 ad
1008 5023 1476 5089 comparationem
1519 5021 1846 5089 evangelica:
1868 5020 2119 5089 puritatis

534 5117 876 5171 inununditia
910 5116 1247 5170 nominetur.
1281 5114 1496 5170 Etenim
1520 5129 1627 5169 non
1655 5123 1738 5168 est
1759 5111 2118 5183 gloriﬁcatum

536 5211 678 5278 quod
714 5208 867 5273 prius
913 5208 1274 5277 gloriticatnm
1323 5206 1448 5271 fuit,
1501 5214 1728 5275 propter
1760 5202 2118 5259 esteellentem

536 5302 790 5372 gloriam.
833 5300 988 5356 Unde
1027 5310 1083 5356 ct
1119 5301 1399 5371 apostolus
1433 5296 1649 5361 Paulus,
1686 5297 1781 5366 qui
1815 5301 2118 5351 secundum

532 5396 825 5464 justitiam,
879 5409 998 5461 quas
1057 5394 1109 5448 in
1148 5395 1262 5463 lege
1291 5400 1397 5455 est,
1438 5390 1692 5445 universa
1722 5389 2118 5458 compleverat,

534 5488 670 5543 dicit
696 5503 753 5541 se
784 5486 967 5541 omnia
1001 5485 1219 5539 duxisse
1249 5498 1347 5555 pro
1373 5482 1595 5548 damno,
1631 5490 1688 5535 ut
1721 5479 2000 5535 Christum
2033 5478 2119 5534 lu-

535 5581 809 5635 rriticarct
837 5577 1096 5647 (Philipp.
1123 5579 1228 5647 tu),
1263 5589 1317 5631 et
1342 5584 1564 5645 propter
1582 5573 1911 5628 eminentem
1939 5573 2121 5627 scien-

537 5673 670 5726 tiam
737 5670 950 5724 Domini
1017 5670 1190 5724 nostri
1251 5667 1379 5724 Jesu
1416 5666 1648 5732 Christi,
1684 5676 1907 5737 propter
1957 5680 2119 5737 quem

619 5783 634 5818 ²
669 5783 922 5840 Martian.
953 5783 1204 5838 κυούσων
1241 5793 1293 5837 ct
1326 5795 1448 5837 mox
1485 5780 1821 5851 μαρτυρίων.

2207 1893 2438 1960 justitia,
2469 1892 2536 1946 de
2558 1905 2669 1962 qua
2700 1905 2923 1945 rursum
2957 1889 3013 1943 in
3046 1887 3349 1957 Evangelio
3376 1886 3582 1941 dicitur
3617 1880 3735 1936 Beati

2211 1988 2304 2054 qui
2334 1986 2577 2038 esuriant
2609 1993 2660 2038 et
2689 1985 2879 2038 sitiunt
2908 1983 3181 2052 justitiam
3217 1980 3431 2052 (Matth.
3455 1993 3503 2043 v,
3525 1974 3734 2045 6).Qttam

2214 2078 2368 2132 multi
2418 2080 2701 2148 propheta:
2734 2086 2791 2132 et
2831 2078 2967 2146 justi
3007 2072 3669 2133 desideraveruutvidere,
3694 2080 3735 2122 ct

2214 2187 2318 2246 non
2359 2173 2609 2227 viderunt
2634 2170 2788 2243 (Luc.
2819 2172 2899 2243 x).
2941 2170 3220 2224 Abraham
3256 2179 3438 2221 autem
3472 2165 3590 2220 vidit
3614 2165 3733 2219 isum

2207 2265 2502 2334 justitiam,
2531 2274 2584 2320 et
2611 2264 2832 2319 laetatus
2865 2272 2971 2327 est,
3007 2276 3355 2332 nequaquam
3388 2273 3604 2329 sequens
3625 2258 3736 2312 occi-

2212 2358 2431 2412 dentem
2488 2357 2754 2422 litteram,
2798 2357 2892 2411 sed
2936 2354 3191 2424 spiritum
3245 2354 3615 2408 vivificantem.
3649 2347 3733 2402 Nec

2216 2444 2419 2505 inii-mu.
2438 2451 2554 2506 haec
2585 2454 2651 2506 de
2683 2451 2995 2505 hominibus
3018 2452 3223 2512 dicere,
3249 2463 3374 2502 cum
3396 2460 3536 2501 astra
3566 2457 3735 2514 quoque

2214 2541 2555 2613 Deijustittte
2582 2554 2921 2614 comparata,
2961 2556 3070 2596 non
3106 2544 3223 2597 sint
3248 2543 3470 2606 munda,
3508 2552 3561 2595 et
3580 2539 3732 2595 adver-

2214 2654 2355 2713 suun
2383 2637 2606 2708 angelos
2661 2652 2789 2692 suos
2847 2651 3167 2706 perversum
3222 2636 3355 2707 quid
3407 2633 3735 2704 excogitaverit

2216 2731 2338 2800 (Job
2396 2746 2469 2796 tv,
2500 2729 2688 2801 ιν).δί
2718 2731 2840 2799 quis
2863 2731 3024 2801 igitur
3055 2741 3175 2799 post
3202 2729 3545 2800 Evangelium
3560 2727 3735 2789 Christi,

2212 2835 2269 2878 et
2322 2826 2610 2878 adventum
2644 2824 2737 2877 lilii
2774 2822 2865 2879 Dei
2892 2825 3196 2894 paedagoga:
3228 2825 3361 2895 legis
3395 2826 3624 2878 observat
3656 2835 3737 2876 ca:-

2216 2918 2508 2980 remonias,
2536 2919 2726 2972 audiat
2755 2918 3010 2988 populum
3033 2919 3412 2983 conﬁtentem,
3436 2918 3567 2987 quod
3593 2915 3735 2969 omnis

2216 3011 2302 3062 illa
2328 3010 2544 3077 justitia
2578 3025 2757 3080 panno
2790 3009 3178 3065 sordidissimo
3214 3021 3575 3080 comparetur,
3602 3006 3673 3061 cui
3696 3014 3737 3059 et

2215 3103 2412 3157 Esther
2443 3104 2691 3158 diadema
2717 3119 2917 3170 ,suum,
2969 3105 3114 3174 quod
3146 3116 3269 3158 erat
3305 3104 3462 3172 regia-
3508 3101 3737 3170 potestatis

2218 3199 2450 3265 insigne,
2484 3207 2790 3267 comparat,
2817 3199 2961 3268 quod
2994 3212 3343 3268 nequaquam
3372 3197 3638 3261 voluntate,
3663 3193 3736 3248 sed

2217 3292 2541 3346 necessitate
2575 3290 2854 3360 portabat:
2894 3287 2975 3343 Tu
3020 3292 3124 3344 scis
3160 3289 3524 3344 necessitatem
3571 3295 3735 3341 nteant:

2217 3385 2465 3453 quoniam
2493 3385 2724 3437 detestor
2775 3384 2988 3454 signum
3025 3386 3289 3452 superbire
3339 3400 3486 3451 mete,
3543 3379 3737 3454 quodat

2216 3492 2373 3545 super
2401 3485 2559 3545 caput
2594 3490 2765 3529 meum
2797 3476 2853 3529 in
2885 3475 3069 3529 diebus
3099 3477 3419 3531 ostensionis
3443 3488 3594 3528 mea:
3636 3470 3736 3525 abo-

2220 3573 2389 3623 minor
2417 3569 2551 3622 ittud
2579 3569 2720 3622 sicut
2748 3584 2985 3637 pannum
3014 3579 3345 3625 menstruum
3375 3586 3389 3624 :
3421 3584 3508 3625 nec
3541 3576 3669 3637 porto
3694 3564 3737 3617 iit

2217 3664 2397 3723 diebus
2427 3665 2617 3735 quietis
2659 3662 3049 3734 merumst/ter.
3086 3679 3201 3730 xiv,
3237 3664 3356 3735 16).

2289 3756 2470 3825 (Vers.
2517 3755 2594 3824 7.)
2629 3774 2649 3807 ι
2718 3755 2835 3810 Non
2867 3766 2953 3810 est
2984 3758 3077 3825 qui
3134 3761 3359 3813 lnvocet
3391 3772 3570 3812 nomen
3601 3763 3734 3821 tuum,

2216 3865 2304 3920 qui
2332 3859 2628 3919 consurgat
2653 3858 2710 3904 et
2744 3857 2929 3904 teneat
2953 3857 3025 3905 te.
3044 3850 3403 3907 Abscondisti
3422 3849 3601 3906 faciem
3626 3858 3737 3903 tuan

2217 3961 2248 3996 a
2281 3944 2457 4007 nobis,
2478 3943 2762 3998 etallisisti
2788 3958 2889 3998 nos
2920 3943 2975 3997 in
3010 3958 3171 3997 manu
3199 3944 3503 4015 iniquitatis
3528 3952 3733 3998 nostra.»

2222 4035 2405 4096 LXX:
2443 4053 2461 4086 ι
2496 4036 2563 4089 Et
2589 4052 2694 4091 non
2721 4035 2919 4105 estqui
2947 4037 3167 4092 invocet
3189 4051 3391 4092 nomen
3419 4047 3581 4101 tuum,
3607 4030 3738 4102 etqui

2221 4134 2538 4186 recordatus
2549 4130 2924 4199 apprehendat
2946 4140 3018 4184 te.
3041 4129 3314 4195 Quoniam
3340 4127 3739 4186 averttstifacieut

2222 4235 2431 4281 tuam'a
2459 4225 2636 4291 nobis,
2688 4233 2745 4279 et
2779 4223 3048 4279 tradidisti
3085 4239 3187 4279 nos
3218 4235 3448 4294 propter
3475 4223 3737 4294 iniquitates

2222 4331 2463 4373 nostras.
2495 4336 2515 4370 ι
2572 4316 2711 4385 Quia
2740 4319 2920 4372 instar
2950 4315 3209 4372 foliorum
3259 4321 3328 4373 de
3376 4319 3640 4374 arboribus
3663 4313 3740 4367 ilu-

2225 4416 2402 4466 ximus
2418 4427 2538 4481 qua:
2567 4419 2761 4465 ventus
2780 4410 3023 4464 arefacta
3046 4412 3339 4482 dispergit,
3367 4422 3629 4484 promeres
3646 4404 3740 4462 nul-

2220 4509 2304 4562 lus
2341 4508 2594 4561 inventus
2628 4516 2715 4560 est
2747 4506 2839 4575 qui
2861 4506 3142 4561 invocaret
3164 4521 3360 4561 nomen
3389 4512 3550 4572 tuum,
3569 4513 3617 4560 et
3641 4515 3741 4557 con-

2220 4613 2450 4668 surgens
2480 4602 2547 4653 de
2582 4600 2739 4652 ruina
2791 4599 3139 4667 iniquitatunt
3191 4612 3437 4665 suarum,
3485 4595 3739 4668 appreltett3

2220 4695 2373 4748 deret
2403 4693 2485 4747 vel
2533 4701 2744 4747 teneret
2776 4702 2848 4757 te,
2886 4695 3203 4762 diceretque
3270 4710 3389 4747 cum
3430 4686 3742 4762 sponsa:ltt-

2221 4788 2334 4841 veni
2359 4802 2511 4857 quem
2545 4787 2787 4858 qutesivt't
2818 4787 3000 4841 anima
3035 4804 3149 4841 mea
3168 4802 3188 4842 :
3219 4789 3398 4843 tenebo
3419 4789 3578 4850 illum,
3598 4794 3637 4837 et
3660 4793 3741 4834 non

2220 4883 2485 4935 dimittam
2508 4882 2663 4934 illum
2690 4879 2870 4950 (Cant.
2908 4896 2991 4947 ιιι,
3022 4882 3100 4951 4).
3146 4880 3353 4938 Ventus
3383 4884 3435 4938 in
3490 4880 3740 4947 Scriptura

2222 4975 2508 5046 tripliciter
2529 4975 2745 5044 ponitur
2772 4990 2787 5040 ;
2817 4985 2910 5029 aut
2934 4978 2988 5029 in
3008 4953 3385 5031 tentationuni
3402 4972 3737 5046 magnitudine,

2221 5082 2315 5123 aut
2345 5071 2398 5123 in
2425 5069 2782 5138 perversitate
2809 5070 3093 5136 doctrinae,
3123 5079 3215 5124 aut
3234 5070 3736 5140 simpliciterventus,

2221 5178 2330 5232 quo
2358 5166 2541 5216 nubila
2589 5170 3012 5232 congregantur,
3046 5169 3105 5216 et
3133 5177 3229 5217 aer
3250 5162 3305 5217 in
3337 5164 3503 5216 nubes
3536 5159 3731 5225 cogitur-

2220 5256 2298 5311 De
2335 5257 2742 5321 tentationibus,
2770 5255 2905 5309 illud
2935 5266 3022 5309 est
3063 5255 3478 5324 evangelicum;
3519 5247 3734 5303 Venerunt

2218 5353 2467 5420 ﬂumina,
2499 5348 2761 5419 ﬂaverant
2789 5349 2951 5411 venti,
3002 5357 3049 5401 et
3089 5350 3411 5418 impegerttnt
3464 5346 3518 5399 iu
3556 5343 3732 5394 domum

2220 5444 2396 5511 illam,
2428 5453 2479 5497 et
2509 5460 2612 5499 non
2632 5451 2915 5511 potuerunt
2949 5442 3246 5496 subvertere
3282 5455 3419 5504 eam,
3470 5430 3731 5508 7644⁸⁸³

2221 5552 2377 5607 super
2402 5545 2608 5606 petram
2630 5535 2809 5590 stabili
2844 5546 2960 5589 erat
3000 5533 3134 5588 mole
3164 5534 3391 5603 fundata
3432 5535 3623 5603 (Manli.
3654 5536 3728 5583 vn,

2219 5632 2337 5706 27).
2368 5630 2443 5689 De
2477 5630 2838 5701 perversitate
2862 5631 3156 5687 doctrinae:
3190 5625 3259 5682 Ut
3296 5644 3397 5682 non
3448 5618 3731 5687 circumfun-
