3906 6172
215 285 306 348 δυ)

727 278 1217 340 COMMENTAR.
1263 276 1340 336 IN
1389 275 1643 335 [SAIAM
1696 273 2147 334 PROPIIETANI
2195 273 2334 333 LIB,
2380 273 2566 342 Xi'll,
2598 276 2754 335 CAI'.
2785 276 2985 362 [ΚΝ.

3343 273 3450 338 650

214 413 320 450 mur
337 395 476 447 omni
495 403 645 446 vento
671 393 928 446 doctrinm
957 392 1011 445 in
1031 390 1238 444 malitia
1262 389 1532 442 hominum
1555 387 1772 456 (Ephes.
1807 395 1846 448 Α
1878 387 1961 442 sic
1988 385 2188 441 factum
2214 387 2286 441 sit
2323 403 2336 440 :
2375 396 2549 440 tamen
2574 388 2808 442 scientes
2837 402 2959 442 esse
2977 401 3076 442 nos
3099 387 3261 454 filios,
3284 393 3451 445 ande-

213 506 279 553 tv,
311 488 416 556 Η).
453 485 526 540 De
553 495 714 539 vento
747 484 1066 553 simpliciter
1098 499 1112 538 :
1165 483 1232 536 Et
1265 499 1368 536 non
1401 491 1643 550 poterant
1678 497 1774 532 na-

214 581 394 648 vigare,
424 587 536 630 erat
579 577 714 630 enim
747 588 930 630 uentus
965 577 1270 630 contrarius
1303 572 1502 644 (Marc.
1541 587 1616 632 νι.
1647 571 1770 641 48);

215 687 309 724 non
341 684 447 738 quo
481 678 535 723 et
563 668 668 722 hoc
703 683 810 722 non
842 669 1010 738 possit
1049 668 1239 722 sentiri
1299 665 1648 734 tropologice,
1681 663 1776 715 sed

218 776 316 831 quo
349 761 600 830 praesenti
631 760 811 814 sensui
846 767 1054 812 tantum
1085 755 1491 810 similitudinem
1517 753 1774 821 praebeat.

218 856 495 907 Avertente
529 851 674 904 enim
722 850 948 904 Domino
979 849 1169 903 faciem
1201 862 1351 901 suam
1393 861 1420 898 a
1461 846 1638 905 nobis.
1698 844 1778 897 al-

218 945 508 1000 lidimurin
543 959 705 997 manu
742 941 1044 1010 iniquitatis
1091 948 1311 1002 nostrze,
1361 937 1475 990 sive
1517 935 1780 988 tradimur

214 1036 596 1090 tentationibus
623 1044 841 1103 pr0pter
871 1040 1095 1099 peccata
1141 1041 1344 1084 nostra.
1406 1027 1484 1082 Ex
1537 1042 1646 1096 quo
1698 1025 1780 1077 di-

212 1130 434 1189 scimus,
472 1129 615 1196 quod
648 1137 702 1180 et
733 1127 994 1192 iniquitas
1027 1139 1219 1177 manus
1263 1121 1484 1184 haheat,
1509 1129 1557 1173 et
1602 1118 1779 1172 omnia

217 1228 451 1286 peccata,
487 1232 608 1285 quae
633 1232 727 1270 nos
743 1215 958 1270 fortiter
982 1215 1203 1270 strictos
1229 1222 1413 1266 tenere
1441 1200 1779 1264 desiderant.

218 1309 360 1363 Unde
389 1319 445 1364 et
495 1309 549 1362 in
609 1324 770 1362 manu
808 1309 1003 1377 lingua:
1038 1320 1185 1359 mors
1218 1313 1272 1358 et
1310 1303 1417 1355 vita
1463 1312 1544 1355 est
1592 1299 1779 1370 (Prov.

215 1402 384 1469 svnt);
415 1409 473 1454 et
506 1409 730 1453 sanctus
761 1408 1044 1469 precatur:
1081 1395 1202 1450 Non
1231 1396 1394 1449 ueniet
1428 1394 1554 1448 mihi
1581 1408 1668 1460 pes
1692 1407 1786 1445 su-

212 1492 392 1559 perbia:
459 1491 631 1560 (Psal.
671 1505 834 1551 xxxv.
879 1489 994 1548 η).
1030 1489 1136 1542 Nos
1167 1496 1372 1550 autem,
1407 1486 1534 1554 quia
1588 1481 1785 1537 avertit

216 1583 473 1636 Dominus
506 1583 698 1637 faciem
729 1597 882 1636 suam
914 1596 943 1634 a
972 1580 1150 1642 nobis,
1187 1579 1424 1633 scientes
1458 1575 1589 1629 illttd
1638 1573 1784 1643 quod

216 1675 472 1741 scriptum
507 1681 632 1728 est:
666 1670 847 1725 Omnis
875 1672 964 1740 qui
989 1668 1306 1723 iuvocaverit
1329 1683 1510 1720 nomen
1542 1663 1782 1727 Domini,

1885 496 2007 536 ntus
2064 479 2245 534 dicere
2301 495 2316 532 :
2379 477 2464 531 Ne
2509 479 2787 541 irascaris,
2845 479 3084 543 Domine,
3120 481 3275 538 satis.
3337 482 3448 535 Non

1883 570 2020 623 iram
2051 581 2293 624 velamus
2327 570 2369 635 ³,
2408 584 2507 624 nec
2535 570 2674 624 ultra
2713 571 3024 639 patientiam
3057 581 3204 626 tuam
3252 577 3448 642 quaeri-

1884 675 2028 726 mus,
2084 676 2180 729 per
2233 677 2394 729 quam
2452 661 2949 717 Ihesaurizavimus
3011 663 3166 718 nobis
3224 666 3357 718 iram
3399 667 3451 718 itt

1883 754 1970 808 die
2020 753 2136 808 irae.
2189 751 2294 806 Sed
2330 754 2430 806 hoc
2487 767 2818 821 quaesumus,
2874 769 2942 806 ne
2989 753 3244 808 irascaris
3301 757 3458 811 nobis

1886 847 2042 910 satis,
2080 860 2146 898 ne
2183 853 2424 913 tempore
2459 845 2682 900 ultionis
2722 855 2884 914 atque
2914 847 3163 902 vindictae
3195 849 3457 904 memine-

1885 940 1959 992 ris
1997 937 2302 1006 iniquitatis
2342 945 2542 990 nostrae
2576 952 2592 992 :
2646 937 2740 992 sed
2778 939 2951 1006 magis
3001 940 3260 1009 respicias
3291 957 3459 1012 pepu-

1883 1028 1992 1081 lunt
2023 1036 2195 1089 tuum,
2228 1028 2316 1096 qui
2349 1027 2622 1096 quondam
2660 1037 2783 1082 tuus
2840 1030 3143 1098 appellatus
3174 1043 3257 1086 est
3286 1047 3456 1102 popu-

1885 1120 1991 1174 lus.
2024 1119 2088 1171 Et
2123 1119 2359 1172 civitatis
2387 1120 2680 1172 sanctuarii
2734 1119 2808 1174 tui
2869 1123 3194 1188 miserearis,
3249 1125 3302 1178 in
3353 1141 3453 1193 qua

1887 1211 2192 1264 invocatum
2245 1217 2328 1264 est
2364 1224 2555 1264 nomen
2613 1221 2784 1266 tuum.
2823 1213 2954 1278 Quae
3002 1215 3192 1269 civitas
3220 1217 3456 1286 appella-

1887 1312 1975 1355 tur
2016 1300 2146 1354 Sion
2173 1309 2226 1354 et
2263 1297 2586 1366 Jerusalem,
2624 1317 2785 1370 quam
2819 1302 3054 1359 fluminis
3084 1306 3321 1373 impetus
3370 1307 3462 1360 lae-

1886 1392 2090 1458 tificat;
2124 1401 2177 1446 et
2206 1391 2256 1444 in
2289 1407 2392 1460 qua
2421 1392 2693 1461 quondam
2726 1393 2821 1448 fuit
2854 1395 3069 1464 specula
3099 1396 3354 1450 virtutum
3401 1407 3457 1450 et

1887 1486 2037 1555 pacis
2096 1485 2482 1554 contemplatio
2549 1483 2721 1555 (Psal.
2784 1494 2934 1546 xu).
3001 1487 3206 1544 Domus
3247 1505 3463 1560 quoque

1891 1586 2016 1639 tua,
2068 1576 2119 1629 id
2164 1585 2291 1639 est,
2337 1576 2595 1644 templum
2649 1577 3106 1635 sanctificationis
3153 1589 3353 1635 nostra:
3410 1596 3464 1636 et

1885 1667 2095 1737 'glorize,
2133 1669 2183 1721 in
2212 1683 2315 1738 qua
2347 1667 2700 1723 laudaveram
2737 1681 2787 1724 te
2818 1679 3001 1738 patres
3032 1674 3225 1735 nostri,
3255 1673 3304 1727 in
3359 1678 3468 1727 rui-

214 1766 384 1818 salvus
419 1765 517 1817 erit
581 1761 720 1830 (Joel
780 1778 842 1824 ιι,
896 1762 1010 1831 59.),
1048 1761 1366 1815 invocemus
1399 1772 1592 1811 nomen
1638 1756 1782 1824 ejus,
1815 1735 1860 1790 Β
1891 1775 1988 1812 nas
2015 1769 2068 1814 et
2099 1761 2311 1814 cineres
2351 1762 2610 1828 concidit,
2649 1771 2701 1816 et
2746 1735 2994 1816 incendio
3045 1776 3308 1827 vastante,
3373 1767 3469 1819 dc-

214 1865 368 1925 atque
399 1854 652 1909 dicamus
679 1871 694 1908 :
729 1853 1008 1907 Peccatum
1036 1861 1214 1906 notum
1237 1851 1336 1920 feci
1369 1850 1482 1914 tibi,
1514 1857 1560 1901 et
1587 1849 1784 1916 iniqui-

214 1959 370 2002 tatem
399 1964 572 2002 meam
604 1964 706 2002 non
741 1948 936 2014 operui.
966 1946 1110 2009 Dixi,
1136 1944 1482 2011 pronuntiabo
1511 1942 1786 1996 adversum

216 2057 292 2092 me
316 2041 650 2108 iniquitatem
679 2055 847 2092 meam
878 2037 1123 2102 Domino,
1163 2046 1211 2090 et
1243 2047 1297 2090 tu
1333 2035 1581 2088 dimisisti
1605 2034 1788 2102 impie-

216 2144 368 2188 tatem
405 2135 582 2187 rordis
611 2133 709 2187 mei
742 2131 924 2202 (Psal.
960 2147 1112 2197 XXXI,
1138 2131 1249 2198 56).
1298 2129 1364 2182 Et
1399 2128 1583 2182 statim
1615 2127 1784 2180 hahe-

217 2229 387 2282 bimus
423 2226 714 2279 Dominum
751 2226 1208 2294 reSpoudentem:
1245 2221 1417 2276 Deleri
1449 2221 1588 2274 sicut
1620 2218 1783 2272 nebu-

215 2320 318 2373 lam
369 2320 691 2390 iniquitates
735 2328 879 2384 tuas,
939 2325 986 2371 et
1013 2318 1146 2370 sicut
1191 2315 1376 2370 nubem
1415 2323 1630 2384 peccata
1695 2322 1791 2366 tua

217 2413 351 2482 (lsa.
393 2428 544 2478 xuv,
600 2410 716 2480 22),
753 2419 916 2479 atque
958 2409 973 2438 ¹
1024 2408 1290 2471 dicemus,
1350 2407 1578 2458 Ostende
1602 2404 1793 2474 {aciem

213 2517 382 2566 tuam,
415 2513 466 2556 et
499 2502 632 2555 salvi
677 2503 875 2555 erimus
911 2498 1086 2570 (Psal.
1123 2513 1308 2560 Lxxtx,
1348 2496 1403 2566 4)
1468 2507 1526 2549 ιιι
1587 2511 1792 2563 neqna~

214 2606 371 2658 quam
395 2591 576 2644 simus
599 2589 740 2659 servi
763 2588 988 2657 peccati,
1022 2586 1114 2640 sed
1143 2585 1286 2638 servi
1319 2585 1417 2638 tui.
1445 2584 1630 2637 Omnis
1651 2587 1794 2636 enim

215 2684 305 2750 qui
344 2682 483 2735 facit
523 2691 831 2750 peccatum,
870 2693 1062 2734 servus
1086 2675 1206 2745 ejus
1240 2686 1323 2728 est
1353 2675 1534 2744 (Joan.
1559 2673 1701 2734 vni).

286 2775 469 2844 (Vers.
490 2773 716 2842 Sseqq.)
747 2791 763 2823 ι
800 2769 864 2824 Et
888 2784 1049 2835 nunc,
1083 2768 1327 2832 Domine,
1357 2778 1508 2837 pater
1528 2771 1712 2818 noster
1741 2780 1799 2817 rs

217 2877 291 2928 tu,
335 2883 440 2920 nos
477 2881 605 2920 vero
638 2868 807 2920 lututn
869 2878 883 2918 :
939 2873 992 2918 et
1035 2862 1190 2916 ﬁctor
1221 2871 1405 2915 noster
1433 2870 1508 2924 tu,
1542 2867 1591 2911 el
1636 2870 1797 2924 opera

218 2972 476 3010 manuum
507 2966 720 3009 tuarum
765 2970 954 3009 omnes
981 2970 1102 3008 nos.
1138 2951 1216 3006 Ne
1255 2951 1535 3016 irascaris,
1555 2949 1798 3009 Domine,

1889 1849 1994 1903 leta
2025 1861 2137 1914 est;
2177 1851 2246 1902 ita
2295 1861 2350 1903 ut
2401 1866 2734 1920 nequaquam
2787 1853 2838 1905 itt
2872 1868 2933 1908 ea
2985 1855 3284 1910 offerantur
3312 1857 3468 1912 victi-

1892 1955 2031 2006 nun;
2068 1957 2170 1995 non
2224 1939 2430 1996 Pascha
2491 1942 2835 2007 celebretur;
2895 1960 3000 1998 non
3033 1948 3324 2016 quidquam
3377 1951 3471 2003 iiut

1895 2033 1959 2084 de
1989 2033 2333 2086 creremoniis
2396 2047 2532 2100 quas
2565 2043 2618 2086 tn
2648 2033 2764 2088 tieri
2797 2036 3098 2106 prazcepisti
3121 2080 3135 2102 ,
3163 2041 3256 2092 sed
3285 2042 3468 2094 omnia

1893 2121 2273 2176 desiderabilia
2331 2133 2516 2177 nostra
2569 2140 2722 2178 versa
2781 2135 2907 2180 sunt
2963 2128 3015 2180 itt
3076 2131 3289 2186 ruinas.
3335 2132 3468 2185 Cu.”

1897 2219 2008 2269 lucc
2033 2216 2197 2286 igitur
2229 2217 2300 2269 ita
2337 2233 2396 2272 se
2449 2217 2700 2294 habeant,
2739 2221 3025 2290 numquid,
3079 2221 3328 2292 Domine,
3377 2240 3473 2276 Stt-

1896 2323 1994 2378 per
2026 2310 2108 2362 his
2141 2309 2446 2362 continebis
2475 2309 2902 2364 misericordiam
2959 2324 3128 2378 tuam,
3182 2325 3235 2368 et
3268 2317 3473 2370 tacebis

1897 2401 2222 2454 adversariis
2255 2402 2779 2470 blasphemantilnts,
2818 2414 2872 2458 et
2907 2403 3111 2474 amiges
3159 2423 3257 2461 nos
3307 2418 3471 2478 atque

1899 2492 2230 2554 humiliahis,
2264 2508 2368 2544 non
2404 2507 2552 2546 more
2581 2494 2761 2556 solito,
2819 2496 2912 2549 sed
2945 2497 3150 2550 nimis?
3190 2496 3318 2562 Quae
3357 2516 3474 2551 οτιι-

1899 2584 1986 2635 nia
2020 2581 2191 2636 Judzei
2221 2584 2566 2653 Assyriortun
2596 2595 2648 2637 et
2682 2582 3100 2655 Babyloniorum
3139 2588 3302 2658 766
3339 2601 3474 2641 tem-

1900 2675 2121 2744 poribns
2145 2684 2334 2743 putant
2361 2691 2482 2729 esse
2513 2676 2805 2744 completa.
2830 2677 2941 2733 Nos
2973 2687 3152 2734 autem
3193 2681 3354 2750 juxta
3407 2699 3470 2735 ea

1900 2783 2020 2835 qua:
2048 2782 2112 2818 ex
2146 2783 2373 2834 persona
2406 2769 2701 2821 Salvatoris
2733 2779 3036 2837 sequuntur
3063 2788 3080 2827 :
3117 2775 3356 2840 Apparui
3389 2774 3471 2826 Itis

1901 2861 1990 2928 qui
2014 2877 2114 2912 non
2142 2860 2562 2930 interrogabant.
2606 2859 2854 2915 Inventus
2885 2880 2998 2917 sum
3029 2867 3093 2918 ab
3141 2866 3220 2919 Itis
3249 2869 3340 2935 qui
3394 2884 3478 2921 me

1905 2966 2010 3002 non
2056 2949 2357 3018 quaerebant
2390 2949 2526 3019 (Isa.
2562 2967 2686 3014 ων,
2727 2953 2819 3020 l);
2873 2955 2939 3008 ad
2973 2965 3183 3026 tempus
3219 2957 3478 3010 Rotuante

218 3051 367 3114 satis,
387 3059 447 3102 et
468 3063 532 3101 ne
557 3048 695 3100 ultra
719 3045 1032 3100 memineris
1065 3045 1386 3111 iniquitatis.
1409 3043 1542 3096 Ecce
1567 3041 1792 3109 respico,
1829 3063 1871 3119 ρ
1903 3045 2142 3098 viatoria
2176 3046 2424 3098 universa
2457 3045 2760 3112 referimus,
2791 3045 3193 3114 qumlosephn‘s
3233 3047 3479 3105 Iudaica:

218 3143 455 3211 populus
483 3150 608 3194 tuus
626 3153 814 3193 omnes
843 3154 962 3192 l'.0$.
981 3137 1187 3192 Civitas
1249 3135 1433 3190 Sancti
1453 3136 1527 3188 tui
1565 3134 1702 3188 facta
1717 3143 1802 3186 est

217 3237 462 3297 deserta,
486 3233 618 3286 Sion
644 3231 861 3286 deserta
889 3227 1031 3284 iacta
1064 3236 1168 3292 est,
1188 3225 1487 3281 Jerusalem
1515 3223 1755 3278 desiilata
1783 3241 1797 3277 :

217 3331 407 3382 domus
437 3322 891 3380 sanctiﬁcationis
919 3331 1138 3385 nostrae,
1172 3329 1226 3374 et
1259 3319 1440 3390 gloria:
1475 3315 1802 3380 nostrar,ubi

220 3423 582 3473 laudaverunt
603 3429 653 3471 te
685 3429 867 3486 patres
899 3415 1091 3477 nostri,
1115 3412 1257 3466 fat-ta
1273 3421 1357 3466 est
1382 3413 1432 3464 in
1457 3410 1802 3464 exustionem

221 3513 376 3580 ignis,
409 3520 471 3564 et
498 3509 680 3563 otttoia
737 3505 1121 3560 desiderabilia
1157 3513 1340 3556 nostra
1384 3514 1543 3554 versa
1585 3506 1712 3552 sunt
1749 3497 1803 3550 iu

223 3605 465 3657 ruinam.
494 3601 769 3668 Numquid
796 3613 972 3663 super
998 3599 1080 3650 his
1111 3591 1413 3648 continebis
1448 3601 1524 3653 te,
1557 3589 1804 3654 Domine,

221 3695 466 3757 tacebis;
490 3702 545 3744 et
598 3689 800 3759 allliges
859 3701 958 3742 nos
1000 3683 1379 3740 vehementer?
1431 3700 1450 3732 ι
1480 3678 1657 3735 LXX:
1693 3699 1711 3732 ι
1744 3680 1808 3734 Et

222 3799 384 3848 nunc,
431 3781 680 3844 Domine,
712 3790 869 3849 pater
898 3786 1080 3832 noster
1112 3784 1168 3830 tu
1208 3791 1224 3829 :
1259 3789 1360 3828 nos
1389 3781 1567 3825 autem
1606 3772 1804 3837 lutum,

218 3890 384 3942 opera
424 3886 688 3926 manuum
730 3881 946 3924 tuarum
994 3881 1185 3922 omnes
1239 3879 1376 3930 nos;
1433 3879 1500 3917 ne
1553 3863 1808 3918 irasceris

225 3967 402 4030 nobis,
444 3962 699 4026 Domine,
737 3961 922 4025 nimis,
954 3969 1104 4013 etne
1150 3957 1204 4011 itt
1249 3966 1496 4026 tempore
1529 3954 1810 4008 memine-

221 4061 294 4110 ris
323 4066 683 4128 peccatorum
733 4061 1064 4106 nostrorum.
1119 4051 1186 4105 Et
1223 4063 1368 4103 nunc
1418 4047 1631 4114 respice
1675 4061 1810 4113 quo-

225 4149 366 4200 uiam
427 4147 662 4214 populus
713 4153 835 4197 tuus
885 4157 1074 4195 omnes
1132 4155 1250 4204 nos,
1283 4138 1476 4192 civitas
1511 4135 1694 4188 Sancti
1725 4133 1803 4185 tui

224 4241 363 4293 facta
397 4249 490 4294 est
540 4242 754 4292 deserta
806 4236 932 4289 Sion
970 4250 984 4287 :
1019 4235 1173 4303 quasi
1208 4231 1443 4286 solitudo
1470 4227 1808 4296 Jerusalem,

223 4332 276 4382 in
310 4327 756 4381 maledictionem
786 4326 979 4376 domus
1007 4321 1299 4376 sanctuarii
1334 4320 1498 4373 nostri
1517 4326 1572 4372 et
1603 4317 1807 4386 gloriae,

1905 3136 2140 3204 scriptor
2161 3136 2425 3202 historiae,
2457 3148 2661 3206 septem
2687 3139 2922 3208 explicat
2944 3142 3328 3207 voluminibus,
3355 3147 3480 3211 qui-

1907 3227 2291 3295 busintposuit
2343 3229 2554 3282 titulmu
2595 3229 2939 3300 Captivitatis
2988 3233 3249 3309 .ludaicae,
3293 3236 3343 3289 id
3397 3250 3482 3290 est

1915 3319 2055 3388 Περὶ
2095 3320 2348 3384 ἁλώσεως
2383 3338 2397 3374 :
2430 3331 2484 3375 et
2518 3323 2846 3390 superﬂuum
2880 3334 2962 3379 est
2994 3342 3055 3379 ea
3085 3343 3334 3383 sermone
3367 3331 3480 3385 dis-

1905 3424 2109 3476 serere,
2143 3428 2264 3481 qua:
2311 3414 2484 3468 oculis
2534 3423 2777 3483 pateant,
2822 3430 2948 3469 cum
2980 3420 3162 3472 omnia
3195 3419 3480 3474 desidera~

1911 3502 2046 3556 bilia
2082 3519 2273 3559 eorum
2323 3520 2478 3559 versa
2516 3509 2626 3560 sint
2659 3506 2712 3560 in
2746 3507 2951 3572 ruinas,
3003 3518 3056 3561 et
3111 3510 3368 3576 templum
3425 3513 3480 3566 in

1909 3603 2021 3650 toto
2046 3596 2177 3651 orbe
2209 3597 2560 3662 celebratum,
2591 3597 2642 3650 in
2674 3599 3076 3668 Sterquilinium
3117 3602 3267 3655 urbis
3307 3618 3480 3663 uovm,

1908 3704 2030 3757 qua:
2053 3703 2081 3742 a
2104 3689 2389 3744 conditore
2423 3690 2798 3758 appellabatur
2823 3691 2983 3756 Elia;
3014 3702 3066 3747 et
3104 3695 3156 3747 in
3193 3696 3478 3751 habitacu-

1909 3782 2018 3837 lum
2045 3781 2322 3836 transierit
2353 3793 2672 3836 noctuarum
2704 3801 2717 3836 ε
2753 3783 3063 3854 ΐιιιειηιῳιθ
3114 3787 3357 3855 quotidie
3397 3789 3484 3842 di-

1910 3885 2038 3928 cunt
2062 3874 2115 3926 in
2148 3873 2433 3943 synagogis
2461 3876 2572 3928 suis
2606 3892 2620 3928 :
2644 3876 2814 3944 Super
2833 3877 2916 3932 his
2942 3877 3210 3942 omnibus,
3237 3879 3482 3946 Domine,

1909 3965 2196 4020 sustinebis
2217 3973 2268 4018 et
2287 3964 2484 4034 amiges
2505 3981 2599 4019 nos
2620 3966 2660 4033 ⁸,
2684 3978 2844 4036 atque
2865 3967 3177 4024 ltumiliabis
3197 3972 3486 4026 vehemen.

1911 4069 2008 4111 ter.
2028 4057 2323 4112 Possumus
2343 4061 2452 4112 lucc
2475 4058 2680 4114 referre
2700 4063 2762 4114 ad
2789 4059 3105 4126 Ecclesium,
3126 4066 3206 4118 vel
3225 4065 3288 4118 ad
3308 4067 3486 4120 sancti

1911 4149 2009 4202 viri
2040 4150 2296 4216 animam,
2333 4165 2454 4219 quze
2488 4161 2630 4205 recte
2658 4152 2912 4220 appellari
2955 4163 3134 4223 potest
3173 4156 3390 4226 specula
3431 4165 3488 4211 et

1910 4242 2047 4296 visio
2074 4241 2242 4310 pacis,
2265 4243 2481 4310 quando
2510 4243 2670 4297 Pater
2706 4255 2758 4296 et
2801 4243 2972 4301 Filius
3010 4257 3062 4301 et
3096 4249 3330 4318 Spiritus
3359 4266 3488 4305 san-

1909 4344 2027 4389 ctus
2057 4333 2416 4388 habitaverint
2449 4335 2500 4388 in
2554 4351 2638 4388 ea.
2673 4335 2765 4389 Sin
2812 4353 2938 4391 vero
2971 4340 3124 4402 vitio,
3159 4342 3240 4394 vel
3277 4353 3488 4405 nostro,

219 4425 304 4475 cui
339 4419 747 4475 benedixerunt
768 4425 953 4484 patres
985 4416 1180 4477 nostri,
1227 4413 1366 4465 facta
1398 4420 1482 4464 est
1507 4410 1631 4479 igne
1658 4422 1794 4461 com-

1912 4426 1992 4480 vel
2029 4425 2231 4494 populi,
2261 4425 2630 4492 hujuscemodi
2658 4427 2783 4481 Sion
2813 4444 2842 4482 a
2877 4430 3104 4485 Domino
3138 4430 3300 4488 fuerit
3333 4432 3492 4491 dere-

221 4516 411 4580 busta,
432 4521 491 4567 et
513 4510 696 4564 munia
714 4509 952 4577 gloriosa
977 4517 1159 4562 nostra
1174 4504 1548 4558 conciderunt.
1566 4501 1629 4554 Et
1651 4509 1812 4565 super

218 4607 485 4659 omnibus
505 4603 591 4656 his
613 4601 984 4666 sustinuisti”,
1018 4599 1239 4652 Domine
1266 4611 1278 4647 :
1492 4603 1544 4646 et
1573 4591 1807 4654 tacuisti,

215 4710 270 4750 et
323 4693 634 4749 ltutniliasti
667 4707 766 4747 nos
795 4692 968 4745 Valde.
1006 4707 1025 4741 ι
1083 4688 1139 4743 Si
1188 4699 1369 4742 nostra
1407 4685 1813 4739 consideremus

221 4787 446 4847 merita,
462 4785 865 4852 desperandum
887 4790 987 4836 est.
1005 4780 1060 4834 Si
1085 4790 1228 4832 tuam
1248 4783 1432 4832 autem‘
1446 4774 1812 4839 clementiam,

216 4881 306 4946 qui
339 4877 592 4946 ﬂagellas
624 4890 842 4929 omnem
885 4873 1052 4926 lilium
1085 4887 1245 4940 quem
1298 4869 1516 4938 recipis,
1548 4866 1814 4920 audemus

219 4987 420 5038 preces
457 4969 688 5022 lundere
738 4966 926 5035 (Hebr.
953 4968 1075 5032 xn).
1110 4963 1191 5018 Tu
1248 4962 1389 5016 enim
1450 4971 1601 5030 pater
1627 4969 1814 5013 noster

215 5082 297 5128 es,
337 5065 438 5132 qui
493 5063 748 5132 dignatus
806 5076 865 5114 es
917 5060 1145 5113 dicere:
1209 5055 1381 5108 Filius
1429 5053 1812 5122 primogenitus

217 5172 367 5208 meus
404 5153 584 5208 Israel
616 5151 817 5220 (Exod.
857 5166 935 5212 tv,
985 5148 1096 5215 '22).
1156 5147 1219 5199 Et
1270 5157 1578 5214 quanquam
1644 5143 1811 5194 lutum

214 5263 423 5311 simus,
461 5256 517 5300 ct
548 5259 711 5310 Opera
748 5255 1001 5294 manuum
1039 5249 1278 5300 tuarum,
1325 5245 1378 5289 et
1424 5238 1580 5287 lictor
1629 5240 1814 5287 uester

218 5339 338 5403 sis;
372 5351 483 5389 nec
513 5350 607 5386 vas
645 5337 810 5400 ligato
841 5329 1015 5382 valeat
1044 5325 1392 5395 respondere,
1415 5339 1584 5392 quare
1620 5326 1701 5376 sic
1732 5322 1812 5375 vel

290 5496 307 5526 ⁸
369 5491 590 5546 Victor.
658 5489 727 5541 ml
782 5503 933 5557 quem
978 5501 1075 5555 pro
1149 5496 1306 5554 atque
1358 5481 1567 5537 meliori
1638 5483 1812 5537 ferme

215 5577 425 5619 sensu.

1916 4519 2060 4583 lieta,
2088 4520 2269 4573 statim
2288 4520 2487 4586 patebit
2513 4520 2760 4574 incendio
2785 4520 3071 4590 ignitarum
3092 4524 3292 4580 diaboli
3317 4529 3489 4596 sagit-

1919 4617 2092 4663 tarum
2139 4609 2380 4664 :Omncs
2401 4611 2546 4663 enim
2592 4610 2988 4678 adulterantes,
3035 4615 3195 4682 quasi
3243 4616 3487 4670 clibanus

1915 4698 2079 4752 corda
2128 4713 2335 4752 eorum.
2364 4696 2425 4750 Et
2451 4699 2676 4768 expulso
2701 4700 2974 4768 pudicitiae
2999 4701 3220 4772 frigore,
3252 4704 3490 4759 libidinis

1919 4789 1970 4842 in
2009 4788 2205 4856 templo
2239 4787 2330 4841 Dei
2373 4787 2584 4842 ﬂamma
2638 4791 2997 4860 grassabitur,
3037 4803 3095 4846 ttt
3138 4794 3392 4862 quidquid
3435 4795 3486 4847 iu

1919 4881 2073 4933 nobis
2108 4879 2402 4949 gloriosum
2434 4880 2584 4946 prius
2603 4892 2656 4935 et
2675 4882 2937 4952 inclytum
2968 4881 3087 4948 fuit,
3116 4893 3357 4946 corruat,
3393 4886 3495 4937 dc-

1921 4969 2098 5024 leatur
2129 4979 2182 5024 et
2211 4979 2415 5039 pereat.
2445 4970 2512 5024 Et
2541 4971 2830 5040 impleatur
2853 4973 2980 5025 illud
3009 4977 3154 5042 quod
3183 4975 3235 5027 in
3268 4973 3496 5030 Psalmis

1920 5062 2115 5116 dicitur
2145 5080 2159 5118 :
2195 5063 2600 5117 Combusserunt
2641 5065 2750 5133 igni
2773 5051 3137 5118 sanctuarium
3169 5073 3341 5126 tuum.
3368 5084 3495 5135 pro-

1919 5155 2229 5220 [anaveruut
2268 5155 2487 5207 interra
2529 5155 2926 5208 tabernaculum
2952 5155 3180 5211 nominis
3220 5159 3296 5211 tui
3325 5157 3493 5228 (Psal.

1921 5260 2108 5311 cum,
2124 5245 2198 5313 7).
2223 5245 2373 5310 Quod
2396 5247 2541 5300 solus
2565 5257 2742 5315 potest
2763 5249 2850 5302 ille
2873 5249 3224 5320 restinguere,
3256 5251 3323 5307 de
3344 5253 3499 5321 cujus

1925 5347 2111 5389 ventre
2142 5334 2309 5388 ﬂuunt
2347 5349 2499 5404 aqua!
2529 5337 2761 5390 viventis
2794 5336 3039 5393 flumina.
3125 5343 3127 5348 '

1923 5502 2020 5556 pro
2052 5484 2281 5554 ἀνέσχου
2330 5487 2515 5541 habet.

604 5631 612 5639 ι
794 5555 801 5557 Ἴ
837 5626 848 5639 ,
1010 5625 1041 5639 _.
1120 5625 1165 5639 μ
1353 5633 1364 5639 Δ
1454 5623 1490 5639 ἢ
1735 5631 1774 5639 γ’
1929 5633 1940 5639 Δ
1993 5555 2014 5585 ³
2053 5555 2320 5623 Corrupte
2350 5566 2512 5625 atque
2539 5559 2844 5639 incongrua
2875 5576 3034 5616 sensu
3056 5570 3184 5639 erat
3227 5574 3420 5625 antea
3450 5557 3530 5612 ei-

293 5638 315 5666 ί
347 5631 714 5687 Atuhrnsian.
752 5626 874 5681 cod.
909 5625 1286 5679 sustinebimus
1347 5633 1417 5687 te,
1448 5623 1688 5696 Domine,
1726 5631 1813 5677 at-
1923 5633 2098 5678 tamus
2139 5641 2236 5692 pro
2279 5623 2532 5682 velamus.
2593 5623 2937 5686 Ambrosian.
2968 5633 3093 5684 cod.
3143 5623 3482 5696 catena-st.

216 5719 332 5775 que
392 5705 472 5757 ita
521 5701 742 5769 quidem
791 5699 1171 5764 (lootpluteuse
1216 5697 1493 5764 exemplar
1547 5693 1815 5761 ἀνέξομεν
1995 5695 2017 5725 ’⁸
2045 5697 2244 5750 Iterum
2277 5699 2655 5766 Ambrosiam,
2685 5701 3063 5755 sustinebimus
3099 5711 3144 5752 et
3177 5693 3425 5788 amis},
3451 5703 3573 5752 n0!-

559 5798 812 5855 l‘n'ttnt.
864 5790 991 5849 XXI
1009 5793 1052 5851 γ

2451 5790 2466 5796 ⁷
3104 5793 3179 5853 21
