3902 6182
450 278 548 346 651

1628 267 1690 329 S.
1747 262 2062 328 EUSEBII
2112 255 2552 321 HIERONYMI
3571 245 3659 304 6:32

478 401 3642 454 _____________________________________.____._____————_.

1254 589 1610 682 LIBER
1689 579 2212 676 DECIMUS
2285 570 2865 668 OCTAVUS.

523 951 901 1028 767-768
959 941 1440 1002 Duodevicesimus
1505 939 1560 992 in
1609 935 1810 994 Isaiam
1833 975 1849 1000 ,
1911 931 2022 986 imo
2049 931 2101 992 Α
2123 929 2259 998 quit,
2290 927 2478 990 ventri,
2506 935 2554 980 et
2601 933 2776 979 venter
2803 923 2934 978 escis
2995 939 3011 976 :
3045 921 3185 976 Deus
3216 930 3391 976 autent
3413 927 3460 974 et
3487 917 3605 973 hunc
3626 930 3664 974 et

451 1059 728 1106 extremus
767 1044 924 1108 liber,
957 1049 1071 1103 tuo,
1103 1055 1136 1094 ο
1169 1037 1275 1090 lilia
1311 1031 1690 1094 Eustochium,
1725 1037 1778 1082 et
1811 1035 2022 1081 sanctae

451 1141 642 1199 matris
681 1145 787 1192 ture
819 1135 998 1190 Paulae
1029 1129 1230 1186 nomini
1273 1127 1584 1185 dedicatur,
1617 1131 1675 1174 ut
1719 1133 1856 1188 quas
1905 1115 2024 1185 pari

451 1231 655 1284 honore
685 1223 926 1294 suspexi,
957 1235 1111 1289 requa
1141 1213 1661 1272 commemoratione
1699 1222 1842 1263 nunc
1871 1219 2020 1259 reco-

451 1323 559 1377 lant
599 1338 614 1375 :
648 1317 948 1389 praesertim
981 1329 1102 1368 cum
1136 1319 1189 1364 et
1221 1310 1308 1362 illa
1343 1309 1466 1360 dum
1500 1305 1728 1367 viveret,
1761 1303 1861 1354 hoc
1888 1310 2026 1366 opus

452 1425 630 1470 tecum
655 1391 900 1466 crebrius
925 1401 1228 1474 postularit,
1251 1412 1302 1453 et
1329 1401 1409 1451 vir
1429 1393 1826 1450 eruditissimus
1857 1389 2026 1443 frater

452 1516 577 1561 tuus
623 1498 1004 1557 Pammachius
1049 1505 1102 1549 et
1149 1504 1275 1546 lllllc
1315 1499 1368 1543 et
1409 1497 1595 1557 postea
1642 1482 2025 1552 frequentibus

453 1597 674 1666 scriptis
707 1607 902 1663 cogere
933 1605 1036 1644 non
1073 1584 1339 1642 destiterit
1369 1600 1382 1636 :
1416 1581 1656 1649 mihique
1692 1587 1746 1632 et
1787 1589 2028 1644 praesen-

454 1692 587 1745 tium
620 1685 918 1741 amicorum
951 1690 1008 1735 et
1041 1679 1375 1736 absentium,
1405 1673 1753 1738 virorumque
1775 1683 1838 1722 ac
1870 1665 2027 1720 lenti-

456 1795 646 1835 uarum
697 1780 749 1834 in
801 1776 1018 1830 Christo
1051 1770 1434 1827 dormientium
1471 1766 1655 1818 eadem
1707 1760 1892 1830 religio
1932 1757 2023 1822 sit,

454 1868 507 1921 id
546 1876 650 1932 est,
700 1865 1004 1918 animorum
1060 1859 1320 1922 Charitas,
1377 1869 1482 1908 non
1535 1865 1852 1920 corporum.
1919 1847 2026 1901 Nec

456 1957 644 2026 ignoro
685 1961 884 2024 quanta
917 1953 1056 2003 inter
1092 1947 1340 2000 homines
1369 1940 1764 1996 sententiarum
1799 1934 2026 1990 diversi-

457 2025 540 2100 tas
586 2045 676 2099 sit.
735 2041 851 2094 Non
887 2039 1011 2093 dico
1071 2035 1139 2089 de
1198 2032 1459 2104 mysterio
1506 2025 1819 2089 Trinitatis,
1871 2025 2025 2092 cujus

453 2147 602 2193 recta
658 2131 958 2190 confesssio
1008 2137 1090 2183 est
1141 2125 1408 2196 ignoratio
1465 2121 1748 2184 scientiae;
1810 2116 1903 2171 sed
1957 2115 2022 2169 de

455 2229 576 2284 aliis
601 2223 998 2282 Ecclesiasticis
1061 2220 1421 2288 dogmatibus,
1477 2218 1542 2270 de
1589 2210 2021 2269 Rcsurrectioue

455 2319 684 2383 scilicet,
723 2324 777 2371 et
805 2315 872 2369 de
901 2314 1200 2366 animarum
1244 2319 1298 2364 et
1334 2309 1586 2361 humanae
1640 2303 1823 2359 carnis
1857 2311 2023 2365 statu,

454 2414 520 2466 de
579 2406 1118 2478 chromissiOnibus
1192 2402 1516 2459 futurorum,
1588 2395 1864 2466 quomodo
1935 2395 2028 2446 de-

454 2505 618 2557 beant
652 2498 846 2569 accipi,
897 2504 950 2552 et
1000 2511 1105 2564 qua
1145 2492 1352 2546 ratione
1385 2489 1729 2559 intelligenda
1776 2489 1847 2541 sit
1883 2487 2029 2555 Apo-

454 2591 694 2665 calypsis
726 2589 973 2654 Joannis,
1017 2601 1176 2657 quam
1241 2584 1284 2638 si
1340 2583 1492 2652 juxta
1528 2581 1762 2634 litteram
1820 2577 2027 2650 accipi-

455 2682 1020 2751 mus,Judaizandum
1051 2686 1170 2741 est;
1219 2677 1262 2730 si
1309 2674 1684 2745 Spiritualiter,
1719 2681 1775 2727 ut
1822 2675 2027 2744 scripta

452 2787 555 2844 est,
637 2773 980 2836 disserimus,
1045 2768 1335 2822 multorum
1419 2777 1665 2818 veterum
1722 2765 2029 2820 videbimur

454 2867 806 2939 opinionibus
864 2861 1138 2918 contraire
1190 2874 1204 2912 :
1252 2854 1941 2920 Latinorum,Tertulliani
1984 2857 2021 2920 ι,

453 2959 742 3023 Victorini,
794 2953 1056 3010 Lactantii
1100 2969 1116 3016 ;
1151 2951 1489 3011 Graecorum,
1544 2957 1600 3000 ut
1637 2957 1864 3001 caeteros
1895 2963 2028 3017 prato

452 3051 777 3112 termittam,
831 3043 1021 3099 lrentei
1083 3038 1726 3106 tantum.Lugdmrensis
1785 3037 2024 3108 episcopi

454 3145 650 3198 iaciam
683 3139 1032 3200 mentionem,
1072 3136 1360 3189 adversum
1397 3146 1555 3198 quem
1586 3132 1606 3161 ²
1635 3131 1717 3181 vir
1768 3128 2028 3198 el0qneo-

455 3235 700 3290 tissimus
743 3229 1028 3300 Dionysius
1060 3223 1446 3280 Alexandrina:
1487 3221 1744 3276 Ecclesiae
1780 3220 2026 3290 pontifex

456 3326 758 3396 elegantem
797 3317 1226 3381 scribitlibrum,
1275 3314 1510 3369 irridens
1567 3313 1711 3367 inille
1757 3327 2024 3366 annorum

456 3415 722 3478 fabulam,
755 3420 1057 3470 etauream
1095 3417 1259 3476 atque
1290 3414 1617 3474 gemmatam
1650 3405 1702 3456 in
1749 3404 1907 3458 terris
1937 3401 2027 3456 Je-

461 3505 720 3567 rusalem,
773 3499 1222 3555 instaurationem
1274 3495 1486 3564 templi,
1529 3494 1831 3548 hostiarum
1900 3509 2027 3548 san-

2124 1022 2248 1076 illas
2275 1021 2511 1075 destruet
2540 1017 2603 1086 (1
2632 1016 2757 1073 Cor.
2785 1032 2864 1082 v1,
2909 1015 3025 1083 15.)
3052 1013 3121 1069 Et
3152 1031 3167 1069 :
3200 1013 3324 1067 Non
3369 1021 3441 1066 est
3486 1026 3666 1082 regnum

2129 1111 2226 1166 Dei
2274 1113 2416 1166 cibus
2469 1119 2518 1165 et
2568 1117 2721 1178 potus
2783 1107 2992 1177 (Rom.
3052 1120 3164 1168 xrv,
3215 1101 3668 1171 l7).EtDominus

2127 1211 2294 1272 atque
2323 1201 2578 1254 Salvator
2627 1218 2642 1256 ε
2681 1198 2914 1264 Erratis,
2965 1197 3181 1264 inquit,
3228 1195 3504 1248 nescientes
3551 1193 3668 1246 Scri-

2128 1301 2320 1360 pturas
2363 1305 2526 1359 neque
2579 1289 2825 1342 virtutem
2882 1286 3000 1341 Dei.
3038 1285 3101 1340 In
3135 1284 3513 1339 resurrectione
3555 1283 3668 1336 enim

2126 1395 2290 1450 neque
2347 1380 2562 1444 nubent,
2623 1376 2986 1449 769-770
3039 1389 3203 1445 neque
3265 1372 3518 1426 nubentur
3559 1373 3668 1425 :sed

2125 1479 2282 1526 erunt
2326 1472 2526 1525 similes
2563 1471 2871 1540 angelorum
2914 1467 3137 1539 (Matth.
3174 1481 3312 1530 xxtt,
3340 1463 3430 1529 29,
3457 1462 3560 1532 30).
3584 1461 3671 1515 Nec

2125 1562 2244 1618 haec
2282 1563 2470 1618 dicens
2522 1561 2713 1617 aufero
2745 1574 3038 1630 corporum
3089 1560 3408 1620 veritatem,
3457 1569 3564 1624 qua
3605 1554 3671 1607 in-

2125 1664 2380 1724 corrupta
2429 1662 2482 1708 et
2513 1652 2843 1708 immortalia
2902 1659 3280 1707 resurrectura
3321 1645 3588 1709 conﬁteor,
3626 1653 3671 1696 ut

2129 1755 2340 1801 mutent
2389 1745 2644 1818 gloriam,
2683 1759 2790 1800 non
2829 1742 3225 1798 substantiam.
3292 1737 3489 1807 Sicque
3550 1744 3670 1788 recto

2127 1837 2484 1893 incedendum
2526 1846 2612 1893 est
2643 1837 2883 1900 tramite,
2921 1845 2980 1889 ut
3039 1847 3142 1888 nec
3183 1833 3253 1886 ad
3289 1822 3556 1886 sinistram
3588 1839 3670 1879 nec

2126 1931 2192 1984 ad
2254 1930 2536 1985 dexteram
2577 1928 2939 1989 declinemus,
3001 1925 3054 1980 id
3103 1933 3212 1989 est,
3271 1937 3376 1977 ncc
3419 1919 3666 1974 Iudaicum

2127 2037 2226 2077 nec
2278 2023 2592 2077 bareticum
2644 2036 2934 2092 sequamur
2985 2031 3252 2075 errorem.
3311 2017 3539 2081 Quorum
3596 2010 3666 2062 alii

2125 2114 2217 2184 qui
2284 2116 2462 2168 carnis
2522 2123 2699 2178 sunt,
2770 2113 2916 2167 solas
3002 2111 3241 2180 diligunt
3287 2123 3474 2164 carnes
3532 2123 3546 2160 :
3597 2104 3670 2157 alii

2129 2206 2322 2276 ingrati
2396 2207 2783 2260 beneﬁciorum
2857 2203 2993 2270 Dei,
3069 2201 3274 2257 habere
3357 2204 3668 2260 detrectant,

2133 2298 2276 2368 quod
2325 2296 2583 2351 Christus
2631 2305 2686 2350 et
2729 2304 2889 2348 natus
2920 2294 3110 2348 habuit
3148 2302 3204 2347 et
3236 2304 3536 2359 resurgens.
3560 2287 3668 2342 Cum

2131 2385 2274 2436 enim
2318 2382 2562 2457 Apostoli
2624 2398 2747 2437 eum
2810 2391 3062 2450 putarent
3116 2382 3393 2450 spiritum,
3443 2378 3520 2432 vel
3543 2378 3669 2444 juxta

2133 2475 2505 2543 Evangelium,
2547 2475 2692 2543 quod
2727 2474 3083 2528 Hebraeorum
3139 2475 3391 2528 lectitant
3434 2470 3668 2527 Nazarzi.

2129 2565 2456 2636 incorporale
2513 2566 2859 2633 dwmonium,
2897 2553 3030 2620 dixit
3089 2565 3170 2620 eis
3228 2582 3244 2620 :
3293 2565 3432 2631 Quid
3503 2562 3670 2616 turbati

2129 2659 2280 2722 estis,
2338 2667 2386 2711 et
2441 2658 2786 2727 cogitationes
2839 2659 3132 2712 ascendunt
3163 2660 3223 2712 in
3263 2645 3422 2712 corda
3471 2653 3672 2710 vestra?

2142 2746 2320 2801 Videte
2371 2764 2561 2802 manus
2614 2765 2756 2803 meas
2801 2748 2858 2804 et
2913 2751 3088 2816 pedes,
3116 2751 3246 2819 quia
3277 2751 3386 2820 ipse
3428 2765 3512 2819 ego
3538 2761 3669 2802 sum:

2131 2839 2358 2908 Palpate
2401 2851 2451 2894 et
2499 2843 2720 2906 cernite,
2777 2844 2901 2908 quia
2947 2843 3169 2912 spiritus
3224 2858 3436 2896 carnem
3476 2848 3518 2895 et
3569 2855 3668 2892 ossa

2129 2949 2237 2987 non
2267 2933 2443 2998 habet,
2485 2935 2624 2987 sicut
2649 2951 2732 2988 me
2758 2937 2947 2988 videtis
2978 2934 3190 2989 habere.
3236 2933 3303 2987 Et
3329 2950 3445 2987 cum
3481 2933 3564 2986 hoc
3605 2932 3671 2984 di-

2129 3029 2316 3093 xisset,
2349 3027 2579 3080 ostendit
2627 3028 2703 3082 eis
2727 3043 2912 3081 manus
2944 3036 2992 3081 et
3037 3029 3190 3095 pedes
3225 3027 3378 3097 (Luc.
3422 3040 3555 3090 xxiv,
3595 3023 3668 3089 58,

2132 3117 2249 3186 59).
2307 3116 2658 3184 Rursumque
2705 3115 2928 3173 Thomas
2979 3117 3192 3174 locutus
3225 3128 3312 3174 est
3364 3117 3668 3186 ambigenti:

2132 3205 2282 3275 lnfer
2335 3209 2556 3277 digitum
2593 3217 2740 3263 tuum
2794 3209 2918 3272 huc,
2944 3219 2997 3264 et
3047 3210 3166 3264 uide
3198 3227 3394 3265 manus
3419 3221 3560 3264 ‘meas
3587 3225 3605 3262 :
3628 3219 3666 3261 et

2128 3303 2346 3356 extende
2382 3319 2596 3356 manum
2621 3311 2792 3368 tuam,
2826 3311 2873 3356 et
2899 3302 3050 3356 mitte
3075 3304 3130 3356 in
3154 3302 3297 3358 latus
3327 3313 3570 3367 meum,et
3592 3316 3668 3353 που

2130 3395 2168 3446 li
2193 3410 2305 3448 esse
2334 3393 2664 3461 incredulus,
2715 3393 2809 3448 sed
2849 3394 3025 3464 ﬁdelis
3055 3391 3250 3460 (Joan.
3289 3411 3383 3462 xx,
3412 3395 3514 3465 27).
3541 3393 3668 3447 Deni-

2131 3500 2235 3554 que
2267 3485 2332 3538 ad
2359 3487 2688 3552 probandam
2723 3487 2973 3555 corporis
3027 3489 3345 3553 veritatem,
3404 3485 3669 3553 sumpsisse

456 3599 696 3668 guinem,
766 3593 934 3648 otium
969 3589 1214 3654 Sabbati,
1264 3585 1703 3640 circumcisionis
1747 3583 2020 3654 iniuriam,
2052 3623 2097 3682 ο
2133 3576 2387 3629 scribitur
2415 3578 2586 3641 cibos,
2622 3590 2757 3646 quos
2789 3586 2843 3628 et
2895 3576 3327 3648 Archisynagogi
3370 3578 3486 3632 tiliae.
3516 3576 3666 3644 jusse-

456 3691 692 3759 nuptias,
725 3695 944 3756 partus,
977 3683 1272 3736 liberorum
1305 3679 1712 3740 educationem,
1747 3676 2025 3744 epularum

455 3782 701 3841 delicias,
735 3785 789 3831 et
818 3783 1132 3828 cunctarum
1185 3768 1425 3836 gentium
1483 3764 1851 3821 servitutem:
1904 3777 2028 3816 rur-

457 3888 658 3942 susque
687 3869 853 3932 bella,
883 3863 1180 3926 exercitus,
1213 3873 1276 3913 ac
1316 3856 1618 3926 triumphos
1647 3865 1701 3909 et
1746 3862 2031 3923 superato-

456 3982 576 4020 rum
614 3975 796 4026 neces,
831 3966 1168 4023 mortemque
1205 3948 1503 4006 centenarii
1561 3946 1884 4017 peccatoris.
1929 3943 2028 3999 Cui

457 4057 670 4113 duobus
701 4049 1068 4108 voluminibus
1097 4041 1375 4114 respondit
1423 4038 1815 4109 Apollinarius,
1867 4051 2027 4106 quem

458 4163 565 4204 non
621 4147 792 4202 solum
827 4157 936 4197 suae
972 4148 1135 4195 secta:
1168 4135 1438 4197 homines,
1473 4130 1570 4186 sed
1614 4138 1669 4185 et
1701 4140 2017 4183 nostrorum

463 4245 516 4298 in
545 4243 650 4295 hac
679 4250 833 4309 parte
875 4236 1137 4289 duntaxat
1168 4229 1399 4299 plurima
1432 4227 1681 4294 sequitur
1711 4221 2026 4284 multitudo,

462 4341 520 4390 ut
566 4344 805 4401 prtesaga
870 4333 1050 4380 mente
1089 4322 1200 4389 jam
1230 4331 1453 4374 cernam
1481 4325 1807 4387 quantorum
1851 4316 1902 4368 in
1944 4330 2030 4370 me

466 4425 643 4480 rabies
673 4418 993 4476 concitanda
1028 4415 1123 4470 sit.
1171 4411 1384 4479 Quibus
1433 4425 1541 4464 non
1569 4407 1806 4472 invideo,
1840 4407 1883 4460 si
1911 4415 2032 4460 tan-

467 4523 578 4568 tunt
620 4516 807 4563 amant
860 4513 1088 4569 terram,
1122 4511 1182 4555 ut
1241 4505 1292 4554 in
1346 4513 1514 4570 regno
1559 4497 1760 4552 Christi
1815 4505 2029 4551 terrena

2135 3679 2216 3722 rat
2247 3668 2435 3734 tribui,
2471 3683 2634 3736 quam
2667 3683 2696 3722 a
2729 3669 2956 3723 mortuis
2988 3670 3304 3725 suscitavit.
3338 3671 3402 3726 Et
3443 3671 3668 3732 Lazarus,

2133 3776 2202 3815 ne
2231 3761 2555 3815 resurrectio
2581 3760 2701 3831 eius
2726 3760 3052 3831 phantasma
3090 3772 3398 3830 putaretur,
3429 3776 3541 3816 cum
3565 3757 3666 3814 Sal-

2132 3861 2323 3906 Vatore
2355 3861 2608 3906 narratur
2641 3853 2826 3908 iniisse
2857 3854 3163 3907 convivium
3185 3853 3383 3919 (Marc.
3411 3869 3465 3920 v,
3493 3862 3543 3908 et
3561 3850 3666 3904 Luc.

2133 3945 2437 4012 xnt;Joan.
2465 3946 2587 4013 xit).
2609 3944 2726 3999 Non
2766 3961 2874 4014 quo
2904 3957 3033 4016 post
3069 3949 3513 4004 resurrectionem
3542 3961 3670 4000 man-

2133 4037 2390 4091 ducemus
2411 4045 2464 4091 et
2487 4038 2753 4101 bibamus,
2773 4047 2829 4090 ut
2849 4037 3084 4092 Milliarii
3103 4041 3274 4094 nostri
3296 4040 3496 4104 volunt,
3511 4047 3557 4092 et
3574 4039 3668 4090 int-

2136 4127 2381 4182 mortslia
2438 4141 2601 4196 atque
2645 4129 2954 4197 incorrupta
3003 4144 3230 4200 corpora
3283 4133 3541 4188 alimoniis
3569 4146 3670 4182 sus-

2133 4219 2389 4274 tentanda
2426 4221 2654 4276 terrenis
2677 4221 2782 4276 sint
2824 4239 2839 4276 :
2881 4223 3121 4292 alioquin
3153 4224 3244 4278 ubi
3268 4227 3440 4289 cibus,
3463 4235 3667 4289 sequun-

2135 4321 2223 4364 tur
2254 4320 2309 4366 et
2339 4313 2512 4382 morbi
2546 4327 2560 4364 :
2591 4311 2682 4366 ubi
2716 4313 2917 4376 morbi,
2949 4315 3288 4370 adhibendus
3312 4325 3396 4370 est
3428 4314 3662 4367 medicus:

2133 4402 2223 4457 ubi
2255 4403 2475 4468 medici,
2504 4401 2818 4473 frequenter
2870 4405 3129 4460 interitus
3176 4444 3191 4471 ,
3249 4417 3560 4474 rursumque
3592 4415 3665 4453 re-

2134 4496 2423 4559 surrectio,
2476 4503 2533 4550 et
2587 4511 2723 4550 nova
2776 4512 2841 4551 ex
2870 4497 3083 4568 integro
3112 4499 3489 4562 conversatio;
3519 4494 3599 4549 sed
3622 4500 3669 4541 ιιι

463 4603 776 4661 desiderent
805 4606 900 4665 ,et
926 4602 1048 4664 post
1099 4592 1348 4646 ciborum
1396 4589 1805 4660 abundantiam,
1869 4588 2034 4659 gulae-

463 4711 568 4769 que
602 4711 664 4748 ac
710 4689 914 4746 ventris
944 4686 1262 4756 ingluviem,
1292 4697 1356 4738 ea
1397 4697 1519 4753 qum
1550 4682 1651 4736 sub
1689 4665 1880 4735 ventre
1907 4690 2034 4733 sunt

462 4796 726 4862 quaerant.
766 4783 843 4838 De
891 4778 1090 4851 quibus
1119 4775 1393 4844 apostolus
1423 4772 1624 4827 Paulus
1659 4786 1674 4825 :
1711 4770 1876 4836 Esca,
1946 4771 2034 4825 in-

2134 4589 2550 4644 resurrectionis
2605 4591 2763 4644 tidem
2800 4590 3048 4645 ciborum
3085 4594 3392 4663 assumptio
3440 4600 3668 4656 compro-

2135 4680 2311 4735 baret.
2363 4680 2488 4735 llaec
2535 4697 2865 4752 tnagnopere
2914 4699 3304 4752 praecavemus,
3365 4691 3417 4736 et
3455 4677 3668 4750 pressius

2136 4772 2429 4840 quuimur,
2472 4775 2709 4828 scientes
2760 4773 2910 4828 inter
2961 4787 3246 4845 serpentes
3282 4775 3433 4830 nobis
3463 4781 3513 4828 et
3541 4782 3667 4825 scor-

2209 4933 2228 4962 ¹
2259 4930 2337 4985 8,·
2361 4930 2642 4984 Doctorem
2667 4945 2885 4987 accusat
2938 4936 3039 4989 hoc
3072 4935 3193 4990 loco
3253 4933 3512 4996 Valesius,
3542 4927 3664 5000 il"°d

2216 5016 2336 5054 rum
2365 5003 2643 5074 adversus
2690 5000 2952 5071 Nepotem
3008 5021 3038 5059 a
3110 5006 3364 5074 Dionysio
3412 5005 3662 5074 scriptum,

2133 5071 2630 5144 eoutt'a‘lrcnamm
2680 5070 2802 5126 esse
2849 5075 3074 5128 dixerit.
3121 5070 3297 5144 Atque
3345 5070 3663 5144 ipsequideut

537 4949 555 4981 ¹
586 4947 685 5010 Eo,
715 4940 1006 5009 utopinor,
1035 4936 1124 5004 qui
1171 4932 1445 5010 intercidit
1478 4931 1634 5010 libro,
1670 4930 1741 4984 De
1773 4947 1860 4999 spe
1889 4930 2028 4999 ﬁde-

464 5021 614 5080 lium,
645 5004 802 5084 quem
830 5004 1060 5066 inferius
1100 5019 1352 5074 expresse
1381 5004 1560 5084 laudat
1589 5004 1637 5084 il'l
1666 5016 1782 5068 cap.
1820 5018 1981 5056 xxxii
2011 5041 2024 5055 .

464 5069 761 5142 ἑᾷέέιιίέςιῑέ
794 5103 808 5138 ;
853 5069 1184 5149 quanquam'
1206 5089 1327 5149 qua:
1359 5089 1455 5126 sua
1485 5070 1560 5124 ibi
1593 5069 1776 5149 fuerit
1809 5083 2032 5149 senten-

2065 4965 2107 5020 D
2136 5002 2208 5055 lib

467 5141 686 5212 tiaride
739 5141 1042 5208 titillenarib
1090 5141 1291 5200 Christi
1356 5157 1544 5211 regno,
1593 5141 2029 5195 luculentissime

467 5230 520 5282 in
552 5226 658 5280 alio
686 5227 867 5286 tradit,
897 5234 1066 5288 quem
1089 5228 1270 5288 postea
1298 5214 1517 5280 scripsit
1561 5215 1848 5288 adversum
1881 5212 2028 5264 Mar-

465 5281 674 5353 cionetn
697 5296 830 5348 libro
857 5281 996 5346 idem
1028 5286 1420 5347 'l‘ertullianus,
1449 5297 1602 5349 quem
1631 5281 1751 5334 vide
1773 5295 1902 5353 cap.
1934 5284 2024 5335 2t.

463 5352 538 5424 Ex
559 5352 682 5436 quo
729 5365 905 5418 discas
969 5360 1204 5436 tninittte
1249 5356 1322 5435 illi
1355 5355 1638 5436 .pcobatas
1696 5352 2024 5419 voluptates,

463 5422 740 5508 eornj'ngia,
781 5442 995 5508 partus,
1029 5426 1293 5508 sacriﬁcia
1344 5422 1566 5508 Judaica
1597 5459 1612 5482 ,
1661 5433 1768 5475 etc.
1794 5461 1807 5484 ,
1841 5437 2028 5489 quem-

464 5495 1138 5564 adn'iodntu'aliis,qoos
1229 5497 1314 5548 hic
1396 5495 1762 5561 Hieronymus
1830 5502 2024 5564 rltotul;

463 5583 556 5632 sed
594 5588 798 5629 tantum
828 5563 1324 5634 llicriisulymitanu
1360 5567 1510 5616 urbis
1558 5563 2027 5627 instaurationem,

463 5655 814 5713 omniumque
873 5633 1132 5694 bnnorttitt
1187 5649 1369 5702 utique.
1405 5633 1768 5713 spiritualium
1796 5637 2027 5699 cupiant.

471 5719 676 5772 Canter
701 5702 758 5771 S.
799 5719 1086 5782 Anguitiu.
1126 5709 1217 5762 lib.
1249 5722 1314 5760 xx
1350 5709 1410 5757 de
1445 5703 1598 5757 Urit.
1635 5702 1751 5765 Dei,
1792 5718 1911 5772 cap.
1975 5703 2024 5757 7.

2133 5141 2308 5219 Ῑξίθτο,
2341 5141 2390 5192 ί¹¹
2426 5139 3007 5219 ,υδῑδίοὲοηθοριιτειιθ
3065 5133 3392 5199 enumerans
3453 5133 3664 5209 Dionysii

2131 5211 2596 5288 elucnliratioires,
2631 5212 2827 5288 nullam
2854 5225 3043 5268 contra
3097 5217 3356 5269 lrenmum
3413 5218 3662 5282 memorat,

2131 5283 2244 5363 set'l‘
2269 5283 2407 5331 duos
2466 5280 2634 5332 libros
2674 5283 2955 5363 adversum
2990 5285 3244 5355 Nepotem
3290 5285 3568 5352 episcopum
3590 5273 3664 5345 qui

2129 5349 2273 5434 mille
2302 5365 2564 5434 annorum
2591 5349 3132 5434 corporatenreguu'm
3163 5359 3269 5409 suis
3317 5349 3512 5422 sc'riptis
3542 5360 3664 5401 asse.

2127 5421 2411 5500 vei'at:_l£o
2459 5429 2638 5472 tamen
2675 5439 2836 5500 sensu
2874 5421 3000 5500 licet
3035 5427 3334 5493 illltililgcrc
3379 5421 3479 5477 dici
3542 5427 3661 5500 nunc

2130 5497 2227 5546 abs
2282 5488 2610 5560 Hieronymo
2668 5496 2927 5547 adversus
2988 5486 3250 5549 laqueum
3299 5496 3545 5562 scriptum
3609 5486 3662 5536 h-

2127 5565 2460 5639 ltl'lllni‘l‘mtl
2518 5565 2644 5638 licet
2692 5565 2810 5629 ejus
2847 5582 3044 5619 nomen
3082 5569 3234 5620 titulo
3261 5584 3358 5617 non
3397 5564 3660 5631 pia-lenti.

2129 5634 2329 5700 saepius
2389 5644 2566 5686 tamen
2626 5634 2676 5686 in
2723 5628 2850 5701 ipso
2907 5653 3070 5705 opere
3120 5628 3432 5693 sententiam
3477 5628 3662 5685 refelle-

2129 5718 2233 5758 ιἐι.
