3902 6182
269 297 375 361 653

751 294 1248 363 COMMENTAR.
1296 301 1372 360 IN
1415 298 1683 360 ISAIAM
1729 288 2190 358 PROPHETAM
2243 290 2380 359 LIB.
2431 287 2652 365 XVIII,
2685 296 2843 359 CAP.
2885 290 3060 358 LXV.

3401 293 3506 378 0.71

265 413 452 480 pioucs
507 411 915 475 ambulamlum,
975 414 1065 478 qui
1113 413 1363 464 mordent
1417 429 1470 462 ιιι
1527 411 1726 464 leniunt
1776 410 1816 462 ir

1937 416 2026 462 tttr
2083 410 2388 477 βασιλικὸς,
2445 425 2604 479 quem
2661 424 2761 463 nos
2810 409 2878 464 de
2932 409 3053 463 aula
3103 402 3250 478 regia
3305 409 3510 464 rectius

263 500 581 556 abscondito
613 500 838 566 (Ezech:
864 503 946 570 ιι).
988 502 1059 555 De
1091 502 1288 570 quibus
1331 512 1383 555 ct
1425 500 1782 555 Ecclesiastes
1813 517 1826 552 :

261 595 323 650 Si
356 597 718 653 momorderit,
764 596 955 663 inquit,
1008 611 1216 662 serpens
1249 596 1300 647 in
1330 595 1557 658 silentio,
1586 595 1722 647 nihil
1768 612 1826 648 ea

261 688 434 740 minus
487 688 637 739 habet
664 687 755 754 qui
799 687 996 739 occulte
1041 688 1267 739 detrahit
1335 687 1512 752 (Eccle
1596 702 1646 738 χ.
1703 686 1828 756 11);

257 791 313 835 et
357 779 525 848 hujus
583 787 738 848 pater
796 779 1014 831 David:
1063 777 1259 831 Sedens
1311 781 1560 831 adversus
1611 778 1830 846 fratrem

245 881 410 922 ‘tuum
443 869 760 938 loquebaris,
797 880 846 923 et
887 872 1140 922 adversus
1169 867 1340 936 ﬁlium
1377 869 1564 922 matris
1592 879 1695 920 tute
1738 885 1833 934 po-

258 961 415 1014 nebas
447 961 782 1014 scandalum.
832 958 961 1014 Htec
993 962 1191 1031 fecisti,
1224 969 1272 1013 et
1305 961 1448 1013 tacui
1481 976 1501 1014 :
1553 959 1833 1013 existima-

254 1055 350 1113 sti,
379 1053 575 1122 inique,
597 1053 735 1120 quod
753 1068 840 1105 ero
872 1053 949 1105 tui
975 1052 1186 1106 similis.
1216 1052 1446 1122 Arguam
1468 1064 1535 1113 te,
1567 1060 1615 1105 et
1637 1067 1830 1120 ponam

254 1155 443 1197 contra
477 1145 670 1216 [aciem
729 1157 874 1198 tuam
906 1143 1082 1214 (Psal.
1109 1159 1258 1206 χιιχ,
1295 1144 1387 1208 20,
1439 1142 1567 1211 21);
1599 1153 1656 1195 ιιι
1709 1157 1831 1210 qua:

255 1239 310 1290 in
363 1238 484 1292 aliis
536 1238 865 1303 criminaris,
902 1237 1017 1308 ipse
1065 1237 1268 1292 habere
1335 1237 1601 1290 doceatis.
1636 1234 1694 1290 Si
1743 1235 1828 1289 cui

253 1341 444 1381 autem
482 1329 934 1399 explanationum
988 1329 1042 1384 in
1087 1331 1379 1400 praphetas
1409 1329 1660 1398 displicet
1710 1327 1829 1381 lon-

252 1422 446 1490 gitudo
477 1437 496 1476 :
527 1423 715 1476 audiat
752 1424 944 1488 libere,
981 1423 1152 1477 multo
1181 1437 1267 1477 me
1297 1423 1552 1492 pauciora
1599 1422 1827 1485 dixisse,

251 1529 420 1582 quam
481 1513 559 1568 rei
619 1513 741 1587 [ΑΙ.
805 1513 1034 1586 rerum]
1099 1513 1406 1568 obscuritas
1485 1512 1716 1579 ﬂagitat,
1773 1521 1829 1567 et

251 1621 418 1675 posse
452 1621 894 1676 unumquemque
947 1607 1012 1661 de
1069 1616 1253 1660 nostra
1298 1606 1587 1660 latitudine
1638 1606 1830 1660 breves

251 1697 363 1752 sibi
415 1697 903 1752 Commentariolos
951 1697 1152 1761 lacere,
1181 1697 1272 1766 qui
1328 1705 1508 1751 tamen
1552 1696 1710 1766 pleno
1741 1697 1827 1750 iu-

1935 501 2283 570 interprctari
2331 516 2620 569 possumus
2651 501 2974 570 palatinum,
3007 516 3114 555 non
3168 501 3341 554 solum
3393 503 3510 565 lilii,

1934 593 2319 648 seduuiversm
2350 597 2544 646 domus
2595 610 2705 646 suae
2751 595 2957 660 reperit
2997 596 3310 648 sanitatem.
3357 595 3508 660 Quod

1934 695 2115 740 autem
2143 685 2294 750 juxta
2322 685 2640 740 Hchraicuut
2670 686 2874 740 dicitur
2902 706 2915 742 ;
2943 687 3276 751 Quwsierunt
3311 704 3390 740 me
3420 690 3512 756 qui

1935 787 2057 830 ante
2087 793 2188 830 non
2225 778 2658 844 interrogabant,
2692 777 2758 832 ad
2797 780 3048 833 eumdem
3086 794 3307 832 sensum
3343 779 3516 834 refcr-

1937 874 2024 918 tur
2058 884 2072 920 :
2107 877 2164 918 ut
2193 865 2346 934 prius
2399 865 2488 920 Dei
2535 867 2782 921 notitiam
2818 881 2924 921 non
2980 868 3266 935 habentes,
3321 879 3512 939 postea

1935 966 2184 1026 quzeraut
2212 957 2520 1021 Dominum,
2548 967 2603 1011 et
2625 973 2748 1012 eum
2773 957 3112 1014 revelatione
3135 970 3471 1030 cognoscant
3497 977 3512 1015 :

1935 1049 2104 1119 quiet
2138 1048 2303 1102 Paulo
2335 1049 2462 1102 dum
2515 1049 2812 1104 Ecclesiam
2847 1051 3184 1105 credentium
3233 1052 3514 1122 persequi‘

1938 1153 2044 1205 tur,
2081 1140 2349 1193 revelatus
2381 1150 2464 1194 est
2499 1141 2636 1208 (Act.
2674 1143 2770 1210 ιχ).
2805 1139 2868 1196 Ει
2895 1144 3145 1210 apostolo
3175 1142 3337 1197 Petro
3389 1147 3464 1198 ait
3493 1162 3506 1196 :

1937 1233 2128 1287 Beatus
2157 1250 2231 1294 es,
2267 1233 2450 1287 Simon
2481 1235 2576 1286 bar
2598 1234 2761 1298 .lona,
2793 1236 2916 1305 quia
2945 1252 3066 1288 caro
3096 1247 3143 1290 et
3170 1238 3384 1307 sanguis
3408 1255 3508 1290 non

1934 1324 2289 1377 revelaverant
2323 1327 2455 1388 tibi;
2505 1327 2595 1378 sed
2633 1325 2794 1378 Pater
2826 1343 2971 1379 meus
3010 1327 3100 1395 qui
3145 1337 3221 1381 est
3259 1329 3315 1380 in
3362 1329 3506 1382 cazlis

1936 1415 2152 1484 (Matth.
2180 1432 2292 1479 χνι,
2325 1417 2435 1486 i'l).
2463 1416 2620 1471 llunc
2649 1416 2931 1486 quaerebat
2957 1427 3011 1472 et
3030 1416 3242 1487 Moyses
3274 1417 3505 1488 loquens

1935 1508 2084 1562 Deo:
2122 1507 2182 1562 Si
2225 1509 2394 1562 inveni
2457 1510 2690 1578 gratiam
2750 1509 2893 1577 apud
2926 1517 2998 1568 te.
3045 1510 3258 1563 ostende
3298 1519 3348 1562 te
3381 1512 3509 1563 mihi

1933 1601 2230 1670 manifeste,
2267 1613 2322 1652 ut
2350 1600 2553 1653 videam
2594 1612 2642 1654 te
2673 1599 2870 1670 (Exod.
2902 1618 3099 1669 χχχιιι,
3132 1601 3246 1672 15).
3280 1603 3510 1672 Majores

1936 1692 2153 1747 divitias
2188 1693 2460 1747 thesauris
2485 1693 2732 1762 Aﬂgypti,
2764 1693 2966 1748 Christi
2993 1695 3344 1763 approhrium
3372 1712 3510 1765 pra:-

253 1789 498 1843 tcllcclui
575 1805 684 1844 non
740 1790 1032 1844 sumcient.
1078 1789 1264 1859 Neque
1328 1790 1473 1844 enim
1517 1789 1746 1859 simplex
1795 1804 1824 1843 ιι
1862 1773 1904 1827 Β
1932 1782 2160 1844 stolaus.
2198 1784 2323 1836 dum
2362 1784 2776 1838 retributionem
2836 1785 3114 1840 desiderat
3170 1786 3506 1850 lulurorutn,

253 1882 542 1952 prophetis
601 1881 850 1946 historia,
909 1891 962 1935 et
995 1891 1270 1950 gestorum
1321 1880 1454 1936 ordo
1508 1890 1762 1935 narratur
1807 1897 1824 1933 :

247 1980 347 2026 sed
405 1973 752 2042 aenigmatum
806 1972 962 2042 plena
1014 1983 1140 2029 sunt
1198 1973 1416 2038 omnia;
1466 1973 1725 2042 aliudque
1771 1973 1822 2026 in

247 2065 435 2117 verbis
490 2073 704 2122 sanant.
758 2065 904 2117 aliud
955 2074 1165 2118 tenetur
1194 2065 1247 2118 iu
1283 2065 1536 2120 sensibus
1578 2081 1592 2118 :
1623 2075 1679 2118 ut
1706 2077 1824 2134 qua:

245 2155 615 2209 :estimaveris
647 2155 830 2224 plana,
883 2165 940 2210 et
992 2155 1254 2210 inoffensa
1287 2171 1508 2211 currere
1557 2157 1820 2220 lectione;

247 2245 594 2315 sequentium
681 2261 897 2298 rursum
965 2246 1388 2301 obscuritatibus
1452 2246 1820 2299 inVoIvantur.

246 2337 455 2391 Verum
515 2347 726 2406 tempus
781 2348 888 2398 est,
953 2349 1005 2389 ut
1059 2338 1217 2390 linem
1254 2340 1525 2406 imponam
1563 2338 1822 2391 volumini

247 2431 603 2502 prophetali,
682 2431 733 2482 in
793 2431 952 2499 Cujus
1021 2431 1356 2499 expositione
1433 2431 1476 2485 si
1559 2432 1824 2501 prolixior

249 2524 419 2578 solito
457 2524 637 2587 luero,
673 2526 929 2578 extremis
980 2524 1224 2590 partibus
1267 2527 1668 2577 concedendum
1715 2534 1820 2587 est,

245 2633 386 2686 quas
424 2617 667 2672 dividere
708 2617 874 2682 nolui,
915 2631 984 2670 ne
1037 2617 1298 2670 librorum
1348 2631 1608 2669 numerus
1658 2630 1822 2684 auge-

247 2718 421 2764 retur.

321 2800 476 2868 (Cap.
525 2795 783 2852 LXV.——
813 2795 964 2850 Vers.
1013 2797 1088 2865 1.)
1142 2814 1161 2846 ι
1217 2795 1560 2861 ρυεεδῖειιιιιι
1615 2812 1696 2848 me
1728 2796 1817 2863 qui

244 2900 380 2944 ante
417 2904 503 2944 me
536 2905 644 2943 non
683 2890 1091 2957 interrogabant
1123 2905 1137 2942 :
1194 2891 1541 2949 invenerunt,
1579 2890 1670 2956 qui
1710 2903 1815 2940 nou

242 2984 587 3051 quaesierunt
617 2997 727 3036 me.
757 2980 872 3033 Dixi
917 2997 930 3032 :
977 2994 1104 3034 ecce
1138 2994 1256 3048 ego.
1292 2994 1419 3033 ecce
1466 2995 1565 3048 ego
1599 2983 1660 3029 ιιιΙ
1691 2995 1817 3047 gett-

244 3085 357 3128 tem
408 3088 530 3139 quae
578 3087 684 3126 non
726 3073 1014 3125 invocabat
1064 3085 1260 3124 nonum
1317 3087 1514 3123 meum.
1556 3089 1573 3120 ι
1637 3069 1815 3123 LXX:

248 3183 268 3216 s
316 3166 553 3234 Apparui
589 3179 691 3218 non
728 3163 1096 3230 quaerentibus
1142 3177 1226 3215 me
1261 3178 1278 3218 :
1322 3163 1575 3214 inventus
1604 3179 1720 3213 sum
1753 3165 1820 3215 ab

246 3259 337 3312 his
401 3257 490 3326 qui
551 3269 784 3310 menon
844 3253 1276 3322 iuterrogabuut.
1313 3252 1430 3306 Dixi
1482 3271 1494 3306 :
1547 3269 1674 3306 ecce
1721 3269 1820 3320 ego

241 3351 297 3402 in
337 3357 496 3416 gente
534 3360 651 3414 qua:
681 3359 791 3398 non
822 3346 1092 3398 invocavit
1123 3360 1317 3399 nomen
1351 3361 1552 3400 meum.
1580 3347 1659 3399 Ad
1695 3360 1820 3396 ora-

242 3446 450 3494 timtem
479 3440 656 3508 populi
683 3439 906 3492 mixtam
935 3437 1314 3505 querimoniis,
1339 3439 1391 3491 in
1425 3454 1527 3504 qua
1562 3439 1773 3492 dixerat
1801 3453 1816 3493 :

240 3537 432 3601 Quare
485 3548 586 3587 nos
644 3548 832 3587 errare
873 3532 1070 3591 iecisti.
1110 3533 1356 3596 Domino,
1415 3533 1573 3602 771
1614 3534 1679 3585 de
1732 3532 1816 3583 via

243 3637 334 3677 tua
365 3642 380 3678 :
412 3623 677 3677 induraSti
701 3623 865 3677 corda
897 3633 1108 3682 nastra,
1137 3633 1196 3677 ut
1225 3639 1329 3677 non
1360 3623 1679 3678 timeremus
1708 3637 1757 3677 te
1793 3640 1809 3672 ι

241 3716 384 3785 (lsa.
422 3732 576 3778 txut,
611 3716 743 3784 17)?
773 3715 1075 3784 respondit,
1118 3727 1175 3769 ut
1222 3715 1392 3770 Judrei
1432 3716 1639 3780 volunt,
1678 3718 1816 3770 Deus

239 3809 442 3877 Pater;
468 3821 524 3864 ut
551 3826 648 3864 nos
677 3812 991 3878 probamus,
1027 3808 1290 3864 Dominus
1318 3818 1484 3879 atque
1514 3807 1770 3864 Salvator
1797 3827 1812 3864 :

242 3909 292 3957 in
332 3915 536 3956 tantum
594 3918 704 3957 non
750 3918 868 3958 sum
906 3904 1111 3975 rigidus
1149 3915 1202 3958 et
1235 3905 1492 3968 crudelis,
1531 3905 1624 3974 qui
1669 3907 1814 3958 malo

243 3999 622 4062 pugniteutiatu
653 3999 980 4065 peccatoris,
1001 4013 1161 4066 quam
1186 4009 1413 4051 mortem
1445 4015 1458 4050 :
1489 4013 1586 4052 nec
1611 3999 1815 4067 repello

242 4095 382 4143 tibus
420 4091 759 4158 pmuitcutes,
797 4090 886 4156 qui
923 4097 1102 4143 tamen
1154 4089 1236 4142 sui
1272 4089 1508 4144 nominis
1556 4104 1808 4143 servave-

241 4197 351 4235 ttttt
413 4184 753 4254 dignitatem,
795 4192 852 4234 ut
900 4184 1066 4236 etiam
1128 4183 1332 4237 alienos
1389 4183 1600 4236 salvare
1654 4181 1813 4237 velim

241 4273 464 4342 (Ezech.
492 4278 712 4341 utut).
749 4274 848 4337 Qui
882 4274 1027 4326 enim
1067 4288 1152 4327 me
1182 4288 1286 4327 non
1336 4272 1676 4341 quzcrebant,
1712 4287 1815 4326 nec

237 4372 422 4420 dicere
455 4378 702 4434 poterant
735 4383 751 4421 :
790 4363 954 4429 Quem
989 4365 1194 4434 scripsit
1235 4362 1445 4435 Moyses
1504 4367 1558 4417 in
1596 4363 1726 4435 lege,
1767 4375 1814 4417 et

1933 1885 1987 1930 et
2019 1875 2342 1929 invisibilem
2371 1875 2539 1928 Deum
2574 1878 2728 1944 quasi
2766 1876 2992 1940 videret,
3035 1875 3216 1930 animo
3266 1889 3510 1932 contem-

1935 1963 2205 2033 plabatur.
2248 1964 2322 2018 De
2367 1981 2474 2032 quo
2508 1975 2556 2019 et
2591 1966 2645 2019 in
2676 1963 2907 2020 Psalmis
2939 1966 3140 2036 legitur
3178 1983 3193 2019 :
3232 1967 3362 2033 Spes
3394 1984 3511 2021 om-

1935 2058 2078 2108 nium
2112 2057 2296 2124 ﬁniunt
2334 2066 2507 2120 terra',
2545 2069 2590 2108 et
2644 2059 2698 2110 in
2751 2058 2888 2110 mari
2944 2057 3096 2127 longe
3129 2058 3305 2129 (Psal.
3359 2076 3507 2122 thv,

1933 2148 2008 2216 6,.
2041 2149 2103 2202 Et
2127 2151 2176 2202 iu
2207 2151 2404 2204 Genesi
2442 2168 2456 2203 :
2496 2148 2619 2216 Ipse
2640 2151 2738 2204 erit
2760 2153 3082 2221 exspectatio
3102 2153 3332 2220 gentium
3355 2152 3510 2220 (Gen.

1932 2256 2078 2303 xm,
2115 2241 2225 2310 iU).
2255 2243 2517 2311 Quodque
2565 2244 2815 2311 sequitur
2849 2257 2865 2296 :
2901 2243 3049 2306 Dixi,
3076 2258 3192 2296 ecce
3222 2260 3314 2313 ego
3343 2261 3461 2298 sum
3491 2263 3510 2309 ,°

1933 2333 2001 2384 ad
2028 2344 2228 2402 gentem
2266 2349 2383 2403 qua:
2429 2350 2530 2387 non
2568 2335 2844 2388 invocabat
2887 2351 3072 2388 nomen
3093 2331 3280 2388 ‘meum
3306 2335 3506 2406 (Exod.

1936 2441 2017 2489 ιιι,
2056 2427 2167 2492 Η),
2202 2427 2275 2479 illi
2301 2426 2485 2480 sensui
2527 2427 2786 2480 convenit
2817 2443 2830 2478 :
2871 2425 2974 2490 Qui
3003 2435 3104 2488 est,
3139 2429 3280 2480 misit
3307 2446 3388 2482 me
3439 2435 3508 2482 ad

1932 2535 2043 2571 vos.
2071 2518 2173 2583 Qui
2202 2534 2323 2571 cum
2360 2518 2412 2572 in
2454 2517 2627 2570 forma
2666 2517 2758 2572 Dei
2793 2528 2961 2585 esset,
2996 2535 3098 2572 non
3129 2531 3211 2574 est
3256 2523 3506 2590 rapinam

1931 2610 2230 2662 arbitratus
2259 2608 2521 2678 aequalem
2554 2625 2614 2662 se
2648 2624 2772 2664 esse
2801 2609 2931 2676 Deo,
2963 2621 3071 2665 etc.
3107 2612 3364 2682 (Philipp.
3401 2616 3501 2682 tt);

1928 2702 2023 2755 scd
2076 2701 2240 2755 totius
2278 2701 2463 2755 nmndi
2528 2716 2838 2770 provocans
2895 2713 3109 2772 gentes,
3164 2721 3324 2760 unam
3373 2707 3505 2763 fecit

1928 2796 2010 2847 sui
2046 2794 2286 2846 nominis
2315 2803 2531 2863 gentem
2568 2793 3037 2858 Christianorum.

2000 2885 2160 2954 772
2192 2883 2371 2954 (Vers.
2397 2885 2479 2953 2.)
2520 2904 2537 2935 ι
2578 2886 2819 2955 Expandi
2858 2903 3050 2944 manus
3078 2905 3228 2946 meas
3271 2901 3381 2947 tota
3414 2893 3502 2949 die

1927 2990 1991 3030 a-t
2038 2978 2291 3045 populum
2331 2977 2695 3042 incrédulum,
2743 2978 2833 3047 qui
2871 2981 3120 3045 graditur
3175 2983 3227 3037 in
3277 2987 3364 3038 via
3398 3001 3502 3039 nou

1930 3075 2064 3122 l-oua
2095 3083 2212 3139 post
2239 3072 2596 3141 cogitationes
2625 3089 2770 3128 suas.
2801 3093 2821 3126 ι
2850 3073 3030 3130 LXX:
3065 3096 3081 3128 ι
3107 3077 3353 3148 Expandi
3390 3098 3505 3133 ma-

1929 3183 2027 3216 nus
2062 3182 2207 3217 nicas
2239 3175 2346 3217 tota
2379 3166 2465 3218 die
2500 3167 2564 3219 ad
2599 3168 2854 3236 populum
2893 3169 3233 3223 iucredulum
3283 3181 3338 3227 et
3369 3188 3500 3227 cou-

1927 3259 2307 3320 traeliceutem,
2339 3261 2428 3326 qui
2464 3274 2569 3311 nou
2617 3259 3038 3315 amlmlaverunt
3080 3263 3132 3315 in
3171 3263 3252 3316 via
3288 3265 3427 3319 bona
3483 3285 3498 3324 ;

1923 3351 2016 3404 sed
2047 3359 2166 3418 post
2198 3361 2417 3416 peceata
2445 3366 2562 3404 sua.
2595 3369 2612 3400 ι
2645 3349 2757 3406 Hoc
2781 3353 2924 3422 quod
2953 3369 3114 3422 supra
3149 3354 3355 3408 dictum
3380 3368 3498 3411 est:

1922 3441 2160 3510 Apparui
2193 3444 2275 3494 his
2309 3441 2398 3507 qui
2456 3455 2541 3494 me
2590 3459 2696 3496 non
2752 3443 3160 3513 interrogabant
3194 3465 3208 3500 :
3248 3446 3500 3502 inventus

1921 3549 2041 3587 sum
2096 3533 2164 3587 ab
2195 3533 2278 3587 his
2309 3532 2403 3602 qui
2457 3549 2542 3588 me
2599 3549 2708 3588 non
2764 3536 3104 3604 quzerebaut,
3162 3555 3181 3587 ι
3219 3541 3499 3606 apostolus

1920 3625 2116 3679 Paulus
2165 3628 2413 3682 scribens
2449 3627 2515 3679 ad
2562 3625 2863 3692 Romanos,
2909 3643 3030 3681 cum
3065 3643 3229 3698 super
3253 3633 3496 3700 gentium

1921 3735 2148 3788 persona
2176 3722 2537 3788 exposuisset,
2567 3720 2764 3790 adjecit
2798 3739 2813 3778 :
2861 3723 2947 3775 Ad
2987 3721 3160 3782 Israel
3202 3738 3380 3778 autent
3416 3727 3498 3779 dio

1919 3813 1986 3863 cit
2012 3826 2030 3864 :
2064 3810 2310 3880 Expandi
2340 3829 2525 3865 manus
2552 3831 2692 3866 meas
2717 3814 2785 3866 ad
2809 3818 3062 3883 populum
3094 3819 3419 3872 incredulum
3446 3824 3496 3873 el

1919 3906 2362 3958 contradicentem
2390 3905 2569 3973 (Rom.
2598 3923 2653 3967 χ,
2679 3907 2791 3976 21),
2818 3911 2908 3978 qui
2937 3926 3060 3963 cum
3092 3909 3372 3967 beneficiis
3399 3914 3499 3967 Do-

1922 4000 2051 4051 tuini
2086 3999 2418 4064 vinceretur,
2455 4009 2509 4052 et
2541 3999 2680 4052 ultra
2711 4004 2986 4055 hominem
3023 4004 3176 4071 signa
3205 4007 3491 4074 conspice-

1919 4099 2024 4147 ret.
2084 4081 2405 4157 loquebatur
2439 4088 2592 4160 :;lste
2639 4107 2740 4143 non
2790 4094 2932 4160 ejicit
2963 4094 3248 4157 da’moma,
3293 4097 3394 4148 nisi
3438 4098 3493 4150 in

1916 4181 2204 4236 Beelzebub
2272 4185 2507 4252 principe
2553 4183 2937 4237 dmmoniorum
2971 4184 3125 4252 (ch.
3157 4203 3230 4250 χι,
3282 4186 3392 4257 15).
3431 4189 3494 4240 lit

1921 4275 2167 4330 iterum:
2215 4273 2599 4328 Samaritanus
2661 4291 2712 4327 es
2744 4285 2823 4340 tu,
2883 4287 2928 4329 et
2981 4277 3302 4331 da'ntonium
3334 4279 3492 4333 habes

1917 4365 2104 4431 (Jaan.
2139 4381 2259 4429 vut,
2291 4365 2405 4437 48).
2435 4367 2498 4420 Ει
2531 4381 2744 4421 rursum
2781 4367 2947 4424 :Cum
2980 4369 3051 4422 sis
3078 4369 3252 4436 homo,
3281 4372 3414 4439 facis
3444 4383 3492 4425 te

235 4461 525 4528 prop/tela,
554 4458 843 4510 invenimus
880 4456 1057 4509 Iesum
1092 4453 1274 4524 (Joan.
1311 4474 1347 4521 ι,
1369 4457 1458 4524 43)
1487 4473 1502 4521 ;
1541 4457 1673 4525 ipsis
1717 4472 1810 4525 ap-
1844 4473 1888 4528 ι)
1920 4456 2080 4510 Deum
2110 4455 2293 4527 (Joau.
2333 4470 2388 4520 x;
2423 4457 2534 4525 55).
2574 4457 2643 4512 Et
2673 4459 2800 4512 alibi
2833 4478 2849 4516 ι
2884 4459 2989 4514 Iste
3013 4461 3168 4514 homo
3211 4479 3315 4515 non
3355 4475 3429 4518 est
3457 4481 3490 4516 a

238 4550 418 4618 parui,
449 4549 516 4601 de
547 4550 744 4616 quibus
785 4559 837 4600 et
888 4551 1012 4602 alibi
1052 4547 1322 4618 Propheta
1380 4559 1612 4603 testatus
1663 4560 1748 4603 est
1789 4566 1806 4604 :

236 4641 439 4707 Quibus
471 4658 573 4696 non
596 4650 673 4694 est
703 4644 1076 4695 annuntiutum
1110 4641 1172 4694 de
1191 4657 1272 4706 eo,
1307 4641 1520 4694 audient
1550 4657 1568 4694 :
1603 4650 1652 4694 et
1713 4643 1803 4710 qui

236 4753 338 4786 non
385 4736 696 4798 audierunt,
749 4733 1044 4803 intelligent
1093 4732 1230 4804 (Ira.
1268 4749 1361 4798 LII,
1401 4734 1512 4802 i5).
1553 4732 1659 4789 Vos
1710 4749 1811 4786 au-

238 4827 458 4893 tumqui
497 4825 667 4895 legem
693 4825 785 4879 Dei
812 4827 902 4879 die
934 4841 995 4880 ac
1023 4836 1178 4879 nocte
1208 4827 1570 4889 meditamini,
1601 4829 1806 4882 frustra

228 4917 451 4981 jactatis
482 4917 882 4985 paenitentiam,
906 4916 1063 4984 cujus
1091 4930 1254 4984 opera
1292 4933 1394 4969 nou
1424 4917 1625 4976 facitis.
1655 4915 1808 4971 Unde

237 5007 594 5077 Evangelistae
634 5016 687 5061 et
717 5008 971 5074 apostoli,
1003 5022 1217 5075 semper
1245 5005 1537 5060 adventum
1564 5005 1806 5070 Domini,

235 5095 458 5152 Veteris
487 5097 817 5153 Testamenti
850 5098 1131 5166 cupientes
1166 5099 1492 5153 testimoniis
1521 5100 1804 5162 roborare,

232 5191 492 5246 dicebant
522 5208 536 5246 ;
570 5189 636 5244 Ut
658 5191 967 5260 impleretur
988 5193 1124 5258 quod
1149 5191 1344 5244 dictum
1367 5201 1552 5260 estper
1579 5193 1806 5261 prophe-

231 5294 341 5335 tam
386 5281 610 5353 (Jlatth.
648 5299 684 5347 ι,
716 5282 829 5351 2‘2).
872 5281 1131 5336 Centurio
1183 5281 1466 5336 Dominmn
1497 5299 1604 5336 nou
1655 5299 1805 5352 quae-

237 5377 412 5438 rebat,
443 5385 492 5428 et
532 5377 742 5428 audivit
779 5392 805 5424 ιι
843 5373 1066 5426 Domino
1101 5390 1116 5430 :
1151 5373 1331 5444 Neque
1382 5377 1435 5428 in
1475 5375 1645 5428 Israel
1681 5387 1798 5428 tan-

233 5475 340 5517 tam
393 5467 551 5535 [idem
611 5467 781 5520 inveni
819 5463 970 5532 (Luc.
1011 5482 1109 5525 vn.
1165 5469 1234 5530 9;
1287 5471 1474 5522 tilutth.
1529 5484 1648 5530 vni,
1692 5469 1802 5537 l0).

234 5558 646 5627 Symphmnissa
681 5560 874 5614 :ttttlicl'
901 5562 1292 5629 pmphetarum
1345 5560 1555 5630 eloquia
1593 5563 1802 5614 nescie-

229 5655 344 5710 bat.
375 5662 429 5705 ct
453 5653 660 5706 Domini
699 5669 828 5706 vove
865 5655 1112 5708 laudatur
1145 5670 1159 5709 :
1187 5651 1230 5705 0
1259 5654 1470 5718 mulier,
1500 5670 1690 5723 magna
1723 5667 1800 5708 est

229 5744 358 5811 ﬁdes
384 5756 476 5798 tua
512 5745 728 5816 (Matth.
765 5764 854 5812 xv,
887 5749 998 5818 9.3).
1034 5746 1295 5816 Regulus,
1319 5749 1405 5816 qui
1447 5746 1635 5803 Graece
1665 5749 1796 5802 dici-

1915 4550 2043 4615 Deo,
2078 4553 2166 4620 qui
2197 4549 2484 4604 Sabbatum
2511 4569 2614 4604 non
2659 4553 2885 4606 custodit
2926 4553 3104 4624 (Joan.
3140 4571 3215 4621 ιχ,
3260 4556 3372 4623 10).
3423 4556 3490 4611 Ει

1915 4641 2080 4692 multa
2111 4640 2388 4708 alia,qu
2431 4640 2648 4710 longum
2692 4652 2778 4696 est
2811 4654 3017 4699 texere.
3074 4645 3316 4714 Denique
3363 4663 3486 4702 cum

1916 4733 2002 4788 ille
2047 4733 2100 4785 in
2151 4748 2314 4787 crure
2347 4717 2684 4788 $xtcnderet
2731 4749 2926 4791 manus
2986 4739 3052 4790 ad
3089 4739 3342 4808 populum
3381 4753 3486 4792 non

1911 4826 2246 4885 credentem.
2265 4835 2318 4878 ct
2339 4825 2546 4879 diceret
2575 4842 2589 4882 :
2615 4824 2798 4893 Pater,
2822 4827 3026 4897 ignosce
3051 4829 3124 4882 eis
3145 4845 3165 4892 ;
3187 4829 3326 4898 quod
3347 4832 3485 4883 enim

1911 4917 2140 4986 faciunt,
2195 4920 2433 4971 nesciunt
2483 4916 2636 4988 (Luc.
2676 4934 2834 4984 χχιιι,
2879 4917 2970 4988 51)
3009 4935 3023 4972 :
3063 4920 3138 4973 illi
3187 4936 3218 4974 e
3262 4921 3484 4990 regione

1913 5009 2167 5062 dicebant
2201 5026 2216 5062 :
2266 5009 2527 5077 Vahlqui
2562 5011 2783 5063 destruit
2838 5011 3108 5078 templum,
3157 5020 3206 5064 et
3234 5013 3286 5064 in
3316 5013 3482 5065 tribus

1909 5103 2090 5154 diebus
2124 5102 2357 5170 wdiﬁcat
2414 5101 2549 5154 illud
2581 5117 2600 5154 :
2634 5103 2916 5156 descendat
2967 5118 3103 5155 nunc
3135 5105 3198 5156 tle
3224 5119 3397 5164 cruce,
3433 5115 3481 5158 et

1909 5195 2189 5248 credimus
2233 5196 2300 5249 ei.
2327 5195 2471 5248 Alios
2508 5194 2682 5248 soleas
2716 5195 2861 5263 fecit,
2897 5196 3121 5264 seipsum
3155 5198 3360 5250 salvum
3393 5198 3483 5267 fa-

1910 5305 2026 5342 cere
2054 5305 2156 5342 non
2189 5298 2355 5357 potest
2404 5287 2620 5358 (Matth.
2654 5304 2826 5352 xxv",
2862 5287 2978 5358 40).
3015 5289 3087 5342 De
3148 5291 3248 5344 hoc
3295 5301 3349 5344 et
3390 5290 3480 5342 6i-

1913 5381 2138 5436 meouin
2163 5381 2518 5434 uluistenens
2560 5381 2848 5449 parvulum
2905 5381 3304 5449 prophetabat:
3342 5381 3478 5435 Ecce

1910 5475 1990 5524 hic
2026 5474 2225 5540 positus
2257 5481 2333 5525 est
2369 5474 2420 5525 in
2453 5474 2659 5526 ruinam
2706 5483 2752 5526 et
2784 5475 2838 5526 in
2866 5476 3302 5528 resurrectionem
3340 5477 3480 5528 mula

1911 5576 2100 5625 tarum,
2131 5571 2178 5614 et
2215 5564 2268 5615 in
2303 5566 2510 5632 signum
2541 5565 2626 5617 cui
2663 5568 3052 5619 contradicetur
3076 5565 3230 5628 (Luc.
3271 5581 3332 5628 tt,
3361 5566 3477 5622 54).

1911 5655 2091 5707 notuit)
2125 5653 2294 5710 Judrei
2338 5657 2633 5725 loquuntur
2665 5658 2732 5711 ad
2767 5658 2989 5711 Paulum
3030 5675 3043 5710 :
3087 5657 3163 5710 De
3198 5667 3339 5709 secta
3378 5659 3478 5709 hac

1910 5757 2082 5798 mlunt
2107 5756 2180 5801 est
2227 5747 2389 5814 nobis,
2419 5751 2555 5818 quod
2583 5750 2769 5819 ubique
2808 5751 2853 5805 ci
2891 5749 3292 5804 contradicatur
3325 5753 3469 5820 (Act.
