3906 6172
469 221 580 284 835

1659 224 1738 285 .S.
1781 222 2039 284 EUSEBJ

2145 224 2581 286 ΗΙῈΒΟΝΥΜΙ
3581 241 3662 306 οδε

475 357 672 408 xxviii,
707 340 824 413 Μ).
857 340 1159 398 Possumus
1188 355 1460 413 expansas
1491 355 1686 398 manus
1711 351 1766 399 et
1798 344 1853 400 in
1886 344 2052 415 largi-
2083 358 2128 416 Α
2158 353 2560 409 constructum,
2598 349 2786 401 coctos
2821 343 3024 402 lateres
3079 355 3134 402 et
3177 361 3417 418 agrorum
3449 360 3662 428 cespites,

480 444 594 490 tate
651 434 906 490 donantis
936 435 1210 504 accipere,
1261 435 1405 504 quod
1441 435 1576 489 nihil
1607 435 1688 491 eis
1739 437 2049 504 petentibus

480 527 768 590 denegarit
810 543 826 582 :
867 526 961 580 sed
1017 525 1202 580 statim
1236 527 1446 594 reganti
1502 527 1716 594 leproso
1751 526 2048 581 reddiderit

477 619 768 673 sanitatem
806 617 1018 686 (Matth.
1047 617 1164 686 vm)
1195 656 1210 674 .
1234 627 1287 669 et
1313 631 1488 669 caicus
1521 631 1548 668 a
1575 617 1862 670 nativitate
1895 632 2049 671 acce-

476 710 616 778 perit
634 710 819 763 oculos
841 709 1024 780 (Joan.
1040 708 1117 776 lx)
1139 726 1154 761 -.
1173 718 1225 760 ct
1240 708 1528 762 esurientia
1549 707 1601 761 in
1628 708 1862 770 deserto,
1885 722 2048 762 exce-

478 804 583 870 ptis
606 803 786 869 pueris
810 816 873 854 ac
905 798 1243 866 mulieribus,
1273 799 1593 868 populorum
1645 807 1884 852 saturata
1937 797 2048 850 sint

479 892 641 944 nnllia
677 888 898 958 (ΜηιιΙι.
934 888 1074 957 ιιν).
1109 888 1428 955 Signiﬁcant
1467 901 1718 958 expansa:
1767 903 1962 940 manus
1994 896 2048 940 et

476 984 718 1050 parentis
752 983 1127 1046 clementiam,
1175 996 1304 1035 suos
1355 981 1497 1035 ﬁlios
1547 983 1600 1034 in
1637 983 1760 1035 sinu
1798 981 2047 1049 recipere

475 1075 772 1144 gestientis.
804 1071 906 1138 Qui
943 1089 972 1128 c
1007 1074 1287 1127 contrario
1313 1073 1725 1128 ambulaverunt
1750 1074 1800 1126 in
1830 1073 1912 1125 via
1939 1088 2044 1126 non

476 1172 636 1230 bona,
679 1175 732 1220 et
765 1165 938 1220 secuti
967 1175 1093 1220 sunt
1123 1164 1482 1235 cogitationes
1519 1154 1672 1218 suas.
1705 1164 1914 1231 Quibus
1939 1163 2044 1217 lio-

475 1263 654 1316 tninus
685 1261 925 1330 loquitur
951 1274 1046 1328 per
1074 1255 1406 1326 PrOphetam
1431 1275 1446 1311 ε
1475 1257 1660 1312 Averte
1677 1262 1857 1327 pedem
1897 1268 2044 1308 tuum

471 1375 501 1408 (ι
554 1356 634 1408 υἱα
671 1370 858 1424 aspera
911 1352 1092 1418 (Prov.
1120 1367 1198 1416 ιγ,
1229 1352 1343 1419 27).
1379 1351 1692 1405 Dilexerant
1728 1351 1870 1404 enim
1901 1349 2044 1401 alie-

474 1462 590 1513 nos,
617 1447 858 1500 ctinstar
883 1443 1189 1498 meretricis
1209 1444 1499 1497 dixerant:
1535 1440 1734 1493 Vadam
1753 1447 1866 1507 post
1893 1453 2048 1490 uina-

473 1547 608 1591 tores
633 1553 768 1590 meos
787 1535 949 1606 (Osee
969 1551 1029 1602 ll,
1054 1535 1130 1604 5).
1163 1533 1226 1587 Et
1251 1533 1622 1602 relinquentes
1648 1533 1790 1585 viam
1819 1532 2040 1596 bonam,

473 1647 592 1698 qua:
620 1630 752 1683 dicit
783 1629 837 1683 in
889 1627 1183 1698 Evangelio
1238 1645 1250 1678 :
1285 1624 1402 1695 Ego
1432 1642 1550 1679 sum
1598 1626 1680 1678 via
1707 1622 1894 1694 (Jaan.
1931 1638 2042 1687 xw,

2159 437 2467 493 hostiarum
2503 437 2770 508 sanguine
2815 439 3200 501 cruentabanl.
3243 441 3352 498 Hoc
3395 445 3570 505 dictum
3609 456 3665 509 sit

2143 530 2310 599 juxta
2363 531 2595 584 litteram
2633 548 2648 584 :
2691 531 2934 600 alioquin
2976 536 3274 590 secundum
3309 537 3664 614 intelligentiam

2158 620 2518 688 spiritualein,
2551 623 2732 677 omnis
2771 624 3062 679 h:ereticus
3111 625 3178 678 ad
3219 625 3529 684 iracundiam
3572 649 3668 702 pro-

2152 727 2315 770 vocat
2353 717 2662 782 Dominum,
2713 729 2767 773 et
2799 720 2853 772 in
2883 719 3121 776 falsitate
3167 721 3461 792 dogmatum
3487 741 3667 783 suorum

2155 807 2311 861 oﬁ‘crt
2375 808 2651 862 innuunda
2708 811 2998 877 sacriﬁcia,
3059 827 3392 882 nequaquam
3442 817 3573 870 ﬁrma
3624 830 3667 874 et

2155 914 2413 953 mansura
2441 911 2722 970 perpetuo,
2776 903 2872 958 sed
2925 904 3102 958 instar
3130 905 3400 960 hortorum
3431 909 3489 961 ad
3537 910 3669 964 breve

2155 992 2410 1059 virentia,
2463 993 2646 1048 carnis
2696 994 2909 1050 deliciis
2960 997 3274 1063 providens.
3311 995 3406 1052 Cui
3452 999 3665 1056 dicitur:

2157 1084 2343 1138 Omnis
2373 1101 2496 1138 caro
2520 1085 2721 1154 fenum,
2754 1095 2806 1141 et
2868 1075 3038 1142 omnis
3068 1089 3238 1158 gloria
3267 1091 3378 1160 ejus
3419 1095 3554 1161 quasi
3592 1096 3669 1162 ﬂos

2155 1175 2287 1243 feni.
2319 1176 2473 1229 Aruit
2511 1176 2710 1245 fenum,
2738 1186 2786 1232 et
2806 1178 2904 1247 [los
2928 1179 3118 1233 decidit
3147 1194 3168 1232 .'
3188 1181 3388 1234 verbum
3414 1194 3568 1236 autem
3590 1187 3672 1236 bo-

2155 1269 2304 1329 mini,
2341 1270 2484 1338 quod
2543 1270 2598 1324 in
2658 1271 2912 1326 ecclesiis
2960 1274 3306 1340 prazdicatur,
3353 1287 3595 1343 permanet
3633 1279 3673 1328 in

2153 1370 2408 1414 (sternunt
2446 1359 2584 1430 (Isa.
2616 1377 2705 1427 XL,
2743 1361 2800 1425 6,
2833 1363 2909 1430 7).
2949 1363 3058 1417 llus
3092 1367 3278 1420 hortus
3319 1383 3381 1420 ex
3433 1360 3569 1420 vinea
3598 1385 3672 1419 sua

2152 1452 2345 1505 nolens
2377 1451 2494 1504 ﬁeri
2524 1451 2760 1516 Naboth,
2788 1453 2976 1509 Achab
3003 1455 3326 1524 impiissimo
3362 1459 3462 1526 regi
3493 1459 3672 1524 sangui-

2155 1558 2275 1596 nem
2310 1543 2482 1597 ftindit
2510 1541 2630 1609 (III
2658 1543 2788 1615 Reg.
2816 1547 2973 1613 χιιι).
3007 1544 3192 1615 Neque
3245 1546 3385 1599 enim
3420 1561 3673 1617 congruum

2153 1646 2271 1687 erat
2320 1644 2377 1687 ιιι
2442 1647 2662 1705 paterna
2702 1638 2904 1705 periret
2945 1640 3278 1696 haereditas:
3319 1649 3366 1692 el
3417 1641 3590 1693 excisis
3614 1640 3672 1692 vi-

428 1721 550 1791 ‘li).
604 1720 1014 1774 ambulaverunt
1071 1737 1165 1788 per
1206 1719 1367 1771 latam
1429 1732 1482 1769 et
1523 1718 1816 1784 spatiosum
1881 1715 2039 1777 viam,

2151 1742 2289 1789 neas,
2316 1743 2434 1794 qua:
2479 1725 2713 1782 aﬂ‘crunt
2744 1729 2978 1782 fructum
3030 1729 3194 1801 774
3236 1730 3325 1799 qui
3360 1730 3576 1784 laetﬁcat
3603 1748 3674 1785 ιοῐ

471 1830 592 1884 quae
636 1813 785 1868 ducit
813 1813 879 1866 ad
910 1822 1166 1879 mortem,
1201 1820 1256 1866 et
1291 1812 1460 1864 secuti
1497 1818 1626 1863 sunt
1684 1808 2043 1876 cogitationes

473 1925 626 1972 suas,
660 1923 796 1976 quas
828 1907 1101 1976 Propheta
1135 1905 1406 1968 devitans,
1441 1904 1730 1957 Dominum
1780 1903 2044 1970 depreca-

475 2012 562 2055 tur
598 2015 614 2057 :
645 2000 719 2052 Ab
751 1999 968 2052 occultis
996 1997 1158 2068 773
1194 1998 1321 2052 meis
1357 1997 1551 2049 munda
1586 2011 1686 2058 me,
1722 1994 1962 2056 Domine,
1995 2001 2043 2046 et

473 2097 536 2146 ab
566 2093 751 2146 alienis
781 2107 938 2161 parce
968 2107 1112 2144 servo
1150 2099 1260 2142 tuo.
1291 2088 1349 2143 Si
1382 2091 1478 2142 mei
1505 2105 1608 2142 non
1641 2088 1838 2159 fuerint
1867 2086 2042 2139 donti-

473 2181 606 2244 nati,
661 2189 782 2233 tunc
823 2179 1196 2233 immaculatus
1244 2194 1332 2232 ero
1373 2176 1550 2248 (Psal.
1595 2193 1748 2242 xvttt,
1788 2178 1874 2242 -l5,
1931 2179 2039 2246 li).

474 2272 539 2325 Et
571 2271 860 2340 Apostolus
894 2285 987 2325 cos
1027 2271 1116 2333 qui
1154 2286 1259 2324 non
1306 2270 1614 2323 habuerunt
1645 2269 1891 2322 notitiam
1925 2269 2039 2335 Dei,

471 2362 612 2416 tradi
667 2367 824 2415 docet
879 2361 1112 2430 reprobo
1162 2360 1342 2414 sensui
1377 2370 1432 2414 et
1475 2361 1733 2428 operibus
1768 2359 1945 2423 malis,
1984 2370 2042 2412 ut

473 2453 677 2506 iaciant
704 2466 768 2505 ea
808 2466 928 2521 quas
976 2465 1080 2505 non
1118 2451 1453 2505 conveniunt
1485 2448 1667 2519 (liam.
1700 2450 1759 2519 ι).
1794 2447 1904 2503 Nos
1948 2463 2042 2502 au-

471 2559 577 2602 tem
598 2545 899 2601 Psalmistae
931 2558 1060 2599 voce
1091 2545 1335 2598 dicamus
1408 2541 1590 2595 Deduc
1616 2558 1692 2597 me
1716 2545 1768 2596 in
1794 2544 1876 2597 via
1899 2555 2040 2595 recta

471 2640 646 2709 (Psal.
678 2654 940 2704 cxxxvut,
987 2638 1102 2708 24).

539 2729 722 2798 (Vcrs.
747 2730 829 2797 5.)
870 2746 886 2779 ι
927 2727 1168 2798 Populus
1196 2727 1287 2796 qui
1314 2725 1381 2779 ad
1418 2723 1756 2778 iracundiam
1783 2732 2042 2794 proVOCai.

469 2837 580 2884 me,
609 2829 734 2874 ante
769 2817 963 2872 faciem
1016 2833 1190 2871 meam
1247 2829 1463 2886 semper
1498 2831 1514 2870 ;
1545 2816 1634 2883 qui
1673 2813 1956 2866 immolant
1986 2813 2039 2864 in

471 2912 661 2975 hortis,
686 2919 740 2964 et
755 2907 1069 2964 sacriﬁcant
1097 2921 1260 2975 super
1289 2905 1508 2959 lateres.
1545 2922 1562 2955 ι
1599 2901 1739 2956 LXX
1766 2919 1781 2958 :
1809 2921 1826 2954 ι
1861 2904 2040 2972 Pupu-

469 3005 553 3058 lus
585 3003 674 3056 ltic
716 3002 808 3070 qui
859 2998 1151 3053 exacerbat
1181 3011 1266 3050 ine
1298 2997 1352 3050 in
1408 3007 1702 3065 conspectu
1739 3011 1859 3050 meo
1892 3013 1904 3048 :
1939 2995 2037 3065 ipsi

469 3108 688 3161 semper
723 3089 1008 3146 immolant
1071 3088 1122 3140 in
1161 3087 1356 3150 hortis,
1405 3096 1457 3140 et
1506 3086 1725 3140 adolent
1760 3086 2036 3139 incensum

468 3199 631 3253 super
673 3182 900 3236 laterem
944 3194 1007 3236 -ι-
1054 3178 1390 3233 daemonibus
1437 3178 1528 3248 qui
1581 3194 1687 3232 non
1743 3189 1886 3232 sunt.
1933 3182 1969 3245 ⁸,
2013 3196 2032 3229 s

471 3278 692 3330 Dicente
747 3272 979 3327 Domino
1029 3289 1042 3325 :
1101 3270 1219 3326 Non
1263 3271 1425 3342 facies
1483 3269 1574 3323 tibi
1620 3269 1838 3333 idolum,
1879 3286 2040 3340 neque

466 3367 866 3424 similitudinem
896 3364 1128 3418 omnium
1162 3380 1279 3434 qua:
1306 3366 1359 3418 in
1384 3363 1510 3419 coelo
1537 3374 1683 3430 sunt,
1717 3373 1764 3419 et
1793 3381 1911 3434 qua:
1950 3381 2040 3416 su-

467 3476 557 3529 per
589 3469 782 3512 terram
811 3455 1008 3526 (Exod.
1045 3472 1130 3521 xx,
1156 3456 1236 3527 4).
1260 3455 1322 3509 Et
1353 3471 1447 3525 per
1469 3455 1688 3525 Moysen
1723 3457 2040 3524 increpante

468 3552 732 3606 facientes
770 3567 784 3608 ;
821 3548 1173 3605 Irritavernnt
1207 3562 1286 3600 me
1312 3546 1363 3600 in
1391 3546 1494 3600 diis
1520 3546 1730 3612 alienis,
1757 3555 1805 3599 et
1835 3547 1886 3599 in
1913 3548 2040 3600 abo-

470 3641 844 3694 minationibus
857 3642 965 3694 suis
986 3656 1064 3693 me
1082 3640 1150 3693 ad
1170 3638 1582 3691 amaritudinem
1607 3648 2035 3707 prouocauerunt.

467 3733 880 3786 [inmolaverunt
931 3729 1227 3794 dremoniis,
1270 3739 1315 3780 et
1349 3745 1454 3782 non
1502 3727 1608 3782 Deo
1650 3728 1826 3797 (Deut.
1866 3744 2036 3793 xuii,

469 3827 555 3893 16,
594 3827 704 3893 l7),
742 3825 822 3879 illi
879 3825 1061 3876 studio
1095 3821 1449 3890 delinquendi
1485 3823 1639 3892 quasi
1675 3821 1951 3875 irritarent
1986 3830 2040 3875 et

467 3925 833 3986 provocarent
873 3915 1067 3979 Deum,
1102 3928 1207 3968 non
1251 3913 1426 3968 solum
1459 3913 1708 3968 fecerunt
1753 3918 1894 3984 quod
1931 3931 2038 3968 non

467 4010 683 4074 licebat,
717 4008 1039 4078 sedjugiter
1067 4019 1392 4076 semperque
1431 4005 1698 4070 fecerunt,
1750 4019 2038 4075 peccantes

467 4105 526 4158 in
583 4110 879 4171 conspectu
913 4099 1154 4166 Domini,
1191 4098 1346 4169 cujus
1389 4097 1562 4152 oculis
1595 4107 1786 4152 cuncta
1829 4107 2035 4168 patent,

478 4193 558 4250 vel
585 4195 637 4247 in
679 4192 881 4263 templo
933 4191 1074 4262 ejus,
1114 4192 1273 4246 idolis
1311 4192 1520 4245 hostias
1566 4192 1922 4248 immolantes.
1962 4194 2040 4248 Ac

473 4302 538 4341 ne
591 4285 720 4352 quid
769 4300 898 4338 vero
955 4287 1172 4339 deesset
1218 4284 1528 4353 sacrilegio,
1585 4285 1942 4340 immolabant
1984 4290 2036 4340 in

2148 1818 2410 1884 hominis,
2445 1819 2497 1872 in
2531 1819 2649 1875 loco
2678 1821 2973 1888 'virlulum,
3007 1822 3329 1876 deliciarum
3362 1833 3512 1890 atque
3541 1823 3673 1876 vitio-

2147 1923 2266 1962 rum
2299 1910 2446 1964 olera
2481 1920 2856 1966 nascerentur.
2908 1909 3103 1966 Fertur
3150 1913 3526 1981 sapientissimi
3557 1915 3672 1983 apud

2147 1999 2363 2054 Graecos
2397 2003 2590 2056 merito
2638 2001 2912 2056 celebrata
2945 2012 2998 2056 et
3055 2001 3276 2057 laudata
3305 2004 3573 2068 sententia,
3602 2004 3672 2072 qui

2145 2107 2334 2147 omnes
2362 2093 2543 2146 saeculi
2574 2093 2912 2162 voluptates,
2964 2100 3018 2147 et
3053 2108 3306 2163 pompam
3339 2095 3512 2148 mundi
3545 2105 3674 2163 atque

2146 2184 2417 2237 luxuriam
2451 2183 2704 2238 celeriter
2754 2191 3151 2247 transeuntem,
3205 2185 3398 2239 hortos
3451 2185 3672 2238 Adoaidis

2145 2286 2320 2330 Vucat.
2377 2273 2706 2330 Sacrilicant
2759 2275 3259 2356 quoquerbairetici
3295 2291 3452 2345 super
3483 2276 3671 2345 lapides,

2143 2371 2360 2438 quando
2389 2383 2607 2423 errores
2641 2383 2772 2424 suos
2803 2379 2855 2421 et
2890 2369 3161 2436 exquisita
3211 2368 3506 2431 niendacia,
3537 2367 3672 2420 diale-

2145 2461 2280 2514 ctica
2323 2460 2571 2513 nituntur
2632 2467 2748 2514 arte
2800 2459 3039 2525 ﬁrmare,
3095 2469 3148 2513 et
3200 2460 3258 2513 in
3321 2462 3564 2528 quadrum
3595 2472 3672 2514 et-

2143 2565 2356 2606 struere
2387 2553 2404 2581 ί
2485 2560 2542 2605 et
2597 2554 2968 2621 γραμμικαῖς,
3026 2562 3083 2605 ut
3115 2551 3296 2619 aiunt,
3347 2552 3608 2618 ἀνάγκαις,
3637 2551 3674 2602 id

2141 2654 2244 2707 est,
2280 2642 2417 2696 secti
2460 2643 2513 2696 in
2570 2643 2738 2698 latere
2783 2643 3022 2710 pulveris
3069 2651 3234 2711 atque
3287 2643 3530 2712 descripti
3552 2641 3675 2696 lineis

2143 2740 2429 2789 roborare.
2493 2735 2648 2801 Quod
2704 2745 2886 2790 autem
2946 2735 2998 2790 in
3057 2733 3410 2805 Septuaginta
3463 2737 3672 2805 legitur:

2143 2826 2483 2881 Dwmonibus
2516 2828 2605 2895 qui
2643 2843 2747 2880 non
2785 2837 2931 2891 sunt,
2953 2827 3084 2882 etin
3118 2827 3389 2883 [lebraico
3421 2843 3517 2880 non
3543 2830 3671 2881 babe-

2142 2928 2250 2985 tur,
2285 2920 2376 2974 illo
2408 2935 2572 2976 sensu
2622 2919 3021 2988 accipiendum,
3078 2921 3225 2988 quod
3272 2920 3425 2990 juxta
3453 2919 3674 2982 litteram,

2141 3011 2366 3081 ctjuxta
2419 3012 2696 3079 spiritum,
2757 3025 2856 3066 nec
2897 3011 3162 3066 daemonia
3221 3013 3537 3077 subsistant,
3573 3011 3674 3080 quia

2137 3103 2250 3172 jam
2280 3119 2308 3155 a
2342 3102 2472 3168 Deo,
2503 3103 2594 3171 qui
2650 3117 2780 3157 vere
2823 3114 2929 3167 est,
2985 3103 3311 3162 exciderunt
3346 3121 3360 3158 :
3420 3119 3516 3158 nec
3543 3112 3678 3157 sectae

2143 3195 2542 3249 haereticorum
2568 3210 2690 3263 qua:
2717 3194 2922 3248 nullam
2976 3197 3218 3250 retinent
3275 3198 3567 3257 veritatem,
3601 3194 3677 3247 sed

2142 3287 2197 3340 in
2223 3288 2536 3340 umbrarum
2581 3286 2994 3340 similitudinem
3022 3297 3308 3342 transeunt
3354 3295 3510 3358 atque
3537 3286 3679 3340 inter-

2139 3389 2290 3432 eunt.
2345 3377 2498 3432 Unde
2561 3389 2617 3432 et
2655 3379 2850 3433 Esther
2887 3379 3123 3447 loquitur
3149 3380 3216 3434 ad
3249 3379 3568 3437 Dominum;
3611 3374 3678 3428 Ne

2141 3472 2324 3524 tradas
2355 3469 2716 3523 Imrcditatem
2763 3479 2909 3521 tuam
2947 3470 3026 3522 Itis
3075 3471 3164 3539 qui
3206 3487 3310 3523 non
3351 3481 3468 3524 sunt
3507 3467 3680 3538 (Esther

2141 3577 2254 3626 xiv,
2281 3562 2391 3631 ll).
2427 3561 2493 3613 Et
2531 3562 2761 3614 Sanctus
2794 3571 3048 3631 precatur
3081 3564 3131 3615 in
3168 3561 3389 3617 Psalmo
3431 3582 3446 3618 :
3493 3562 3679 3631 Ignosco

2141 3655 2292 3719 mihi,
2326 3663 2382 3706 ut
2412 3653 2698 3724 refrigerer
2735 3656 3044 3724 priusquam
3089 3654 3298 3717 abeam,
3339 3663 3388 3710 et
3431 3655 3560 3708 ultra
3593 3667 3680 3707 non

2140 3745 2418 3799 subsistant
2451 3744 2622 3816 (Psal.
2654 3759 2884 3810 xxxvrn,
2919 3744 3027 3813 14).
3063 3742 3165 3809 Qui
3195 3748 3344 3798 enim
3369 3745 3490 3798 dum
3519 3745 3568 3796 in
3591 3746 3675 3794 hoc

2142 3841 2272 3892 vivit
2300 3853 2549 3906 corpore,
2599 3838 2809 3892 veniam
2851 3848 3200 3906 peccatorum
3237 3854 3344 3892 non
3384 3838 3537 3892 luerit
3571 3851 3680 3889 con-

2142 3940 2380 3993 secutus,
2416 3939 2470 3982 et
2502 3930 2582 3984 sic
2607 3931 2674 3984 de
2715 3928 2797 3982 via
2827 3929 3147 3994 excesserit,
3177 3929 3292 3983 Deo
3321 3929 3479 4000 perit,
3510 3936 3559 3983 et
3580 3939 3680 3980 esse

2142 4022 2374 4086 desistit,
2403 4019 2531 4075 licet
2562 4021 2664 4076 sibi
2695 4021 2962 4076 subsistat
2989 4022 3042 4075 in
3077 4024 3276 4091 pretiis.

2216 4113 2392 4186 (Vers.
2451 4113 2503 4175 ι,
2543 4113 2621 4182 5.)
2659 4132 2676 4165 ι
2717 4114 2816 4180 Qui
2854 4114 3105 4169 habitant
3136 4115 3189 4167 in
3245 4114 3527 4185 sepulcris,
3565 4112 3679 4167 etin

2143 4207 2382 4260 delubris
2403 4207 2673 4259 idolorum
2700 4207 2979 4260 dormiunt
3008 4223 3022 4262 :
3063 4209 3154 4276 qui
3177 4212 3471 4263 eontedunt
3491 4223 3678 4263 carnem

2143 4298 2378 4360 suillam,
2403 4307 2456 4350 et
2482 4297 2569 4366 jus
2601 4296 2885 4364 profanum
2917 4298 2969 4350 in
3011 4300 3157 4352 vasis
3185 4302 3304 4354 suis
3334 4318 3349 4353 :
3381 4291 3467 4370 qui
3496 4301 3675 4358 dicunt,

474 4377 668 4440 hortis,
700 4384 755 4429 et
797 4377 1090 4430 adolebant
1124 4376 1282 4429 thura
1312 4391 1473 4443 super
1501 4378 1718 4450 lateres,
1746 4377 2036 4446 jungentes

2145 4390 2334 4444 recede
2363 4406 2392 4443 a
2432 4407 2539 4451 me,
2574 4407 2680 4445 non
2711 4391 3115 4460 appropinques
3141 4394 3299 4456 mihi,
3325 4395 3451 4463 quia
3480 4393 3683 4447 immun-

473 4466 791 4522 idololatria:
821 4467 1116 4532 luxuriam,
1151 4477 1206 4521 et
1264 4467 1550 4520 sacriﬁciis
1589 4467 1939 4536 voluptatem,
1984 4479 2039 4522 et

471 4575 566 4628 pro
587 4573 695 4614 uno
729 4559 885 4612 altari
909 4557 1331 4626 quodlmpolitis
1359 4557 1623 4620 lapidibus
1657 4558 1748 4612 Dei
1777 4568 1895 4613 erat
1921 4557 2039 4627 lege

543 4745 557 4776 ¹
596 4742 974 4812 Γραμμικαῖς,
1000 4749 1108 4793 etc.
1138 4738 1256 4812 .lam
1290 4740 1417 4794 mihi
1454 4739 1762 4812 concedant
1801 4740 1941 4808 mqui
1971 4755 2036 4796 ac

470 4811 759 4886 prudentes
791 4815 1044 4886 lectores,
1069 4811 1310 4886 nondum
1351 4812 1557 4864 editum
1587 4811 1755 4886 fuisse
1784 4820 1912 4886 ante
1936 4826 2036 4886 nos

470 4879 653 4942 verum
690 4893 744 4936 et
792 4884 1084 4950 genuinum
1124 4879 1509 4950 Hieronymum
1542 4899 1566 4936 ,ι
1616 4881 1729 4948 ipse
1756 4881 1901 4935 enim
1935 4882 2036 4934 hoc

471 4959 588 5010 loco
623 4949 844 5008 vocibus
877 4949 1086 5005 Cra-cis
1120 4967 1249 5004 usus
1274 4949 1379 5012 est,
1423 4965 1543 5017 qua:
1577 4951 1774 5017 ignota:
1809 4951 2036 5004 lucrum.

466 5023 694 5078 Erasmo
723 5039 784 5075 ac
821 5022 1079 5081 Mariano,
1130 5036 1237 5074 non
1278 5025 1503 5074 multum
1535 5021 1775 5073 subactis
1803 5022 2034 5074 lectione

469 5112 600 5148 mss.
629 5094 900 5146 codicum.
925 5091 1030 5144 Pio
1053 5089 1609 5143 demonstrationibns
1637 5090 1800 5156 igitur
1825 5090 2034 5143 Mathe-

469 5164 700 5226 maticis,
735 5163 850 5216 sive
886 5163 1061 5216 causis
1081 5169 1136 5214 et
1175 5160 1468 5213 rationibus
1518 5163 1843 5227 urgentibus,
1883 5165 2034 5229 'quas

467 5232 779 5304 signiﬁcant
818 5232 1133 5304 Ypapptxa‘.
1183 5229 1440 5298 ἀνάγχαι,
1474 5229 1575 5304 ipsi
1611 5241 1912 5304 posuerunt
1970 5231 2036 5304 ζ(-

465 5299 587 5358 ηεῖιε
612 5303 665 5355 in
687 5299 898 5368 pulvere
934 5299 1257 5368 descriptas,
1308 5304 1408 5353 hoc
1439 5301 1594 5353 modo
1628 5299 1866 5368 legentes
1894 5317 1907 5355 :
1966 5299 2034 5354 Et

464 5375 757 5443 ὲγκονίοις,
782 5381 836 5424 ut
863 5373 1032 5443 aiunt,
1057 5373 1364 5443 γραμμαῖς,
1399 5369 1453 5421 id
1474 5381 1569 5435 est,
1601 5370 1730 5443 secti
1781 5372 1834 5423 in
1870 5371 2032 5424 latere

463 5440 690 5512 pulveris
722 5453 875 5512 atque
901 5441 1146 5506 descripti
1188 5441 1340 5493 lineis
1391 5443 1662 5512 roborare.
1698 5440 1830 5506 Qua:
1854 5455 2031 5512 quan-

467 5509 667 5568 tumvis
687 5509 871 5567 sensui
899 5512 1059 5580 bujus
1085 5513 1189 5564 loci
1220 5524 1521 5577 congruere
1547 5509 1854 5575 videantur,
1891 5511 2028 5566 falsa

464 5594 588 5635 sunt
625 5593 800 5638 tamen
831 5592 886 5637 et
911 5581 1230 5646 adventitia,
1258 5583 1380 5649 quia
1411 5583 1462 5632 in
1499 5583 1646 5633 nullo
1676 5583 2032 5650 reperiuntur

453 5654 753 5720 exemplari
806 5658 1225 5719 manuscripto:
1281 5667 1404 5707 cum
1461 5654 1664 5721 omnia,
1695 5669 1759 5707 ne
1811 5654 2027 5724 quidem

2141 4480 2243 4533 dus
2275 4494 2348 4534 es.
2395 4498 2413 4531 s
2457 4479 2595 4533 LXX
2624 4497 2640 4534 :
2675 4499 2693 4532 ι
2741 4480 2797 4534 In
2834 4485 3102 4550 sepulcris
3138 4487 3271 4538 etin
3297 4485 3556 4554 specubus
3581 4482 3684 4536 dor-

2140 4573 2317 4626 miunt
2345 4581 2573 4642 propter
2601 4573 2814 4628 somnia
2843 4592 2856 4628 :
2885 4577 3286 4644 quicomedunt
3327 4593 3538 4634 carnem
3570 4575 3684 4633 suii-

2137 4767 2248 4807 uno
2279 4762 2526 4824 excepto,
2564 4753 2836 4810 retineant
2865 4757 3009 4826 quod
3041 4773 3140 4813 nos
3187 4761 3486 4816 edidimus.
3551 4757 3682 4812 ilia-

2139 4838 2284 4877 TMN.

2206 4922 2278 4934 —
2314 4895 2937 4971 Sicdernoustratioues
2975 4912 3122 4971 (suas
3180 4913 3380 4957 vocant
3427 4909 3682 4971 geometra:

2138 4967 2490 5035 γραμμικὰςν
2517 4966 2763 5031 ἀνάγκας
2818 4983 2833 5019 :
2875 4970 3014 5021 unde
3048 4981 3102 5022 et
3149 4966 3614 5035 Quintilianuslib.
3645 4984 3676 5029 ι,

2138 5047 2258 5110 cap.
2290 5033 2373 5110 li),
2400 5044 2452 5089 et
2485 5034 2578 5088 lib.
2611 5050 2662 5101 ν,
2688 5051 2811 5110 cap.
2849 5036 2932 5110 lO,
2968 5039 3106 5110 dixit
3133 5033 3463 5110 γραμμίκὰς
3490 5039 3680 5110 amisi-

2139 5101 2270 5166 ξεις.
2304 5106 2367 5156 Et
2422 5101 3259 5174 γραμμικὼξἀποδείκνυσσάι.’
3293 5101 3490 5165 Sextus
3520 5107 3677 5172 Empi-

2139 5175 2283 5226 rieus
2313 5186 2504 5227 contra
2530 5173 2875 5247 Geometras,
2908 5177 3052 5243 quod
3104 5183 3318 5247 proprie
3365 5191 3446 5234 est
3491 5184 3676 5247 dentom

2136 5253 2306 5320 strqre
2379 5261 2469 5310 per
2521 5244 2708 5320 tineas,
2765 5257 2823 5298 ut
2883 5244 3115 5320 exponit
3161 5244 3534 5320 Hieronymus,
3573 5246 3680 5298 secti

2136 5312 2187 5386 i_n
2224 5311 2387 5366 latere
2445 5313 2671 5382 pulveris
2729 5329 2880 5384 atque
2928 5311 3175 5386 descripti
3211 5311 3378 5372 lineis'
3429 5324 3672 5371 roborare.

2136 5382 2273 5453 §unt
2305 5391 2484 5436 autem
2531 5387 2620 5450 qui
2662 5382 2845 5453 legant
2898 5387 2950 5438 in
2991 5382 3184 5442 latera.
3216 5389 3526 5443 Lectionem
3566 5399 3674 5438 vero

2135 5450 2385 5529 Graecam,
2408 5450 2818 5529 currrErasmtm
2842 5472 2952 5529 non
2987 5471 3389 5529 assequeretur,
3422 5460 3672 5523 ingeniose

2137 5529 2337 5600 tanien,
2373 5525 2661 5594 ἐγκονίοις,
2693 5534 2748 5576 ut
2798 5527 2968 5596 aiunt,
2994 5525 3307 5600 γραμμαῖς,
3340 5529 3464 5584 ieci:
3489 5544 3502 5595 ;
3531 5538 3670 5594 quem

2141 5591 2409 5650 Victorius
2438 5591 2659 5652 secutus
2698 5605 2807 5651 est.

3167 5769 3172 5772 ·
3213 5766 3422 5783 ’δὴ--υ-σ
