  <div class='ocr_page' id='page_1' title='image "/cluster/home/n/w/nwhite01/storage/ocr_20150623/24/hvd.32044096580485/334.png"; bbox 0 0 3906 6172; ppageno 0'>
   <div class='ocr_carea' id='block_1_1' title="bbox 205 312 313 375">
    <p class='ocr_par' dir='ltr' id='par_1_1' title="bbox 205 312 313 375">
     <span class='ocr_line' id='line_1_1' title="bbox 205 312 313 375; baseline 0.019 -2"><span class='ocrx_word' id='word_1_1' title='bbox 205 312 313 375; x_wconf 67' lang='lat' dir='ltr'><strong>EST</strong></span> 
     </span>
    </p>
   </div>
   <div class='ocr_carea' id='block_1_2' title="bbox 701 314 3022 385">
    <p class='ocr_par' dir='ltr' id='par_1_2' title="bbox 701 314 3022 385">
     <span class='ocr_line' id='line_1_2' title="bbox 701 314 3022 385; baseline 0.001 -11"><span class='ocrx_word' id='word_1_2' title='bbox 701 314 1205 378; x_wconf 74' lang='lat' dir='ltr'><strong>COMMENTAR.</strong></span> <span class='ocrx_word' id='word_1_3' title='bbox 1257 316 1330 376; x_wconf 80' lang='lat' dir='ltr'><strong>IN</strong></span> <span class='ocrx_word' id='word_1_4' title='bbox 1381 314 1650 375; x_wconf 76' lang='lat' dir='ltr'><strong>ISAIAM</strong></span> <span class='ocrx_word' id='word_1_5' title='bbox 1681 314 2153 377; x_wconf 79' lang='lat' dir='ltr'><strong>PROPHETAM</strong></span> <span class='ocrx_word' id='word_1_6' title='bbox 2194 317 2342 379; x_wconf 75' lang='lat' dir='ltr'><strong>LIB.</strong></span> <span class='ocrx_word' id='word_1_7' title='bbox 2388 315 2606 385; x_wconf 80' lang='lat' dir='ltr'><strong>XVIII,</strong></span> <span class='ocrx_word' id='word_1_8' title='bbox 2647 317 2806 378; x_wconf 76' lang='lat' dir='ltr'><strong>CAP.</strong></span> <span class='ocrx_word' id='word_1_9' title='bbox 2848 318 3022 376; x_wconf 78' lang='lat' dir='ltr'><strong>LXV.</strong></span> 
     </span>
    </p>
   </div>
   <div class='ocr_carea' id='block_1_3' title="bbox 3351 315 3454 374">
    <p class='ocr_par' dir='ltr' id='par_1_3' title="bbox 3351 315 3454 374">
     <span class='ocr_line' id='line_1_3' title="bbox 3351 315 3454 374; baseline 0.01 -1"><span class='ocrx_word' id='word_1_10' title='bbox 3351 315 3454 374; x_wconf 70' lang='lat'><strong>(358</strong></span> 
     </span>
    </p>
   </div>
   <div class='ocr_carea' id='block_1_4' title="bbox 203 429 3456 502">
    <p class='ocr_par' dir='ltr' id='par_1_4' title="bbox 203 429 3456 502">
     <span class='ocr_line' id='line_1_4' title="bbox 203 429 3456 502; baseline -0.001 -18"><span class='ocrx_word' id='word_1_11' title='bbox 203 431 302 484; x_wconf 83' lang='lat' dir='ltr'><strong>lant</strong></span> <span class='ocrx_word' id='word_1_12' title='bbox 330 438 384 483; x_wconf 92' lang='lat' dir='ltr'><strong>et</strong></span> <span class='ocrx_word' id='word_1_13' title='bbox 416 429 503 499; x_wconf 86' lang='lat' dir='ltr'><strong>jus</strong></span> <span class='ocrx_word' id='word_1_14' title='bbox 535 429 860 497; x_wconf 72' lang='lat' dir='ltr'><strong>hostiarum,</strong></span> <span class='ocrx_word' id='word_1_15' title='bbox 891 434 1116 501; x_wconf 84' lang='lat' dir='ltr'><strong>prolana</strong></span> <span class='ocrx_word' id='word_1_16' title='bbox 1156 431 1336 486; x_wconf 90' lang='lat' dir='ltr'><strong>omnia</strong></span> <span class='ocrx_word' id='word_1_17' title='bbox 1363 447 1492 487; x_wconf 80' lang='lat' dir='ltr'><strong>vasa</strong></span> <span class='ocrx_word' id='word_1_18' title='bbox 1531 445 1764 487; x_wconf 85' lang='lat' dir='ltr'><strong>eorum:</strong></span> <span class='ocrx_word' id='word_1_19' title='bbox 1803 438 1849 492; x_wconf 76' lang='grc' dir='ltr'><strong>Δ</strong></span> <span class='ocrx_word' id='word_1_20' title='bbox 1879 447 1994 484; x_wconf 88' lang='lat' dir='ltr'><strong>cam</strong></span> <span class='ocrx_word' id='word_1_21' title='bbox 2027 430 2297 486; x_wconf 84' lang='lat' dir='ltr'><strong>latronum</strong></span> <span class='ocrx_word' id='word_1_22' title='bbox 2343 431 2554 502; x_wconf 76' lang='lat' dir='ltr'><strong>(Matth.</strong></span> <span class='ocrx_word' id='word_1_23' title='bbox 2602 450 2715 495; x_wconf 76' lang='lat' dir='ltr'><strong>XM,</strong></span> <span class='ocrx_word' id='word_1_24' title='bbox 2756 433 2865 500; x_wconf 75' lang='lat'><strong>1&#39;5),</strong></span> <span class='ocrx_word' id='word_1_25' title='bbox 2919 433 2971 485; x_wconf 91' lang='lat' dir='ltr'><strong>in</strong></span> <span class='ocrx_word' id='word_1_26' title='bbox 3013 431 3209 499; x_wconf 77' lang='lat' dir='ltr'><strong>quibus</strong></span> <span class='ocrx_word' id='word_1_27' title='bbox 3246 434 3456 484; x_wconf 67' lang='lat' dir='ltr'><strong>anilitas</strong></span> 
     </span>
    </p>
   </div>
   <div class='ocr_carea' id='block_1_5' title="bbox 199 523 1770 595">
    <p class='ocr_par' dir='ltr' id='par_1_5' title="bbox 199 523 1770 595">
     <span class='ocr_line' id='line_1_5' title="bbox 199 523 1770 595; baseline 0.003 -21"><span class='ocrx_word' id='word_1_28' title='bbox 199 523 285 590; x_wconf 91' lang='lat' dir='ltr'><strong>qni</strong></span> <span class='ocrx_word' id='word_1_29' title='bbox 321 524 535 586; x_wconf 77' lang='lat' dir='ltr'><strong>dicunt,</strong></span> <span class='ocrx_word' id='word_1_30' title='bbox 563 523 836 591; x_wconf 76' lang='lat' dir='ltr'><strong>abilonge</strong></span> <span class='ocrx_word' id='word_1_31' title='bbox 873 540 901 578; x_wconf 90' lang='lat' dir='ltr'><strong>a</strong></span> <span class='ocrx_word' id='word_1_32' title='bbox 933 541 1043 589; x_wconf 89' lang='lat' dir='ltr'><strong>me,</strong></span> <span class='ocrx_word' id='word_1_33' title='bbox 1080 540 1148 579; x_wconf 90' lang='lat' dir='ltr'><strong>ne</strong></span> <span class='ocrx_word' id='word_1_34' title='bbox 1180 526 1584 595; x_wconf 75' lang='lat' dir='ltr'><strong>appropinqur-s</strong></span> <span class='ocrx_word' id='word_1_35' title='bbox 1617 525 1770 590; x_wconf 84' lang='lat' dir='ltr'><strong>mihi,</strong></span> 
     </span>
    </p>
   </div>
   <div class='ocr_carea' id='block_1_6' title="bbox 197 617 1773 687">
    <p class='ocr_par' dir='ltr' id='par_1_6' title="bbox 197 617 1773 687">
     <span class='ocr_line' id='line_1_6' title="bbox 197 617 1773 687; baseline 0 -19"><span class='ocrx_word' id='word_1_36' title='bbox 197 618 454 682; x_wconf 80' lang='lat' dir='ltr'><strong>quoniam</strong></span> <span class='ocrx_word' id='word_1_37' title='bbox 485 617 717 670; x_wconf 89' lang='lat' dir='ltr'><strong>mundus</strong></span> <span class='ocrx_word' id='word_1_38' title='bbox 748 633 895 672; x_wconf 90' lang='lat' dir='ltr'><strong>sum.</strong></span> <span class='ocrx_word' id='word_1_39' title='bbox 934 637 953 668; x_wconf 74' lang='grc' dir='ltr'><strong><em>ι</em></strong></span> <span class='ocrx_word' id='word_1_40' title='bbox 990 617 1135 671; x_wconf 83' lang='lat' dir='ltr'><strong>Nihil</strong></span> <span class='ocrx_word' id='word_1_41' title='bbox 1175 618 1275 672; x_wconf 80' lang='lat' dir='ltr'><strong>fuit</strong></span> <span class='ocrx_word' id='word_1_42' title='bbox 1323 618 1592 687; x_wconf 78' lang='lat' dir='ltr'><strong>sacrilegii</strong></span> <span class='ocrx_word' id='word_1_43' title='bbox 1631 617 1773 686; x_wconf 89' lang='lat' dir='ltr'><strong>quod</strong></span> 
     </span>
    </p>
   </div>
   <div class='ocr_carea' id='block_1_7' title="bbox 198 706 1775 776">
    <p class='ocr_par' dir='ltr' id='par_1_7' title="bbox 198 706 1775 776">
     <span class='ocr_line' id='line_1_7' title="bbox 198 706 1775 776; baseline 0.003 -16"><span class='ocrx_word' id='word_1_44' title='bbox 198 706 358 760; x_wconf 85' lang='lat' dir='ltr'><strong>Israel</strong></span> <span class='ocrx_word' id='word_1_45' title='bbox 394 707 628 774; x_wconf 85' lang='lat' dir='ltr'><strong>populus</strong></span> <span class='ocrx_word' id='word_1_46' title='bbox 649 707 1118 776; x_wconf 65' lang='lat' dir='ltr'><strong>praetermitteret,</strong></span> <span class='ocrx_word' id='word_1_47' title='bbox 1158 725 1263 764; x_wconf 90' lang='lat' dir='ltr'><strong>non</strong></span> <span class='ocrx_word' id='word_1_48' title='bbox 1289 709 1462 766; x_wconf 91' lang='lat' dir='ltr'><strong>solum</strong></span> <span class='ocrx_word' id='word_1_49' title='bbox 1496 710 1550 764; x_wconf 88' lang='lat' dir='ltr'><strong>in</strong></span> <span class='ocrx_word' id='word_1_50' title='bbox 1602 709 1775 764; x_wconf 90' lang='lat' dir='ltr'><strong>hortis</strong></span> 
     </span>
    </p>
   </div>
   <div class='ocr_carea' id='block_1_8' title="bbox 201 798 1774 868">
    <p class='ocr_par' dir='ltr' id='par_1_8' title="bbox 201 798 1774 868">
     <span class='ocr_line' id='line_1_8' title="bbox 201 798 1774 868; baseline 0.004 -18"><span class='ocrx_word' id='word_1_51' title='bbox 201 798 506 861; x_wconf 76' lang='lat' dir='ltr'><strong>immolaris,</strong></span> <span class='ocrx_word' id='word_1_52' title='bbox 547 808 604 851; x_wconf 89' lang='lat' dir='ltr'><strong>et</strong></span> <span class='ocrx_word' id='word_1_53' title='bbox 639 814 804 868; x_wconf 88' lang='lat' dir='ltr'><strong>super</strong></span> <span class='ocrx_word' id='word_1_54' title='bbox 850 800 1050 855; x_wconf 85' lang='lat' dir='ltr'><strong>lateres</strong></span> <span class='ocrx_word' id='word_1_55' title='bbox 1081 803 1241 857; x_wconf 92' lang='lat' dir='ltr'><strong>thura</strong></span> <span class='ocrx_word' id='word_1_56' title='bbox 1287 801 1651 864; x_wconf 76' lang='lat' dir='ltr'><strong>succendens.</strong></span> <span class='ocrx_word' id='word_1_57' title='bbox 1680 805 1774 858; x_wconf 88' lang='lat' dir='ltr'><strong>sed</strong></span> 
     </span>
    </p>
   </div>
   <div class='ocr_carea' id='block_1_9' title="bbox 202 887 1774 961">
    <p class='ocr_par' dir='ltr' id='par_1_9' title="bbox 202 887 1774 961">
     <span class='ocr_line' id='line_1_9' title="bbox 202 887 1774 961; baseline 0.003 -19"><span class='ocrx_word' id='word_1_58' title='bbox 202 887 396 943; x_wconf 84' lang='lat' dir='ltr'><strong>sedens</strong></span> <span class='ocrx_word' id='word_1_59' title='bbox 423 904 666 959; x_wconf 87' lang='lat' dir='ltr'><strong>quoque,</strong></span> <span class='ocrx_word' id='word_1_60' title='bbox 693 889 782 945; x_wconf 85' lang='lat' dir='ltr'><strong>vel</strong></span> <span class='ocrx_word' id='word_1_61' title='bbox 809 890 1069 946; x_wconf 89' lang='lat' dir='ltr'><strong>habitans</strong></span> <span class='ocrx_word' id='word_1_62' title='bbox 1099 892 1151 946; x_wconf 91' lang='lat' dir='ltr'><strong>in</strong></span> <span class='ocrx_word' id='word_1_63' title='bbox 1187 892 1474 961; x_wconf 87' lang='lat' dir='ltr'><strong>sepulcris,</strong></span> <span class='ocrx_word' id='word_1_64' title='bbox 1506 902 1562 948; x_wconf 91' lang='lat' dir='ltr'><strong>et</strong></span> <span class='ocrx_word' id='word_1_65' title='bbox 1595 893 1649 946; x_wconf 90' lang='lat' dir='ltr'><strong>in</strong></span> <span class='ocrx_word' id='word_1_66' title='bbox 1680 894 1774 953; x_wconf 76' lang='lat' dir='ltr'><strong>de-</strong></span> 
     </span>
    </p>
   </div>
   <div class='ocr_carea' id='block_1_10' title="bbox 200 980 1777 1055">
    <p class='ocr_par' dir='ltr' id='par_1_10' title="bbox 200 980 1777 1055">
     <span class='ocr_line' id='line_1_10' title="bbox 200 980 1777 1055; baseline 0.004 -22"><span class='ocrx_word' id='word_1_67' title='bbox 200 981 366 1036; x_wconf 86' lang='lat' dir='ltr'><strong>labris</strong></span> <span class='ocrx_word' id='word_1_68' title='bbox 389 980 654 1038; x_wconf 90' lang='lat' dir='ltr'><strong>idolorum</strong></span> <span class='ocrx_word' id='word_1_69' title='bbox 671 984 976 1050; x_wconf 86' lang='lat' dir='ltr'><strong>dormiens,</strong></span> <span class='ocrx_word' id='word_1_70' title='bbox 1000 985 1090 1038; x_wconf 89' lang='lat' dir='ltr'><strong>ubi</strong></span> <span class='ocrx_word' id='word_1_71' title='bbox 1117 986 1303 1040; x_wconf 78' lang='lat' dir='ltr'><strong>stratis</strong></span> <span class='ocrx_word' id='word_1_72' title='bbox 1327 985 1558 1055; x_wconf 80' lang='lat' dir='ltr'><strong>pellibus</strong></span> <span class='ocrx_word' id='word_1_73' title='bbox 1573 985 1777 1040; x_wconf 85' lang='lat' dir='ltr'><strong>hostia-</strong></span> 
     </span>
    </p>
   </div>
   <div class='ocr_carea' id='block_1_11' title="bbox 200 1071 1776 1142">
    <p class='ocr_par' dir='ltr' id='par_1_11' title="bbox 200 1071 1776 1142">
     <span class='ocr_line' id='line_1_11' title="bbox 200 1071 1776 1142; baseline 0.008 -20"><span class='ocrx_word' id='word_1_74' title='bbox 200 1087 312 1124; x_wconf 87' lang='lat' dir='ltr'><strong>rum</strong></span> <span class='ocrx_word' id='word_1_75' title='bbox 401 1071 662 1130; x_wconf 85' lang='lat' dir='ltr'><strong>incubare</strong></span> <span class='ocrx_word' id='word_1_76' title='bbox 716 1077 862 1131; x_wconf 88' lang='lat' dir='ltr'><strong>soliti</strong></span> <span class='ocrx_word' id='word_1_77' title='bbox 925 1088 1083 1132; x_wconf 88' lang='lat' dir='ltr'><strong>erant</strong></span> <span class='ocrx_word' id='word_1_78' title='bbox 1117 1118 1133 1142; x_wconf 88' lang='lat'><strong>,</strong></span> <span class='ocrx_word' id='word_1_79' title='bbox 1186 1089 1243 1132; x_wconf 90' lang='lat' dir='ltr'><strong>ut</strong></span> <span class='ocrx_word' id='word_1_80' title='bbox 1272 1079 1501 1134; x_wconf 86' lang='lat' dir='ltr'><strong>somniis</strong></span> <span class='ocrx_word' id='word_1_81' title='bbox 1556 1080 1776 1134; x_wconf 73' lang='lat' dir='ltr'><strong>l&#39;utura‘</strong></span> 
     </span>
    </p>
   </div>
   <div class='ocr_carea' id='block_1_12' title="bbox 199 1165 1778 1240">
    <p class='ocr_par' dir='ltr' id='par_1_12' title="bbox 199 1165 1778 1240">
     <span class='ocr_line' id='line_1_12' title="bbox 199 1165 1778 1240; baseline 0.008 -26"><span class='ocrx_word' id='word_1_82' title='bbox 199 1177 618 1231; x_wconf 67' lang='lat' dir='ltr'><strong>cognoscerent.</strong></span> <span class='ocrx_word' id='word_1_83' title='bbox 680 1165 843 1233; x_wconf 88' lang='lat' dir='ltr'><strong>Quod</strong></span> <span class='ocrx_word' id='word_1_84' title='bbox 920 1169 973 1223; x_wconf 92' lang='lat' dir='ltr'><strong>in</strong></span> <span class='ocrx_word' id='word_1_85' title='bbox 1046 1171 1174 1225; x_wconf 86' lang='lat' dir='ltr'><strong>lano</strong></span> <span class='ocrx_word' id='word_1_86' title='bbox 1238 1169 1542 1239; x_wconf 75' lang='lat' dir='ltr'><strong>.Esculapii</strong></span> <span class='ocrx_word' id='word_1_87' title='bbox 1607 1186 1778 1240; x_wconf 83' lang='lat' dir='ltr'><strong>usque</strong></span> 
     </span>
    </p>
   </div>
   <div class='ocr_carea' id='block_1_13' title="bbox 201 1254 1779 1334">
    <p class='ocr_par' dir='ltr' id='par_1_13' title="bbox 201 1254 1779 1334">
     <span class='ocr_line' id='line_1_13' title="bbox 201 1254 1779 1334; baseline 0.009 -28"><span class='ocrx_word' id='word_1_88' title='bbox 201 1254 356 1310; x_wconf 86' lang='lat' dir='ltr'><strong>hodie</strong></span> <span class='ocrx_word' id='word_1_89' title='bbox 427 1273 586 1312; x_wconf 91' lang='lat' dir='ltr'><strong>error</strong></span> <span class='ocrx_word' id='word_1_90' title='bbox 649 1261 894 1315; x_wconf 84' lang='lat' dir='ltr'><strong>celebrat</strong></span> <span class='ocrx_word' id='word_1_91' title='bbox 963 1263 1310 1318; x_wconf 90' lang='lat' dir='ltr'><strong>ethnicorum</strong></span> <span class='ocrx_word' id='word_1_92' title='bbox 1369 1265 1779 1334; x_wconf 88' lang='lat' dir='ltr'><strong>multorumque</strong></span> 
     </span>
    </p>
   </div>
   <div class='ocr_carea' id='block_1_14' title="bbox 201 1346 1777 1422">
    <p class='ocr_par' dir='ltr' id='par_1_14' title="bbox 201 1346 1777 1422">
     <span class='ocr_line' id='line_1_14' title="bbox 201 1346 1777 1422; baseline 0.008 -26"><span class='ocrx_word' id='word_1_93' title='bbox 201 1346 452 1412; x_wconf 80' lang='lat' dir='ltr'><strong>aliorum,</strong></span> <span class='ocrx_word' id='word_1_94' title='bbox 496 1365 616 1416; x_wconf 70' lang='lat' dir='ltr'><strong>quae</strong></span> <span class='ocrx_word' id='word_1_95' title='bbox 679 1366 784 1404; x_wconf 90' lang='lat' dir='ltr'><strong>non</strong></span> <span class='ocrx_word' id='word_1_96' title='bbox 834 1352 996 1422; x_wconf 84' lang='lat'><strong>775</strong></span> <span class='ocrx_word' id='word_1_97' title='bbox 1045 1363 1170 1408; x_wconf 90' lang='lat' dir='ltr'><strong>sunt</strong></span> <span class='ocrx_word' id='word_1_98' title='bbox 1221 1354 1389 1420; x_wconf 80' lang='lat' dir='ltr'><strong>aliud,</strong></span> <span class='ocrx_word' id='word_1_99' title='bbox 1444 1355 1549 1410; x_wconf 81' lang='lat' dir='ltr'><strong>nisi</strong></span> <span class='ocrx_word' id='word_1_100' title='bbox 1586 1356 1777 1410; x_wconf 90' lang='lat' dir='ltr'><strong>tumuli</strong></span> 
     </span>
    </p>
   </div>
   <div class='ocr_carea' id='block_1_15' title="bbox 202 1439 1776 1514">
    <p class='ocr_par' dir='ltr' id='par_1_15' title="bbox 202 1439 1776 1514">
     <span class='ocr_line' id='line_1_15' title="bbox 202 1439 1776 1514; baseline 0.004 -24"><span class='ocrx_word' id='word_1_101' title='bbox 202 1449 560 1494; x_wconf 87' lang='lat' dir='ltr'><strong>mortuorum.</strong></span> <span class='ocrx_word' id='word_1_102' title='bbox 596 1439 706 1496; x_wconf 87' lang='lat' dir='ltr'><strong>Nec</strong></span> <span class='ocrx_word' id='word_1_103' title='bbox 742 1440 844 1496; x_wconf 91' lang='lat' dir='ltr'><strong>hoc</strong></span> <span class='ocrx_word' id='word_1_104' title='bbox 867 1453 1023 1496; x_wconf 88' lang='lat' dir='ltr'><strong>erant</strong></span> <span class='ocrx_word' id='word_1_105' title='bbox 1047 1442 1344 1514; x_wconf 86' lang='lat' dir='ltr'><strong>impietatis</strong></span> <span class='ocrx_word' id='word_1_106' title='bbox 1376 1445 1481 1498; x_wconf 86' lang='lat' dir='ltr'><strong>line</strong></span> <span class='ocrx_word' id='word_1_107' title='bbox 1515 1445 1776 1512; x_wconf 82' lang='lat' dir='ltr'><strong>contenti,</strong></span> 
     </span>
    </p>
   </div>
   <div class='ocr_carea' id='block_1_16' title="bbox 200 1530 1779 1606">
    <p class='ocr_par' dir='ltr' id='par_1_16' title="bbox 200 1530 1779 1606">
     <span class='ocr_line' id='line_1_16' title="bbox 200 1530 1779 1606; baseline 0.006 -25"><span class='ocrx_word' id='word_1_108' title='bbox 200 1530 294 1584; x_wconf 89' lang='lat' dir='ltr'><strong>sed</strong></span> <span class='ocrx_word' id='word_1_109' title='bbox 325 1547 622 1597; x_wconf 65' lang='lat' dir='ltr'><strong>jprcorum</strong></span> <span class='ocrx_word' id='word_1_110' title='bbox 657 1547 874 1602; x_wconf 91' lang='lat' dir='ltr'><strong>quoque</strong></span> <span class='ocrx_word' id='word_1_111' title='bbox 917 1535 1179 1590; x_wconf 86' lang='lat' dir='ltr'><strong>carnibus</strong></span> <span class='ocrx_word' id='word_1_112' title='bbox 1223 1537 1608 1602; x_wconf 76' lang='lat' dir='ltr'><strong>vescebantur,</strong></span> <span class='ocrx_word' id='word_1_113' title='bbox 1638 1539 1779 1606; x_wconf 87' lang='lat' dir='ltr'><strong>quod</strong></span> 
     </span>
    </p>
   </div>
   <div class='ocr_carea' id='block_1_17' title="bbox 200 1622 1781 1697">
    <p class='ocr_par' dir='ltr' id='par_1_17' title="bbox 200 1622 1781 1697">
     <span class='ocr_line' id='line_1_17' title="bbox 200 1622 1781 1697; baseline 0.006 -25"><span class='ocrx_word' id='word_1_114' title='bbox 200 1622 310 1690; x_wconf 75' lang='lat' dir='ltr'><strong>lege</strong></span> <span class='ocrx_word' id='word_1_115' title='bbox 357 1625 693 1692; x_wconf 89' lang='lat' dir='ltr'><strong>prohibitum</strong></span> <span class='ocrx_word' id='word_1_116' title='bbox 752 1636 890 1692; x_wconf 89' lang='lat' dir='ltr'><strong>erat,</strong></span> <span class='ocrx_word' id='word_1_117' title='bbox 948 1636 1005 1682; x_wconf 90' lang='lat' dir='ltr'><strong>et</strong></span> <span class='ocrx_word' id='word_1_118' title='bbox 1041 1629 1128 1697; x_wconf 85' lang='lat' dir='ltr'><strong>jus</strong></span> <span class='ocrx_word' id='word_1_119' title='bbox 1184 1628 1575 1693; x_wconf 68' lang='lat' dir='ltr'><strong>hesternum“,</strong></span> <span class='ocrx_word' id='word_1_120' title='bbox 1637 1629 1781 1697; x_wconf 89' lang='lat' dir='ltr'><strong>quod</strong></span> 
     </span>
    </p>
   </div>
   <div class='ocr_carea' id='block_1_18' title="bbox 203 1714 1777 1776">
    <p class='ocr_par' dir='ltr' id='par_1_18' title="bbox 203 1714 1777 1776">
     <span class='ocr_line' id='line_1_18' title="bbox 203 1714 1777 1776; baseline 0.004 -6"><span class='ocrx_word' id='word_1_121' title='bbox 203 1714 372 1770; x_wconf 72' lang='lat' dir='ltr'><strong>Graeci</strong></span> <span class='ocrx_word' id='word_1_122' title='bbox 435 1727 634 1771; x_wconf 82' lang='lat' dir='ltr'><strong>vocant</strong></span> <span class='ocrx_word' id='word_1_123' title='bbox 691 1718 861 1772; x_wconf 75' lang='grc' dir='ltr'>ἕωλον</span> <span class='ocrx_word' id='word_1_124' title='bbox 913 1720 1087 1775; x_wconf 81' lang='lat' dir='ltr'><strong>avidis</strong></span> <span class='ocrx_word' id='word_1_125' title='bbox 1141 1720 1390 1775; x_wconf 76' lang='lat' dir='ltr'><strong>faucibus</strong></span> <span class='ocrx_word' id='word_1_126' title='bbox 1442 1723 1777 1776; x_wconf 82' lang='lat' dir='ltr'><strong>devorabam</strong></span> 
     </span>
    </p>
   </div>
   <div class='ocr_carea' id='block_1_19' title="bbox 204 1807 1784 1884">
    <p class='ocr_par' dir='ltr' id='par_1_19' title="bbox 204 1807 1784 1884">
     <span class='ocr_line' id='line_1_19' title="bbox 204 1807 1784 1884; baseline 0.004 -22"><span class='ocrx_word' id='word_1_127' title='bbox 204 1807 386 1877; x_wconf 65' lang='lat' dir='ltr'><strong>(Leuit.</strong></span> <span class='ocrx_word' id='word_1_128' title='bbox 421 1809 522 1879; x_wconf 71' lang='grc' dir='ltr'><strong>ιι).</strong></span> <span class='ocrx_word' id='word_1_129' title='bbox 561 1809 714 1866; x_wconf 88' lang='lat' dir='ltr'><strong>Unde</strong></span> <span class='ocrx_word' id='word_1_130' title='bbox 759 1821 867 1866; x_wconf 87' lang='lat' dir='ltr'><strong>tam</strong></span> <span class='ocrx_word' id='word_1_131' title='bbox 931 1814 1034 1882; x_wconf 88' lang='lat' dir='ltr'><strong>ipsi</strong></span> <span class='ocrx_word' id='word_1_132' title='bbox 1090 1831 1253 1884; x_wconf 87' lang='lat' dir='ltr'><strong>quam</strong></span> <span class='ocrx_word' id='word_1_133' title='bbox 1291 1831 1414 1868; x_wconf 88' lang='lat' dir='ltr'><strong>vasa</strong></span> <span class='ocrx_word' id='word_1_134' title='bbox 1451 1831 1639 1869; x_wconf 85' lang='lat' dir='ltr'><strong>eorum</strong></span> <span class='ocrx_word' id='word_1_135' title='bbox 1685 1816 1784 1868; x_wconf 84' lang='lat' dir='ltr'><strong>im-</strong></span> 
     </span>
    </p>
   </div>
   <div class='ocr_carea' id='block_1_20' title="bbox 205 1905 1784 1978">
    <p class='ocr_par' dir='ltr' id='par_1_20' title="bbox 205 1905 1784 1978">
     <span class='ocr_line' id='line_1_20' title="bbox 205 1905 1784 1978; baseline 0.004 -21"><span class='ocrx_word' id='word_1_136' title='bbox 205 1905 395 1960; x_wconf 87' lang='lat' dir='ltr'><strong>munda</strong></span> <span class='ocrx_word' id='word_1_137' title='bbox 431 1918 617 1972; x_wconf 89' lang='lat' dir='ltr'><strong>erant,</strong></span> <span class='ocrx_word' id='word_1_138' title='bbox 647 1919 700 1962; x_wconf 92' lang='lat' dir='ltr'><strong>et</strong></span> <span class='ocrx_word' id='word_1_139' title='bbox 732 1909 787 1962; x_wconf 89' lang='lat' dir='ltr'><strong>in</strong></span> <span class='ocrx_word' id='word_1_140' title='bbox 825 1919 1032 1963; x_wconf 87' lang='lat' dir='ltr'><strong>tantum</strong></span> <span class='ocrx_word' id='word_1_141' title='bbox 1053 1911 1401 1976; x_wconf 78' lang='lat' dir='ltr'><strong>procacitatis</strong></span> <span class='ocrx_word' id='word_1_142' title='bbox 1428 1926 1492 1964; x_wconf 90' lang='lat' dir='ltr'><strong>ac</strong></span> <span class='ocrx_word' id='word_1_143' title='bbox 1517 1908 1784 1978; x_wconf 80' lang='lat' dir='ltr'><strong>superbia:</strong></span> 
     </span>
    </p>
   </div>
   <div class='ocr_carea' id='block_1_21' title="bbox 202 1997 1782 2070">
    <p class='ocr_par' dir='ltr' id='par_1_21' title="bbox 202 1997 1782 2070">
     <span class='ocr_line' id='line_1_21' title="bbox 202 1997 1782 2070; baseline 0.003 -24"><span class='ocrx_word' id='word_1_144' title='bbox 202 1997 444 2060; x_wconf 76' lang='lat' dir='ltr'><strong>quotidie</strong></span> <span class='ocrx_word' id='word_1_145' title='bbox 494 2009 783 2067; x_wconf 80' lang='lat' dir='ltr'><strong>augmenta</strong></span> <span class='ocrx_word' id='word_1_146' title='bbox 837 2001 1143 2069; x_wconf 82' lang='lat' dir='ltr'><strong>capiebant.</strong></span> <span class='ocrx_word' id='word_1_147' title='bbox 1203 2011 1260 2055; x_wconf 93' lang='lat' dir='ltr'><strong>ut</strong></span> <span class='ocrx_word' id='word_1_148' title='bbox 1309 2002 1618 2070; x_wconf 86' lang='lat' dir='ltr'><strong>quicunque</strong></span> <span class='ocrx_word' id='word_1_149' title='bbox 1675 2015 1782 2052; x_wconf 88' lang='lat' dir='ltr'><strong>non</strong></span> 
     </span>
    </p>
   </div>
   <div class='ocr_carea' id='block_1_22' title="bbox 205 2087 1784 2157">
    <p class='ocr_par' dir='ltr' id='par_1_22' title="bbox 205 2087 1784 2157">
     <span class='ocr_line' id='line_1_22' title="bbox 205 2087 1784 2157; baseline 0.003 -19"><span class='ocrx_word' id='word_1_150' title='bbox 205 2087 361 2140; x_wconf 78' lang='lat' dir='ltr'><strong>simili</strong></span> <span class='ocrx_word' id='word_1_151' title='bbox 399 2088 700 2144; x_wconf 86' lang='lat' dir='ltr'><strong>duceretur</strong></span> <span class='ocrx_word' id='word_1_152' title='bbox 729 2104 943 2157; x_wconf 75' lang='lat' dir='ltr'><strong>errore,</strong></span> <span class='ocrx_word' id='word_1_153' title='bbox 967 2105 1090 2144; x_wconf 88' lang='lat' dir='ltr'><strong>eum</strong></span> <span class='ocrx_word' id='word_1_154' title='bbox 1121 2092 1520 2146; x_wconf 86' lang='lat' dir='ltr'><strong>arbitrarentur</strong></span> <span class='ocrx_word' id='word_1_155' title='bbox 1545 2091 1784 2144; x_wconf 83' lang='lat' dir='ltr'><strong>immun-</strong></span> 
     </span>
    </p>
   </div>
   <div class='ocr_carea' id='block_1_23' title="bbox 207 2177 1780 2254">
    <p class='ocr_par' dir='ltr' id='par_1_23' title="bbox 207 2177 1780 2254">
     <span class='ocr_line' id='line_1_23' title="bbox 207 2177 1780 2254; baseline 0.002 -24"><span class='ocrx_word' id='word_1_156' title='bbox 207 2177 352 2245; x_wconf 90' lang='lat' dir='ltr'><strong>dum,</strong></span> <span class='ocrx_word' id='word_1_157' title='bbox 385 2187 818 2249; x_wconf 89' lang='lat' dir='ltr'><strong>contactumque</strong></span> <span class='ocrx_word' id='word_1_158' title='bbox 849 2182 971 2254; x_wconf 91' lang='lat' dir='ltr'><strong>ejus</strong></span> <span class='ocrx_word' id='word_1_159' title='bbox 1006 2182 1280 2252; x_wconf 81' lang='lat' dir='ltr'><strong>fugerent,</strong></span> <span class='ocrx_word' id='word_1_160' title='bbox 1321 2182 1595 2250; x_wconf 86' lang='lat' dir='ltr'><strong>quemadn</strong></span> <span class='ocrx_word' id='word_1_161' title='bbox 1620 2186 1780 2236; x_wconf 90' lang='lat' dir='ltr'><strong>odum</strong></span> 
     </span>
    </p>
   </div>
   <div class='ocr_carea' id='block_1_24' title="bbox 207 2271 1786 2342">
    <p class='ocr_par' dir='ltr' id='par_1_24' title="bbox 207 2271 1786 2342">
     <span class='ocr_line' id='line_1_24' title="bbox 207 2271 1786 2342; baseline 0.001 -18"><span class='ocrx_word' id='word_1_162' title='bbox 207 2271 542 2328; x_wconf 85' lang='lat' dir='ltr'><strong>Samaritani</strong></span> <span class='ocrx_word' id='word_1_163' title='bbox 579 2284 636 2328; x_wconf 90' lang='lat' dir='ltr'><strong>et</strong></span> <span class='ocrx_word' id='word_1_164' title='bbox 665 2273 837 2330; x_wconf 66' lang='lat' dir='ltr'><strong>Judai</strong></span> <span class='ocrx_word' id='word_1_165' title='bbox 873 2275 1031 2329; x_wconf 86' lang='lat' dir='ltr'><strong>nobis</strong></span> <span class='ocrx_word' id='word_1_166' title='bbox 1069 2275 1299 2338; x_wconf 78' lang='lat' dir='ltr'><strong>iaciunt,</strong></span> <span class='ocrx_word' id='word_1_167' title='bbox 1334 2289 1640 2342; x_wconf 84' lang='lat' dir='ltr'><strong>omnesque</strong></span> <span class='ocrx_word' id='word_1_168' title='bbox 1675 2273 1786 2326; x_wconf 83' lang='lat' dir='ltr'><strong>hae-</strong></span> 
     </span>
    </p>
   </div>
   <div class='ocr_carea' id='block_1_25' title="bbox 207 2363 1782 2436">
    <p class='ocr_par' dir='ltr' id='par_1_25' title="bbox 207 2363 1782 2436">
     <span class='ocr_line' id='line_1_25' title="bbox 207 2363 1782 2436; baseline 0.002 -22"><span class='ocrx_word' id='word_1_169' title='bbox 207 2363 378 2428; x_wconf 77' lang='lat' dir='ltr'><strong>rotici,</strong></span> <span class='ocrx_word' id='word_1_170' title='bbox 429 2363 628 2433; x_wconf 82' lang='lat' dir='ltr'><strong>quales</strong></span> <span class='ocrx_word' id='word_1_171' title='bbox 657 2380 831 2434; x_wconf 90' lang='lat' dir='ltr'><strong>nuper</strong></span> <span class='ocrx_word' id='word_1_172' title='bbox 885 2366 987 2421; x_wconf 79' lang='lat' dir='ltr'><strong>sub</strong></span> <span class='ocrx_word' id='word_1_173' title='bbox 1040 2368 1304 2436; x_wconf 82' lang='lat' dir='ltr'><strong>magistro</strong></span> <span class='ocrx_word' id='word_1_174' title='bbox 1337 2367 1358 2397; x_wconf 83' lang='grc'>⁸</span> <span class='ocrx_word' id='word_1_175' title='bbox 1407 2367 1699 2421; x_wconf 84' lang='lat' dir='ltr'><strong>cerebroso</strong></span> <span class='ocrx_word' id='word_1_176' title='bbox 1731 2366 1782 2417; x_wconf 89' lang='lat' dir='ltr'><strong>in</strong></span> 
     </span>
    </p>
   </div>
   <div class='ocr_carea' id='block_1_26' title="bbox 205 2455 1784 2530">
    <p class='ocr_par' dir='ltr' id='par_1_26' title="bbox 205 2455 1784 2530">
     <span class='ocr_line' id='line_1_26' title="bbox 205 2455 1784 2530; baseline 0.003 -24"><span class='ocrx_word' id='word_1_177' title='bbox 205 2455 369 2508; x_wconf 84' lang='lat' dir='ltr'><strong>Gallia</strong></span> <span class='ocrx_word' id='word_1_178' title='bbox 407 2455 772 2525; x_wconf 74' lang='lat' dir='ltr'><strong>pullularunt,</strong></span> <span class='ocrx_word' id='word_1_179' title='bbox 833 2457 924 2526; x_wconf 90' lang='lat' dir='ltr'><strong>qui</strong></span> <span class='ocrx_word' id='word_1_180' title='bbox 977 2458 1233 2513; x_wconf 88' lang='lat' dir='ltr'><strong>basilicas</strong></span> <span class='ocrx_word' id='word_1_181' title='bbox 1283 2469 1580 2530; x_wconf 82' lang='lat' dir='ltr'><strong>martyrum</strong></span> <span class='ocrx_word' id='word_1_182' title='bbox 1613 2458 1784 2513; x_wconf 88' lang='lat' dir='ltr'><strong>decli-</strong></span> 
     </span>
    </p>
   </div>
   <div class='ocr_carea' id='block_1_27' title="bbox 207 2550 1782 2618">
    <p class='ocr_par' dir='ltr' id='par_1_27' title="bbox 207 2550 1782 2618">
     <span class='ocr_line' id='line_1_27' title="bbox 207 2550 1782 2618; baseline 0.003 -18"><span class='ocrx_word' id='word_1_183' title='bbox 207 2559 413 2613; x_wconf 79' lang='lat' dir='ltr'><strong>nantes,</strong></span> <span class='ocrx_word' id='word_1_184' title='bbox 451 2564 551 2602; x_wconf 88' lang='lat' dir='ltr'><strong>nos</strong></span> <span class='ocrx_word' id='word_1_185' title='bbox 580 2551 670 2618; x_wconf 91' lang='lat' dir='ltr'><strong>qui</strong></span> <span class='ocrx_word' id='word_1_186' title='bbox 701 2550 774 2604; x_wconf 91' lang='lat' dir='ltr'><strong>ibi</strong></span> <span class='ocrx_word' id='word_1_187' title='bbox 811 2551 1093 2606; x_wconf 83' lang='lat' dir='ltr'><strong>orationes</strong></span> <span class='ocrx_word' id='word_1_188' title='bbox 1126 2567 1192 2606; x_wconf 84' lang='lat' dir='ltr'><strong>ex</strong></span> <span class='ocrx_word' id='word_1_189' title='bbox 1238 2567 1389 2607; x_wconf 88' lang='lat' dir='ltr'><strong>more</strong></span> <span class='ocrx_word' id='word_1_190' title='bbox 1419 2552 1782 2615; x_wconf 84' lang='lat' dir='ltr'><strong>celebramus,</strong></span> 
     </span>
    </p>
   </div>
   <div class='ocr_carea' id='block_1_28' title="bbox 207 2640 1786 2710">
    <p class='ocr_par' dir='ltr' id='par_1_28' title="bbox 207 2640 1786 2710">
     <span class='ocr_line' id='line_1_28' title="bbox 207 2640 1786 2710; baseline 0.003 -20"><span class='ocrx_word' id='word_1_191' title='bbox 207 2644 350 2706; x_wconf 67' lang='lat' dir='ltr'><strong>quasi</strong></span> <span class='ocrx_word' id='word_1_192' title='bbox 391 2642 710 2694; x_wconf 84' lang='lat' dir='ltr'><strong>imumndos</strong></span> <span class='ocrx_word' id='word_1_193' title='bbox 749 2640 986 2710; x_wconf 78' lang='lat' dir='ltr'><strong>fugiunt.</strong></span> <span class='ocrx_word' id='word_1_194' title='bbox 1031 2641 1144 2696; x_wconf 90' lang='lat' dir='ltr'><strong>lloc</strong></span> <span class='ocrx_word' id='word_1_195' title='bbox 1190 2653 1369 2696; x_wconf 88' lang='lat' dir='ltr'><strong>autem</strong></span> <span class='ocrx_word' id='word_1_196' title='bbox 1405 2657 1512 2696; x_wconf 90' lang='lat' dir='ltr'><strong>non</strong></span> <span class='ocrx_word' id='word_1_197' title='bbox 1556 2655 1662 2698; x_wconf 87' lang='lat' dir='ltr'><strong>tam</strong></span> <span class='ocrx_word' id='word_1_198' title='bbox 1713 2640 1786 2694; x_wconf 87' lang='lat' dir='ltr'><strong>illi</strong></span> 
     </span>
    </p>
   </div>
   <div class='ocr_carea' id='block_1_29' title="bbox 211 2732 1789 2799">
    <p class='ocr_par' dir='ltr' id='par_1_29' title="bbox 211 2732 1789 2799">
     <span class='ocr_line' id='line_1_29' title="bbox 211 2732 1789 2799; baseline 0.006 -20"><span class='ocrx_word' id='word_1_199' title='bbox 211 2732 436 2796; x_wconf 76' lang='lat' dir='ltr'><strong>iaciunt,</strong></span> <span class='ocrx_word' id='word_1_200' title='bbox 476 2747 640 2799; x_wconf 78' lang='lat' dir='ltr'><strong>quam</strong></span> <span class='ocrx_word' id='word_1_201' title='bbox 677 2733 984 2788; x_wconf 74' lang='lat' dir='ltr'><strong>habitantes</strong></span> <span class='ocrx_word' id='word_1_202' title='bbox 1017 2733 1069 2787; x_wconf 90' lang='lat' dir='ltr'><strong>in</strong></span> <span class='ocrx_word' id='word_1_203' title='bbox 1113 2734 1197 2788; x_wconf 87' lang='lat' dir='ltr'><strong>eis</strong></span> <span class='ocrx_word' id='word_1_204' title='bbox 1242 2735 1539 2798; x_wconf 71' lang='lat' dir='ltr'><strong>daemones,</strong></span> <span class='ocrx_word' id='word_1_205' title='bbox 1572 2735 1789 2789; x_wconf 81' lang='lat' dir='ltr'><strong>fortitu-</strong></span> 
     </span>
    </p>
   </div>
   <div class='ocr_carea' id='block_1_30' title="bbox 209 2823 1789 2893">
    <p class='ocr_par' dir='ltr' id='par_1_30' title="bbox 209 2823 1789 2893">
     <span class='ocr_line' id='line_1_30' title="bbox 209 2823 1789 2893; baseline 0.004 -15"><span class='ocrx_word' id='word_1_206' title='bbox 209 2825 384 2878; x_wconf 83' lang='lat' dir='ltr'><strong>dinem</strong></span> <span class='ocrx_word' id='word_1_207' title='bbox 422 2835 483 2877; x_wconf 89' lang='lat' dir='ltr'><strong>et</strong></span> <span class='ocrx_word' id='word_1_208' title='bbox 518 2823 732 2892; x_wconf 76' lang='lat' dir='ltr'><strong>ﬂagella</strong></span> <span class='ocrx_word' id='word_1_209' title='bbox 761 2826 937 2880; x_wconf 90' lang='lat' dir='ltr'><strong>sancti</strong></span> <span class='ocrx_word' id='word_1_210' title='bbox 986 2825 1190 2882; x_wconf 88' lang='lat' dir='ltr'><strong>cineris</strong></span> <span class='ocrx_word' id='word_1_211' title='bbox 1230 2842 1336 2881; x_wconf 89' lang='lat' dir='ltr'><strong>non</strong></span> <span class='ocrx_word' id='word_1_212' title='bbox 1366 2826 1621 2885; x_wconf 79' lang='lat' dir='ltr'><strong>ferentes.</strong></span> <span class='ocrx_word' id='word_1_213' title='bbox 1657 2829 1789 2893; x_wconf 82' lang='lat' dir='ltr'><strong>Quis</strong></span> 
     </span>
    </p>
   </div>
   <div class='ocr_carea' id='block_1_31' title="bbox 209 2914 1787 2985">
    <p class='ocr_par' dir='ltr' id='par_1_31' title="bbox 209 2914 1787 2985">
     <span class='ocr_line' id='line_1_31' title="bbox 209 2914 1787 2985; baseline 0.008 -21"><span class='ocrx_word' id='word_1_214' title='bbox 209 2924 382 2967; x_wconf 80' lang='lat' dir='ltr'><strong>autem</strong></span> <span class='ocrx_word' id='word_1_215' title='bbox 451 2914 834 2969; x_wconf 65' lang='lat' dir='ltr'><strong>haereticorum</strong></span> <span class='ocrx_word' id='word_1_216' title='bbox 879 2930 986 2970; x_wconf 91' lang='lat' dir='ltr'><strong>non</strong></span> <span class='ocrx_word' id='word_1_217' title='bbox 1050 2917 1345 2985; x_wconf 84' lang='lat' dir='ltr'><strong>requiescit</strong></span> <span class='ocrx_word' id='word_1_218' title='bbox 1395 2920 1448 2972; x_wconf 91' lang='lat' dir='ltr'><strong>in</strong></span> <span class='ocrx_word' id='word_1_219' title='bbox 1487 2920 1787 2983; x_wconf 80' lang='lat' dir='ltr'><strong>memoriis,</strong></span> 
     </span>
    </p>
   </div>
   <div class='ocr_carea' id='block_1_32' title="bbox 211 3006 1790 3079">
    <p class='ocr_par' dir='ltr' id='par_1_32' title="bbox 211 3006 1790 3079">
     <span class='ocr_line' id='line_1_32' title="bbox 211 3006 1790 3079; baseline 0.004 -20"><span class='ocrx_word' id='word_1_220' title='bbox 211 3023 309 3059; x_wconf 86' lang='lat' dir='ltr'><strong>non</strong></span> <span class='ocrx_word' id='word_1_221' title='bbox 341 3006 553 3060; x_wconf 89' lang='lat' dir='ltr'><strong>dormit</strong></span> <span class='ocrx_word' id='word_1_222' title='bbox 581 3006 634 3058; x_wconf 90' lang='lat' dir='ltr'><strong>in</strong></span> <span class='ocrx_word' id='word_1_223' title='bbox 673 3008 948 3076; x_wconf 81' lang='lat' dir='ltr'><strong>specubus</strong></span> <span class='ocrx_word' id='word_1_224' title='bbox 998 3010 1426 3079; x_wconf 69' lang='lat' dir='ltr'><strong>magistrorum?</strong></span> <span class='ocrx_word' id='word_1_225' title='bbox 1478 3010 1662 3077; x_wconf 87' lang='lat' dir='ltr'><strong>Qualis</strong></span> <span class='ocrx_word' id='word_1_226' title='bbox 1690 3012 1790 3067; x_wconf 81' lang='lat' dir='ltr'><strong>fuit</strong></span> 
     </span>
    </p>
   </div>
   <div class='ocr_carea' id='block_1_33' title="bbox 1877 524 3461 594">
    <p class='ocr_par' dir='ltr' id='par_1_33' title="bbox 1877 524 3461 594">
     <span class='ocr_line' id='line_1_33' title="bbox 1877 524 3461 594; baseline -0.001 -16"><span class='ocrx_word' id='word_1_227' title='bbox 1877 525 2183 580; x_wconf 84' lang='lat' dir='ltr'><strong>interlicitis</strong></span> <span class='ocrx_word' id='word_1_228' title='bbox 2224 526 2596 594; x_wconf 82' lang='lat' dir='ltr'><strong>deceptorum,</strong></span> <span class='ocrx_word' id='word_1_229' title='bbox 2641 535 2699 578; x_wconf 92' lang='lat' dir='ltr'><strong>ut</strong></span> <span class='ocrx_word' id='word_1_230' title='bbox 2749 542 2854 579; x_wconf 85' lang='lat' dir='ltr'><strong>non</strong></span> <span class='ocrx_word' id='word_1_231' title='bbox 2912 525 3137 579; x_wconf 68' lang='lat' dir='ltr'><strong>videatis</strong></span> <span class='ocrx_word' id='word_1_232' title='bbox 3187 524 3238 576; x_wconf 90' lang='lat' dir='ltr'><strong>in</strong></span> <span class='ocrx_word' id='word_1_233' title='bbox 3269 525 3347 577; x_wconf 87' lang='lat' dir='ltr'><strong>eis</strong></span> <span class='ocrx_word' id='word_1_234' title='bbox 3385 526 3461 577; x_wconf 73' lang='lat' dir='ltr'><strong>vi-</strong></span> 
     </span>
    </p>
   </div>
   <div class='ocr_carea' id='block_1_34' title="bbox 1877 615 3460 686">
    <p class='ocr_par' dir='ltr' id='par_1_34' title="bbox 1877 615 3460 686">
     <span class='ocr_line' id='line_1_34' title="bbox 1877 615 3460 686; baseline 0 -17"><span class='ocrx_word' id='word_1_235' title='bbox 1877 616 2079 678; x_wconf 86' lang='lat' dir='ltr'><strong>siones,</strong></span> <span class='ocrx_word' id='word_1_236' title='bbox 2106 617 2172 670; x_wconf 90' lang='lat' dir='ltr'><strong>de</strong></span> <span class='ocrx_word' id='word_1_237' title='bbox 2205 616 2406 685; x_wconf 89' lang='lat' dir='ltr'><strong>quibus</strong></span> <span class='ocrx_word' id='word_1_238' title='bbox 2445 616 2587 671; x_wconf 87' lang='lat' dir='ltr'><strong>idem</strong></span> <span class='ocrx_word' id='word_1_239' title='bbox 2623 616 2877 671; x_wconf 81' lang='lat' dir='ltr'><strong>Salvator</strong></span> <span class='ocrx_word' id='word_1_240' title='bbox 2916 617 2991 670; x_wconf 86' lang='lat' dir='ltr'><strong>ait</strong></span> <span class='ocrx_word' id='word_1_241' title='bbox 3025 615 3208 686; x_wconf 83' lang='lat' dir='ltr'><strong>:Ergo</strong></span> <span class='ocrx_word' id='word_1_242' title='bbox 3241 617 3460 669; x_wconf 74' lang='lat' dir='ltr'><strong>visiones</strong></span> 
     </span>
    </p>
   </div>
   <div class='ocr_carea' id='block_1_35' title="bbox 1878 709 3458 781">
    <p class='ocr_par' dir='ltr' id='par_1_35' title="bbox 1878 709 3458 781">
     <span class='ocr_line' id='line_1_35' title="bbox 1878 709 3458 781; baseline 0 -17"><span class='ocrx_word' id='word_1_243' title='bbox 1878 713 2248 779; x_wconf 79' lang='lat' dir='ltr'><strong>multiplicari,</strong></span> <span class='ocrx_word' id='word_1_244' title='bbox 2284 721 2333 766; x_wconf 87' lang='lat' dir='ltr'><strong>et</strong></span> <span class='ocrx_word' id='word_1_245' title='bbox 2372 714 2426 765; x_wconf 88' lang='lat' dir='ltr'><strong>in</strong></span> <span class='ocrx_word' id='word_1_246' title='bbox 2459 711 2702 767; x_wconf 83' lang='lat' dir='ltr'><strong>manibus</strong></span> <span class='ocrx_word' id='word_1_247' title='bbox 2734 713 3107 781; x_wconf 81' lang='lat' dir='ltr'><strong>prophetarum</strong></span> <span class='ocrx_word' id='word_1_248' title='bbox 3135 709 3458 764; x_wconf 84' lang='lat' dir='ltr'><strong>assimilatas</strong></span> 
     </span>
    </p>
   </div>
   <div class='ocr_carea' id='block_1_36' title="bbox 1878 804 3458 876">
    <p class='ocr_par' dir='ltr' id='par_1_36' title="bbox 1878 804 3458 876">
     <span class='ocr_line' id='line_1_36' title="bbox 1878 804 3458 876; baseline -0.002 -17"><span class='ocrx_word' id='word_1_249' title='bbox 1878 823 1992 859; x_wconf 83' lang='lat' dir='ltr'><strong>sum</strong></span> <span class='ocrx_word' id='word_1_250' title='bbox 2022 805 2178 876; x_wconf 83' lang='lat' dir='ltr'><strong>(Osee</strong></span> <span class='ocrx_word' id='word_1_251' title='bbox 2212 822 2309 872; x_wconf 68' lang='lat' dir='ltr'><strong>XII,</strong></span> <span class='ocrx_word' id='word_1_252' title='bbox 2352 806 2463 871; x_wconf 82' lang='grc'><strong>10).</strong></span> <span class='ocrx_word' id='word_1_253' title='bbox 2490 806 2556 859; x_wconf 84' lang='grc' dir='ltr'><strong>Ει</strong></span> <span class='ocrx_word' id='word_1_254' title='bbox 2590 805 2730 860; x_wconf 88' lang='lat' dir='ltr'><strong>alius</strong></span> <span class='ocrx_word' id='word_1_255' title='bbox 2781 805 2848 860; x_wconf 90' lang='lat' dir='ltr'><strong>ad</strong></span> <span class='ocrx_word' id='word_1_256' title='bbox 2898 820 3019 858; x_wconf 88' lang='lat' dir='ltr'><strong>eum</strong></span> <span class='ocrx_word' id='word_1_257' title='bbox 3058 804 3347 860; x_wconf 59' lang='lat' dir='ltr'><strong>{Locutus</strong></span> <span class='ocrx_word' id='word_1_258' title='bbox 3382 819 3458 864; x_wconf 84' lang='lat' dir='ltr'><strong>es,</strong></span> 
     </span>
    </p>
   </div>
   <div class='ocr_carea' id='block_1_37' title="bbox 1881 896 3458 968">
    <p class='ocr_par' dir='ltr' id='par_1_37' title="bbox 1881 896 3458 968">
     <span class='ocr_line' id='line_1_37' title="bbox 1881 896 3458 968; baseline -0.003 -15"><span class='ocrx_word' id='word_1_259' title='bbox 1881 901 2076 968; x_wconf 79' lang='lat' dir='ltr'><strong>inquit,</strong></span> <span class='ocrx_word' id='word_1_260' title='bbox 2134 899 2189 953; x_wconf 84' lang='lat' dir='ltr'><strong>in</strong></span> <span class='ocrx_word' id='word_1_261' title='bbox 2248 901 2448 953; x_wconf 78' lang='lat' dir='ltr'><strong>uisione</strong></span> <span class='ocrx_word' id='word_1_262' title='bbox 2507 899 2633 967; x_wconf 82' lang='lat' dir='ltr'><strong>ﬁliis</strong></span> <span class='ocrx_word' id='word_1_263' title='bbox 2691 899 2794 952; x_wconf 84' lang='lat' dir='ltr'><strong>tuis</strong></span> <span class='ocrx_word' id='word_1_264' title='bbox 2832 897 3306 968; x_wconf 78' lang='lat' dir='ltr'><strong>(Psal.t.xxxvut,</strong></span> <span class='ocrx_word' id='word_1_265' title='bbox 3341 896 3458 964; x_wconf 70' lang='lat'><strong>20),</strong></span> 
     </span>
    </p>
   </div>
   <div class='ocr_carea' id='block_1_38' title="bbox 1881 987 3460 1062">
    <p class='ocr_par' dir='ltr' id='par_1_38' title="bbox 1881 987 3460 1062">
     <span class='ocr_line' id='line_1_38' title="bbox 1881 987 3460 1062; baseline -0.002 -18"><span class='ocrx_word' id='word_1_266' title='bbox 1881 994 1976 1046; x_wconf 89' lang='lat' dir='ltr'><strong>sed</strong></span> <span class='ocrx_word' id='word_1_267' title='bbox 2049 991 2276 1045; x_wconf 87' lang='lat' dir='ltr'><strong>somniis</strong></span> <span class='ocrx_word' id='word_1_268' title='bbox 2343 991 2508 1062; x_wconf 77' lang='lat'><strong>776</strong></span> <span class='ocrx_word' id='word_1_269' title='bbox 2568 990 2792 1046; x_wconf 88' lang='lat' dir='ltr'><strong>creditis</strong></span> <span class='ocrx_word' id='word_1_270' title='bbox 2855 999 2909 1045; x_wconf 84' lang='lat' dir='ltr'><strong>et</strong></span> <span class='ocrx_word' id='word_1_271' title='bbox 2962 987 3460 1059; x_wconf 84' lang='lat' dir='ltr'><strong>pbautasmatibus,</strong></span> 
     </span>
    </p>
   </div>
   <div class='ocr_carea' id='block_1_39' title="bbox 1879 1081 3456 1155">
    <p class='ocr_par' dir='ltr' id='par_1_39' title="bbox 1879 1081 3456 1155">
     <span class='ocr_line' id='line_1_39' title="bbox 1879 1081 3456 1155; baseline -0.001 -22"><span class='ocrx_word' id='word_1_272' title='bbox 1879 1085 2076 1154; x_wconf 82' lang='lat' dir='ltr'><strong>quibus</strong></span> <span class='ocrx_word' id='word_1_273' title='bbox 2107 1083 2368 1155; x_wconf 65' lang='lat' dir='ltr'><strong>praecepit</strong></span> <span class='ocrx_word' id='word_1_274' title='bbox 2393 1083 2651 1138; x_wconf 88' lang='lat' dir='ltr'><strong>Dominus</strong></span> <span class='ocrx_word' id='word_1_275' title='bbox 2681 1097 2788 1138; x_wconf 92' lang='lat' dir='ltr'><strong>non</strong></span> <span class='ocrx_word' id='word_1_276' title='bbox 2821 1097 2943 1138; x_wconf 89' lang='lat' dir='ltr'><strong>esse</strong></span> <span class='ocrx_word' id='word_1_277' title='bbox 2965 1083 3321 1136; x_wconf 86' lang='lat' dir='ltr'><strong>credendum.</strong></span> <span class='ocrx_word' id='word_1_278' title='bbox 3361 1081 3456 1133; x_wconf 78' lang='lat' dir='ltr'><strong>Isti</strong></span> 
     </span>
    </p>
   </div>
   <div class='ocr_carea' id='block_1_40' title="bbox 1881 1174 3458 1249">
    <p class='ocr_par' dir='ltr' id='par_1_40' title="bbox 1881 1174 3458 1249">
     <span class='ocr_line' id='line_1_40' title="bbox 1881 1174 3458 1249; baseline -0.006 -15"><span class='ocrx_word' id='word_1_279' title='bbox 1881 1195 2171 1249; x_wconf 89' lang='lat' dir='ltr'><strong>porcorum</strong></span> <span class='ocrx_word' id='word_1_280' title='bbox 2230 1193 2396 1232; x_wconf 88' lang='lat' dir='ltr'><strong>carne</strong></span> <span class='ocrx_word' id='word_1_281' title='bbox 2450 1186 2771 1240; x_wconf 78' lang='lat' dir='ltr'><strong>vescuntur,</strong></span> <span class='ocrx_word' id='word_1_282' title='bbox 2837 1178 2902 1229; x_wconf 90' lang='lat' dir='ltr'><strong>de</strong></span> <span class='ocrx_word' id='word_1_283' title='bbox 2960 1176 3155 1243; x_wconf 86' lang='lat' dir='ltr'><strong>quibus</strong></span> <span class='ocrx_word' id='word_1_284' title='bbox 3215 1174 3458 1227; x_wconf 86' lang='lat' dir='ltr'><strong>dicitur:</strong></span> 
     </span>
    </p>
   </div>
   <div class='ocr_carea' id='block_1_41' title="bbox 1885 1262 3458 1337">
    <p class='ocr_par' dir='ltr' id='par_1_41' title="bbox 1885 1262 3458 1337">
     <span class='ocr_line' id='line_1_41' title="bbox 1885 1262 3458 1337; baseline -0.004 -14"><span class='ocrx_word' id='word_1_285' title='bbox 1885 1270 1967 1324; x_wconf 81' lang='lat' dir='ltr'><strong>Nc</strong></span> <span class='ocrx_word' id='word_1_286' title='bbox 2003 1270 2253 1323; x_wconf 80' lang='lat' dir='ltr'><strong>miseritis</strong></span> <span class='ocrx_word' id='word_1_287' title='bbox 2285 1269 2611 1337; x_wconf 75' lang='lat' dir='ltr'><strong>margaritas</strong></span> <span class='ocrx_word' id='word_1_288' title='bbox 2657 1276 2858 1323; x_wconf 84' lang='lat' dir='ltr'><strong>vestras</strong></span> <span class='ocrx_word' id='word_1_289' title='bbox 2888 1275 3010 1318; x_wconf 88' lang='lat' dir='ltr'><strong>ante</strong></span> <span class='ocrx_word' id='word_1_290' title='bbox 3033 1280 3218 1332; x_wconf 73' lang='lat' dir='ltr'><strong>porcos</strong></span> <span class='ocrx_word' id='word_1_291' title='bbox 3244 1262 3458 1325; x_wconf 84' lang='lat' dir='ltr'><strong>(Matth.</strong></span> 
     </span>
    </p>
   </div>
   <div class='ocr_carea' id='block_1_42' title="bbox 1882 1354 3463 1430">
    <p class='ocr_par' dir='ltr' id='par_1_42' title="bbox 1882 1354 3463 1430">
     <span class='ocr_line' id='line_1_42' title="bbox 1882 1354 3463 1430; baseline -0.006 -16"><span class='ocrx_word' id='word_1_292' title='bbox 1882 1377 1982 1423; x_wconf 86' lang='lat' dir='ltr'><strong>vn,</strong></span> <span class='ocrx_word' id='word_1_293' title='bbox 2013 1359 2129 1430; x_wconf 71' lang='lat'><strong>27).</strong></span> <span class='ocrx_word' id='word_1_294' title='bbox 2167 1361 2231 1413; x_wconf 84' lang='lat' dir='ltr'><strong>Et</strong></span> <span class='ocrx_word' id='word_1_295' title='bbox 2261 1359 2353 1427; x_wconf 88' lang='lat' dir='ltr'><strong>jus</strong></span> <span class='ocrx_word' id='word_1_296' title='bbox 2377 1358 2666 1428; x_wconf 81' lang='lat' dir='ltr'><strong>profanum</strong></span> <span class='ocrx_word' id='word_1_297' title='bbox 2701 1357 3014 1417; x_wconf 89' lang='lat' dir='ltr'><strong>comedunt,</strong></span> <span class='ocrx_word' id='word_1_298' title='bbox 3049 1357 3190 1423; x_wconf 89' lang='lat' dir='ltr'><strong>quod</strong></span> <span class='ocrx_word' id='word_1_299' title='bbox 3225 1355 3276 1407; x_wconf 90' lang='lat' dir='ltr'><strong>in</strong></span> <span class='ocrx_word' id='word_1_300' title='bbox 3309 1354 3463 1407; x_wconf 86' lang='lat' dir='ltr'><strong>libris</strong></span> 
     </span>
    </p>
   </div>
   <div class='ocr_carea' id='block_1_43' title="bbox 1883 1445 3462 1513">
    <p class='ocr_par' dir='ltr' id='par_1_43' title="bbox 1883 1445 3462 1513">
     <span class='ocr_line' id='line_1_43' title="bbox 1883 1445 3462 1513; baseline -0.005 -7"><span class='ocrx_word' id='word_1_301' title='bbox 1883 1467 2074 1507; x_wconf 88' lang='lat' dir='ltr'><strong>eorum</strong></span> <span class='ocrx_word' id='word_1_302' title='bbox 2107 1451 2361 1506; x_wconf 65' lang='lat' dir='ltr'><strong>haeretica</strong></span> <span class='ocrx_word' id='word_1_303' title='bbox 2415 1460 2537 1504; x_wconf 92' lang='lat' dir='ltr'><strong>arte</strong></span> <span class='ocrx_word' id='word_1_304' title='bbox 2585 1448 2865 1505; x_wconf 90' lang='lat' dir='ltr'><strong>conditum</strong></span> <span class='ocrx_word' id='word_1_305' title='bbox 2923 1457 3027 1502; x_wconf 81' lang='lat' dir='ltr'><strong>est.</strong></span> <span class='ocrx_word' id='word_1_306' title='bbox 3061 1445 3302 1513; x_wconf 89' lang='lat' dir='ltr'><strong>Quorum</strong></span> <span class='ocrx_word' id='word_1_307' title='bbox 3336 1462 3462 1499; x_wconf 72' lang='lat' dir='ltr'><strong>vasa</strong></span> 
     </span>
    </p>
   </div>
   <div class='ocr_carea' id='block_1_44' title="bbox 1884 1540 3462 1609">
    <p class='ocr_par' dir='ltr' id='par_1_44' title="bbox 1884 1540 3462 1609">
     <span class='ocr_line' id='line_1_44' title="bbox 1884 1540 3462 1609; baseline -0.005 -12"><span class='ocrx_word' id='word_1_308' title='bbox 1884 1543 2156 1598; x_wconf 87' lang='lat' dir='ltr'><strong>immunda</strong></span> <span class='ocrx_word' id='word_1_309' title='bbox 2198 1553 2326 1598; x_wconf 91' lang='lat' dir='ltr'><strong>sunt</strong></span> <span class='ocrx_word' id='word_1_310' title='bbox 2359 1542 2563 1609; x_wconf 86' lang='lat' dir='ltr'><strong>omnia,</strong></span> <span class='ocrx_word' id='word_1_311' title='bbox 2606 1551 2715 1596; x_wconf 88' lang='lat' dir='ltr'><strong>tam</strong></span> <span class='ocrx_word' id='word_1_312' title='bbox 2759 1540 2968 1594; x_wconf 88' lang='lat' dir='ltr'><strong>scilicet</strong></span> <span class='ocrx_word' id='word_1_313' title='bbox 3011 1553 3264 1609; x_wconf 88' lang='lat' dir='ltr'><strong>corpora,</strong></span> <span class='ocrx_word' id='word_1_314' title='bbox 3301 1552 3462 1606; x_wconf 88' lang='lat' dir='ltr'><strong>quam</strong></span> 
     </span>
    </p>
   </div>
   <div class='ocr_carea' id='block_1_45' title="bbox 1882 1629 3467 1701">
    <p class='ocr_par' dir='ltr' id='par_1_45' title="bbox 1882 1629 3467 1701">
     <span class='ocr_line' id='line_1_45' title="bbox 1882 1629 3467 1701; baseline -0.006 -9"><span class='ocrx_word' id='word_1_315' title='bbox 1882 1637 2167 1701; x_wconf 67' lang='lat' dir='ltr'><strong>doctrinae,</strong></span> <span class='ocrx_word' id='word_1_316' title='bbox 2229 1646 2284 1690; x_wconf 87' lang='lat' dir='ltr'><strong>et</strong></span> <span class='ocrx_word' id='word_1_317' title='bbox 2345 1637 2397 1689; x_wconf 92' lang='lat' dir='ltr'><strong>iu</strong></span> <span class='ocrx_word' id='word_1_318' title='bbox 2460 1645 2665 1688; x_wconf 85' lang='lat' dir='ltr'><strong>tantam</strong></span> <span class='ocrx_word' id='word_1_319' title='bbox 2731 1631 3061 1686; x_wconf 89' lang='lat' dir='ltr'><strong>dementiam</strong></span> <span class='ocrx_word' id='word_1_320' title='bbox 3124 1629 3367 1690; x_wconf 87' lang='lat' dir='ltr'><strong>veniunt,</strong></span> <span class='ocrx_word' id='word_1_321' title='bbox 3408 1639 3467 1682; x_wconf 89' lang='lat' dir='ltr'><strong>ut</strong></span> 
     </span>
    </p>
   </div>
   <div class='ocr_carea' id='block_1_46' title="bbox 1817 1720 3463 1832">
    <p class='ocr_par' dir='ltr' id='par_1_46' title="bbox 1817 1720 3463 1832">
     <span class='ocr_line' id='line_1_46' title="bbox 1817 1720 3463 1832; baseline -0.004 -52"><span class='ocrx_word' id='word_1_322' title='bbox 1817 1729 2199 1832; x_wconf 79' lang='lat' dir='ltr'><strong>Bquicunque</strong></span> <span class='ocrx_word' id='word_1_323' title='bbox 2254 1743 2442 1782; x_wconf 92' lang='lat' dir='ltr'><strong>eorum</strong></span> <span class='ocrx_word' id='word_1_324' title='bbox 2502 1740 2609 1780; x_wconf 89' lang='lat' dir='ltr'><strong>non</strong></span> <span class='ocrx_word' id='word_1_325' title='bbox 2667 1725 2832 1781; x_wconf 80' lang='lat' dir='ltr'><strong>fuerit</strong></span> <span class='ocrx_word' id='word_1_326' title='bbox 2883 1724 3099 1788; x_wconf 87' lang='lat' dir='ltr'><strong>similis,</strong></span> <span class='ocrx_word' id='word_1_327' title='bbox 3136 1737 3258 1777; x_wconf 86' lang='lat' dir='ltr'><strong>eum</strong></span> <span class='ocrx_word' id='word_1_328' title='bbox 3305 1720 3463 1791; x_wconf 89' lang='lat' dir='ltr'><strong>quasi</strong></span> 
     </span>
    </p>
   </div>
   <div class='ocr_carea' id='block_1_47' title="bbox 1889 1823 2548 1893">
    <p class='ocr_par' dir='ltr' id='par_1_47' title="bbox 1889 1823 2548 1893">
     <span class='ocr_line' id='line_1_47' title="bbox 1889 1823 2548 1893; baseline -0.003 -17"><span class='ocrx_word' id='word_1_329' title='bbox 1889 1823 2156 1893; x_wconf 89' lang='lat' dir='ltr'><strong>perditum</strong></span> <span class='ocrx_word' id='word_1_330' title='bbox 2190 1823 2548 1876; x_wconf 86' lang='lat' dir='ltr'><strong>detestentur.</strong></span> 
     </span>
    </p>
   </div>
   <div class='ocr_carea' id='block_1_48' title="bbox 1959 1911 3465 1984">
    <p class='ocr_par' dir='ltr' id='par_1_48' title="bbox 1959 1911 3465 1984">
     <span class='ocr_line' id='line_1_48' title="bbox 1959 1911 3465 1984; baseline -0.004 -19"><span class='ocrx_word' id='word_1_331' title='bbox 1959 1912 2140 1984; x_wconf 84' lang='lat' dir='ltr'><strong>(Vers.</strong></span> <span class='ocrx_word' id='word_1_332' title='bbox 2174 1915 2227 1978; x_wconf 88' lang='lat'><strong>6,</strong></span> <span class='ocrx_word' id='word_1_333' title='bbox 2255 1912 2334 1982; x_wconf 86' lang='lat'><strong>&#39;7.)</strong></span> <span class='ocrx_word' id='word_1_334' title='bbox 2374 1931 2391 1964; x_wconf 78' lang='lat' dir='ltr'><strong>t</strong></span> <span class='ocrx_word' id='word_1_335' title='bbox 2432 1911 2522 1968; x_wconf 90' lang='lat' dir='ltr'><strong>Isti</strong></span> <span class='ocrx_word' id='word_1_336' title='bbox 2571 1912 2750 1967; x_wconf 80' lang='lat' dir='ltr'><strong>fumus</strong></span> <span class='ocrx_word' id='word_1_337' title='bbox 2773 1920 2933 1967; x_wconf 88' lang='lat' dir='ltr'><strong>erunt</strong></span> <span class='ocrx_word' id='word_1_338' title='bbox 2989 1913 3044 1965; x_wconf 87' lang='lat' dir='ltr'><strong>in</strong></span> <span class='ocrx_word' id='word_1_339' title='bbox 3104 1911 3286 1964; x_wconf 80' lang='lat' dir='ltr'><strong>iitrore</strong></span> <span class='ocrx_word' id='word_1_340' title='bbox 3322 1922 3465 1968; x_wconf 82' lang='lat' dir='ltr'><strong>meo,</strong></span> 
     </span>
    </p>
   </div>
   <div class='ocr_carea' id='block_1_49' title="bbox 1887 2006 3462 2074">
    <p class='ocr_par' dir='ltr' id='par_1_49' title="bbox 1887 2006 3462 2074">
     <span class='ocr_line' id='line_1_49' title="bbox 1887 2006 3462 2074; baseline -0.005 -13"><span class='ocrx_word' id='word_1_341' title='bbox 1887 2007 2028 2074; x_wconf 72' lang='lat' dir='ltr'><strong>ignis</strong></span> <span class='ocrx_word' id='word_1_342' title='bbox 2051 2008 2248 2059; x_wconf 79' lang='lat' dir='ltr'><strong>ardens</strong></span> <span class='ocrx_word' id='word_1_343' title='bbox 2271 2016 2380 2059; x_wconf 87' lang='lat' dir='ltr'><strong>tota</strong></span> <span class='ocrx_word' id='word_1_344' title='bbox 2405 2006 2512 2060; x_wconf 90' lang='lat' dir='ltr'><strong>die.</strong></span> <span class='ocrx_word' id='word_1_345' title='bbox 2546 2006 2686 2059; x_wconf 85' lang='lat' dir='ltr'><strong>Ecce</strong></span> <span class='ocrx_word' id='word_1_346' title='bbox 2719 2008 2986 2074; x_wconf 85' lang='lat' dir='ltr'><strong>scriptum</strong></span> <span class='ocrx_word' id='word_1_347' title='bbox 3015 2015 3097 2060; x_wconf 90' lang='lat' dir='ltr'><strong>est</strong></span> <span class='ocrx_word' id='word_1_348' title='bbox 3124 2018 3307 2058; x_wconf 88' lang='lat' dir='ltr'><strong>coram</strong></span> <span class='ocrx_word' id='word_1_349' title='bbox 3337 2016 3421 2054; x_wconf 90' lang='lat' dir='ltr'><strong>me</strong></span> <span class='ocrx_word' id='word_1_350' title='bbox 3447 2017 3462 2053; x_wconf 88' lang='lat'><strong>:</strong></span> 
     </span>
    </p>
   </div>
   <div class='ocr_carea' id='block_1_50' title="bbox 1886 2095 3466 2162">
    <p class='ocr_par' dir='ltr' id='par_1_50' title="bbox 1886 2095 3466 2162">
     <span class='ocr_line' id='line_1_50' title="bbox 1886 2095 3466 2162; baseline -0.004 -12"><span class='ocrx_word' id='word_1_351' title='bbox 1886 2099 2002 2151; x_wconf 81' lang='lat' dir='ltr'><strong>Non</strong></span> <span class='ocrx_word' id='word_1_352' title='bbox 2029 2095 2242 2162; x_wconf 79' lang='lat' dir='ltr'><strong>tacebo,</strong></span> <span class='ocrx_word' id='word_1_353' title='bbox 2265 2097 2358 2149; x_wconf 85' lang='lat' dir='ltr'><strong>sed</strong></span> <span class='ocrx_word' id='word_1_354' title='bbox 2393 2097 2610 2150; x_wconf 87' lang='lat' dir='ltr'><strong>reddam</strong></span> <span class='ocrx_word' id='word_1_355' title='bbox 2638 2106 2691 2149; x_wconf 92' lang='lat' dir='ltr'><strong>et</strong></span> <span class='ocrx_word' id='word_1_356' title='bbox 2719 2097 3014 2150; x_wconf 85' lang='lat' dir='ltr'><strong>retribuam</strong></span> <span class='ocrx_word' id='word_1_357' title='bbox 3049 2095 3103 2149; x_wconf 92' lang='lat' dir='ltr'><strong>in</strong></span> <span class='ocrx_word' id='word_1_358' title='bbox 3125 2095 3248 2149; x_wconf 85' lang='lat' dir='ltr'><strong>sinu</strong></span> <span class='ocrx_word' id='word_1_359' title='bbox 3277 2106 3466 2146; x_wconf 88' lang='lat' dir='ltr'><strong>eorum</strong></span> 
     </span>
    </p>
   </div>
   <div class='ocr_carea' id='block_1_51' title="bbox 1889 2188 3467 2257">
    <p class='ocr_par' dir='ltr' id='par_1_51' title="bbox 1889 2188 3467 2257">
     <span class='ocr_line' id='line_1_51' title="bbox 1889 2188 3467 2257; baseline -0.004 -15"><span class='ocrx_word' id='word_1_360' title='bbox 1889 2188 2204 2257; x_wconf 84' lang='lat' dir='ltr'><strong>iniquitates</strong></span> <span class='ocrx_word' id='word_1_361' title='bbox 2264 2199 2495 2250; x_wconf 78' lang='lat' dir='ltr'><strong>VcSIras,</strong></span> <span class='ocrx_word' id='word_1_362' title='bbox 2530 2199 2585 2242; x_wconf 90' lang='lat' dir='ltr'><strong>et</strong></span> <span class='ocrx_word' id='word_1_363' title='bbox 2637 2189 2958 2254; x_wconf 78' lang='lat' dir='ltr'><strong>iniquitates</strong></span> <span class='ocrx_word' id='word_1_364' title='bbox 2993 2195 3206 2254; x_wconf 86' lang='lat' dir='ltr'><strong>patrum</strong></span> <span class='ocrx_word' id='word_1_365' title='bbox 3254 2194 3467 2237; x_wconf 81' lang='lat' dir='ltr'><strong>vestro-</strong></span> 
     </span>
    </p>
   </div>
   <div class='ocr_carea' id='block_1_52' title="bbox 1889 2275 3470 2346">
    <p class='ocr_par' dir='ltr' id='par_1_52' title="bbox 1889 2275 3470 2346">
     <span class='ocr_line' id='line_1_52' title="bbox 1889 2275 3470 2346; baseline -0.004 -14"><span class='ocrx_word' id='word_1_366' title='bbox 1889 2295 2008 2332; x_wconf 91' lang='lat' dir='ltr'><strong>rum</strong></span> <span class='ocrx_word' id='word_1_367' title='bbox 2074 2277 2286 2342; x_wconf 89' lang='lat' dir='ltr'><strong>simul,</strong></span> <span class='ocrx_word' id='word_1_368' title='bbox 2335 2279 2469 2331; x_wconf 90' lang='lat' dir='ltr'><strong>dicit</strong></span> <span class='ocrx_word' id='word_1_369' title='bbox 2516 2277 2814 2343; x_wconf 88' lang='lat' dir='ltr'><strong>Dominus,</strong></span> <span class='ocrx_word' id='word_1_370' title='bbox 2877 2279 2968 2346; x_wconf 90' lang='lat' dir='ltr'><strong>qui</strong></span> <span class='ocrx_word' id='word_1_371' title='bbox 3020 2275 3470 2332; x_wconf 80' lang='lat' dir='ltr'><strong>sacriﬁcaverunt</strong></span> 
     </span>
    </p>
   </div>
   <div class='ocr_carea' id='block_1_53' title="bbox 1887 2360 3466 2440">
    <p class='ocr_par' dir='ltr' id='par_1_53' title="bbox 1887 2360 3466 2440">
     <span class='ocr_line' id='line_1_53' title="bbox 1887 2360 3466 2440; baseline -0.007 -15"><span class='ocrx_word' id='word_1_372' title='bbox 1887 2383 2056 2440; x_wconf 87' lang='lat' dir='ltr'><strong>super</strong></span> <span class='ocrx_word' id='word_1_373' title='bbox 2085 2377 2297 2423; x_wconf 88' lang='lat' dir='ltr'><strong>montes</strong></span> <span class='ocrx_word' id='word_1_374' title='bbox 2331 2378 2387 2422; x_wconf 90' lang='lat' dir='ltr'><strong>et</strong></span> <span class='ocrx_word' id='word_1_375' title='bbox 2417 2382 2581 2438; x_wconf 88' lang='lat' dir='ltr'><strong>super</strong></span> <span class='ocrx_word' id='word_1_376' title='bbox 2613 2368 2800 2430; x_wconf 85' lang='lat' dir='ltr'><strong>colles,</strong></span> <span class='ocrx_word' id='word_1_377' title='bbox 2823 2366 3288 2434; x_wconf 80' lang='lat' dir='ltr'><strong>exprobraverunt</strong></span> <span class='ocrx_word' id='word_1_378' title='bbox 3311 2360 3466 2422; x_wconf 90' lang='lat' dir='ltr'><strong>mihi,</strong></span> 
     </span>
    </p>
   </div>
   <div class='ocr_carea' id='block_1_54' title="bbox 1889 2458 3461 2530">
    <p class='ocr_par' dir='ltr' id='par_1_54' title="bbox 1889 2458 3461 2530">
     <span class='ocr_line' id='line_1_54' title="bbox 1889 2458 3461 2530; baseline -0.007 -14"><span class='ocrx_word' id='word_1_379' title='bbox 1889 2471 1944 2517; x_wconf 91' lang='lat' dir='ltr'><strong>et</strong></span> <span class='ocrx_word' id='word_1_380' title='bbox 1981 2461 2244 2515; x_wconf 89' lang='lat' dir='ltr'><strong>remetiar</strong></span> <span class='ocrx_word' id='word_1_381' title='bbox 2267 2475 2404 2530; x_wconf 91' lang='lat' dir='ltr'><strong>opus</strong></span> <span class='ocrx_word' id='word_1_382' title='bbox 2435 2475 2627 2515; x_wconf 90' lang='lat' dir='ltr'><strong>eorum</strong></span> <span class='ocrx_word' id='word_1_383' title='bbox 2657 2460 2892 2528; x_wconf 89' lang='lat' dir='ltr'><strong>primum</strong></span> <span class='ocrx_word' id='word_1_384' title='bbox 2918 2461 2971 2513; x_wconf 79' lang='lat' dir='ltr'><strong>id</strong></span> <span class='ocrx_word' id='word_1_385' title='bbox 3006 2458 3186 2512; x_wconf 83' lang='lat' dir='ltr'><strong>sinum</strong></span> <span class='ocrx_word' id='word_1_386' title='bbox 3214 2471 3461 2510; x_wconf 64' lang='lat' dir='ltr'><strong>eorum.»</strong></span> 
     </span>
    </p>
   </div>
   <div class='ocr_carea' id='block_1_55' title="bbox 1889 2548 3468 2619">
    <p class='ocr_par' dir='ltr' id='par_1_55' title="bbox 1889 2548 3468 2619">
     <span class='ocr_line' id='line_1_55' title="bbox 1889 2548 3468 2619; baseline -0.004 -13"><span class='ocrx_word' id='word_1_387' title='bbox 1889 2551 2030 2606; x_wconf 77' lang='lat' dir='ltr'><strong>LXX</strong></span> <span class='ocrx_word' id='word_1_388' title='bbox 2067 2566 2083 2606; x_wconf 89' lang='lat'>:</span> <span class='ocrx_word' id='word_1_389' title='bbox 2120 2571 2137 2604; x_wconf 74' lang='grc' dir='ltr'>ι</span> <span class='ocrx_word' id='word_1_390' title='bbox 2177 2552 2285 2608; x_wconf 90' lang='lat' dir='ltr'><strong>Iste</strong></span> <span class='ocrx_word' id='word_1_391' title='bbox 2318 2562 2402 2607; x_wconf 88' lang='lat' dir='ltr'><strong>est</strong></span> <span class='ocrx_word' id='word_1_392' title='bbox 2429 2552 2611 2607; x_wconf 70' lang='lat' dir='ltr'><strong>futurus</strong></span> <span class='ocrx_word' id='word_1_393' title='bbox 2659 2551 2866 2609; x_wconf 81' lang='lat' dir='ltr'><strong>furoris</strong></span> <span class='ocrx_word' id='word_1_394' title='bbox 2917 2549 3022 2604; x_wconf 90' lang='lat' dir='ltr'><strong>mei</strong></span> <span class='ocrx_word' id='word_1_395' title='bbox 3057 2565 3072 2604; x_wconf 88' lang='lat'>:</span> <span class='ocrx_word' id='word_1_396' title='bbox 3113 2549 3264 2619; x_wconf 79' lang='lat' dir='ltr'><strong>ignis</strong></span> <span class='ocrx_word' id='word_1_397' title='bbox 3312 2548 3468 2600; x_wconf 84' lang='lat' dir='ltr'><strong>ardet</strong></span> 
     </span>
    </p>
   </div>
   <div class='ocr_carea' id='block_1_56' title="bbox 1891 2639 3468 2712">
    <p class='ocr_par' dir='ltr' id='par_1_56' title="bbox 1891 2639 3468 2712">
     <span class='ocr_line' id='line_1_56' title="bbox 1891 2639 3468 2712; baseline -0.007 -14"><span class='ocrx_word' id='word_1_398' title='bbox 1891 2644 1946 2698; x_wconf 90' lang='lat' dir='ltr'><strong>in</strong></span> <span class='ocrx_word' id='word_1_399' title='bbox 1975 2658 2042 2698; x_wconf 89' lang='lat' dir='ltr'><strong>eo</strong></span> <span class='ocrx_word' id='word_1_400' title='bbox 2076 2643 2291 2699; x_wconf 86' lang='lat' dir='ltr'><strong>cunctis</strong></span> <span class='ocrx_word' id='word_1_401' title='bbox 2321 2644 2534 2699; x_wconf 87' lang='lat' dir='ltr'><strong>diebus.</strong></span> <span class='ocrx_word' id='word_1_402' title='bbox 2568 2643 2712 2698; x_wconf 86' lang='lat' dir='ltr'><strong>Ecce</strong></span> <span class='ocrx_word' id='word_1_403' title='bbox 2758 2643 3026 2712; x_wconf 87' lang='lat' dir='ltr'><strong>scriptum</strong></span> <span class='ocrx_word' id='word_1_404' title='bbox 3075 2639 3128 2694; x_wconf 92' lang='lat' dir='ltr'><strong>in</strong></span> <span class='ocrx_word' id='word_1_405' title='bbox 3171 2648 3468 2706; x_wconf 88' lang='lat' dir='ltr'><strong>conspectu</strong></span> 
     </span>
    </p>
   </div>
   <div class='ocr_carea' id='block_1_57' title="bbox 1891 2727 3469 2803">
    <p class='ocr_par' dir='ltr' id='par_1_57' title="bbox 1891 2727 3469 2803">
     <span class='ocr_line' id='line_1_57' title="bbox 1891 2727 3469 2803; baseline -0.01 -7"><span class='ocrx_word' id='word_1_406' title='bbox 1891 2752 2012 2796; x_wconf 81' lang='lat' dir='ltr'><strong>meo</strong></span> <span class='ocrx_word' id='word_1_407' title='bbox 2040 2751 2054 2788; x_wconf 88' lang='lat'><strong>:</strong></span> <span class='ocrx_word' id='word_1_408' title='bbox 2085 2734 2203 2791; x_wconf 86' lang='lat' dir='ltr'><strong>Non</strong></span> <span class='ocrx_word' id='word_1_409' title='bbox 2244 2737 2456 2803; x_wconf 86' lang='lat' dir='ltr'><strong>tacebo,</strong></span> <span class='ocrx_word' id='word_1_410' title='bbox 2506 2737 2681 2792; x_wconf 89' lang='lat' dir='ltr'><strong>donec</strong></span> <span class='ocrx_word' id='word_1_411' title='bbox 2743 2735 2968 2790; x_wconf 87' lang='lat' dir='ltr'><strong>reddam</strong></span> <span class='ocrx_word' id='word_1_412' title='bbox 3003 2743 3058 2789; x_wconf 90' lang='lat' dir='ltr'><strong>et</strong></span> <span class='ocrx_word' id='word_1_413' title='bbox 3082 2732 3384 2788; x_wconf 82' lang='lat' dir='ltr'><strong>retribuam</strong></span> <span class='ocrx_word' id='word_1_414' title='bbox 3416 2727 3469 2782; x_wconf 91' lang='lat' dir='ltr'><strong>in</strong></span> 
     </span>
    </p>
   </div>
   <div class='ocr_carea' id='block_1_58' title="bbox 1892 2822 3474 2898">
    <p class='ocr_par' dir='ltr' id='par_1_58' title="bbox 1892 2822 3474 2898">
     <span class='ocr_line' id='line_1_58' title="bbox 1892 2822 3474 2898; baseline -0.006 -13"><span class='ocrx_word' id='word_1_415' title='bbox 1892 2830 2014 2885; x_wconf 90' lang='lat' dir='ltr'><strong>sinu</strong></span> <span class='ocrx_word' id='word_1_416' title='bbox 2051 2844 2239 2884; x_wconf 88' lang='lat' dir='ltr'><strong>eorum</strong></span> <span class='ocrx_word' id='word_1_417' title='bbox 2278 2841 2502 2898; x_wconf 83' lang='lat' dir='ltr'><strong>peccata</strong></span> <span class='ocrx_word' id='word_1_418' title='bbox 2530 2844 2651 2892; x_wconf 76' lang='lat' dir='ltr'><strong>sua,</strong></span> <span class='ocrx_word' id='word_1_419' title='bbox 2706 2837 2762 2883; x_wconf 88' lang='lat' dir='ltr'><strong>et</strong></span> <span class='ocrx_word' id='word_1_420' title='bbox 2810 2836 3026 2897; x_wconf 89' lang='lat' dir='ltr'><strong>patrum</strong></span> <span class='ocrx_word' id='word_1_421' title='bbox 3058 2841 3305 2891; x_wconf 84' lang='lat' dir='ltr'><strong>suorum,</strong></span> <span class='ocrx_word' id='word_1_422' title='bbox 3339 2822 3474 2879; x_wconf 87' lang='lat' dir='ltr'><strong>dicit</strong></span> 
     </span>
    </p>
   </div>
   <div class='ocr_carea' id='block_1_59' title="bbox 1897 2921 3474 2992">
    <p class='ocr_par' dir='ltr' id='par_1_59' title="bbox 1897 2921 3474 2992">
     <span class='ocr_line' id='line_1_59' title="bbox 1897 2921 3474 2992; baseline -0.005 -16"><span class='ocrx_word' id='word_1_423' title='bbox 1897 2923 2158 2978; x_wconf 87' lang='lat' dir='ltr'><strong>Dominus</strong></span> <span class='ocrx_word' id='word_1_424' title='bbox 2195 2940 2209 2976; x_wconf 88' lang='lat'><strong>:</strong></span> <span class='ocrx_word' id='word_1_425' title='bbox 2241 2923 2331 2992; x_wconf 85' lang='lat' dir='ltr'><strong>qui</strong></span> <span class='ocrx_word' id='word_1_426' title='bbox 2390 2922 2692 2977; x_wconf 86' lang='lat' dir='ltr'><strong>adolebant</strong></span> <span class='ocrx_word' id='word_1_427' title='bbox 2739 2921 3022 2975; x_wconf 84' lang='lat' dir='ltr'><strong>incensum</strong></span> <span class='ocrx_word' id='word_1_428' title='bbox 3069 2933 3234 2987; x_wconf 90' lang='lat' dir='ltr'><strong>super</strong></span> <span class='ocrx_word' id='word_1_429' title='bbox 3264 2926 3474 2972; x_wconf 86' lang='lat' dir='ltr'><strong>montes</strong></span> 
     </span>
    </p>
   </div>
   <div class='ocr_carea' id='block_1_60' title="bbox 1894 3006 3470 3082">
    <p class='ocr_par' dir='ltr' id='par_1_60' title="bbox 1894 3006 3470 3082">
     <span class='ocr_line' id='line_1_60' title="bbox 1894 3006 3470 3082; baseline -0.006 -15"><span class='ocrx_word' id='word_1_430' title='bbox 1894 3023 1949 3068; x_wconf 89' lang='lat' dir='ltr'><strong>et</strong></span> <span class='ocrx_word' id='word_1_431' title='bbox 2011 3027 2174 3081; x_wconf 87' lang='lat' dir='ltr'><strong>super</strong></span> <span class='ocrx_word' id='word_1_432' title='bbox 2227 3012 2426 3078; x_wconf 85' lang='lat' dir='ltr'><strong>colles,</strong></span> <span class='ocrx_word' id='word_1_433' title='bbox 2479 3013 2948 3082; x_wconf 82' lang='lat' dir='ltr'><strong>exprobravernnt</strong></span> <span class='ocrx_word' id='word_1_434' title='bbox 3008 3009 3182 3074; x_wconf 81' lang='lat' dir='ltr'><strong>mihi;</strong></span> <span class='ocrx_word' id='word_1_435' title='bbox 3247 3006 3470 3061; x_wconf 76' lang='lat' dir='ltr'><strong>reddam</strong></span> 
     </span>
    </p>
   </div>
   <div class='ocr_carea' id='block_1_61' title="bbox 210 3095 3473 3176">
    <p class='ocr_par' dir='ltr' id='par_1_61' title="bbox 210 3095 3473 3176">
     <span class='ocr_line' id='line_1_61' title="bbox 210 3095 3473 3176; baseline 0.002 -28"><span class='ocrx_word' id='word_1_436' title='bbox 210 3095 452 3153; x_wconf 74' lang='lat' dir='ltr'><strong>Marcion</strong></span> <span class='ocrx_word' id='word_1_437' title='bbox 479 3106 534 3152; x_wconf 88' lang='lat' dir='ltr'><strong>et</strong></span> <span class='ocrx_word' id='word_1_438' title='bbox 564 3097 900 3162; x_wconf 88' lang='lat' dir='ltr'><strong>Valentinus,</strong></span> <span class='ocrx_word' id='word_1_439' title='bbox 935 3110 990 3154; x_wconf 89' lang='lat' dir='ltr'><strong>et</strong></span> <span class='ocrx_word' id='word_1_440' title='bbox 1040 3116 1214 3169; x_wconf 90' lang='lat' dir='ltr'><strong>nuper</strong></span> <span class='ocrx_word' id='word_1_441' title='bbox 1242 3102 1565 3168; x_wconf 82' lang='lat' dir='ltr'><strong>Eunomius,</strong></span> <span class='ocrx_word' id='word_1_442' title='bbox 1595 3105 1790 3159; x_wconf 90' lang='lat' dir='ltr'><strong>mentis</strong></span> <span class='ocrx_word' id='word_1_443' title='bbox 1817 3117 1861 3174; x_wconf 79' lang='grc' dir='ltr'>ο</span> <span class='ocrx_word' id='word_1_444' title='bbox 1895 3119 2061 3173; x_wconf 83' lang='lat' dir='ltr'><strong>opera</strong></span> <span class='ocrx_word' id='word_1_445' title='bbox 2103 3119 2292 3158; x_wconf 86' lang='lat' dir='ltr'><strong>eorum</strong></span> <span class='ocrx_word' id='word_1_446' title='bbox 2341 3105 2399 3158; x_wconf 86' lang='lat' dir='ltr'><strong>in</strong></span> <span class='ocrx_word' id='word_1_447' title='bbox 2433 3107 2612 3158; x_wconf 81' lang='lat' dir='ltr'><strong>sinu-nt</strong></span> <span class='ocrx_word' id='word_1_448' title='bbox 2664 3118 2854 3159; x_wconf 88' lang='lat' dir='ltr'><strong>eorum</strong></span> <span class='ocrx_word' id='word_1_449' title='bbox 2889 3101 2998 3176; x_wconf 78' lang='grc' dir='ltr'><strong>[ΑΙ.</strong></span> <span class='ocrx_word' id='word_1_450' title='bbox 3039 3100 3242 3173; x_wconf 90' lang='lat' dir='ltr'><strong>suum].</strong></span> <span class='ocrx_word' id='word_1_451' title='bbox 3281 3118 3300 3152; x_wconf 69' lang='grc' dir='ltr'><strong><em>ι</em></strong></span> <span class='ocrx_word' id='word_1_452' title='bbox 3332 3099 3473 3154; x_wconf 85' lang='lat' dir='ltr'><strong>Pro-</strong></span> 
     </span>
    </p>
   </div>
   <div class='ocr_carea' id='block_1_62' title="bbox 209 3187 1787 3262">
    <p class='ocr_par' dir='ltr' id='par_1_62' title="bbox 209 3187 1787 3262">
     <span class='ocr_line' id='line_1_62' title="bbox 209 3187 1787 3262; baseline 0.006 -23"><span class='ocrx_word' id='word_1_453' title='bbox 209 3187 613 3241; x_wconf 89' lang='lat' dir='ltr'><strong>inunnnditiam</strong></span> <span class='ocrx_word' id='word_1_454' title='bbox 647 3191 1043 3258; x_wconf 67' lang='lat' dir='ltr'><strong>leprosajcarne</strong></span> <span class='ocrx_word' id='word_1_455' title='bbox 1069 3201 1410 3257; x_wconf 88' lang='lat' dir='ltr'><strong>contestans,</strong></span> <span class='ocrx_word' id='word_1_456' title='bbox 1453 3195 1567 3262; x_wconf 88' lang='lat' dir='ltr'><strong>qui,</strong></span> <span class='ocrx_word' id='word_1_457' title='bbox 1605 3195 1787 3249; x_wconf 89' lang='lat' dir='ltr'><strong>lumen</strong></span> 
     </span>
    </p>
   </div>
   <div class='ocr_carea' id='block_1_63' title="bbox 210 3278 1792 3356">
    <p class='ocr_par' dir='ltr' id='par_1_63' title="bbox 210 3278 1792 3356">
     <span class='ocr_line' id='line_1_63' title="bbox 210 3278 1792 3356; baseline 0.008 -27"><span class='ocrx_word' id='word_1_458' title='bbox 210 3281 373 3332; x_wconf 77' lang='lat' dir='ltr'><strong>sancti</strong></span> <span class='ocrx_word' id='word_1_459' title='bbox 407 3278 651 3348; x_wconf 75' lang='lat' dir='ltr'><strong>Spiritus</strong></span> <span class='ocrx_word' id='word_1_460' title='bbox 692 3280 1077 3350; x_wconf 84' lang='lat' dir='ltr'><strong>relinquentes</strong></span> <span class='ocrx_word' id='word_1_461' title='bbox 1123 3291 1179 3338; x_wconf 88' lang='lat' dir='ltr'><strong>et</strong></span> <span class='ocrx_word' id='word_1_462' title='bbox 1210 3287 1556 3340; x_wconf 63' lang='lat' dir='ltr'><strong>carunculam</strong></span> <span class='ocrx_word' id='word_1_463' title='bbox 1596 3287 1648 3341; x_wconf 91' lang='lat' dir='ltr'><strong>in</strong></span> <span class='ocrx_word' id='word_1_464' title='bbox 1683 3303 1792 3356; x_wconf 90' lang='lat' dir='ltr'><strong>quo</strong></span> 
     </span>
    </p>
   </div>
   <div class='ocr_carea' id='block_1_64' title="bbox 212 3369 1792 3439">
    <p class='ocr_par' dir='ltr' id='par_1_64' title="bbox 212 3369 1792 3439">
     <span class='ocr_line' id='line_1_64' title="bbox 212 3369 1792 3439; baseline 0.009 -21"><span class='ocrx_word' id='word_1_465' title='bbox 212 3370 436 3436; x_wconf 88' lang='lat' dir='ltr'><strong>apostoli</strong></span> <span class='ocrx_word' id='word_1_466' title='bbox 495 3369 876 3439; x_wconf 87' lang='lat' dir='ltr'><strong>versabantur,</strong></span> <span class='ocrx_word' id='word_1_467' title='bbox 913 3372 968 3426; x_wconf 88' lang='lat' dir='ltr'><strong>in</strong></span> <span class='ocrx_word' id='word_1_468' title='bbox 1017 3373 1220 3429; x_wconf 86' lang='lat' dir='ltr'><strong>diaboli</strong></span> <span class='ocrx_word' id='word_1_469' title='bbox 1267 3375 1514 3430; x_wconf 79' lang='lat' dir='ltr'><strong>tenebris</strong></span> <span class='ocrx_word' id='word_1_470' title='bbox 1546 3392 1792 3433; x_wconf 88' lang='lat' dir='ltr'><strong>commo-</strong></span> 
     </span>
    </p>
   </div>
   <div class='ocr_carea' id='block_1_65' title="bbox 213 3463 1793 3540">
    <p class='ocr_par' dir='ltr' id='par_1_65' title="bbox 213 3463 1793 3540">
     <span class='ocr_line' id='line_1_65' title="bbox 213 3463 1793 3540; baseline 0.008 -30"><span class='ocrx_word' id='word_1_471' title='bbox 213 3473 422 3525; x_wconf 86' lang='lat' dir='ltr'><strong>rantur,</strong></span> <span class='ocrx_word' id='word_1_472' title='bbox 454 3470 510 3516; x_wconf 91' lang='lat' dir='ltr'><strong>et</strong></span> <span class='ocrx_word' id='word_1_473' title='bbox 541 3463 831 3530; x_wconf 85' lang='lat' dir='ltr'><strong>speluncas</strong></span> <span class='ocrx_word' id='word_1_474' title='bbox 895 3465 1153 3535; x_wconf 80' lang='lat' dir='ltr'><strong>diligunt,</strong></span> <span class='ocrx_word' id='word_1_475' title='bbox 1218 3481 1354 3534; x_wconf 84' lang='lat' dir='ltr'><strong>quas</strong></span> <span class='ocrx_word' id='word_1_476' title='bbox 1382 3466 1649 3524; x_wconf 82' lang='lat' dir='ltr'><strong>Jeremias</strong></span> <span class='ocrx_word' id='word_1_477' title='bbox 1678 3486 1793 3540; x_wconf 47' lang='lat' dir='ltr'><strong>my.</strong></span> 
     </span>
    </p>
   </div>
   <div class='ocr_carea' id='block_1_66' title="bbox 212 3551 1790 3616">
    <p class='ocr_par' dir='ltr' id='par_1_66' title="bbox 212 3551 1790 3616">
     <span class='ocr_line' id='line_1_66' title="bbox 212 3551 1790 3616; baseline 0.01 -15"><span class='ocrx_word' id='word_1_478' title='bbox 212 3551 341 3604; x_wconf 83' lang='lat' dir='ltr'><strong>stico</strong></span> <span class='ocrx_word' id='word_1_479' title='bbox 388 3567 651 3608; x_wconf 86' lang='lat' dir='ltr'><strong>sermone</strong></span> <span class='ocrx_word' id='word_1_480' title='bbox 715 3557 1042 3612; x_wconf 85' lang='lat' dir='ltr'><strong>condemnat</strong></span> <span class='ocrx_word' id='word_1_481' title='bbox 1085 3557 1308 3614; x_wconf 87' lang='lat' dir='ltr'><strong>:Facta</strong></span> <span class='ocrx_word' id='word_1_482' title='bbox 1375 3573 1450 3614; x_wconf 77' lang='lat' dir='ltr'><strong>est</strong></span> <span class='ocrx_word' id='word_1_483' title='bbox 1508 3563 1790 3616; x_wconf 59' lang='lat' dir='ltr'><strong>hereditas</strong></span> 
     </span>
    </p>
   </div>
   <div class='ocr_carea' id='block_1_67' title="bbox 214 3645 1790 3724">
    <p class='ocr_par' dir='ltr' id='par_1_67' title="bbox 214 3645 1790 3724">
     <span class='ocr_line' id='line_1_67' title="bbox 214 3645 1790 3724; baseline 0.011 -31"><span class='ocrx_word' id='word_1_484' title='bbox 214 3660 320 3698; x_wconf 77' lang='lat' dir='ltr'><strong>mea</strong></span> <span class='ocrx_word' id='word_1_485' title='bbox 370 3647 508 3699; x_wconf 75' lang='lat' dir='ltr'><strong>milii</strong></span> <span class='ocrx_word' id='word_1_486' title='bbox 560 3647 713 3717; x_wconf 84' lang='lat' dir='ltr'><strong>quasi</strong></span> <span class='ocrx_word' id='word_1_487' title='bbox 773 3647 1023 3715; x_wconf 80' lang='lat' dir='ltr'><strong>spelunca</strong></span> <span class='ocrx_word' id='word_1_488' title='bbox 1074 3651 1276 3721; x_wconf 76' lang='lat' dir='ltr'><strong>Itytente</strong></span> <span class='ocrx_word' id='word_1_489' title='bbox 1331 3651 1549 3722; x_wconf 65' lang='grc' dir='ltr'><strong>(λιι-ειη.</strong></span> <span class='ocrx_word' id='word_1_490' title='bbox 1584 3645 1682 3720; x_wconf 63' lang='lat' dir='ltr'><strong>ait,</strong></span> <span class='ocrx_word' id='word_1_491' title='bbox 1712 3655 1790 3724; x_wconf 84' lang='lat'><strong>8),</strong></span> 
     </span>
    </p>
   </div>
   <div class='ocr_carea' id='block_1_68' title="bbox 213 3740 1794 3816">
    <p class='ocr_par' dir='ltr' id='par_1_68' title="bbox 213 3740 1794 3816">
     <span class='ocr_line' id='line_1_68' title="bbox 213 3740 1794 3816; baseline 0.008 -27"><span class='ocrx_word' id='word_1_492' title='bbox 213 3754 364 3808; x_wconf 88' lang='lat' dir='ltr'><strong>quam</strong></span> <span class='ocrx_word' id='word_1_493' title='bbox 392 3741 572 3794; x_wconf 89' lang='lat' dir='ltr'><strong>nostri</strong></span> <span class='ocrx_word' id='word_1_494' title='bbox 604 3740 834 3796; x_wconf 79' lang='lat' dir='ltr'><strong>belluatn</strong></span> <span class='ocrx_word' id='word_1_495' title='bbox 879 3751 1073 3796; x_wconf 80' lang='lat' dir='ltr'><strong>vocant</strong></span> <span class='ocrx_word' id='word_1_496' title='bbox 1108 3745 1294 3813; x_wconf 85' lang='lat' dir='ltr'><strong>:quod</strong></span> <span class='ocrx_word' id='word_1_497' title='bbox 1339 3746 1539 3800; x_wconf 88' lang='lat' dir='ltr'><strong>animal</strong></span> <span class='ocrx_word' id='word_1_498' title='bbox 1578 3762 1794 3816; x_wconf 71' lang='lat' dir='ltr'><strong>semper</strong></span> 
     </span>
    </p>
   </div>
   <div class='ocr_carea' id='block_1_69' title="bbox 215 3836 1789 3904">
    <p class='ocr_par' dir='ltr' id='par_1_69' title="bbox 215 3836 1789 3904">
     <span class='ocr_line' id='line_1_69' title="bbox 215 3836 1789 3904; baseline 0.006 -19"><span class='ocrx_word' id='word_1_499' title='bbox 215 3836 476 3888; x_wconf 77' lang='lat' dir='ltr'><strong>cadavera</strong></span> <span class='ocrx_word' id='word_1_500' title='bbox 517 3838 884 3904; x_wconf 84' lang='lat' dir='ltr'><strong>persequitur,</strong></span> <span class='ocrx_word' id='word_1_501' title='bbox 919 3845 975 3891; x_wconf 88' lang='lat' dir='ltr'><strong>et</strong></span> <span class='ocrx_word' id='word_1_502' title='bbox 1009 3837 1141 3890; x_wconf 88' lang='lat' dir='ltr'><strong>vivit</strong></span> <span class='ocrx_word' id='word_1_503' title='bbox 1181 3853 1347 3893; x_wconf 87' lang='lat' dir='ltr'><strong>succo</strong></span> <span class='ocrx_word' id='word_1_504' title='bbox 1377 3854 1440 3894; x_wconf 90' lang='lat' dir='ltr'><strong>ac</strong></span> <span class='ocrx_word' id='word_1_505' title='bbox 1478 3841 1630 3895; x_wconf 85' lang='lat' dir='ltr'><strong>sanie</strong></span> <span class='ocrx_word' id='word_1_506' title='bbox 1664 3857 1789 3895; x_wconf 82' lang='lat' dir='ltr'><strong>cor-</strong></span> 
     </span>
    </p>
   </div>
   <div class='ocr_carea' id='block_1_70' title="bbox 216 3927 1799 4000">
    <p class='ocr_par' dir='ltr' id='par_1_70' title="bbox 216 3927 1799 4000">
     <span class='ocr_line' id='line_1_70' title="bbox 216 3927 1799 4000; baseline 0.006 -22"><span class='ocrx_word' id='word_1_507' title='bbox 216 3941 400 3994; x_wconf 90' lang='lat' dir='ltr'><strong>porum</strong></span> <span class='ocrx_word' id='word_1_508' title='bbox 466 3935 829 3980; x_wconf 82' lang='lat' dir='ltr'><strong>mortuorum.</strong></span> <span class='ocrx_word' id='word_1_509' title='bbox 878 3927 1180 3982; x_wconf 80' lang='lat' dir='ltr'><strong>Adversum</strong></span> <span class='ocrx_word' id='word_1_510' title='bbox 1243 3929 1366 3992; x_wconf 90' lang='lat' dir='ltr'><strong>hos,</strong></span> <span class='ocrx_word' id='word_1_511' title='bbox 1403 3929 1497 4000; x_wconf 84' lang='lat' dir='ltr'><strong>qui</strong></span> <span class='ocrx_word' id='word_1_512' title='bbox 1547 3931 1799 3987; x_wconf 84' lang='lat' dir='ltr'><strong>habitant</strong></span> 
     </span>
    </p>
   </div>
   <div class='ocr_carea' id='block_1_71' title="bbox 217 4017 1790 4087">
    <p class='ocr_par' dir='ltr' id='par_1_71' title="bbox 217 4017 1790 4087">
     <span class='ocr_line' id='line_1_71' title="bbox 217 4017 1790 4087; baseline 0.004 -17"><span class='ocrx_word' id='word_1_513' title='bbox 217 4019 262 4070; x_wconf 94' lang='lat' dir='ltr'><strong>in</strong></span> <span class='ocrx_word' id='word_1_514' title='bbox 291 4019 598 4087; x_wconf 73' lang='lat' dir='ltr'><strong>Speluncis,</strong></span> <span class='ocrx_word' id='word_1_515' title='bbox 627 4028 679 4072; x_wconf 91' lang='lat' dir='ltr'><strong>et</strong></span> <span class='ocrx_word' id='word_1_516' title='bbox 713 4017 962 4075; x_wconf 87' lang='lat' dir='ltr'><strong>llabacuc</strong></span> <span class='ocrx_word' id='word_1_517' title='bbox 996 4021 1333 4075; x_wconf 85' lang='lat' dir='ltr'><strong>lamentabili</strong></span> <span class='ocrx_word' id='word_1_518' title='bbox 1362 4036 1494 4076; x_wconf 84' lang='lat' dir='ltr'><strong>voce</strong></span> <span class='ocrx_word' id='word_1_519' title='bbox 1528 4023 1736 4075; x_wconf 75' lang='lat' dir='ltr'><strong>dicebat</strong></span> <span class='ocrx_word' id='word_1_520' title='bbox 1776 4038 1790 4076; x_wconf 92' lang='lat'>:</span> 
     </span>
    </p>
   </div>
   <div class='ocr_carea' id='block_1_72' title="bbox 221 4107 1792 4179">
    <p class='ocr_par' dir='ltr' id='par_1_72' title="bbox 221 4107 1792 4179">
     <span class='ocr_line' id='line_1_72' title="bbox 221 4107 1792 4179; baseline 0.004 -18"><span class='ocrx_word' id='word_1_521' title='bbox 221 4107 296 4162; x_wconf 74' lang='lat' dir='ltr'><strong>l’c</strong></span> <span class='ocrx_word' id='word_1_522' title='bbox 320 4111 410 4179; x_wconf 79' lang='lat' dir='ltr'><strong>qui</strong></span> <span class='ocrx_word' id='word_1_523' title='bbox 441 4117 623 4176; x_wconf 82' lang='lat' dir='ltr'><strong>potant</strong></span> <span class='ocrx_word' id='word_1_524' title='bbox 672 4111 762 4162; x_wconf 85' lang='lat' dir='ltr'><strong>dat</strong></span> <span class='ocrx_word' id='word_1_525' title='bbox 815 4111 1056 4178; x_wconf 74' lang='lat' dir='ltr'><strong>proximo</strong></span> <span class='ocrx_word' id='word_1_526' title='bbox 1084 4109 1108 4142; x_wconf 71' lang='grc' dir='ltr'>δ</span> <span class='ocrx_word' id='word_1_527' title='bbox 1136 4127 1232 4164; x_wconf 85' lang='lat' dir='ltr'><strong>suo</strong></span> <span class='ocrx_word' id='word_1_528' title='bbox 1264 4111 1493 4178; x_wconf 79' lang='lat' dir='ltr'><strong>potionis</strong></span> <span class='ocrx_word' id='word_1_529' title='bbox 1523 4111 1751 4165; x_wconf 78' lang='lat' dir='ltr'><strong>turbida:</strong></span> <span class='ocrx_word' id='word_1_530' title='bbox 1773 4129 1792 4167; x_wconf 92' lang='lat'><strong><em>:</em></strong></span> 
     </span>
    </p>
   </div>
   <div class='ocr_carea' id='block_1_73' title="bbox 214 4203 1793 4271">
    <p class='ocr_par' dir='ltr' id='par_1_73' title="bbox 214 4203 1793 4271">
     <span class='ocr_line' id='line_1_73' title="bbox 214 4203 1793 4271; baseline 0.001 -19"><span class='ocrx_word' id='word_1_531' title='bbox 214 4213 255 4252; x_wconf 78' lang='lat' dir='ltr'><strong>et</strong></span> <span class='ocrx_word' id='word_1_532' title='bbox 311 4203 540 4254; x_wconf 80' lang='lat' dir='ltr'><strong>inebriat</strong></span> <span class='ocrx_word' id='word_1_533' title='bbox 592 4217 734 4267; x_wconf 80' lang='lat' dir='ltr'><strong>eum,</strong></span> <span class='ocrx_word' id='word_1_534' title='bbox 796 4212 854 4255; x_wconf 87' lang='lat' dir='ltr'><strong>ut</strong></span> <span class='ocrx_word' id='word_1_535' title='bbox 915 4203 1160 4270; x_wconf 79' lang='lat' dir='ltr'><strong>respiciat</strong></span> <span class='ocrx_word' id='word_1_536' title='bbox 1209 4209 1281 4256; x_wconf 78' lang='lat' dir='ltr'><strong>ad</strong></span> <span class='ocrx_word' id='word_1_537' title='bbox 1338 4204 1613 4271; x_wconf 72' lang='lat' dir='ltr'><strong>speluncas</strong></span> <span class='ocrx_word' id='word_1_538' title='bbox 1663 4219 1793 4257; x_wconf 79' lang='lat' dir='ltr'><strong>suas</strong></span> 
     </span>
    </p>
   </div>
   <div class='ocr_carea' id='block_1_74' title="bbox 217 4293 1795 4364">
    <p class='ocr_par' dir='ltr' id='par_1_74' title="bbox 217 4293 1795 4364">
     <span class='ocr_line' id='line_1_74' title="bbox 217 4293 1795 4364; baseline 0.004 -20"><span class='ocrx_word' id='word_1_539' title='bbox 217 4293 444 4358; x_wconf 82' lang='lat' dir='ltr'><strong>(llabac.</strong></span> <span class='ocrx_word' id='word_1_540' title='bbox 481 4309 543 4358; x_wconf 87' lang='lat' dir='ltr'><strong>tl,</strong></span> <span class='ocrx_word' id='word_1_541' title='bbox 581 4295 691 4362; x_wconf 80' lang='grc'><strong>15).</strong></span> <span class='ocrx_word' id='word_1_542' title='bbox 731 4295 802 4347; x_wconf 90' lang='lat' dir='ltr'><strong>De</strong></span> <span class='ocrx_word' id='word_1_543' title='bbox 857 4294 942 4349; x_wconf 80' lang='lat' dir='ltr'><strong>his</strong></span> <span class='ocrx_word' id='word_1_544' title='bbox 995 4295 1271 4364; x_wconf 84' lang='lat' dir='ltr'><strong>speluncis</strong></span> <span class='ocrx_word' id='word_1_545' title='bbox 1300 4303 1355 4348; x_wconf 90' lang='lat' dir='ltr'><strong>ct</strong></span> <span class='ocrx_word' id='word_1_546' title='bbox 1398 4295 1659 4350; x_wconf 90' lang='lat' dir='ltr'><strong>Dominus</strong></span> <span class='ocrx_word' id='word_1_547' title='bbox 1713 4295 1795 4350; x_wconf 83' lang='lat' dir='ltr'><strong>lo-</strong></span> 
     </span>
    </p>
   </div>
   <div class='ocr_carea' id='block_1_75' title="bbox 213 4385 1794 4456">
    <p class='ocr_par' dir='ltr' id='par_1_75' title="bbox 213 4385 1794 4456">
     <span class='ocr_line' id='line_1_75' title="bbox 213 4385 1794 4456; baseline 0.001 -16"><span class='ocrx_word' id='word_1_548' title='bbox 213 4391 483 4456; x_wconf 86' lang='lat' dir='ltr'><strong>quebatur</strong></span> <span class='ocrx_word' id='word_1_549' title='bbox 517 4403 532 4441; x_wconf 86' lang='lat'><strong>:</strong></span> <span class='ocrx_word' id='word_1_550' title='bbox 569 4385 838 4455; x_wconf 86' lang='lat' dir='ltr'><strong>Scriptum</strong></span> <span class='ocrx_word' id='word_1_551' title='bbox 867 4396 968 4448; x_wconf 71' lang='lat' dir='ltr'><strong>(al,</strong></span> <span class='ocrx_word' id='word_1_552' title='bbox 1013 4387 1203 4440; x_wconf 82' lang='lat' dir='ltr'><strong>domus</strong></span> <span class='ocrx_word' id='word_1_553' title='bbox 1230 4386 1416 4442; x_wconf 81' lang='lat' dir='ltr'><strong>Patris</strong></span> <span class='ocrx_word' id='word_1_554' title='bbox 1458 4387 1580 4453; x_wconf 81' lang='lat' dir='ltr'><strong>mei,</strong></span> <span class='ocrx_word' id='word_1_555' title='bbox 1607 4387 1794 4442; x_wconf 79' lang='lat' dir='ltr'><strong>domus</strong></span> 
     </span>
    </p>
   </div>
   <div class='ocr_carea' id='block_1_76' title="bbox 1895 3194 3476 3267">
    <p class='ocr_par' dir='ltr' id='par_1_76' title="bbox 1895 3194 3476 3267">
     <span class='ocr_line' id='line_1_76' title="bbox 1895 3194 3476 3267; baseline -0.001 -17"><span class='ocrx_word' id='word_1_556' title='bbox 1895 3208 2022 3267; x_wconf 89' lang='lat' dir='ltr'><strong>pter</strong></span> <span class='ocrx_word' id='word_1_557' title='bbox 2046 3212 2210 3264; x_wconf 82' lang='lat' dir='ltr'><strong>opera</strong></span> <span class='ocrx_word' id='word_1_558' title='bbox 2248 3206 2453 3260; x_wconf 84' lang='lat' dir='ltr'><strong>vestra,</strong></span> <span class='ocrx_word' id='word_1_559' title='bbox 2487 3195 2938 3252; x_wconf 69' lang='lat' dir='ltr'><strong>et&#39;incredibiletn</strong></span> <span class='ocrx_word' id='word_1_560' title='bbox 2978 3194 3178 3250; x_wconf 89' lang='lat' dir='ltr'><strong>mentis</strong></span> <span class='ocrx_word' id='word_1_561' title='bbox 3213 3208 3476 3264; x_wconf 74' lang='lat' dir='ltr'><strong>arrogan-</strong></span> 
     </span>
    </p>
   </div>
   <div class='ocr_carea' id='block_1_77' title="bbox 1897 3286 3474 3356">
    <p class='ocr_par' dir='ltr' id='par_1_77' title="bbox 1897 3286 3474 3356">
     <span class='ocr_line' id='line_1_77' title="bbox 1897 3286 3474 3356; baseline -0.003 -13"><span class='ocrx_word' id='word_1_562' title='bbox 1897 3292 2048 3354; x_wconf 84' lang='lat' dir='ltr'><strong>tiam,</strong></span> <span class='ocrx_word' id='word_1_563' title='bbox 2082 3299 2140 3342; x_wconf 93' lang='lat' dir='ltr'><strong>ut</strong></span> <span class='ocrx_word' id='word_1_564' title='bbox 2196 3288 2486 3353; x_wconf 89' lang='lat' dir='ltr'><strong>immundi,</strong></span> <span class='ocrx_word' id='word_1_565' title='bbox 2541 3289 2772 3342; x_wconf 89' lang='lat' dir='ltr'><strong>mundos</strong></span> <span class='ocrx_word' id='word_1_566' title='bbox 2821 3287 3088 3356; x_wconf 89' lang='lat' dir='ltr'><strong>putaretis</strong></span> <span class='ocrx_word' id='word_1_567' title='bbox 3141 3286 3474 3350; x_wconf 80' lang='lat' dir='ltr'><strong>immundos,</strong></span> 
     </span>
    </p>
   </div>
   <div class='ocr_carea' id='block_1_78' title="bbox 1893 3377 3475 3449">
    <p class='ocr_par' dir='ltr' id='par_1_78' title="bbox 1893 3377 3475 3449">
     <span class='ocr_line' id='line_1_78' title="bbox 1893 3377 3475 3449; baseline -0.004 -11"><span class='ocrx_word' id='word_1_568' title='bbox 1893 3382 2050 3438; x_wconf 83' lang='lat' dir='ltr'><strong>eritis</strong></span> <span class='ocrx_word' id='word_1_569' title='bbox 2082 3380 2290 3446; x_wconf 83' lang='lat' dir='ltr'><strong>fumus,</strong></span> <span class='ocrx_word' id='word_1_570' title='bbox 2343 3382 2484 3448; x_wconf 75' lang='lat' dir='ltr'><strong>ignis</strong></span> <span class='ocrx_word' id='word_1_571' title='bbox 2544 3380 2743 3434; x_wconf 86' lang='lat' dir='ltr'><strong>ardens</strong></span> <span class='ocrx_word' id='word_1_572' title='bbox 2792 3378 2904 3449; x_wconf 73' lang='grc' dir='ltr'><strong>[ΑΙ.</strong></span> <span class='ocrx_word' id='word_1_573' title='bbox 2947 3377 3234 3448; x_wconf 84' lang='lat' dir='ltr'><strong>ardentis],</strong></span> <span class='ocrx_word' id='word_1_574' title='bbox 3283 3377 3370 3446; x_wconf 89' lang='lat' dir='ltr'><strong>qui</strong></span> <span class='ocrx_word' id='word_1_575' title='bbox 3407 3378 3475 3432; x_wconf 87' lang='lat' dir='ltr'><strong>de</strong></span> 
     </span>
    </p>
   </div>
   <div class='ocr_carea' id='block_1_79' title="bbox 1896 3467 3476 3530">
    <p class='ocr_par' dir='ltr' id='par_1_79' title="bbox 1896 3467 3476 3530">
     <span class='ocr_line' id='line_1_79' title="bbox 1896 3467 3476 3530; baseline -0.003 -5"><span class='ocrx_word' id='word_1_576' title='bbox 1896 3487 2016 3526; x_wconf 89' lang='lat' dir='ltr'><strong>meo</strong></span> <span class='ocrx_word' id='word_1_577' title='bbox 2052 3473 2234 3527; x_wconf 84' lang='lat' dir='ltr'><strong>lurore</strong></span> <span class='ocrx_word' id='word_1_578' title='bbox 2289 3485 2588 3526; x_wconf 85' lang='lat' dir='ltr'><strong>succensus</strong></span> <span class='ocrx_word' id='word_1_579' title='bbox 2630 3479 2736 3524; x_wconf 86' lang='lat' dir='ltr'><strong>est.</strong></span> <span class='ocrx_word' id='word_1_580' title='bbox 2784 3468 3047 3522; x_wconf 85' lang='lat' dir='ltr'><strong>Furorem</strong></span> <span class='ocrx_word' id='word_1_581' title='bbox 3096 3478 3300 3530; x_wconf 89' lang='lat' dir='ltr'><strong>autem,</strong></span> <span class='ocrx_word' id='word_1_582' title='bbox 3335 3467 3476 3520; x_wconf 86' lang='lat' dir='ltr'><strong>obli-</strong></span> 
     </span>
    </p>
   </div>
   <div class='ocr_carea' id='block_1_80' title="bbox 1895 3557 3475 3631">
    <p class='ocr_par' dir='ltr' id='par_1_80' title="bbox 1895 3557 3475 3631">
     <span class='ocr_line' id='line_1_80' title="bbox 1895 3557 3475 3631; baseline -0.001 -17"><span class='ocrx_word' id='word_1_583' title='bbox 1895 3562 2130 3628; x_wconf 81' lang='lat' dir='ltr'><strong>vionem,</strong></span> <span class='ocrx_word' id='word_1_584' title='bbox 2180 3562 2341 3626; x_wconf 89' lang='lat' dir='ltr'><strong>iram,</strong></span> <span class='ocrx_word' id='word_1_585' title='bbox 2401 3559 2816 3631; x_wconf 63' lang='lat' dir='ltr'><strong>plenitudinem,</strong></span> <span class='ocrx_word' id='word_1_586' title='bbox 2858 3560 2929 3612; x_wconf 88' lang='lat' dir='ltr'><strong>ita</strong></span> <span class='ocrx_word' id='word_1_587' title='bbox 2979 3558 3033 3612; x_wconf 91' lang='lat' dir='ltr'><strong>in</strong></span> <span class='ocrx_word' id='word_1_588' title='bbox 3071 3557 3181 3612; x_wconf 91' lang='lat' dir='ltr'><strong>Deo</strong></span> <span class='ocrx_word' id='word_1_589' title='bbox 3211 3557 3475 3612; x_wconf 84' lang='lat' dir='ltr'><strong>debemus</strong></span> 
     </span>
    </p>
   </div>
   <div class='ocr_carea' id='block_1_81' title="bbox 1894 3651 3471 3724">
    <p class='ocr_par' dir='ltr' id='par_1_81' title="bbox 1894 3651 3471 3724">
     <span class='ocr_line' id='line_1_81' title="bbox 1894 3651 3471 3724; baseline -0.005 -15"><span class='ocrx_word' id='word_1_590' title='bbox 1894 3654 2164 3724; x_wconf 88' lang='lat' dir='ltr'><strong>accipere,</strong></span> <span class='ocrx_word' id='word_1_591' title='bbox 2200 3653 2474 3723; x_wconf 90' lang='lat' dir='ltr'><strong>quomodo</strong></span> <span class='ocrx_word' id='word_1_592' title='bbox 2522 3652 2711 3722; x_wconf 81' lang='lat' dir='ltr'><strong>pedes,</strong></span> <span class='ocrx_word' id='word_1_593' title='bbox 2779 3665 2996 3717; x_wconf 87' lang='lat' dir='ltr'><strong>manus,</strong></span> <span class='ocrx_word' id='word_1_594' title='bbox 3046 3651 3255 3710; x_wconf 88' lang='lat' dir='ltr'><strong>oculos,</strong></span> <span class='ocrx_word' id='word_1_595' title='bbox 3289 3663 3471 3715; x_wconf 85' lang='lat' dir='ltr'><strong>aures,</strong></span> 
     </span>
    </p>
   </div>
   <div class='ocr_carea' id='block_1_82' title="bbox 1895 3739 3474 3812">
    <p class='ocr_par' dir='ltr' id='par_1_82' title="bbox 1895 3739 3474 3812">
     <span class='ocr_line' id='line_1_82' title="bbox 1895 3739 3474 3812; baseline -0.005 -12"><span class='ocrx_word' id='word_1_596' title='bbox 1895 3753 1949 3800; x_wconf 89' lang='lat' dir='ltr'><strong>et</strong></span> <span class='ocrx_word' id='word_1_597' title='bbox 1973 3754 2169 3800; x_wconf 72' lang='lat' dir='ltr'><strong>caetera</strong></span> <span class='ocrx_word' id='word_1_598' title='bbox 2198 3745 2464 3810; x_wconf 87' lang='lat' dir='ltr'><strong>membra,</strong></span> <span class='ocrx_word' id='word_1_599' title='bbox 2496 3759 2616 3812; x_wconf 75' lang='lat' dir='ltr'><strong>quae</strong></span> <span class='ocrx_word' id='word_1_600' title='bbox 2650 3743 2852 3796; x_wconf 87' lang='lat' dir='ltr'><strong>habere</strong></span> <span class='ocrx_word' id='word_1_601' title='bbox 2885 3741 3083 3796; x_wconf 90' lang='lat' dir='ltr'><strong>dicitur</strong></span> <span class='ocrx_word' id='word_1_602' title='bbox 3115 3739 3474 3809; x_wconf 84' lang='lat' dir='ltr'><strong>incorporalis</strong></span> 
     </span>
    </p>
   </div>
   <div class='ocr_carea' id='block_1_83' title="bbox 1895 3831 3476 3904">
    <p class='ocr_par' dir='ltr' id='par_1_83' title="bbox 1895 3831 3476 3904">
     <span class='ocr_line' id='line_1_83' title="bbox 1895 3831 3476 3904; baseline -0.005 -12"><span class='ocrx_word' id='word_1_603' title='bbox 1895 3849 1945 3892; x_wconf 82' lang='lat' dir='ltr'><strong>et</strong></span> <span class='ocrx_word' id='word_1_604' title='bbox 1975 3836 2266 3892; x_wconf 83' lang='lat' dir='ltr'><strong>invisibilis</strong></span> <span class='ocrx_word' id='word_1_605' title='bbox 2288 3835 2452 3890; x_wconf 85' lang='lat' dir='ltr'><strong>Deus.</strong></span> <span class='ocrx_word' id='word_1_606' title='bbox 2488 3833 2603 3887; x_wconf 80' lang='lat' dir='ltr'><strong>Non</strong></span> <span class='ocrx_word' id='word_1_607' title='bbox 2635 3851 2746 3904; x_wconf 90' lang='lat' dir='ltr'><strong>quo</strong></span> <span class='ocrx_word' id='word_1_608' title='bbox 2770 3834 2856 3889; x_wconf 91' lang='lat' dir='ltr'><strong>his</strong></span> <span class='ocrx_word' id='word_1_609' title='bbox 2887 3841 3071 3902; x_wconf 85' lang='lat' dir='ltr'><strong>pateat</strong></span> <span class='ocrx_word' id='word_1_610' title='bbox 3104 3831 3476 3903; x_wconf 84' lang='lat' dir='ltr'><strong>perturbatio-</strong></span> 
     </span>
    </p>
   </div>
   <div class='ocr_carea' id='block_1_84' title="bbox 1896 3924 3474 3998">
    <p class='ocr_par' dir='ltr' id='par_1_84' title="bbox 1896 3924 3474 3998">
     <span class='ocr_line' id='line_1_84' title="bbox 1896 3924 3474 3998; baseline -0.003 -16"><span class='ocrx_word' id='word_1_611' title='bbox 1896 3929 2078 3994; x_wconf 86' lang='lat' dir='ltr'><strong>nibus,</strong></span> <span class='ocrx_word' id='word_1_612' title='bbox 2149 3928 2244 3998; x_wconf 92' lang='lat' dir='ltr'><strong>qui</strong></span> <span class='ocrx_word' id='word_1_613' title='bbox 2301 3941 2396 3983; x_wconf 89' lang='lat' dir='ltr'><strong>eas</strong></span> <span class='ocrx_word' id='word_1_614' title='bbox 2443 3929 2588 3982; x_wconf 88' lang='lat' dir='ltr'><strong>dono</strong></span> <span class='ocrx_word' id='word_1_615' title='bbox 2648 3926 2839 3995; x_wconf 74' lang='lat' dir='ltr'><strong>gratia:</strong></span> <span class='ocrx_word' id='word_1_616' title='bbox 2891 3940 3006 3980; x_wconf 80' lang='lat' dir='ltr'><strong>sua:</strong></span> <span class='ocrx_word' id='word_1_617' title='bbox 3063 3924 3362 3994; x_wconf 81' lang='lat' dir='ltr'><strong>exstinguit</strong></span> <span class='ocrx_word' id='word_1_618' title='bbox 3421 3925 3474 3978; x_wconf 88' lang='lat' dir='ltr'><strong>in</strong></span> 
     </span>
    </p>
   </div>
   <div class='ocr_carea' id='block_1_85' title="bbox 1897 4013 3476 4087">
    <p class='ocr_par' dir='ltr' id='par_1_85' title="bbox 1897 4013 3476 4087">
     <span class='ocr_line' id='line_1_85' title="bbox 1897 4013 3476 4087; baseline -0.004 -14"><span class='ocrx_word' id='word_1_619' title='bbox 1897 4020 2086 4083; x_wconf 86' lang='lat' dir='ltr'><strong>nobis;</strong></span> <span class='ocrx_word' id='word_1_620' title='bbox 2116 4020 2210 4074; x_wconf 86' lang='lat' dir='ltr'><strong>sed</strong></span> <span class='ocrx_word' id='word_1_621' title='bbox 2241 4033 2348 4087; x_wconf 90' lang='lat' dir='ltr'><strong>quo</strong></span> <span class='ocrx_word' id='word_1_622' title='bbox 2381 4031 2478 4087; x_wconf 85' lang='lat' dir='ltr'><strong>per</strong></span> <span class='ocrx_word' id='word_1_623' title='bbox 2517 4025 2708 4071; x_wconf 89' lang='lat' dir='ltr'><strong>nostra</strong></span> <span class='ocrx_word' id='word_1_624' title='bbox 2747 4014 2911 4070; x_wconf 86' lang='lat' dir='ltr'><strong>verba</strong></span> <span class='ocrx_word' id='word_1_625' title='bbox 2959 4013 3051 4069; x_wconf 88' lang='lat' dir='ltr'><strong>Dei</strong></span> <span class='ocrx_word' id='word_1_626' title='bbox 3100 4029 3227 4084; x_wconf 78' lang='lat' dir='ltr'><strong>ergo</strong></span> <span class='ocrx_word' id='word_1_627' title='bbox 3253 4029 3353 4067; x_wconf 87' lang='lat' dir='ltr'><strong>nos</strong></span> <span class='ocrx_word' id='word_1_628' title='bbox 3389 4013 3476 4066; x_wconf 87' lang='lat' dir='ltr'><strong>itt-</strong></span> 
     </span>
    </p>
   </div>
   <div class='ocr_carea' id='block_1_86' title="bbox 1898 4105 3477 4179">
    <p class='ocr_par' dir='ltr' id='par_1_86' title="bbox 1898 4105 3477 4179">
     <span class='ocr_line' id='line_1_86' title="bbox 1898 4105 3477 4179; baseline -0.004 -14"><span class='ocrx_word' id='word_1_629' title='bbox 1898 4110 2204 4179; x_wconf 77' lang='lat' dir='ltr'><strong>telligamus</strong></span> <span class='ocrx_word' id='word_1_630' title='bbox 2261 4109 2534 4163; x_wconf 69' lang='lat' dir='ltr'><strong>allectum.</strong></span> <span class='ocrx_word' id='word_1_631' title='bbox 2603 4107 2793 4177; x_wconf 83' lang='lat' dir='ltr'><strong>Neque</strong></span> <span class='ocrx_word' id='word_1_632' title='bbox 2844 4107 2988 4160; x_wconf 87' lang='lat' dir='ltr'><strong>enim</strong></span> <span class='ocrx_word' id='word_1_633' title='bbox 3039 4105 3143 4170; x_wconf 53' lang='lat' dir='ltr'><strong>ira»,</strong></span> <span class='ocrx_word' id='word_1_634' title='bbox 3216 4119 3337 4174; x_wconf 71' lang='lat' dir='ltr'><strong>quae</strong></span> <span class='ocrx_word' id='word_1_635' title='bbox 3391 4116 3477 4159; x_wconf 86' lang='lat' dir='ltr'><strong>est</strong></span> 
     </span>
    </p>
   </div>
   <div class='ocr_carea' id='block_1_87' title="bbox 1897 4195 3478 4265">
    <p class='ocr_par' dir='ltr' id='par_1_87' title="bbox 1897 4195 3478 4265">
     <span class='ocr_line' id='line_1_87' title="bbox 1897 4195 3478 4265; baseline -0.006 -8"><span class='ocrx_word' id='word_1_636' title='bbox 1897 4202 2119 4257; x_wconf 85' lang='lat' dir='ltr'><strong>ultionis</strong></span> <span class='ocrx_word' id='word_1_637' title='bbox 2147 4200 2339 4265; x_wconf 87' lang='lat' dir='ltr'><strong>libido,</strong></span> <span class='ocrx_word' id='word_1_638' title='bbox 2368 4201 2442 4254; x_wconf 90' lang='lat' dir='ltr'><strong>ita</strong></span> <span class='ocrx_word' id='word_1_639' title='bbox 2473 4197 2728 4253; x_wconf 80' lang='lat' dir='ltr'><strong>delinitur</strong></span> <span class='ocrx_word' id='word_1_640' title='bbox 2783 4197 2836 4251; x_wconf 87' lang='lat' dir='ltr'><strong>itt</strong></span> <span class='ocrx_word' id='word_1_641' title='bbox 2889 4197 3019 4262; x_wconf 88' lang='lat' dir='ltr'><strong>Deo,</strong></span> <span class='ocrx_word' id='word_1_642' title='bbox 3069 4205 3124 4249; x_wconf 93' lang='lat' dir='ltr'><strong>ut</strong></span> <span class='ocrx_word' id='word_1_643' title='bbox 3154 4196 3206 4249; x_wconf 92' lang='lat' dir='ltr'><strong>in</strong></span> <span class='ocrx_word' id='word_1_644' title='bbox 3246 4195 3478 4250; x_wconf 87' lang='lat' dir='ltr'><strong>homini-</strong></span> 
     </span>
    </p>
   </div>
   <div class='ocr_carea' id='block_1_88' title="bbox 1897 4290 3476 4363">
    <p class='ocr_par' dir='ltr' id='par_1_88' title="bbox 1897 4290 3476 4363">
     <span class='ocr_line' id='line_1_88' title="bbox 1897 4290 3476 4363; baseline -0.004 -16"><span class='ocrx_word' id='word_1_645' title='bbox 1897 4296 2017 4360; x_wconf 86' lang='lat' dir='ltr'><strong>bus,</strong></span> <span class='ocrx_word' id='word_1_646' title='bbox 2053 4309 2171 4363; x_wconf 67' lang='lat' dir='ltr'><strong>qute</strong></span> <span class='ocrx_word' id='word_1_647' title='bbox 2197 4295 2480 4348; x_wconf 88' lang='lat' dir='ltr'><strong>materiam</strong></span> <span class='ocrx_word' id='word_1_648' title='bbox 2525 4293 2687 4346; x_wconf 89' lang='lat' dir='ltr'><strong>habet</strong></span> <span class='ocrx_word' id='word_1_649' title='bbox 2720 4291 2774 4345; x_wconf 91' lang='lat' dir='ltr'><strong>in</strong></span> <span class='ocrx_word' id='word_1_650' title='bbox 2827 4290 3030 4345; x_wconf 79' lang='lat' dir='ltr'><strong>nostris</strong></span> <span class='ocrx_word' id='word_1_651' title='bbox 3076 4290 3245 4353; x_wconf 83' lang='lat' dir='ltr'><strong>vitiis,</strong></span> <span class='ocrx_word' id='word_1_652' title='bbox 3287 4305 3392 4343; x_wconf 87' lang='lat' dir='ltr'><strong>non</strong></span> <span class='ocrx_word' id='word_1_653' title='bbox 3425 4290 3476 4341; x_wconf 90' lang='lat' dir='ltr'><strong>in</strong></span> 
     </span>
    </p>
   </div>
   <div class='ocr_carea' id='block_1_89' title="bbox 1903 4381 3478 4452">
    <p class='ocr_par' dir='ltr' id='par_1_89' title="bbox 1903 4381 3478 4452">
     <span class='ocr_line' id='line_1_89' title="bbox 1903 4381 3478 4452; baseline -0.005 -12"><span class='ocrx_word' id='word_1_654' title='bbox 1903 4386 2114 4443; x_wconf 87' lang='lat' dir='ltr'><strong>Domini</strong></span> <span class='ocrx_word' id='word_1_655' title='bbox 2151 4387 2429 4441; x_wconf 88' lang='lat' dir='ltr'><strong>voluntate</strong></span> <span class='ocrx_word' id='word_1_656' title='bbox 2477 4399 2492 4439; x_wconf 88' lang='lat'><strong>:</strong></span> <span class='ocrx_word' id='word_1_657' title='bbox 2538 4383 2629 4452; x_wconf 89' lang='lat' dir='ltr'><strong>qui</strong></span> <span class='ocrx_word' id='word_1_658' title='bbox 2672 4382 3114 4437; x_wconf 81' lang='lat' dir='ltr'><strong>tbesaurizamus</strong></span> <span class='ocrx_word' id='word_1_659' title='bbox 3155 4381 3312 4436; x_wconf 90' lang='lat' dir='ltr'><strong>nobis</strong></span> <span class='ocrx_word' id='word_1_660' title='bbox 3343 4381 3478 4435; x_wconf 89' lang='lat' dir='ltr'><strong>iram</strong></span> 
     </span>
    </p>
   </div>
   <div class='ocr_carea' id='block_1_90' title="bbox 215 4465 3482 4548">
    <p class='ocr_par' dir='ltr' id='par_1_90' title="bbox 215 4465 3482 4548">
     <span class='ocr_line' id='line_1_90' title="bbox 215 4465 3482 4548; baseline -0.002 -18"><span class='ocrx_word' id='word_1_661' title='bbox 215 4481 472 4533; x_wconf 84' lang='lat' dir='ltr'><strong>orationis</strong></span> <span class='ocrx_word' id='word_1_662' title='bbox 509 4477 784 4534; x_wconf 74' lang='lat' dir='ltr'><strong>vocabitur</strong></span> <span class='ocrx_word' id='word_1_663' title='bbox 813 4493 832 4531; x_wconf 88' lang='lat'><em>:</em></span> <span class='ocrx_word' id='word_1_664' title='bbox 867 4494 952 4532; x_wconf 79' lang='lat' dir='ltr'><strong>ros</strong></span> <span class='ocrx_word' id='word_1_665' title='bbox 999 4487 1176 4532; x_wconf 83' lang='lat' dir='ltr'><strong>autent</strong></span> <span class='ocrx_word' id='word_1_666' title='bbox 1202 4477 1403 4548; x_wconf 78' lang='lat' dir='ltr'><strong>fecistis</strong></span> <span class='ocrx_word' id='word_1_667' title='bbox 1431 4493 1545 4532; x_wconf 84' lang='lat' dir='ltr'><strong>eam</strong></span> <span class='ocrx_word' id='word_1_668' title='bbox 1581 4477 1788 4546; x_wconf 81' lang='lat' dir='ltr'><strong>spelun-</strong></span> <span class='ocrx_word' id='word_1_669' title='bbox 1821 4465 1869 4526; x_wconf 79' lang='grc' dir='ltr'>υ</span> <span class='ocrx_word' id='word_1_670' title='bbox 1898 4479 1951 4534; x_wconf 91' lang='lat' dir='ltr'><strong>in</strong></span> <span class='ocrx_word' id='word_1_671' title='bbox 1976 4479 2064 4535; x_wconf 92' lang='lat' dir='ltr'><strong>die</strong></span> <span class='ocrx_word' id='word_1_672' title='bbox 2093 4480 2208 4543; x_wconf 71' lang='lat' dir='ltr'><strong>irae,</strong></span> <span class='ocrx_word' id='word_1_673' title='bbox 2242 4486 2296 4532; x_wconf 89' lang='lat' dir='ltr'><strong>et</strong></span> <span class='ocrx_word' id='word_1_674' title='bbox 2327 4475 2675 4531; x_wconf 77' lang='lat' dir='ltr'><strong>revelationis</strong></span> <span class='ocrx_word' id='word_1_675' title='bbox 2721 4473 2853 4545; x_wconf 88' lang='lat' dir='ltr'><strong>justi</strong></span> <span class='ocrx_word' id='word_1_676' title='bbox 2897 4472 3092 4543; x_wconf 83' lang='lat' dir='ltr'><strong>judicii</strong></span> <span class='ocrx_word' id='word_1_677' title='bbox 3147 4473 3261 4540; x_wconf 88' lang='lat' dir='ltr'><strong>Dei,</strong></span> <span class='ocrx_word' id='word_1_678' title='bbox 3296 4483 3353 4526; x_wconf 93' lang='lat' dir='ltr'><strong>ut</strong></span> <span class='ocrx_word' id='word_1_679' title='bbox 3385 4473 3482 4526; x_wconf 60' lang='lat' dir='ltr'><strong>triv</strong></span> 
     </span>
    </p>
   </div>
   <div class='ocr_carea' id='block_1_91' title="bbox 281 4638 1786 4710">
    <p class='ocr_par' dir='ltr' id='par_1_91' title="bbox 281 4638 1786 4710">
     <span class='ocr_line' id='line_1_91' title="bbox 281 4638 1786 4710; baseline 0 -16"><span class='ocrx_word' id='word_1_680' title='bbox 281 4642 298 4672; x_wconf 88' lang='grc'>¹</span> <span class='ocrx_word' id='word_1_681' title='bbox 331 4640 600 4710; x_wconf 70' lang='lat' dir='ltr'><strong>Apposite</strong></span> <span class='ocrx_word' id='word_1_682' title='bbox 629 4638 1000 4694; x_wconf 80' lang='lat' dir='ltr'><strong>Tbeodoritus</strong></span> <span class='ocrx_word' id='word_1_683' title='bbox 1033 4639 1084 4691; x_wconf 90' lang='lat' dir='ltr'><strong>in</strong></span> <span class='ocrx_word' id='word_1_684' title='bbox 1114 4639 1347 4700; x_wconf 88' lang='lat' dir='ltr'><strong>quadam</strong></span> <span class='ocrx_word' id='word_1_685' title='bbox 1377 4638 1578 4694; x_wconf 85' lang='lat' dir='ltr'><strong>Catena</strong></span> <span class='ocrx_word' id='word_1_686' title='bbox 1620 4640 1786 4710; x_wconf 79' lang='lat' dir='ltr'><strong>Regia</strong></span> 
     </span>
    </p>
   </div>
   <div class='ocr_carea' id='block_1_92' title="bbox 219 4709 1792 4779">
    <p class='ocr_par' dir='ltr' id='par_1_92' title="bbox 219 4709 1792 4779">
     <span class='ocr_line' id='line_1_92' title="bbox 219 4709 1792 4779; baseline 0.001 -19"><span class='ocrx_word' id='word_1_687' title='bbox 219 4726 313 4765; x_wconf 81' lang='lat' dir='ltr'><strong>ms.</strong></span> <span class='ocrx_word' id='word_1_688' title='bbox 365 4712 518 4776; x_wconf 85' lang='lat' dir='ltr'><strong>apud</strong></span> <span class='ocrx_word' id='word_1_689' title='bbox 571 4709 830 4769; x_wconf 84' lang='lat' dir='ltr'><strong>Din-eum,</strong></span> <span class='ocrx_word' id='word_1_690' title='bbox 883 4712 1004 4772; x_wconf 80' lang='grc' dir='ltr'>ταῖς</span> <span class='ocrx_word' id='word_1_691' title='bbox 1033 4710 1158 4762; x_wconf 79' lang='grc' dir='ltr'><strong>καθ’</strong></span> <span class='ocrx_word' id='word_1_692' title='bbox 1217 4710 1417 4771; x_wconf 73' lang='grc' dir='ltr'>ὕπνους</span> <span class='ocrx_word' id='word_1_693' title='bbox 1467 4709 1792 4779; x_wconf 73' lang='grc' dir='ltr'><strong>γενομὲνὰις</strong></span> 
     </span>
    </p>
   </div>
   <div class='ocr_carea' id='block_1_93' title="bbox 218 4779 1791 4865">
    <p class='ocr_par' dir='ltr' id='par_1_93' title="bbox 218 4779 1791 4865">
     <span class='ocr_line' id='line_1_93' title="bbox 218 4779 1791 4865; baseline 0.001 -34"><span class='ocrx_word' id='word_1_694' title='bbox 218 4781 548 4844; x_wconf 67' lang='grc' dir='ltr'><strong>φαντασίαις</strong></span> <span class='ocrx_word' id='word_1_695' title='bbox 575 4779 1081 4865; x_wconf 38' lang='grc' dir='ltr'><strong>ἁκολρυβρῦσιχκςλ</strong></span> <span class='ocrx_word' id='word_1_696' title='bbox 1111 4780 1488 4865; x_wconf 45' lang='grc' dir='ltr'><strong>τούτουιχάριν</strong></span> <span class='ocrx_word' id='word_1_697' title='bbox 1513 4782 1607 4832; x_wconf 76' lang='grc' dir='ltr'>καὶ</span> <span class='ocrx_word' id='word_1_698' title='bbox 1639 4782 1791 4850; x_wconf 80' lang='grc' dir='ltr'><strong>παρὰ</strong></span> 
     </span>
    </p>
   </div>
   <div class='ocr_carea' id='block_1_94' title="bbox 217 4848 1788 4919">
    <p class='ocr_par' dir='ltr' id='par_1_94' title="bbox 217 4848 1788 4919">
     <span class='ocr_line' id='line_1_94' title="bbox 217 4848 1788 4919; baseline 0 -17"><span class='ocrx_word' id='word_1_699' title='bbox 217 4853 335 4913; x_wconf 73' lang='grc' dir='ltr'><strong>τοὺς</strong></span> <span class='ocrx_word' id='word_1_700' title='bbox 366 4852 578 4918; x_wconf 76' lang='grc' dir='ltr'><strong>τάφους</strong></span> <span class='ocrx_word' id='word_1_701' title='bbox 627 4848 911 4902; x_wconf 76' lang='grc' dir='ltr'><strong>καθεύδειν</strong></span> <span class='ocrx_word' id='word_1_702' title='bbox 956 4850 1262 4919; x_wconf 79' lang='grc' dir='ltr'><strong>ἀνέχονται.</strong></span> <span class='ocrx_word' id='word_1_703' title='bbox 1301 4848 1521 4917; x_wconf 80' lang='lat' dir='ltr'><strong>Spectra</strong></span> <span class='ocrx_word' id='word_1_704' title='bbox 1556 4859 1605 4903; x_wconf 83' lang='lat' dir='ltr'><strong>et</strong></span> <span class='ocrx_word' id='word_1_705' title='bbox 1652 4848 1788 4914; x_wconf 77' lang='lat' dir='ltr'><strong>visa,</strong></span> 
     </span>
    </p>
   </div>
   <div class='ocr_carea' id='block_1_95' title="bbox 217 4919 1792 5002">
    <p class='ocr_par' dir='ltr' id='par_1_95' title="bbox 217 4919 1792 5002">
     <span class='ocr_line' id='line_1_95' title="bbox 217 4919 1792 5002; baseline 0.001 -30"><span class='ocrx_word' id='word_1_706' title='bbox 217 4938 314 4999; x_wconf 73' lang='lat' dir='ltr'><strong>qua</strong></span> <span class='ocrx_word' id='word_1_707' title='bbox 341 4923 398 4974; x_wconf 82' lang='lat' dir='ltr'><strong>in</strong></span> <span class='ocrx_word' id='word_1_708' title='bbox 422 4921 624 5002; x_wconf 71' lang='lat' dir='ltr'><strong>somnis</strong></span> <span class='ocrx_word' id='word_1_709' title='bbox 650 4930 926 5002; x_wconf 78' lang='lat' dir='ltr'><strong>apparent,</strong></span> <span class='ocrx_word' id='word_1_710' title='bbox 967 4929 1260 5002; x_wconf 76' lang='lat' dir='ltr'><strong>sectantur,</strong></span> <span class='ocrx_word' id='word_1_711' title='bbox 1292 4932 1342 4972; x_wconf 83' lang='lat' dir='ltr'><strong>et</strong></span> <span class='ocrx_word' id='word_1_712' title='bbox 1396 4920 1497 4973; x_wconf 84' lang='lat' dir='ltr'><strong>hac</strong></span> <span class='ocrx_word' id='word_1_713' title='bbox 1528 4919 1592 4972; x_wconf 82' lang='lat' dir='ltr'><strong>de</strong></span> <span class='ocrx_word' id='word_1_714' title='bbox 1623 4935 1792 4974; x_wconf 84' lang='lat' dir='ltr'><strong>causa</strong></span> 
     </span>
    </p>
   </div>
   <div class='ocr_carea' id='block_1_96' title="bbox 1105 5009 1116 5034">
    <p class='ocr_par' dir='ltr' id='par_1_96' title="bbox 1105 5009 1116 5034">
     <span class='ocr_line' id='line_1_96' title="bbox 1105 5009 1116 5034; baseline 0 0"><span class='ocrx_word' id='word_1_715' title='bbox 1105 5009 1116 5034; x_wconf 78' lang='grc' dir='ltr'><strong><em>Ι</em></strong></span> 
     </span>
    </p>
   </div>
   <div class='ocr_carea' id='block_1_97' title="bbox 210 4993 1789 5118">
    <p class='ocr_par' dir='ltr' id='par_1_97' title="bbox 210 4993 1789 5118">
     <span class='ocr_line' id='line_1_97' title="bbox 210 4993 1328 5059; baseline 0.003 -16"><span class='ocrx_word' id='word_1_716' title='bbox 210 4993 362 5059; x_wconf 72' lang='lat' dir='ltr'><strong>juxta</strong></span> <span class='ocrx_word' id='word_1_717' title='bbox 394 4994 640 5054; x_wconf 80' lang='lat' dir='ltr'><strong>scpulcm</strong></span> <span class='ocrx_word' id='word_1_718' title='bbox 664 4993 892 5042; x_wconf 83' lang='lat' dir='ltr'><strong>dormire</strong></span> <span class='ocrx_word' id='word_1_719' title='bbox 933 4993 1163 5042; x_wconf 80' lang='lat' dir='ltr'><strong>contenti</strong></span> <span class='ocrx_word' id='word_1_720' title='bbox 1183 5000 1328 5046; x_wconf 79' lang='lat' dir='ltr'><strong>sunt.</strong></span> 
     </span>
     <span class='ocr_line' id='line_1_98' title="bbox 288 5059 1789 5118; baseline 0.001 -4"><span class='ocrx_word' id='word_1_721' title='bbox 288 5064 307 5092; x_wconf 81' lang='grc'>²</span> <span class='ocrx_word' id='word_1_722' title='bbox 345 5061 668 5114; x_wconf 74' lang='grc' dir='ltr'><strong>Ρτίάὶςιιιιιιιι</strong></span> <span class='ocrx_word' id='word_1_723' title='bbox 705 5060 933 5118; x_wconf 87' lang='lat' dir='ltr'><strong>scilicet.</strong></span> <span class='ocrx_word' id='word_1_724' title='bbox 969 5059 1084 5111; x_wconf 83' lang='lat' dir='ltr'><strong>sive</strong></span> <span class='ocrx_word' id='word_1_725' title='bbox 1129 5063 1441 5114; x_wconf 87' lang='lat' dir='ltr'><strong>hesternum</strong></span> <span class='ocrx_word' id='word_1_726' title='bbox 1482 5060 1664 5115; x_wconf 89' lang='lat' dir='ltr'><strong>cibum</strong></span> <span class='ocrx_word' id='word_1_727' title='bbox 1699 5069 1789 5116; x_wconf 86' lang='lat' dir='ltr'><strong>aut</strong></span> 
     </span>
    </p>
   </div>
   <div class='ocr_carea' id='block_1_98' title="bbox 223 5126 1788 5200">
    <p class='ocr_par' dir='ltr' id='par_1_98' title="bbox 223 5126 1788 5200">
     <span class='ocr_line' id='line_1_99' title="bbox 223 5126 1788 5200; baseline 0.003 -18"><span class='ocrx_word' id='word_1_728' title='bbox 223 5142 428 5198; x_wconf 87' lang='lat' dir='ltr'><strong>potum.</strong></span> <span class='ocrx_word' id='word_1_729' title='bbox 480 5129 798 5196; x_wconf 69' lang='lat' dir='ltr'><strong>Praecipitur</strong></span> <span class='ocrx_word' id='word_1_730' title='bbox 836 5130 981 5182; x_wconf 84' lang='lat' dir='ltr'><strong>enim</strong></span> <span class='ocrx_word' id='word_1_731' title='bbox 1033 5126 1206 5183; x_wconf 69' lang='lat' dir='ltr'><strong>Exod.</strong></span> <span class='ocrx_word' id='word_1_732' title='bbox 1251 5146 1360 5194; x_wconf 72' lang='lat' dir='ltr'><strong>xvi,</strong></span> <span class='ocrx_word' id='word_1_733' title='bbox 1395 5132 1488 5194; x_wconf 71' lang='lat'><strong>‘25,</strong></span> <span class='ocrx_word' id='word_1_734' title='bbox 1529 5141 1584 5184; x_wconf 93' lang='lat' dir='ltr'><strong>ut</strong></span> <span class='ocrx_word' id='word_1_735' title='bbox 1614 5131 1788 5200; x_wconf 84' lang='lat' dir='ltr'><strong>pridie</strong></span> 
     </span>
    </p>
   </div>
   <div class='ocr_carea' id='block_1_99' title="bbox 224 5201 1786 5270">
    <p class='ocr_par' dir='ltr' id='par_1_99' title="bbox 224 5201 1786 5270">
     <span class='ocr_line' id='line_1_100' title="bbox 224 5201 1786 5270; baseline 0 -15"><span class='ocrx_word' id='word_1_736' title='bbox 224 5201 446 5255; x_wconf 77' lang='lat' dir='ltr'><strong>Sairbati</strong></span> <span class='ocrx_word' id='word_1_737' title='bbox 498 5209 949 5270; x_wconf 36' lang='lat' dir='ltr'><strong>coquanturpet</strong></span> <span class='ocrx_word' id='word_1_738' title='bbox 1022 5211 1350 5267; x_wconf 80' lang='lat' dir='ltr'><strong>reponantur</strong></span> <span class='ocrx_word' id='word_1_739' title='bbox 1408 5204 1459 5255; x_wconf 89' lang='lat' dir='ltr'><strong>in</strong></span> <span class='ocrx_word' id='word_1_740' title='bbox 1515 5210 1786 5270; x_wconf 85' lang='lat' dir='ltr'><strong>posterqu</strong></span> 
     </span>
    </p>
   </div>
   <div class='ocr_carea' id='block_1_100' title="bbox 221 5268 1786 5338">
    <p class='ocr_par' dir='ltr' id='par_1_100' title="bbox 221 5268 1786 5338">
     <span class='ocr_line' id='line_1_101' title="bbox 221 5268 1786 5338; baseline 0.004 -18"><span class='ocrx_word' id='word_1_741' title='bbox 221 5273 384 5336; x_wconf 89' lang='lat' dir='ltr'><strong>diem,</strong></span> <span class='ocrx_word' id='word_1_742' title='bbox 432 5286 554 5338; x_wconf 65' lang='lat' dir='ltr'><strong>quae</strong></span> <span class='ocrx_word' id='word_1_743' title='bbox 595 5273 710 5337; x_wconf 87' lang='lat' dir='ltr'><strong>ipso</strong></span> <span class='ocrx_word' id='word_1_744' title='bbox 750 5268 985 5321; x_wconf 79' lang='lat' dir='ltr'><strong>Sabhato</strong></span> <span class='ocrx_word' id='word_1_745' title='bbox 1031 5271 1360 5324; x_wconf 82' lang='lat' dir='ltr'><strong>comedenda</strong></span> <span class='ocrx_word' id='word_1_746' title='bbox 1412 5268 1572 5337; x_wconf 80' lang='lat' dir='ltr'><strong>sunt;</strong></span> <span class='ocrx_word' id='word_1_747' title='bbox 1623 5281 1676 5324; x_wconf 90' lang='lat' dir='ltr'><strong>et</strong></span> <span class='ocrx_word' id='word_1_748' title='bbox 1733 5287 1786 5327; x_wconf 87' lang='lat' dir='ltr'><strong>c.</strong></span> 
     </span>
    </p>
   </div>
   <div class='ocr_carea' id='block_1_101' title="bbox 223 5338 1786 5406">
    <p class='ocr_par' dir='ltr' id='par_1_101' title="bbox 223 5338 1786 5406">
     <span class='ocr_line' id='line_1_102' title="bbox 223 5338 1786 5406; baseline 0.001 -14"><span class='ocrx_word' id='word_1_749' title='bbox 223 5357 384 5404; x_wconf 75' lang='lat' dir='ltr'><strong>xxxv,</strong></span> <span class='ocrx_word' id='word_1_750' title='bbox 418 5342 474 5402; x_wconf 76' lang='grc'><strong>5,</strong></span> <span class='ocrx_word' id='word_1_751' title='bbox 507 5351 721 5392; x_wconf 78' lang='lat' dir='ltr'><strong>velatur</strong></span> <span class='ocrx_word' id='word_1_752' title='bbox 753 5341 929 5406; x_wconf 79' lang='lat' dir='ltr'><strong>ignem</strong></span> <span class='ocrx_word' id='word_1_753' title='bbox 962 5338 1172 5391; x_wconf 86' lang='lat' dir='ltr'><strong>incendi</strong></span> <span class='ocrx_word' id='word_1_754' title='bbox 1212 5356 1306 5404; x_wconf 90' lang='lat' dir='ltr'><strong>per</strong></span> <span class='ocrx_word' id='word_1_755' title='bbox 1344 5343 1534 5396; x_wconf 86' lang='lat' dir='ltr'><strong>domos</strong></span> <span class='ocrx_word' id='word_1_756' title='bbox 1563 5343 1615 5394; x_wconf 91' lang='lat' dir='ltr'><strong>in</strong></span> <span class='ocrx_word' id='word_1_757' title='bbox 1649 5341 1786 5395; x_wconf 85' lang='lat' dir='ltr'><strong>Sab-</strong></span> 
     </span>
    </p>
   </div>
   <div class='ocr_carea' id='block_1_102' title="bbox 223 5407 1788 5481">
    <p class='ocr_par' dir='ltr' id='par_1_102' title="bbox 223 5407 1788 5481">
     <span class='ocr_line' id='line_1_103' title="bbox 223 5407 1788 5481; baseline 0.001 -18"><span class='ocrx_word' id='word_1_758' title='bbox 223 5416 368 5465; x_wconf 88' lang='lat' dir='ltr'><strong>bato.</strong></span> <span class='ocrx_word' id='word_1_759' title='bbox 406 5409 618 5481; x_wconf 54' lang='grc' dir='ltr'><strong>Ἕῳλον</strong></span> <span class='ocrx_word' id='word_1_760' title='bbox 667 5411 852 5462; x_wconf 86' lang='lat' dir='ltr'><strong>dicunt</strong></span> <span class='ocrx_word' id='word_1_761' title='bbox 883 5407 1088 5481; x_wconf 64' lang='lat' dir='ltr'><strong>Graeci,</strong></span> <span class='ocrx_word' id='word_1_762' title='bbox 1127 5411 1270 5463; x_wconf 85' lang='lat' dir='ltr'><strong>unde</strong></span> <span class='ocrx_word' id='word_1_763' title='bbox 1304 5412 1362 5466; x_wconf 88' lang='lat' dir='ltr'><strong>S.</strong></span> <span class='ocrx_word' id='word_1_764' title='bbox 1400 5411 1654 5481; x_wconf 75' lang='lat' dir='ltr'><strong>Ignatius_</strong></span> <span class='ocrx_word' id='word_1_765' title='bbox 1673 5410 1788 5480; x_wconf 87' lang='lat' dir='ltr'><strong>epi-</strong></span> 
     </span>
    </p>
   </div>
   <div class='ocr_carea' id='block_1_103' title="bbox 221 5479 1781 5549">
    <p class='ocr_par' dir='ltr' id='par_1_103' title="bbox 221 5479 1781 5549">
     <span class='ocr_line' id='line_1_104' title="bbox 221 5479 1781 5549; baseline -0.001 -15"><span class='ocrx_word' id='word_1_766' title='bbox 221 5482 356 5534; x_wconf 75' lang='lat' dir='ltr'><strong>stola</strong></span> <span class='ocrx_word' id='word_1_767' title='bbox 394 5483 464 5534; x_wconf 89' lang='lat' dir='ltr'><strong>ad</strong></span> <span class='ocrx_word' id='word_1_768' title='bbox 497 5479 834 5549; x_wconf 67' lang='lat' dir='ltr'><strong>Magnesiam</strong></span> <span class='ocrx_word' id='word_1_769' title='bbox 867 5479 963 5547; x_wconf 80' lang='grc' dir='ltr'><strong>οὐχ</strong></span> <span class='ocrx_word' id='word_1_770' title='bbox 1003 5479 1144 5530; x_wconf 70' lang='grc' dir='ltr'><strong>ἕωλα.</strong></span> <span class='ocrx_word' id='word_1_771' title='bbox 1189 5481 1404 5535; x_wconf 76' lang='grc' dir='ltr'><strong>ἐσθίων.</strong></span> <span class='ocrx_word' id='word_1_772' title='bbox 1429 5479 1582 5536; x_wconf 62' lang='grc' dir='ltr'>’νὶιιε</span> <span class='ocrx_word' id='word_1_773' title='bbox 1614 5479 1781 5534; x_wconf 77' lang='lat' dir='ltr'><strong>Thal-</strong></span> 
     </span>
    </p>
   </div>
   <div class='ocr_carea' id='block_1_104' title="bbox 223 5549 1788 5610">
    <p class='ocr_par' dir='ltr' id='par_1_104' title="bbox 223 5549 1788 5610">
     <span class='ocr_line' id='line_1_105' title="bbox 223 5549 1788 5610; baseline 0.004 -10"><span class='ocrx_word' id='word_1_774' title='bbox 223 5551 500 5606; x_wconf 84' lang='lat' dir='ltr'><strong>mudicutn</strong></span> <span class='ocrx_word' id='word_1_775' title='bbox 538 5562 830 5604; x_wconf 84' lang='lat' dir='ltr'><strong>tractatum</strong></span> <span class='ocrx_word' id='word_1_776' title='bbox 867 5549 934 5602; x_wconf 90' lang='lat' dir='ltr'><strong>de</strong></span> <span class='ocrx_word' id='word_1_777' title='bbox 963 5549 1220 5610; x_wconf 76' lang='lat' dir='ltr'><strong>Sabbato.</strong></span> <span class='ocrx_word' id='word_1_778' title='bbox 1249 5551 1335 5606; x_wconf 88' lang='lat' dir='ltr'><strong>ubi</strong></span> <span class='ocrx_word' id='word_1_779' title='bbox 1368 5562 1424 5606; x_wconf 89' lang='lat' dir='ltr'><strong>et</strong></span> <span class='ocrx_word' id='word_1_780' title='bbox 1463 5555 1528 5606; x_wconf 87' lang='lat' dir='ltr'><strong>de</strong></span> <span class='ocrx_word' id='word_1_781' title='bbox 1562 5553 1788 5606; x_wconf 83' lang='lat' dir='ltr'><strong>loruace</strong></span> 
     </span>
    </p>
   </div>
   <div class='ocr_carea' id='block_1_105' title="bbox 225 5621 1304 5689">
    <p class='ocr_par' dir='ltr' id='par_1_105' title="bbox 225 5621 1304 5689">
     <span class='ocr_line' id='line_1_106' title="bbox 225 5621 1304 5689; baseline 0.005 -19"><span class='ocrx_word' id='word_1_782' title='bbox 225 5626 408 5688; x_wconf 76' lang='lat' dir='ltr'><strong>agitur</strong></span> <span class='ocrx_word' id='word_1_783' title='bbox 443 5621 496 5674; x_wconf 90' lang='lat' dir='ltr'><strong>in</strong></span> <span class='ocrx_word' id='word_1_784' title='bbox 530 5635 632 5689; x_wconf 86' lang='lat' dir='ltr'><strong>qua</strong></span> <span class='ocrx_word' id='word_1_785' title='bbox 666 5632 950 5673; x_wconf 79' lang='lat' dir='ltr'><strong>Servantur</strong></span> <span class='ocrx_word' id='word_1_786' title='bbox 985 5622 1142 5672; x_wconf 84' lang='lat' dir='ltr'><strong>calidi</strong></span> <span class='ocrx_word' id='word_1_787' title='bbox 1177 5622 1304 5676; x_wconf 85' lang='lat' dir='ltr'><strong>cibi.</strong></span> 
     </span>
    </p>
   </div>
   <div class='ocr_carea' id='block_1_106' title="bbox 294 5689 1785 5763">
    <p class='ocr_par' dir='ltr' id='par_1_106' title="bbox 294 5689 1785 5763">
     <span class='ocr_line' id='line_1_107' title="bbox 294 5689 1785 5763; baseline 0.001 -17"><span class='ocrx_word' id='word_1_788' title='bbox 294 5693 314 5723; x_wconf 83' lang='grc'><strong><em>³</em></strong></span> <span class='ocrx_word' id='word_1_789' title='bbox 353 5692 640 5746; x_wconf 78' lang='lat' dir='ltr'><strong>Ccrebroso</strong></span> <span class='ocrx_word' id='word_1_790' title='bbox 692 5692 748 5763; x_wconf 80' lang='lat' dir='ltr'><strong>in</strong></span> <span class='ocrx_word' id='word_1_791' title='bbox 777 5689 962 5763; x_wconf 65' lang='lat' dir='ltr'><strong>Gallia</strong></span> <span class='ocrx_word' id='word_1_792' title='bbox 985 5691 1332 5763; x_wconf 84' lang='lat' dir='ltr'><strong>pullularunt,</strong></span> <span class='ocrx_word' id='word_1_793' title='bbox 1368 5703 1472 5748; x_wconf 71' lang='lat' dir='ltr'><strong>etc.</strong></span> <span class='ocrx_word' id='word_1_794' title='bbox 1502 5690 1652 5748; x_wconf 79' lang='lat' dir='ltr'><strong>Haud</strong></span> <span class='ocrx_word' id='word_1_795' title='bbox 1683 5694 1785 5747; x_wconf 84' lang='lat' dir='ltr'><strong>du-</strong></span> 
     </span>
    </p>
   </div>
   <div class='ocr_carea' id='block_1_107' title="bbox 230 5759 1783 5835">
    <p class='ocr_par' dir='ltr' id='par_1_107' title="bbox 230 5759 1783 5835">
     <span class='ocr_line' id='line_1_108' title="bbox 230 5759 1783 5835; baseline 0.002 -19"><span class='ocrx_word' id='word_1_796' title='bbox 230 5759 376 5820; x_wconf 83' lang='lat' dir='ltr'><strong>bium</strong></span> <span class='ocrx_word' id='word_1_797' title='bbox 418 5765 544 5832; x_wconf 89' lang='lat' dir='ltr'><strong>quin</strong></span> <span class='ocrx_word' id='word_1_798' title='bbox 601 5761 867 5832; x_wconf 78' lang='lat' dir='ltr'><strong>intelligat</strong></span> <span class='ocrx_word' id='word_1_799' title='bbox 928 5759 1291 5835; x_wconf 69' lang='lat' dir='ltr'><strong>Vigilantiam,</strong></span> <span class='ocrx_word' id='word_1_800' title='bbox 1317 5759 1580 5822; x_wconf 77' lang='lat' dir='ltr'><strong>adversus</strong></span> <span class='ocrx_word' id='word_1_801' title='bbox 1621 5779 1783 5834; x_wconf 86' lang='lat' dir='ltr'><strong>quem</strong></span> 
     </span>
    </p>
   </div>
   <div class='ocr_carea' id='block_1_108' title="bbox 1895 4629 3479 4707">
    <p class='ocr_par' dir='ltr' id='par_1_108' title="bbox 1895 4629 3479 4707">
     <span class='ocr_line' id='line_1_109' title="bbox 1895 4629 3479 4707; baseline -0.008 -14"><span class='ocrx_word' id='word_1_802' title='bbox 1895 4637 2116 4707; x_wconf 85' lang='lat' dir='ltr'><strong>scripsit</strong></span> <span class='ocrx_word' id='word_1_803' title='bbox 2167 4634 2396 4691; x_wconf 74' lang='lat' dir='ltr'><strong>:Gallt&#39;w</strong></span> <span class='ocrx_word' id='word_1_804' title='bbox 2448 4633 2787 4690; x_wconf 76' lang='lat' dir='ltr'><strong>vernaculum</strong></span> <span class='ocrx_word' id='word_1_805' title='bbox 2845 4632 3040 4707; x_wconf 64' lang='lat' dir='ltr'><strong>[testem</strong></span> <span class='ocrx_word' id='word_1_806' title='bbox 3090 4629 3382 4707; x_wconf 79' lang='lat' dir='ltr'><strong>sustinent,</strong></span> <span class='ocrx_word' id='word_1_807' title='bbox 3418 4638 3479 4707; x_wconf 56' lang='lat' dir='ltr'><strong>et</strong></span> 
     </span>
    </p>
   </div>
   <div class='ocr_carea' id='block_1_109' title="bbox 1896 4697 3476 4778">
    <p class='ocr_par' dir='ltr' id='par_1_109' title="bbox 1896 4697 3476 4778">
     <span class='ocr_line' id='line_1_110' title="bbox 1896 4697 3476 4778; baseline -0.006 -17"><span class='ocrx_word' id='word_1_808' title='bbox 1896 4697 2157 4778; x_wconf 59' lang='lat' dir='ltr'><strong>hominem</strong></span> <span class='ocrx_word' id='word_1_809' title='bbox 2201 4709 2331 4760; x_wconf 86' lang='lat' dir='ltr'><strong>moti</strong></span> <span class='ocrx_word' id='word_1_810' title='bbox 2386 4707 2598 4770; x_wconf 83' lang='lat' dir='ltr'><strong>capitis,</strong></span> <span class='ocrx_word' id='word_1_811' title='bbox 2652 4715 2809 4772; x_wconf 84' lang='lat' dir='ltr'><strong>atque</strong></span> <span class='ocrx_word' id='word_1_812' title='bbox 2860 4701 3196 4778; x_wconf 54' lang='lat' dir='ltr'><strong>Hippocratis</strong></span> <span class='ocrx_word' id='word_1_813' title='bbox 3255 4697 3476 4778; x_wconf 57' lang='lat' dir='ltr'><strong>vinculis</strong></span> 
     </span>
    </p>
   </div>
   <div class='ocr_carea' id='block_1_110' title="bbox 1896 4769 3480 4848">
    <p class='ocr_par' dir='ltr' id='par_1_110' title="bbox 1896 4769 3480 4848">
     <span class='ocr_line' id='line_1_111' title="bbox 1896 4769 3480 4848; baseline -0.009 -16"><span class='ocrx_word' id='word_1_814' title='bbox 1896 4777 2265 4848; x_wconf 80' lang='lat' dir='ltr'><strong>alligandum;</strong></span> <span class='ocrx_word' id='word_1_815' title='bbox 2307 4769 2571 4848; x_wconf 75' lang='lat' dir='ltr'><strong>sedentem</strong></span> <span class='ocrx_word' id='word_1_816' title='bbox 2615 4769 2832 4848; x_wconf 77' lang='lat' dir='ltr'><strong>cernunt</strong></span> <span class='ocrx_word' id='word_1_817' title='bbox 2869 4773 2922 4824; x_wconf 87' lang='lat' dir='ltr'><strong>in</strong></span> <span class='ocrx_word' id='word_1_818' title='bbox 2953 4769 3283 4848; x_wconf 28' lang='lat' dir='ltr'><strong>ccclesiauet</strong></span> <span class='ocrx_word' id='word_1_819' title='bbox 3339 4769 3480 4819; x_wconf 77' lang='lat' dir='ltr'><strong>inter</strong></span> 
     </span>
    </p>
   </div>
   <div class='ocr_carea' id='block_1_111' title="bbox 1893 4839 3477 4914">
    <p class='ocr_par' dir='ltr' id='par_1_111' title="bbox 1893 4839 3477 4914">
     <span class='ocr_line' id='line_1_112' title="bbox 1893 4839 3477 4914; baseline -0.009 -12"><span class='ocrx_word' id='word_1_820' title='bbox 1893 4839 2085 4903; x_wconf 66' lang='lat' dir='ltr'><strong>cthra</strong></span> <span class='ocrx_word' id='word_1_821' title='bbox 2150 4839 2303 4900; x_wconf 70' lang='lat' dir='ltr'><strong>verba</strong></span> <span class='ocrx_word' id='word_1_822' title='bbox 2366 4845 2725 4914; x_wconf 74' lang='lat' dir='ltr'><strong>blasphemiw,</strong></span> <span class='ocrx_word' id='word_1_823' title='bbox 2772 4843 2884 4914; x_wconf 70' lang='lat' dir='ltr'><strong>ista</strong></span> <span class='ocrx_word' id='word_1_824' title='bbox 2937 4839 3420 4914; x_wconf 72' lang='lat' dir='ltr'><strong>quoqnetticcntent</strong></span> <span class='ocrx_word' id='word_1_825' title='bbox 3458 4851 3477 4888; x_wconf 88' lang='lat'><strong><em>:</em></strong></span> 
     </span>
    </p>
   </div>
   <div class='ocr_carea' id='block_1_112' title="bbox 1893 4909 3480 4985">
    <p class='ocr_par' dir='ltr' id='par_1_112' title="bbox 1893 4909 3480 4985">
     <span class='ocr_line' id='line_1_113' title="bbox 1893 4909 3480 4985; baseline -0.008 -14"><span class='ocrx_word' id='word_1_826' title='bbox 1893 4919 2033 4985; x_wconf 87' lang='lat' dir='ltr'><strong>Quid</strong></span> <span class='ocrx_word' id='word_1_827' title='bbox 2065 4933 2290 4972; x_wconf 87' lang='lat' dir='ltr'><strong>necesse</strong></span> <span class='ocrx_word' id='word_1_828' title='bbox 2313 4925 2417 4981; x_wconf 90' lang='lat' dir='ltr'><strong>est,</strong></span> <span class='ocrx_word' id='word_1_829' title='bbox 2479 4909 2530 4969; x_wconf 76' lang='lat' dir='ltr'><strong>ie</strong></span> <span class='ocrx_word' id='word_1_830' title='bbox 2579 4924 2728 4985; x_wconf 84' lang='lat' dir='ltr'><strong>tanto</strong></span> <span class='ocrx_word' id='word_1_831' title='bbox 2771 4911 2997 4985; x_wconf 74' lang='lat' dir='ltr'><strong>honore,</strong></span> <span class='ocrx_word' id='word_1_832' title='bbox 3033 4923 3138 4961; x_wconf 90' lang='lat' dir='ltr'><strong>non</strong></span> <span class='ocrx_word' id='word_1_833' title='bbox 3170 4909 3480 4985; x_wconf 56' lang='lat' dir='ltr'><strong>solunrbo-</strong></span> 
     </span>
    </p>
   </div>
   <div class='ocr_carea' id='block_1_113' title="bbox 1893 4978 3476 5052">
    <p class='ocr_par' dir='ltr' id='par_1_113' title="bbox 1893 4978 3476 5052">
     <span class='ocr_line' id='line_1_114' title="bbox 1893 4978 3476 5052; baseline -0.008 -9"><span class='ocrx_word' id='word_1_834' title='bbox 1893 4978 2110 5052; x_wconf 51' lang='lat' dir='ltr'><strong>n&#39;orare,</strong></span> <span class='ocrx_word' id='word_1_835' title='bbox 2174 4989 2266 5042; x_wconf 90' lang='lat' dir='ltr'><strong>sed</strong></span> <span class='ocrx_word' id='word_1_836' title='bbox 2322 4978 2482 5041; x_wconf 81' lang='lat' dir='ltr'><strong>etiam</strong></span> <span class='ocrx_word' id='word_1_837' title='bbox 2544 4979 3002 5052; x_wconf 85' lang='lat' dir='ltr'><strong>adorare_illud_,</strong></span> <span class='ocrx_word' id='word_1_838' title='bbox 3068 4978 3476 5052; x_wconf 65' lang='lat' dir='ltr'><strong>nasi-io_quid,</strong></span> 
     </span>
    </p>
   </div>
   <div class='ocr_carea' id='block_1_114' title="bbox 1891 5047 3486 5127">
    <p class='ocr_par' dir='ltr' id='par_1_114' title="bbox 1891 5047 3486 5127">
     <span class='ocr_line' id='line_1_115' title="bbox 1891 5047 3486 5127; baseline -0.008 -15"><span class='ocrx_word' id='word_1_839' title='bbox 1891 5058 2033 5127; x_wconf 90' lang='lat' dir='ltr'><strong>quod</strong></span> <span class='ocrx_word' id='word_1_840' title='bbox 2068 5047 2120 5111; x_wconf 83' lang='lat' dir='ltr'><strong>in</strong></span> <span class='ocrx_word' id='word_1_841' title='bbox 2155 5058 2365 5111; x_wconf 89' lang='lat' dir='ltr'><strong>modico</strong></span> <span class='ocrx_word' id='word_1_842' title='bbox 2389 5055 2606 5127; x_wconf 80' lang='lat' dir='ltr'><strong>vasculo</strong></span> <span class='ocrx_word' id='word_1_843' title='bbox 2635 5048 3012 5127; x_wconf 68' lang='lat' dir='ltr'><strong>transferendo</strong></span> <span class='ocrx_word' id='word_1_844' title='bbox 3047 5047 3222 5127; x_wconf 32' lang='lat' dir='ltr'><strong>coli-sl?</strong></span> <span class='ocrx_word' id='word_1_845' title='bbox 3260 5047 3328 5101; x_wconf 88' lang='lat' dir='ltr'><strong>Et</strong></span> <span class='ocrx_word' id='word_1_846' title='bbox 3360 5064 3486 5127; x_wconf 76' lang='lat' dir='ltr'><strong>rur-</strong></span> 
     </span>
    </p>
   </div>
   <div class='ocr_carea' id='block_1_115' title="bbox 1891 5117 3480 5187">
    <p class='ocr_par' dir='ltr' id='par_1_115' title="bbox 1891 5117 3480 5187">
     <span class='ocr_line' id='line_1_116' title="bbox 1891 5117 3480 5187; baseline -0.007 -6"><span class='ocrx_word' id='word_1_847' title='bbox 1891 5117 2010 5181; x_wconf 53' lang='lat' dir='ltr'><strong>s&#39;unt</strong></span> <span class='ocrx_word' id='word_1_848' title='bbox 2071 5129 2125 5180; x_wconf 90' lang='lat' dir='ltr'><strong>in</strong></span> <span class='ocrx_word' id='word_1_849' title='bbox 2175 5130 2354 5181; x_wconf 77' lang='lat' dir='ltr'><strong>cortem</strong></span> <span class='ocrx_word' id='word_1_850' title='bbox 2400 5125 2566 5183; x_wconf 79' lang='lat' dir='ltr'><strong>libro;</strong></span> <span class='ocrx_word' id='word_1_851' title='bbox 2627 5121 2762 5187; x_wconf 88' lang='lat' dir='ltr'><strong>Quid</strong></span> <span class='ocrx_word' id='word_1_852' title='bbox 2816 5117 3092 5187; x_wconf 85' lang='lat' dir='ltr'><strong>pulverem</strong></span> <span class='ocrx_word' id='word_1_853' title='bbox 3161 5120 3480 5172; x_wconf 87' lang='lat' dir='ltr'><strong>linteamine</strong></span> 
     </span>
    </p>
   </div>
   <div class='ocr_carea' id='block_1_116' title="bbox 1889 5187 3484 5258">
    <p class='ocr_par' dir='ltr' id='par_1_116' title="bbox 1889 5187 3484 5258">
     <span class='ocr_line' id='line_1_117' title="bbox 1889 5187 3484 5258; baseline -0.005 -7"><span class='ocrx_word' id='word_1_854' title='bbox 1889 5199 2304 5258; x_wconf 87' lang='lat' dir='ltr'><strong>circumdatum,</strong></span> <span class='ocrx_word' id='word_1_855' title='bbox 2327 5192 2600 5249; x_wconf 82' lang='lat' dir='ltr'><strong>adoranda</strong></span> <span class='ocrx_word' id='word_1_856' title='bbox 2632 5189 2920 5250; x_wconf 88' lang='lat' dir='ltr'><strong>oscularis,</strong></span> <span class='ocrx_word' id='word_1_857' title='bbox 2957 5199 3062 5241; x_wconf 90' lang='lat' dir='ltr'><strong>etc.</strong></span> <span class='ocrx_word' id='word_1_858' title='bbox 3098 5187 3371 5244; x_wconf 60' lang='lat' dir='ltr'><strong>Maurum.</strong></span> <span class='ocrx_word' id='word_1_859' title='bbox 3411 5217 3484 5227; x_wconf 86' lang='lat'><strong>——</strong></span> 
     </span>
    </p>
   </div>
   <div class='ocr_carea' id='block_1_117' title="bbox 1891 5257 3484 5336">
    <p class='ocr_par' dir='ltr' id='par_1_117' title="bbox 1891 5257 3484 5336">
     <span class='ocr_line' id='line_1_118' title="bbox 1891 5257 3484 5336; baseline -0.007 -15"><span class='ocrx_word' id='word_1_860' title='bbox 1891 5266 2022 5323; x_wconf 84' lang='lat' dir='ltr'><strong>Vide</strong></span> <span class='ocrx_word' id='word_1_861' title='bbox 2053 5283 2171 5336; x_wconf 68' lang='lat' dir='ltr'><strong>qua:</strong></span> <span class='ocrx_word' id='word_1_862' title='bbox 2209 5271 2274 5320; x_wconf 87' lang='lat' dir='ltr'><strong>de</strong></span> <span class='ocrx_word' id='word_1_863' title='bbox 2292 5257 2413 5336; x_wconf 82' lang='lat' dir='ltr'><strong>ejus</strong></span> <span class='ocrx_word' id='word_1_864' title='bbox 2436 5261 2624 5317; x_wconf 64' lang='lat' dir='ltr'><strong>haeresi</strong></span> <span class='ocrx_word' id='word_1_865' title='bbox 2655 5276 2720 5316; x_wconf 88' lang='lat' dir='ltr'><strong>ac</strong></span> <span class='ocrx_word' id='word_1_866' title='bbox 2747 5258 2917 5336; x_wconf 74' lang='lat' dir='ltr'><strong>patria</strong></span> <span class='ocrx_word' id='word_1_867' title='bbox 2955 5257 3192 5336; x_wconf 68' lang='lat' dir='ltr'><strong>diximus</strong></span> <span class='ocrx_word' id='word_1_868' title='bbox 3222 5261 3299 5336; x_wconf 68' lang='lat' dir='ltr'><strong>in</strong></span> <span class='ocrx_word' id='word_1_869' title='bbox 3351 5277 3484 5327; x_wconf 79' lang='lat' dir='ltr'><strong>pra:-</strong></span> 
     </span>
    </p>
   </div>
   <div class='ocr_carea' id='block_1_118' title="bbox 1888 5329 3412 5406">
    <p class='ocr_par' dir='ltr' id='par_1_118' title="bbox 1888 5329 3412 5406">
     <span class='ocr_line' id='line_1_119' title="bbox 1888 5329 3412 5406; baseline -0.007 -13"><span class='ocrx_word' id='word_1_870' title='bbox 1888 5339 1994 5393; x_wconf 82' lang='lat' dir='ltr'><strong>(ixa</strong></span> <span class='ocrx_word' id='word_1_871' title='bbox 2017 5329 2338 5406; x_wconf 79' lang='lat' dir='ltr'><strong>Hieronymi</strong></span> <span class='ocrx_word' id='word_1_872' title='bbox 2351 5335 2503 5406; x_wconf 84' lang='lat' dir='ltr'><strong>libris</strong></span> <span class='ocrx_word' id='word_1_873' title='bbox 2528 5341 2715 5387; x_wconf 87' lang='lat' dir='ltr'><strong>contra</strong></span> <span class='ocrx_word' id='word_1_874' title='bbox 2739 5331 2990 5406; x_wconf 84' lang='lat' dir='ltr'><strong>eumdem</strong></span> <span class='ocrx_word' id='word_1_875' title='bbox 3018 5329 3412 5406; x_wconf 79' lang='lat' dir='ltr'><strong>admonitione.</strong></span> 
     </span>
    </p>
   </div>
   <div class='ocr_carea' id='block_1_119' title="bbox 1960 5400 3496 5472">
    <p class='ocr_par' dir='ltr' id='par_1_119' title="bbox 1960 5400 3496 5472">
     <span class='ocr_line' id='line_1_120' title="bbox 1960 5400 3496 5472; baseline -0.01 -11"><span class='ocrx_word' id='word_1_876' title='bbox 1960 5410 1982 5439; x_wconf 73' lang='grc' dir='ltr'>δ</span> <span class='ocrx_word' id='word_1_877' title='bbox 2022 5400 2334 5460; x_wconf 74' lang='lat' dir='ltr'><strong>Addebatur</strong></span> <span class='ocrx_word' id='word_1_878' title='bbox 2383 5405 2555 5458; x_wconf 88' lang='lat' dir='ltr'><strong>amico</strong></span> <span class='ocrx_word' id='word_1_879' title='bbox 2617 5403 2762 5472; x_wconf 89' lang='lat' dir='ltr'><strong>quod</strong></span> <span class='ocrx_word' id='word_1_880' title='bbox 2816 5414 3039 5472; x_wconf 76' lang='lat' dir='ltr'><strong>nomen</strong></span> <span class='ocrx_word' id='word_1_881' title='bbox 3072 5400 3160 5452; x_wconf 89' lang='lat' dir='ltr'><strong>hic</strong></span> <span class='ocrx_word' id='word_1_882' title='bbox 3217 5403 3496 5460; x_wconf 82' lang='lat' dir='ltr'><strong>abundat,</strong></span> 
     </span>
    </p>
   </div>
   <div class='ocr_carea' id='block_1_120' title="bbox 1889 5469 3502 5547">
    <p class='ocr_par' dir='ltr' id='par_1_120' title="bbox 1889 5469 3502 5547">
     <span class='ocr_line' id='line_1_121' title="bbox 1889 5469 3502 5547; baseline -0.012 -15"><span class='ocrx_word' id='word_1_883' title='bbox 1889 5489 2080 5547; x_wconf 81' lang='lat' dir='ltr'><strong>estque</strong></span> <span class='ocrx_word' id='word_1_884' title='bbox 2110 5477 2217 5532; x_wconf 90' lang='lat' dir='ltr'><strong>huc</strong></span> <span class='ocrx_word' id='word_1_885' title='bbox 2255 5477 2586 5547; x_wconf 79' lang='lat' dir='ltr'><strong>translatqu</strong></span> <span class='ocrx_word' id='word_1_886' title='bbox 2609 5469 2649 5527; x_wconf 55' lang='lat' dir='ltr'><strong>e&#39;</strong></span> <span class='ocrx_word' id='word_1_887' title='bbox 2668 5472 2865 5527; x_wconf 83' lang='lat' dir='ltr'><strong>Latina</strong></span> <span class='ocrx_word' id='word_1_888' title='bbox 2888 5469 3173 5547; x_wconf 44' lang='grc' dir='ltr'><strong>διεγείρω.</strong></span> <span class='ocrx_word' id='word_1_889' title='bbox 3218 5481 3355 5533; x_wconf 74' lang='lat' dir='ltr'><strong>tum</strong></span> <span class='ocrx_word' id='word_1_890' title='bbox 3375 5483 3502 5547; x_wconf 61' lang='lat' dir='ltr'><strong>Verri</strong></span> 
     </span>
    </p>
   </div>
   <div class='ocr_carea' id='block_1_121' title="bbox 1886 5536 3521 5617">
    <p class='ocr_par' dir='ltr' id='par_1_121' title="bbox 1886 5536 3521 5617">
     <span class='ocr_line' id='line_1_122' title="bbox 1886 5536 3521 5617; baseline -0.013 -15"><span class='ocrx_word' id='word_1_891' title='bbox 1886 5536 2186 5603; x_wconf 71' lang='lat' dir='ltr'><strong>abundabit</strong></span> <span class='ocrx_word' id='word_1_892' title='bbox 2239 5547 2508 5617; x_wconf 69' lang='lat' dir='ltr'><strong>proximo.</strong></span> <span class='ocrx_word' id='word_1_893' title='bbox 2545 5543 2684 5617; x_wconf 89' lang='lat' dir='ltr'><strong>Tum</strong></span> <span class='ocrx_word' id='word_1_894' title='bbox 2722 5557 2869 5617; x_wconf 70' lang='lat' dir='ltr'><strong>vero</strong></span> <span class='ocrx_word' id='word_1_895' title='bbox 2888 5541 3018 5608; x_wconf 80' lang='lat' dir='ltr'><strong>legit</strong></span> <span class='ocrx_word' id='word_1_896' title='bbox 3041 5536 3398 5617; x_wconf 49' lang='lat' dir='ltr'><strong>_V_t&#39;C_tori“g,</strong></span> <span class='ocrx_word' id='word_1_897' title='bbox 3421 5539 3521 5617; x_wconf 54' lang='lat' dir='ltr'><strong>ttat</strong></span> 
     </span>
    </p>
   </div>
   <div class='ocr_carea' id='block_1_122' title="bbox 1887 5603 3538 5702">
    <p class='ocr_par' dir='ltr' id='par_1_122' title="bbox 1887 5603 3538 5702">
     <span class='ocr_line' id='line_1_123' title="bbox 1887 5603 3538 5702; baseline -0.009 -31"><span class='ocrx_word' id='word_1_898' title='bbox 1887 5619 2130 5700; x_wconf 54' lang='lat' dir='ltr'><strong>prosimo</strong></span> <span class='ocrx_word' id='word_1_899' title='bbox 2161 5603 2256 5674; x_wconf 74' lang='lat' dir='ltr'><strong>suo</strong></span> <span class='ocrx_word' id='word_1_900' title='bbox 2299 5616 2654 5672; x_wconf 77' lang='lat' dir='ltr'><strong>subversionis</strong></span> <span class='ocrx_word' id='word_1_901' title='bbox 2693 5611 2919 5702; x_wconf 32' lang='lat' dir='ltr'><strong>turb-idin:</strong></span> <span class='ocrx_word' id='word_1_902' title='bbox 2941 5603 3213 5702; x_wconf 37' lang='lat' dir='ltr'><strong>Exi-il},</strong></span> <span class='ocrx_word' id='word_1_903' title='bbox 3260 5603 3399 5702; x_wconf 27' lang='grc' dir='ltr'><strong>(ἧς</strong></span> <span class='ocrx_word' id='word_1_904' title='bbox 3421 5603 3538 5660; x_wconf 52' lang='grc' dir='ltr'><strong>ὒν</strong></span> 
     </span>
    </p>
   </div>
   <div class='ocr_carea' id='block_1_123' title="bbox 1889 5679 3210 5772">
    <p class='ocr_par' dir='ltr' id='par_1_123' title="bbox 1889 5679 3210 5772">
     <span class='ocr_line' id='line_1_124' title="bbox 1889 5679 3210 5772; baseline -0.008 -27"><span class='ocrx_word' id='word_1_905' title='bbox 1889 5679 2126 5746; x_wconf 76' lang='lat' dir='ltr'><strong>braicam</strong></span> <span class='ocrx_word' id='word_1_906' title='bbox 2156 5704 2340 5750; x_wconf 80' lang='lat' dir='ltr'><strong>vocem</strong></span> <span class='ocrx_word' id='word_1_907' title='bbox 2357 5695 2528 5751; x_wconf 66' lang='lat' dir='ltr'><strong>nam:</strong></span> <span class='ocrx_word' id='word_1_908' title='bbox 2552 5690 2833 5772; x_wconf 83' lang='lat' dir='ltr'><strong>verterunt</strong></span> <span class='ocrx_word' id='word_1_909' title='bbox 2858 5679 3210 5748; x_wconf 71' lang='grc' dir='ltr'><strong>ἀνατροπὴν.</strong></span> 
     </span>
    </p>
   </div>
  </div>
