3902 6182
434 359 542 420 €59

1597 366 1658 427 S.
1696 367 2000 429 EUSEBII
2037 368 2478 432 HIERONYMI
3551 379 3637 440 (ὶδῦ

437 475 589 530 lulos
617 491 833 533 nostros
868 488 921 533 et
955 481 1158 548 spinas,
1195 491 1246 535 et
1270 481 1498 548 zizania,
1522 496 1643 552 qum
1665 500 1760 551 pro
1792 483 2001 538 semine
2033 497 2073 543 Α
2107 488 2498 556 interpretatur
2539 492 2868 546 sententiam
2919 507 3096 558 suam,
3143 492 3327 546 dicens
3359 507 3372 542 :
3411 490 3516 544 Non
3543 507 3634 543 mo-

439 568 528 618 nei
572 566 878 630 attulimus,
910 569 1052 632 ligna
1104 585 1338 639 quoque,
1391 571 1576 627 fenum
1629 583 1682 628 et
1727 575 2001 642 stipulam,

475 673 553 708 me
588 672 751 726 super
777 657 1182 713 fundamentum
1222 662 1383 732 777
1426 661 1579 716 Pauli
1619 665 2007 721 tediIiCavimus

464 744 637 801 (Cor.
673 748 775 816 ut),
809 749 1023 817 sapiens
1054 749 1270 805 ﬂamma
1301 765 1604 809 consumat.
1641 756 1713 809 De
1743 757 1844 812 hoc
1887 760 2007 827 igne

459 849 696 905 terpetuo
725 841 856 894 etin
889 841 1058 910 Moysi
1091 845 1310 899 eantico
1342 845 1612 914 legimus:
1648 847 1794 916 Ignis
1823 867 2008 905 accen-

462 949 521 986 us
558 943 635 984 est
673 932 737 986 de
771 933 952 1000 furore
980 952 1114 1001 meo,
1145 947 1194 991 et
1221 937 1426 992 ardebit
1458 957 1619 1009 usque
1648 942 1716 994 ad
1739 943 2004 1011 infernum

453 1024 696 1080 'corsuut.
743 1023 1027 1080 Devorubit
1068 1038 1263 1081 terram
1306 1041 1355 1082 et
1396 1033 1660 1100 geniusina
1690 1035 1804 1102 ejus
1835 1051 2005 1090 :con-

452 1125 577 1166 iuret
625 1115 973 1183 fundamenta
1021 1121 1294 1185 montium,
1325 1132 1372 1174 et
1425 1125 1632 1191 sagitta'
1665 1141 2005 1180 mea’consu-

455 1217 571 1257 nent
595 1221 681 1259 eos
715 1207 894 1276 (Deut.
932 1225 1105 1274 χχχιι,
1134 1211 1248 1278 22).
1293 1212 1460 1282 Cujus
1491 1217 1788 1271 testimonii
1812 1235 2005 1275 sensus

464 1304 534 1357 st,
571 1299 712 1358 quod
765 1301 903 1369 ignis
955 1301 1048 1356 Dri
1101 1313 1263 1371 atque
1311 1306 1550 1358 vindicta
1578 1323 1792 1375 semper
1821 1312 2006 1363 ardeat

441 1389 834 1456 noceaturibus,
869 1403 919 1445 et
948 1410 1040 1446 eos
1070 1410 1238 1463 usque
1267 1397 1333 1449 ad
1379 1398 1581 1451 inferos
1621 1413 2001 1468 persequatur.

438 1479 620 1542 Qualis
663 1494 778 1537 erat
826 1496 878 1538 et
929 1486 1082 1540 dives
1129 1487 1218 1542 ille
1275 1490 1325 1543 in
1374 1491 1669 1560 Evangelia
1705 1493 1852 1559 (Luc.
1895 1494 2006 1566 xvt)

436 1585 780 1642 purpuratus,
815 1578 930 1645 qui,
961 1581 1336 1649 requiescente
1360 1583 1565 1638 Lazaro
1591 1587 1643 1639 in
1676 1588 1801 1642 sinu
1829 1588 2006 1640 Abra-

436 1671 596 1728 ham,
680 1668 904 1724 alternis
978 1673 1332 1741 torquebatur
1399 1677 1708 1732 ardoribus.
1777 1679 2002 1732 Terram

430 1771 667 1824 quoque,
697 1761 748 1813 id
789 1771 895 1827 est,
928 1779 1142 1819 carnem
1176 1778 1440 1834 nostram,
1467 1779 1517 1821 et
1550 1769 1823 1836 genimina
1859 1770 2002 1839 ejus,

433 1849 481 1900 id
519 1859 602 1902 est
651 1855 834 1907 carnis
880 1853 1170 1921 desideria,
1214 1858 1401 1911 eadem
1452 1859 1665 1913 ﬂatnma
1697 1863 1999 1927 comburet,

430 1947 484 1991 et
528 1939 880 1995 iuudamenta
955 1946 1216 1999 montium
1278 1962 1396 2014 qua}
1446 1963 1504 2002 se
1548 1949 1763 2003 elevant
1811 1963 2002 2005 contra

429 2032 716 2087 scientiam
777 2032 898 2090 Dei.
961 2035 1110 2106 Ipsos
1152 2054 1369 2108 qunque
1426 2053 1637 2098 numtes
1694 2043 1786 2096 Dei
1818 2045 2004 2113 jacula

432 2125 765 2192 disperdent,
802 2137 860 2181 ut
894 2128 1162 2185 humilinti
1209 2133 1261 2186 in
1295 2135 1488 2199 poenis,
1526 2147 1738 2193 montes
1767 2155 1886 2194 esse
1910 2140 2003 2196 de-

432 2218 650 2272 sistant.
723 2217 877 2283 Ecce,
947 2220 1140 2290 inquit,
1201 2224 1457 2291 scriptum
1523 2235 1602 2280 est
1665 2245 1845 2282 coram
1899 2246 2000 2284 me.

433 2306 625 2362 Omnia
653 2310 793 2364 enim
826 2320 1012 2365 nostra
1045 2323 1264 2381 peccata
1296 2315 1388 2367 Dei
1426 2327 1611 2384 patent
1645 2318 1840 2383 oculis,
1868 2329 1919 2372 et
1949 2320 2001 2374 in

433 2399 518 2456 his
547 2399 748 2466 scripta
781 2412 907 2456 sunt
936 2402 1110 2466 libris,
1159 2407 1224 2458 de
1271 2408 1468 2474 quibus
1495 2409 1547 2463 in
1605 2408 1822 2466 Daniele
1872 2412 2002 2482 legi-

434 2508 554 2550 mus
593 2508 606 2547 :
643 2492 842 2548 T/troni
869 2497 1026 2565 positi
1075 2508 1213 2555 sunt.
1245 2511 1293 2552 et
1339 2500 1461 2554 libri
1481 2503 1653 2569 aperti
1680 2514 1800 2556 sunt
1838 2504 1998 2573 (Dan.

434 2601 532 2649 vn,
562 2587 673 2656 l0).
737 2588 814 2642 De
863 2591 1059 2658 quibus
1114 2591 1168 2646 in
1227 2593 1336 2646 alio
1388 2594 1509 2648 loco
1552 2596 1752 2650 dicitur
1784 2615 1798 2650 :
1831 2597 2002 2664 Super

433 2669 631 2740 teriam
663 2680 971 2736 scribuntur
1007 2682 1226 2751 (Jerem.
1263 2703 1395 2750 xm,
1432 2688 1541 2756 15).
1569 2688 1632 2741 Et
1662 2703 1998 2758 nequaquam

435 2774 575 2829 ultra
610 2773 856 2827 reticehit
894 2776 987 2844 qui
1043 2777 1191 2844 prius
1225 2777 1458 2840 dixerat,
1492 2777 1654 2832 Tacui
1683 2795 1702 2832 :
1749 2781 2001 2849 numquid

429 2867 859 2934 semper'tacebo
881 2869 904 2919 ?
929 2868 1058 2920 dicit
1100 2867 1360 2924 Dominus
1407 2869 1543 2940 (lsa.
1588 2886 1716 2936 χιιι,
1751 2871 1861 2938 14).
1896 2870 2002 2925 Sed

430 2956 624 3014 reddet
669 2959 960 3027 unicuique
999 2961 1140 3029 quod
1185 2973 1441 3029 operatus
1494 2963 1662 3017 estin
1710 2964 1832 3018 sinu
1861 2966 1997 3032 ejus,

431 3050 532 3104 hoc
556 3061 638 3104 est
675 3051 730 3108 in
759 3053 938 3104 cordis
995 3067 1216 3116 arcano,
1251 3065 1308 3106 ut
1359 3069 1454 3108 eos
1492 3057 1708 3124 propria
1749 3067 2001 3124 torqueat

2113 581 2320 634 rientur
2341 582 2447 650 ﬁlii
2474 594 2689 653 propter
2708 595 2921 652 peccata
2939 597 3150 653 patrum
3177 603 3196 640 :
3218 586 3305 640 sed
3329 587 3638 655 unusquisque

2109 674 2164 726 in
2189 690 2284 726 suo
2316 685 2530 740 peccato
2561 677 2813 730 morietur
2853 678 3031 746 (Deut.
3069 695 3218 744 xxrv,
3270 676 3379 747 16).
3415 677 3635 734 Eamdem

2112 763 2398 819 Ezechiele
2429 769 2764 836 approbante
2787 771 3136 833 sententiam,
3169 771 3312 837 quod
3341 785 3636 840 nequaquam

2109 859 2324 912 dicatur
2359 858 2446 914 illa
2484 861 2739 928 parabola
2782 881 2796 916 :
2835 860 3025 917 Patres
3076 879 3230 917 uvam
3287 863 3516 917 acerbam
3568 880 3638 918 co-

2109 950 2401 1015 rnedcruut,
2449 963 2496 1006 et
2530 952 2708 1007 dentes
2755 955 2988 1022 ﬁliorum
3045 956 3419 1023 obstupuerunt
3457 955 3640 1024 (Eucti.

2109 1059 2269 1105 xmt,
2313 1045 2394 1112 Ξ),
2449 1045 2544 1099 sed
2593 1046 2710 1113 ejus
2761 1056 2968 1101 tantum
3027 1049 3219 1102 dentes
3272 1048 3640 1117 obstupescere,

2109 1137 2198 1203 qui
2227 1131 2524 1192 comederit
2559 1157 2572 1192 :
2607 1150 2663 1192 et
2691 1140 2866 1208 perire
2893 1141 3130 1194 animam
3167 1141 3534 1209 peccatricem,
3561 1154 3642 1193 nec

2107 1237 2332 1282 externa
2367 1230 2516 1284 luere
2539 1241 2782 1298 peccatu.
2827 1231 2900 1284 Ex
2931 1249 3036 1298 quo
3083 1232 3454 1302 intelligimus,
3481 1232 3551 1285 vel
3596 1232 3638 1283 in

2111 1319 2306 1373 lienam
2343 1332 2574 1391 partem,
2608 1324 2691 1377 vel
2750 1324 2800 1377 iu
2831 1327 3185 1386 contrariam,
3215 1339 3311 1378 eos
3339 1323 3642 1392 accipiendos

2109 1422 2314 1481 patres,
2357 1414 2552 1480 quibus
2581 1415 2957 1484 unusquisque
2990 1416 3299 1485 apponitur,
3320 1431 3437 1470 cum
3481 1417 3539 1469 de
3557 1419 3642 1469 hac

2109 1507 2212 1558 vita
2239 1508 2557 1561 excesserit.
2592 1507 2934 1562 Sacritiravit
2976 1520 3155 1562 autem
3204 1525 3368 1578 super
3391 1518 3579 1564 montes
3597 1519 3640 1564 et

2107 1599 2277 1652 colles
2306 1597 2491 1660 lsrael,
2520 1603 2739 1670 quando
2775 1603 2828 1655 in
2865 1601 3050 1657 Bethel
3086 1612 3140 1655 et
3165 1603 3278 1656 Dan
3315 1617 3498 1656 aureos
3530 1603 3642 1656 vitn.

2107 1689 2188 1744 los
2225 1691 2426 1758 positit.
2453 1693 2889 1759 Etexprobravit
2920 1695 3028 1748 Deo
3054 1711 3221 1764 super
3246 1697 3514 1764 praeceptis
3530 1697 3639 1754 suis,

2107 1782 2233 1835 dum
2265 1781 2386 1849 ejus
2409 1786 2641 1855 neglexit
2693 1788 3067 1850 caeremonias,
3119 1800 3173 1841 et
3215 1787 3414 1841 cultum
3444 1787 3524 1840 Dei
3550 1788 3643 1839 dte-

2109 1876 2362 1930 monibus
2391 1877 2580 1930 tribuit
2612 1894 2626 1930 :
2661 1894 2892 1946 quorum
2954 1894 3116 1948 opera
3172 1881 3438 1935 reddenda
3466 1890 3574 1933 sunt
3597 1879 3640 1931 in

2107 1966 2226 2019 sinu
2258 1981 2442 2020 eorum
2491 1967 2651 2037 (Osee
2696 1972 2795 2036 tv).
2853 1971 3152 2037 Omnisque
3217 1970 3492 2024 haereticus
3534 1983 3640 2022 con-

2107 2063 2357 2112 temnens
2414 2058 2849 2115 Ecclesiasticam
2917 2060 3350 2130 simplicitatem,
3407 2059 3643 2116 sacriﬁcat

2106 2145 2160 2200 in
2195 2149 2490 2216 montibus,
2528 2163 2585 2206 et
2607 2156 2906 2220 exprobrat
2939 2153 3067 2219 Deo,
3092 2151 3225 2206 dum
3269 2153 3385 2223 ejus
3412 2163 3642 2221 precept:

2111 2242 2429 2296 contemnit.

2179 2331 2360 2400 (Vers.
2387 2334 2467 2405 8.)
2529 2353 2550 2388 ι
2606 2335 2731 2392 Haec
2779 2337 2911 2394 dicit
2951 2338 3218 2394 Dominus
3251 2356 3268 2394 :
3304 2339 3566 2406 Quomodo
3604 2335 3642 2391 si

2108 2423 2420 2480 inveniatur
2455 2443 2682 2494 granum
2720 2430 2772 2486 in
2810 2431 2993 2494 botro,
3024 2441 3080 2486 et
3132 2431 3349 2486 dicatur
3379 2447 3394 2484 :
3419 2447 3481 2486 ne
3506 2429 3640 2483 dissi-

2106 2531 2203 2586 pes
2235 2517 2385 2581 illud,
2413 2522 2668 2589 quoniam
2696 2521 2999 2577 benedictio
3029 2534 3142 2588 est;
3189 2525 3274 2578 sic
3307 2523 3489 2576 faciam
3537 2535 3642 2588 pro-

2105 2617 2225 2677 pter
2249 2624 2438 2666 servos
2469 2627 2642 2677 meos,
2671 2625 2729 2668 ut
2755 2631 2860 2669 non
2889 2615 3200 2684 disperdam
3234 2627 3452 2670 totum.»
3486 2611 3640 2668 LXX:

2112 2718 2130 2752 ι
2161 2699 2252 2755 Sic
2285 2703 2418 2758 dicit
2461 2705 2721 2762 Dominus
2753 2723 2767 2760 :
2800 2709 3084 2774 Quomodo
3124 2709 3170 2763 si
3221 2710 3513 2763 inveniatur
3545 2703 3640 2758 aci-

2105 2810 2236 2848 nutn
2271 2795 2327 2850 in
2366 2797 2543 2860 botro,
2587 2810 2640 2853 et
2671 2799 2884 2855 dicatur
2916 2818 2932 2854 :
2967 2817 3032 2856 ne
3061 2804 3349 2874 contingas
3377 2802 3515 2862 illud.
3537 2798 3642 2865 quia

2104 2884 2417 2942 benedictio
2448 2897 2534 2944 est
2585 2891 2639 2944 in
2690 2906 2757 2946 eo
2790 2907 2805 2944 :
2836 2893 2919 2947 sic
2968 2894 3160 2948 faciam
3208 2903 3428 2964 propter
3457 2905 3638 2946 servum

2108 2994 2310 3044 meum,
2349 2991 2406 3032 ut
2440 2995 2544 3034 non
2586 2981 2893 3051 diSperdam
2927 2999 3137 3040 omnes.
3180 3003 3202 3036 ι
3240 2985 3450 3039 Dixerat
3487 2979 3640 3035 Domi-

2105 3085 2204 3124 nus
2263 3072 2428 3126 lsrael
2461 3087 2585 3128 esse
2608 3075 2934 3139 periturum,
2965 3084 3020 3130 et
3067 3079 3254 3130 omnia
3285 3084 3491 3143 peccata
3519 3071 3640 3125 illius

431 3144 785 3199 οοίὶδείθειίθι
827 3143 902 3200 De
932 3160 1036 3214 (W3
1088 3153 1142 3199 ‘3‘
1179 3145 1318 3200 οδθθ
1346 3149 1604 3217 Propheta
1638 3149 1961 3206 νθιίοίιιίιιυι·
1982 3168 2000 3203 -'
2030 3153 2075 3213 C
2106 3159 2222 3214 suis
2255 3169 2442 3227 patere
2495 3164 2898 3231 conspectibus,
2931 3175 2984 3219 et
3041 3165 3378 3220 redditurum
3427 3177 3482 3217 se
3501 3174 3637 3228 opera

435 3232 636 3294 Cadent
663 3236 718 3290 in
761 3235 942 3305 gladio
969 3237 1227 3306 principes
1251 3254 1428 3291 eorum
1458 3250 1672 3308 propter
1709 3241 2002 3309 imliscipli-

429 3326 703 3381 nationem
742 3325 936 3394 lingua:
982 3342 1164 3380 eorum
1197 3327 1350 3396 (Osee
1386 3344 1480 3394 vtt,
1511 3331 1621 3399 16).
1650 3329 1773 3384 ch
1802 3343 1884 3386 est
1909 3334 2004 3387 de-

432 3418 629 3472 tractio
661 3417 904 3487 ipsorum
966 3419 1018 3472 in
1073 3421 1195 3474 sinu
1237 3435 1450 3485 eorum,
1489 3436 1607 3490 qum
1637 3423 1704 3475 de
1741 3426 2002 3476 uniuscu-

423 3510 623 3578 jusque
656 3511 820 3566 corde
848 3512 1114 3580 procedit.
1150 3511 1340 3564 Simile
1376 3514 1501 3580 quid
1531 3522 1586 3565 et
1615 3513 1666 3566 in
1701 3513 2004 3569 Proverbiis

427 3602 716 3670 scribitur;
771 3601 836 3656 In
882 3604 1001 3656 sinu
1055 3602 1351 3656 redduntur
1405 3620 1500 3656 suo
1553 3605 1748 3674 iniquis
1821 3609 2002 3663 omnia

429 3696 615 3766 (Prov.
647 3712 702 3761 v,
729 3695 843 3765 29).
868 3695 970 3763 Qui
999 3695 1150 3750 sinus
1214 3705 1433 3764 propter
1474 3698 1666 3752 anima:
1707 3701 2002 3767 principale

429 3786 616 3850 (Gra’c.
658 3789 1007 3857 ἡγεμονικὸν)
1065 3787 1171 3841 alio
1215 3792 1434 3843 nomine
1483 3790 1783 3858 appellatur
1815 3803 1999 3860 caput.

428 3878 549 3934 Vina
571 3895 752 3934 eorum
779 3880 900 3933 dedi
929 3882 980 3932 in
1009 3882 1184 3948 capita
1211 3897 1389 3936 eorum
1420 3881 1636 3952 (Each.
1677 3899 1752 3946 ts,
1792 3883 1898 3948 10).
1937 3883 2002 3938 Et

430 3973 558 4026 alibi
590 3968 972 4024 :Convertetur
1002 3970 1153 4024 dolor
1187 3972 1300 4040 ejus
1327 3972 1383 4026 in
1424 3984 1582 4040 caput
1618 3973 1755 4038 ejus,
1779 3984 1826 4025 et
1849 3990 2002 4042 super

427 4064 674 4117 verticem
717 4063 861 4117 illius
909 4063 1164 4130 iniquitas
1219 4065 1333 4133 ejus
1397 4065 1672 4118 descendet
1702 4063 1876 4132 (Psal.
1903 4081 1997 4128 vn,

431 4156 544 4220 17).
598 4155 695 4211 Est
745 4167 926 4209 autem
992 4164 1048 4209 et
1123 4156 1299 4210 bonus
1354 4155 1524 4215 sinus,
1577 4158 1666 4222 qui
1710 4157 2000 4210 sanctitate

429 4245 640 4300 fruetur
694 4248 1068 4312 conscientiae,
1125 4248 1190 4302 de
1252 4261 1362 4314 quo
1411 4245 1694 4300 Psalmista
1740 4246 1996 4300 dicebat:

432 4336 703 4393 Et'oratio
759 4357 875 4394 mea
915 4343 1053 4395 cutim
1090 4344 1143 4394 in
1173 4342 1292 4394 sinu
1329 4356 1440 4393 meo
1464 4349 1794 4393 convertatur
1825 4340 1999 4412 (Psal.

429 4451 610 4500 ωηεν,
659 4436 764 4495 15).
802 4434 1123 4501 lutelligitur
1153 4434 1306 4488 sinus
1349 4431 1400 4484 in
1440 4431 1738 4500 quemiibet
1775 4429 1999 4487 allectus

431 4543 598 4600 atque
632 4529 876 4590 dilectio,
928 4538 985 4580 ut
1015 4525 1230 4594 quando
1279 4523 1345 4576 ad
1377 4523 1628 4576 maritum
1655 4537 1834 4577 sermo
1861 4523 1998 4576 diri-

429 4626 594 4697 gitur,
635 4623 780 4678 Uxor
811 4635 927 4690 quae
965 4628 1040 4672 est
1089 4619 1145 4670 in
1187 4618 1306 4671 sinu
1342 4627 1435 4686 tuq
1453 4633 1474 4682 ;
1517 4626 1572 4672 et
1604 4617 1669 4670 ad
1693 4627 1994 4684 parentem,

430 4719 707 4775 Adducent
761 4713 902 4783 ﬁlios
952 4722 1068 4764 tuos
1127 4710 1181 4763 in
1239 4712 1355 4764 sinu
1383 4709 1540 4782 (Luc.
1577 4705 1740 4778 xvi).'
1771 4708 1918 4765 Unde
1943 4718 1998 4764 et

428 4823 619 4867 omnes
663 4805 754 4876 qui
787 4813 997 4874 patrem
1045 4801 1248 4857 habent
1294 4801 1589 4867 Abraham,
1632 4811 1686 4855 et
1733 4801 1997 4856 virtutum

426 4901 547 4972 ejus
595 4899 802 4953 similes
849 4911 970 4951 esse
1021 4904 1356 4957 meruerunt,
1407 4894 1752 4962 requiescunt
1793 4895 1844 4947 in
1874 4895 1994 4948 sinu

426 4990 567 5063 ejus.
602 4990 787 5061 Neque
821 4991 967 5044 enim
995 4996 1198 5056 patres,
1237 5003 1466 5054 quorum
1502 5003 1643 5040 nunc
1678 4989 1996 5057 iniquitates

427 5085 592 5148 nobis
618 5095 671 5141 et
697 5096 920 5154 peccata
955 5082 1281 5147 redduntur,
1315 5094 1407 5134 eos
1437 5080 1697 5132 debemus
1724 5081 1992 5148 accipere,

425 5179 497 5233 de
523 5189 755 5247 quorum
781 5173 989 5228 semine
1021 5184 1208 5226 nostra
1241 5186 1370 5226 nata
1394 5181 1520 5226 sunt
1547 5185 1795 5240 corpora.
1832 5173 1996 5244 778

421 5267 678 5337 Alioquin
705 5274 758 5320 et
789 5263 903 5334 ipse
929 5263 1138 5334 Moyses
1189 5264 1280 5333 qui
1342 5261 1575 5327 dixerat,
1631 5276 1849 5333 peccata
1896 5281 1992 5336 pa-

422 5373 566 5420 trum
601 5357 726 5412 ﬁliis
764 5371 885 5411 esse
917 5355 1182 5409 reddenda
1215 5356 1269 5410 in
1300 5356 1512 5410 tertiam
1543 5367 1594 5410 et
1618 5367 1864 5425 quartam
1903 5371 1994 5428 ge-

424 5454 786 5518 nerationem,
828 5450 914 5504 his
966 5447 1061 5518 qui.
1105 5449 1339 5504 oderunt
1395 5447 1564 5504 Deum
1627 5449 1824 5519 (Exod.
1872 5449 1990 5521 xx),

495 5653 512 5683 ³
551 5651 828 5704 catholica
862 5648 1106 5704 Evistola
1161 5650 1426 5702 scribitur.
1458 5650 1592 5705 Cum
1632 5651 1890 5714 \‘ictorie,
1925 5669 1989 5706 ex

421 5722 768 5782 Ambrosiam
801 5721 1006 5773 codicis
1038 5721 1384 5785 auctoritate,
1430 5724 1765 5787 reposuimus
1797 5723 1988 5776 Cat/to-

424 5794 553 5855 6.01.,
583 5791 924 5844 Mattmmcos
968 5809 1086 5844 cum
1141 5791 1365 5845 lit'asnto
1413 5807 1469 5845 re
1498 5792 1634 5846 ittttit
1702 5795 1973 5851 Cultwtica.

2023 4490 2078 4550 Β

2105 3252 2442 3320 singulorum
2486 3253 2538 3308 in
2571 3256 2691 3308 sinu
2731 3270 2942 3310 eorum.
2975 3253 3106 3311 Post
3148 3256 3264 3311 haec
3297 3254 3456 3310 infert
3475 3248 3640 3307 simili-

2108 3342 2451 3404 tudinem,et
2499 3346 2925 3412 comparationis
2972 3346 3304 3414 exemplum,
3335 3360 3436 3414 quo
3478 3341 3640 3395 doceat

2108 3450 2556 3503 unumquemque
2589 3451 2688 3489 suo
2731 3437 2910 3504 perire
2938 3447 3178 3505 peccato,
3218 3446 3275 3490 et
3307 3435 3507 3490 etiamsi
3536 3443 3637 3498 pec-

2105 3527 2348 3579 cantium
2415 3528 2487 3581 sit
2549 3527 2774 3596 plurima
2849 3529 3176 3590 multitudo,
3243 3544 3402 3582 unum
3457 3524 3635 3594 justum

2107 3627 2424 3669 cunctorum
2459 3618 2590 3671 vitio
2647 3635 2754 3672 non
2813 3620 3010 3686 perire.
3046 3618 3102 3673 Si
3133 3621 3280 3686 quis,
3303 3620 3397 3682 ait,
3426 3618 3474 3669 in
3505 3617 3639 3669 botro

2105 3716 2160 3759 ct
2186 3723 2310 3770 uva,
2343 3724 2462 3777 quia
2510 3708 2578 3763 ad
2610 3712 2972 3766 maturitatem
3019 3713 3311 3778 pervenire
3347 3724 3448 3762 non
3469 3705 3636 3776 potuit.

2105 3810 2157 3851 et
2181 3814 2230 3852 at
2247 3809 2493 3854 escentes
2509 3802 2689 3856 attulit
2709 3801 2940 3868 fructus,
2964 3803 3047 3856 vel
3069 3802 3251 3872 aliquo
3273 3802 3410 3857 aeris
3429 3815 3488 3854 ac
3509 3809 3638 3852 terra:

2105 3900 2360 3959 corrupta
2395 3901 2476 3946 est
2511 3893 2662 3956 vitio,
2711 3909 2877 3948 unum
2921 3909 3146 3963 granum
3195 3895 3396 3964 reperit
3421 3892 3636 3949 ῑιιωιιω.

2104 3985 2244 4052 quod
2277 4000 2428 4053 spem
2461 3985 2657 4041 habeat
2686 3987 2865 4041 adhuc
2897 3986 3072 4056 majus
3113 3987 3254 4052 tieri,
3279 3997 3332 4042 et
3354 3988 3418 4040 ad
3449 3981 3637 4038 maturi.

2106 4085 2268 4130 tatem
2321 4078 2534 4131 solitam
2591 4080 2902 4147 pervenire,
2963 4078 3112 4134 dicat
3154 4080 3336 4140 alteri.
3385 4094 3448 4131 ne
3477 4084 3637 4142 tangas

2104 4169 2256 4238 iilud,
2296 4173 2391 4225 sed
2437 4172 2648 4226 dimitte
2698 4183 2757 4226 ut
2792 4183 3028 4238 crescat,
3077 4174 3202 4242 quia
3247 4169 3533 4228 benedictio
3555 4168 3635 4219 Do.

2104 4263 2235 4318 mini
2265 4273 2367 4329 est,
2405 4275 2462 4318 ut
2497 4267 2550 4317 in
2583 4275 2729 4320 tanta
2785 4267 3062 4321 acinorum
3113 4266 3453 4320 multitudine
3487 4260 3632 4316 solum

2103 4355 2361 4409 evaderet
2385 4353 2572 4409 siccita
2584 4363 2693 4408 tem
2720 4371 2734 4407 :
2761 4355 2862 4420 sic,
2892 4355 3087 4423 inquit,
3108 4355 3174 4408 de
3190 4353 3486 4410 Judaeorum
3505 4356 3635 4404 inuu-

2107 4447 2352 4502 merabili
2383 4447 2750 4510 multitudine,
2777 4462 2898 4516 quae
2924 4446 3143 4502 olfendit
3173 4447 3362 4510 Deum,
3398 4445 3438 4499 si
3464 4451 3638 4511 paucos

2102 4539 2282 4609 justos
2311 4539 2597 4603 invenero,
2631 4540 2874 4595 liberabo
2897 4557 2993 4595 eos
3019 4542 3085 4593 de
3107 4544 3329 4595 interitu
3361 4535 3513 4607 779
3535 4531 3634 4600 νιιιο

2106 4630 2397 4684 rimorum.
2465 4628 2532 4684 Et
2582 4633 2686 4687 hoc
2736 4632 2927 4686 faciam
2993 4639 3218 4702 propter
3276 4645 3457 4686 servos
3507 4635 3634 4677 tutetis

2103 4720 2400 4782 Abraham,
2439 4719 2587 4775 Isaac
2611 4729 2664 4775 et
2689 4721 2882 4787 Jacob,
2922 4721 2987 4776 ad
3017 4737 3152 4792 quos
3194 4720 3330 4775 facta
3360 4728 3437 4774 est
3469 4725 3632 4782 rcpw'

2103 4810 2316 4874 missio,
2355 4815 2471 4866 sive
2501 4823 2725 4882 prepter
2751 4830 2851 4870 eos.
2897 4817 2984 4882 qui
3012 4816 3150 4868 inter
3180 4814 3435 4884 plurimos
3472 4817 3630 4876 perca-

2106 4911 2251 4956 tores
2285 4904 2703 4959 serviuntmihi.
2730 4905 2861 4960 Tale
2877 4905 3004 4974 quid
3033 4907 3161 4960 etin
3191 4905 3382 4960 Genesi
3413 4903 3628 4970 testatus,

2105 4995 2326 5060 quando
2358 4993 2423 5049 de
2460 4995 2855 5064 quinquaginta
2887 5011 3057 5064 usque
3087 4997 3151 5049 ad
3184 4999 3363 5050 decem
3404 4988 3628 5062 paululit"

2102 5097 2423 5155 quaeruntur
2452 5089 2605 5156 justi,
2635 5087 2728 5156 qui
2774 5088 2842 5143 de
2872 5099 3093 5158 peccato
3133 5089 3358 5143 liberent
3387 5085 3626 5139 civitatem

2104 5177 2259 5248 (Gen.
2302 5179 2481 5249 XVIII),
2527 5189 2582 5232 et
2623 5176 2725 5233 Lot
2772 5182 2836 5233 de
2865 5179 3116 5233 Sodomis
3153 5195 3274 5232 cum
3316 5177 3510 5231 ﬁliabus
3531 5168 3631 5223 suis

2101 5271 2253 5325 solus
2282 5271 2462 5339 justus
2514 5271 2747 5338 eripitur
2796 5269 2949 5341 (Gen.
2983 5274 3118 5338 six).
3153 5269 3225 5323 De
3258 5283 3360 5334 quo
3385 5268 3434 5321 in
3463 5262 3627 5319 catho-

2100 5363 2202 5417 lica
2260 5362 2500 5433 EpiStola
2557 5364 2813 5418 scribitur
2845 5364 2862 5396 ⁸
2901 5360 2988 5433 (Il
3015 5363 3158 5417 Petr.
3199 5366 3280 5434 tt).
3331 5358 3468 5430 quod
3523 5367 3626 5409 (ηιμ

2101 5455 2343 5509 ciaretur
2375 5457 2556 5510 anima
2606 5455 2782 5525 ipsius
2835 5456 3067 5511 videntis
3101 5455 3327 5510 nefanda
3371 5444 3624 5506 committi.

2098 5656 2262 5709 Multa
2301 5669 2448 5716 vero,
2484 5654 2583 5708 hoc
2607 5653 2672 5707 de
2701 5655 2938 5720 nomine,
2978 5669 3076 5709 suo
3107 5653 3222 5708 loco
3257 5647 3462 5706 dicenda
3486 5641 3628 5697 nobts

2201 5747 2276 5776 HL.

2095 5735 2477 5852 emit-Prata
2522 5809 2729 5851 morem
2767 5796 3062 5852 secundam
3100 5792 3382 5864 Epistulam
3407 5787 3462 5843 Β.
3496 5779 3626 5842 [ἐυιὶ
