3902 6182
307 336 404 399 66!

786 339 1284 404 COMMENTAR.
1333 341 1416 401 IN
1456 341 1722 401 ISAIAM
1765 341 2228 404 PROPHETAM
2266 344 2414 406 LIB.
2463 345 2686 415 XVllI,
2727 344 2888 405 CAP.
2929 345 3095 406 LXV.

3440 338 3549 404 669.

304 461 364 504 et
403 449 596 504 anima:
645 447 756 523 [AL
791 453 958 505 animi
1019 451 1121 521 tui]
1169 451 1458 521 judicium,
1491 453 1742 520 corporis
1789 451 1882 504 ha-
1911 457 1954 512 Α
1987 451 2139 518 (Gen.
2169 470 2318 517 ms,
2350 453 2430 523 3),
2463 463 2518 507 ct
2558 464 2776 509 caetera.
2810 452 2952 507 Nulli
2984 451 3130 505 enim
3160 447 3378 502 dubium
3414 451 3546 518 quin

308 544 548 597 bitudine
598 543 1014 597 demonstraret.
1087 542 1269 597 Enoclt
1309 558 1528 614 quoque
1565 545 1705 597 inter
1756 555 1879 611 pec-

309 637 554 688 cautium
607 634 894 702 plurimam
951 635 1354 690 multitudinem
1391 636 1546 692 solus
1593 647 1780 705 raptus
1810 635 1880 691 ad

313 727 477 778 Deum
510 735 593 779 est
623 723 778 794 (Gen.
798 727 873 794 v).
896 726 962 780 Et
983 726 1097 780 Noe
1126 743 1248 782 eum
1280 728 1467 784 liberis
1497 730 1631 795 suis,
1659 740 1880 798 propter

309 814 674 870 declinantem
725 831 944 872 anienem
997 833 1213 874 carnem
1255 835 1286 873 a
1332 818 1544 874 Domini
1595 823 1878 881 servitute,

307 905 572 960 diluvium
604 907 784 962 delere
833 924 936 963 non
970 911 1140 978 potuit
1167 910 1318 982 (Gen.
1350 911 1470 980 vn).
1496 911 1598 967 Sed
1627 921 1686 966 et
1707 912 1882 967 Abra-

310 995 431 1046 ham
467 995 537 1050 de
565 997 688 1066 igne
713 997 1112 1065 Chaldaeorum,
1139 1001 1262 1056 lldei
1293 1003 1604 1072 integritate
1634 1011 1880 1058 servatus

305 1087 573 1159 est,(Cen.
613 1089 712 1159 xi).
745 1091 802 1145 ln
863 1107 1024 1159 quem
1085 1106 1306 1146 sensum
1357 1103 1410 1148 et
1443 1091 1690 1147 Jeremiae
1714 1093 1880 1148 verba

305 1193 371 1231 ex
422 1195 653 1247 persona
707 1181 912 1236 Domini
967 1183 1204 1238 dicentis
1290 1185 1638 1239 consentiunt
1672 1205 1685 1238 :
1715 1186 1880 1251 Quasi

307 1269 539 1322 calidum
574 1272 628 1322 in
653 1272 880 1336 deserto,
913 1272 1086 1326 inveni
1116 1273 1287 1327 Israel
1327 1291 1445 1328 cum
1475 1276 1660 1328 occisis
1703 1275 1883 1345 gladio

309 1358 532 1426 (Jerem.
591 1377 817 1425 xxxvm,
869 1363 904 1416 2
955 1380 1057 1418 sec.
1109 1363 1279 1431 LXX;
1336 1367 1392 1419 in
1437 1364 1588 1435 Vulg.
1621 1381 1766 1426 xxxi,
1801 1366 1880 1435 2).

303 1451 443 1504 Cum
465 1452 636 1526 enim,
661 1452 858 1523 inquit,
884 1455 1063 1509 omnis
1093 1455 1324 1510 mundus
1349 1455 1666 1510 idololatriae
1691 1457 1883 1526 gladiis

311 1545 640 1600 \ulneratus
670 1545 877 1613 iaceret
907 1547 1197 1611 exanimis,
1228 1547 1405 1602 inveni
1433 1546 1593 1602 lsrael
1629 1548 1679 1600 in
1707 1547 1882 1602 Abra-

309 1635 436 1688 ham
498 1636 698 1692 habere
757 1639 994 1693 calorem
1069 1638 1214 1705 fidei,
1266 1639 1422 1708 quasi
1471 1639 1735 1705 medicus,
1789 1638 1882 1708 qui

311 1735 436 1793 post
466 1725 708 1794 praelium
745 1727 888 1781 inter
921 1731 1186 1783 cadavera
1217 1740 1578 1794 mortuorum,
1609 1731 1697 1785 ubi
1721 1744 1880 1798 quem

1985 544 2234 599 Salvator
2262 545 2328 600 de
2356 543 2508 599 Judaa
2537 545 2708 613 stirpe
2751 553 3042 610 generatus
3075 541 3169 596 sit.
3223 539 3326 592 Alii
3368 550 3548 592 autem

1981 635 2255 699 apostolos
2300 634 2522 705 intelligi
2552 633 2760 699 volunt,
2792 634 2860 688 de
2890 631 3088 701 quibus
3111 644 3254 698 saepe
3273 628 3546 682 diximus:

1989 726 2240 797 Ileliqnia:
2269 727 2434 782 salsae
2457 736 2608 781 erunt
2634 724 2832 790 (Isa.t,
2865 724 2941 795 9).
2975 724 3046 779 Ει
3079 741 3094 778 :
3132 721 3253 776 Nisi
3297 721 3550 775 Dominus

1989 821 2216 874 sabaotlt
2245 820 2540 885 reliquisset
2570 818 2716 872 nobis
2747 833 2941 882 semen,
2975 817 3126 886 quasi
3151 813 3382 869 Sodoma
3411 827 3553 867 esse-

1984 927 2120 975 ntus,
2154 918 2202 963 et
2237 909 2437 964 similes
2471 907 2776 965 Gomorrltae
2822 907 3100 975 fuissemus
3129 904 3308 968 (Rom.
3341 902 3553 972 tx,29).

1984 999 2073 1052 lsti
2111 999 2470 1070 possederunt
2511 1005 2750 1054 montem
2780 996 2993 1050 Domini
3025 995 3361 1050 conscientia
3399 994 3556 1047 habi-

1987 1091 2151 1147 tantis
2177 1092 2230 1146 in
2259 1106 2322 1147 se
2350 1091 2574 1156 Christi,
2599 1090 2887 1160 loquentes
2923 1103 2940 1145 :
2971 1087 3304 1142 Accessimus
3327 1086 3394 1138 ad
3419 1086 3553 1139 Sion

1985 1194 2235 1248 montem,
2286 1192 2336 1237 et
2372 1184 2639 1238 ciuitatem
2686 1181 2783 1236 Dei
2814 1181 3033 1236 viventis
3060 1178 3358 1234 Jerusalem
3403 1176 3556 1231 corte-

1983 1284 2116 1328 stem
2148 1273 2340 1344 (Hebr.
2373 1290 2476 1341 xu,
2515 1273 2631 1344 ΕΞ).
2686 1270 2816 1326 Sive
2842 1278 3056 1326 montes
3083 1269 3227 1339 ejus,
3259 1269 3328 1324 de
3351 1267 3554 1336 quibus

1985 1366 2038 1419 in
2081 1366 2305 1434 psalmis
2365 1366 2626 1422 canitur:
2679 1365 2882 1419 Montes
2934 1365 2989 1417 in
3043 1363 3265 1417 circuitu
3303 1361 3440 1430 ejus,
3503 1368 3552 1412 et

1987 1455 2244 1511 Dominus
2271 1459 2325 1511 in
2359 1459 2582 1511 circuitu
2602 1455 2781 1524 populi
2805 1455 2888 1508 sui
2917 1453 3090 1524 (Psal.
3123 1468 3305 1514 σχειν,
3329 1452 3412 1518 ‘2).
3454 1448 3553 1503 Et:

1987 1545 2357 1600 Fundamenta
2382 1548 2494 1617 ejus
2523 1548 2576 1600 in
2610 1549 2870 1601 montibus
2902 1547 3098 1600 sanctis
3120 1543 3296 1616 (Psal.
3330 1556 3554 1602 LxxxVI.

1988 1639 2060 1706 l).
2098 1639 2455 1694 Possidehunt
2485 1649 2665 1693 autem
2705 1639 2835 1693 Sion
2867 1638 3022 1692 electi
3057 1637 3292 1699 Domini,
3320 1643 3375 1691 et
3404 1635 3559 1688 inha-

1986 1733 2233 1786 bitabunt
2281 1730 2336 1785 in
2404 1748 2465 1785 ea
2513 1731 2658 1786 servi
2721 1731 2862 1800 ejus.
2929 1731 3006 1785 De
3039 1730 3236 1799 quibus
3278 1729 3330 1782 in
3364 1726 3559 1782 eodem

307 1819 551 1871 senserit
589 1820 934 1887 pulsantibus
989 1822 1144 1875 venis
1191 1820 1393 1890 aliquid
1443 1819 1644 1876 habere
1694 1818 1883 1883 vitale,
1912 1801 1958 1860 Β
1987 1821 2263 1878 volumine
2319 1823 2619 1878 scribitur:
2675 1821 2863 1876 Semen
2914 1822 3178 1877 Abraham
3225 1820 3360 1875 servi
3413 1817 3552 1888 ejus,

309 1909 536 1964 adhibet
568 1926 755 1964 curam
790 1911 1128 1978 vulneribus,
1178 1921 1236 1967 ut
1279 1914 1533 1967 restituat
1565 1911 1880 1966 sanitatem.

309 1999 420 2053 Pro
456 2017 520 2054 eo
571 2003 713 2069 quod
767 2004 1030 2073 scriptum
1081 2013 1184 2070 est,
1243 2003 1320 2068 ὡς
1375 2004 1600 2074 θερμὸν,
1648 2005 1749 2058 hoc
1775 2013 1880 2068 est,

310 2094 474 2161 quasi
499 2093 751 2161 calidum,
778 2093 1004 2150 Latinus
1035 2093 1322 2164 interpres,
1358 2095 1505 2150 verbi
1536 2095 1887 2164 ambiguitate

312 2184 594 2251 deceptus,
661 2187 898 2254 lupinum
963 2191 1354 2257 interpretatus
1411 2197 1514 2256 est,
1565 2188 1616 2241 in
1675 2202 1783 2254 quo
1833 2195 1887 2241 et

309 2279 627 2332 Graecorum
662 2279 908 2348 plerique
960 2288 1173 2334 errant.
1195 2280 1263 2334 Et
1293 2289 1474 2334 tamen
1508 2279 1788 2334 sciendum
1835 2278 1884 2331 in

315 2370 587 2424 llebraico
622 2385 717 2438 pro
749 2373 926 2426 calore
957 2373 1217 2441 scriptum
1259 2387 1380 2426 esse
1411 2386 1580 2426 THODA
1615 2373 1628 2402 ‘
1671 2370 1886 2440 (rmn).

310 2463 461 2532 quod
517 2464 906 2532 interpretatur
948 2466 1124 2534 gratia
1175 2480 1193 2519 :
1238 2465 1383 2534 quod
1440 2465 1648 2519 scilicet
1715 2463 1888 2532 gratia

316 2554 437 2620 Dei,
470 2564 522 2608 et
578 2571 683 2610 non
735 2560 930 2612 merito
992 2571 1216 2626 cperunt
1276 2571 1497 2611 suorum
1545 2555 1788 2611 salvatus
1821 2557 1892 2610 sit

310 2649 503 2705 Israel.

389 2737 568 2808 (Vers.
602 2737 681 2806 9.)
747 2756 766 2791 ι
794 2737 857 2790 Ει
888 2737 1116 2792 educam
1154 2739 1218 2791 de
1261 2735 1430 2790 Jacob
1475 2749 1682 2802 semen,
1733 2745 1786 2789 et
1823 2739 1890 2789 de

310 2830 454 2886 Juda
495 2831 862 2900 possidentem
911 2840 1123 2884 montes
1160 2843 1309 2884 meos
1347 2845 1362 2882 :
1397 2840 1450 2882 et
1489 2828 1892 2881 haereditabunt

312 2939 436 2977 eam
491 2924 646 2978 electi
699 2923 826 2989 mei,
888 2931 942 2978 et
974 2923 1115 2978 servi
1144 2921 1252 2975 mei
1299 2919 1682 2974 inhabitabant
1709 2918 1802 2982 ibi,
1837 2926 1892 2973 et

313 3025 483 3071 erunt
544 3015 872 3083 canipestria
940 3015 992 3067 in
1059 3013 1247 3067 caulas
1307 3028 1558 3083 gregum,
1617 3022 1668 3065 et
1737 3011 1890 3063 Vallis

318 3109 505 3161 Achor
527 3106 580 3160 in
608 3106 789 3160 cubile
817 3115 1189 3159 armentorum
1234 3104 1432 3173 populo
1462 3119 1582 3156 meo
1612 3104 1705 3172 qui
1737 3119 1887 3170 quae-

317 3205 528 3255 sit-runt
577 3215 718 3256 me.)
759 3197 901 3253 LXX
943 3216 956 3252 :
1010 3197 1176 3268 730
1210 3216 1226 3248 ι
1255 3198 1318 3250 El
1349 3199 1577 3251 educam
1623 3197 1690 3250 de
1719 3196 1887 3251 Jacob

318 3309 528 3358 sumen,
564 3301 618 3345 et
645 3291 708 3344 de
731 3287 886 3352 luda,
913 3299 968 3342 et
999 3288 1339 3342 ha-reditabit
1367 3298 1605 3340 montem
1632 3296 1884 3341 sanctum

319 3402 522 3446 meum.
571 3396 624 3438 et
673 3382 1070 3437 haareditahunt
1124 3382 1282 3435 electi
1333 3381 1458 3444 mei,
1498 3387 1552 3434 et
1587 3381 1732 3434 servi
1781 3379 1887 3434 mei

323 3481 645 3533 habilaltunt
693 3478 785 3544 ibi,
819 3488 873 3531 et
905 3486 1068 3530 erunt
1106 3476 1158 3529 in
1185 3476 1324 3529 salttt
1356 3475 1516 3529 ovilia
1552 3490 1802 3543 gregum,
1836 3483 1889 3526 et

320 3572 476 3625 vallis
507 3570 687 3624 Acltor
716 3569 766 3622 in
795 3569 978 3636 requie
1014 3577 1383 3620 armentorum
1413 3568 1611 3634 populo
1648 3581 1766 3619 meo
1796 3565 1887 3633 qui

321 3664 692 3729 requisierunt
739 3675 844 3714 me.
876 3677 894 3710 ι
957 3659 1127 3724 Quem
1177 3673 1339 3726 supra
1398 3658 1609 3712 vocavit
1662 3673 1888 3726 granum

322 3755 484 3816 botri,
530 3752 644 3804 sive
672 3751 905 3815 acinum,
932 3757 1024 3801 attt
1060 3748 1140 3818 (ut
1171 3748 1321 3800 multi
1351 3747 1563 3814 volunt)
1602 3763 1888 3813 racemum,

323 3848 465 3899 hunc
505 3860 645 3898 nunc
674 3843 908 3912 appellat
932 3858 1116 3896 semen
1153 3839 1319 3893 Jacob
1345 3851 1400 3892 et
1428 3838 1586 3902 Jutla,
1629 3839 1720 3908 qui
1769 3853 1891 3906 pos-

321 3938 494 3993 sideat
524 3948 757 3998 montes,
799 3935 916 3989 sive
945 3943 1183 3987 montem
1221 3933 1358 4000 ejus.
1398 3931 1594 3986 Semen
1635 3929 1804 3985 Jacob
1835 3941 1890 3984 et

323 4031 456 4086 Juda
513 4031 758 4098 plerique
805 4028 1081 4082 Christum
1148 4025 1476 4092 intelligunt,
1533 4024 1599 4077 de.
1671 4038 1778 4092 quo
1833 4023 1885 4078 in

327 4124 517 4180 Genesi
569 4123 811 4176 dicitur:
880 4118 1046 4184 Iuda,
1112 4125 1158 4170 te
1219 4117 1511 4170 laudabunt
1572 4117 1768 4186 fratres
1810 4116 1888 4168 tttt'

331 4313 480 4356 uocat
525 4299 845 4354 Cononicam
898 4296 1278 4366 Hieronymus,
1336 4310 1455 4347 cum
1507 4293 1631 4346 alibi
1687 4304 1888 4366 septem

341 4370 631 4441 injusmodi
683 4369 976 4441 Epi_stolas_
1012 4365 1314 4441 Cat’ltolicas
1369 4380 1593 4441 semper
1635 4365 1887 4441 appellet.

323 4433 510 4508 Neque
540 4433 737 4493 tamen
773 4438 907 4490 lianc
963 4436 1249 4508 lectionem
1309 4443 1518 4508 mutare
1552 4433 1749 4508 ‘dchuit
1775 4433 1891 4486 Ma-

1986 1914 2088 1983 ﬁlt‘i
2143 1913 2310 1968 Iacob
2368 1914 2518 1970 electi
2573 1915 2689 1984 ejus
2729 1914 2907 1984 (Psul.
2963 1929 3074 1974 t'tv,
3103 1913 3181 1984 6).
3235 1913 3558 1979 Quicunque

1987 2024 2118 2079 ergo
2152 2009 2329 2065 adhuc
2360 2024 2547 2066 semen
2583 2020 2687 2076 est,
2719 2024 2816 2064 nec
2837 2009 3104 2063 formatus
3135 2008 3188 2062 in
3228 2007 3422 2070 lilium,
3455 2007 3562 2060 iste

1985 2115 2180 2155 servus
2226 2109 2309 2155 est
2372 2099 2611 2168 Domini,
2669 2103 2756 2155 cui
2801 2101 2933 2154 dit-it
2961 2100 3016 2154 in
3047 2099 3387 2169 Evangelio:
3432 2097 3560 2155 Scio

1986 2194 2109 2264 quia
2135 2208 2323 2248 semen
2352 2193 2588 2248 Abrahae
2628 2193 2783 2257 estis,
2816 2191 2910 2246 sed
2949 2190 3184 2246 necdum
3238 2190 3331 2244 lilii
3371 2187 3554 2260 (Joan.

1987 2289 2128 2356 vni).
2165 2287 2221 2342 Si
2253 2289 2397 2343 enim
2423 2302 2608 2343 semen
2634 2285 3133 2349 essentAbraham,
3167 2298 3329 2352 opera
3367 2283 3558 2352 utique

1986 2377 2258 2431 Abraham
2297 2377 2564 2431 lacerent.
2596 2374 2699 2440 Qtti
2731 2385 2910 2430 autem
2942 2373 3102 2438 lilius,
3144 2373 3244 2427 iste
3274 2383 3328 2426 et
3354 2373 3561 2426 electus

1987 2479 2069 2524 est
2127 2467 2366 2522 Domini.
2427 2467 2581 2524 Unde
2612 2465 2822 2521 electus
2870 2464 3116 2534 possidet
3138 2463 3468 2528 Jerusalem,
3505 2474 3562 2517 et

1987 2561 2131 2618 servi
2181 2560 2427 2614 habitant
2457 2560 2512 2614 in
2549 2575 2632 2624 ea,
2677 2569 2733 2613 et
2777 2560 2841 2612 de
2892 2559 3126 2612 liliorutn
3159 2572 3224 2612 ac
3271 2571 3562 2612 servorum

1989 2654 2292 2709 differentia
2335 2654 2535 2708 dicitur
2582 2670 2596 2706 :
2637 2652 2763 2707 Non
2797 2651 3074 2718 tit-cepistis
3105 2651 3355 2720 spiritum
3395 2649 3564 2703 servi-

1989 2745 2120 2798 tutis
2186 2745 2376 2799 iterum
2434 2744 2489 2798 in
2543 2745 2803 2808 timorem,
2854 2744 2943 2798 sed
2972 2743 3218 2814 spiritum
3267 2741 3562 2808 adoptionis

1991 2837 2170 2908 (Rom.
2205 2852 2319 2900 viti,
2355 2837 2468 2904 15).
2509 2834 2577 2888 Et
2606 2846 2780 2900 erunt,
2813 2835 3010 2904 iuqttit,
3061 2835 3401 2899 campestria,
3448 2831 3565 2887 sive

1989 2929 2183 2994 saltus,
2207 2930 2259 2982 in
2288 2930 2474 2981 caulas
2511 2944 2747 2998 gregum.
2807 2927 2911 2982 Pro
2937 2927 3338 2994 campestribus
3368 2926 3424 2978 in
3459 2923 3569 2978 lle-

1992 3019 2136 3073 brato
2203 3033 2371 3073 ssnon
2413 3018 2586 3104 (pm?)
2645 3018 2886 3086 p0nitur.
2945 3015 3135 3070 Omnis
3213 3013 3362 3082 regio
3415 3013 3564 3068 circa

1993 3105 2256 3176 Lyddam,
2333 3101 2539 3174 Joppen
2598 3118 2655 3158 et
2719 3105 2878 3174 781
2949 3101 3219 3158 Jamniam
3285 3111 3410 3173 apta
3483 3108 3569 3156 est

1998 3197 2278 3267 pascendis
2307 3197 2583 3266 gregibus.
2623 3194 2697 3250 De
2729 3212 2836 3266 quo
2863 3196 2995 3250 etin
3032 3196 3261 3250 Actibus
3295 3193 3569 3263 apostolo-

1999 3304 2114 3344 rum
2146 3289 2408 3358 scriptum
2439 3300 2524 3343 est
2560 3305 2574 3341 :
2614 3286 2800 3342 Saltus
2825 3297 3000 3342 autem
3025 3282 3294 3341 vertent’ur
3328 3286 3381 3338 in
3407 3284 3571 3340 ovilia

2002 3381 2143 3451 (Act.
2194 3381 2292 3450 is),
2341 3381 2498 3448 juxta
2553 3379 2684 3434 illud
2721 3378 2869 3448 quod
2921 3377 2972 3430 in
3040 3378 3250 3447 psalmo
3302 3378 3565 3432 canitur:

2009 3473 2122 3526 l'ua:
2160 3473 2368 3526 Domini
2415 3472 2730 3543 perﬁcientis
2769 3487 2964 3536 cervos,
3015 3480 3064 3522 et
3099 3469 3346 3524 reuelabit
3395 3470 3569 3524 saltus

2003 3565 2176 3633 (Psal.
2242 3578 2432 3630 sxvttt,
2489 3564 2566 3635 9),
2648 3564 2763 3618 sive
2827 3563 3090 3640 condensa
3153 3563 3432 3626 silvarum,
3512 3572 3572 3616 ut

2001 3659 2239 3713 latrones
2281 3659 2354 3712 ibi
2391 3657 2606 3712 latitare
2636 3655 2928 3722 desistant,
2973 3667 3025 3709 et
3054 3655 3245 3708 bestia:
3279 3665 3571 3709 venenata-

2001 3765 2104 3819 qne
2135 3749 2414 3814 animalia,
2442 3757 2496 3802 et
2535 3748 2650 3802 loca
2689 3749 2961 3815 quondam
2993 3746 3312 3801 insidiarum
3368 3756 3422 3800 et
3447 3761 3572 3800 san-

1999 3839 2202 3908 guinis,
2239 3839 2289 3892 in
2323 3838 2579 3894 ecclesias
2621 3839 2834 3894 Domini
2869 3847 3166 3902 transeant,
3195 3849 3250 3893 et
3279 3849 3574 3906 pascantur

2002 3932 2076 3984 ibi
2141 3947 2332 4001 greges
2385 3935 2453 3986 ab
2489 3948 2572 3998 eo,
2614 3933 2705 4001 qui
2740 3931 2920 3999 posuit
2965 3931 3202 3984 animam
3232 3945 3330 3998 pro
3375 3926 3572 3985 ovibus

1999 4020 2132 4073 suis.
2165 4020 2237 4073 De
2267 4037 2374 4089 qttu
2407 4023 2667 4088 scriptum
2694 4031 2778 4075 est
2807 4038 2820 4074 :
2863 4020 2981 4089 Ipse
3007 4029 3182 4091 pascet
3231 4035 3322 4074 nos
3374 4020 3430 4072 in
3462 4035 3570 4074 sa:-

2005 4110 2125 4164 cnla
2156 4110 2326 4182 (Psal.
2359 4129 2482 4175 va,
2520 4112 2632 4181 15).
2699 4112 2803 4167 ista
2846 4127 2948 4166 vox
3009 4111 3225 4165 Domini
3282 4111 3572 4181 perlicicns

2007 4308 2061 4352 et
2093 4297 2510 4351 misericordiam
2538 4305 2714 4352 sonat.
2747 4296 2925 4349 Locus
2955 4297 3136 4364 itaque
3176 4297 3279 4348 iste
3311 4297 3568 4363 scopulus

2010 4377 2118 4430 est,
2138 4367 2203 4419 ad
2219 4382 2379 4434 quem
2402 4367 2642 4419 rationes
2655 4381 2781 4420 suas
2810 4382 2870 4418 ac
2885 4366 3222 4420 Comlllettlttl
3239 4367 3318 4416 ins
3344 4367 3575 4432 appellit

2013 4437 2070 4490 S.
2109 4435 2331 4500 Doctor,
2357 4436 2606 4489 Latinum
2635 4437 3010 4503 interpretem.
3041 4446 3092 4488 et
3113 4435 3426 4489 Glil‘col‘lllll
3462 4438 3574 4501 ple.

323 4503 513 4567 rianus
551 4509 842 4566 Victorius,
893 4507 1100 4559 nullum
1157 4505 1359 4558 habens
1409 4503 1604 4573 hocin
1636 4503 1752 4556 loco
1792 4520 1892 4559 ms.
1932 4503 1974 4560 Ι)
2010 4522 2207 4572 resque
2238 4507 2442 4559 erroris
2469 4505 2816 4558 insimulans.
2857 4506 3026 4573 Hujus
3061 4516 3237 4558 tamen
3275 4506 3576 4557 hallucina-

326 4584 564 4636 wdit-etn
611 4577 966 4632 restitutionis
1015 4575 1449 4642 sumagzitoretn.
1501 4572 1608 4640 Ego
1655 4588 1780 4624 vero
1808 4575 1894 4640 qui

335 4652 457 4705 iihil
492 4664 708 4717 possunt
780 4650 1040 4717 adversus
1078 4648 1414 4717 __veritatetn,
1463 4648 1555 4695 sed
1588 4644 1770 4695 omnia
1802 4657 1897 4709 pro

323 4713 577 4783 veritate,
643 4734 747 4769 non
821 4716 1001 4779 putavi
1058 4713 1506 4783 dissimulandum
1571 4725 1895 4765 consensum

323 4791 568 4842 ninnium
605 4787 994 4854 exetuplarium
1029 4797 1187 4846 mss.,
1241 4784 1344 4836 etsi
1386 4782 1724 4848 aliquantum
1764 4798 1896 4854 con-

327 4862 527 4912 trarius
585 4851 842 4924 appareat
900 4854 1230 4924 coniecturae
1296 4868 1459 4922 quam
1498 4853 1781 4924 "proposui
1841 4851 1895 4904 iu

323 4921 783 4982 Adnotationibus
812 4926 944 4978 meis
967 4928 1032 4976 ad
1059 4921 1345 4992 Prologum
1376 4921 1654 4992 ptjtelixum
1686 4931 1894 4988 septem

327 4999 584 5065 Epistolis
621 4996 912 5050 Canonicis
967 4993 1140 5063 primo
1178 4988 1326 5046 toino
1374 4988 1636 5045 editionis
1667 5004 1894 5045 nostrae.

324 5072 587 5123 Maurus.

402 5140 420 5172 ³
454 5136 659 5191 Thoda.
711 5135 853 5190 Editi
900 5144 1024 5189 ante
1070 5147 1168 5188 nos
1227 5133 1348 5187 libri
1398 5149 1502 5187 non
1558 5139 1692 5191 .‘mn
1734 5130 1893 5182 tltoda

331 5211 566 5263 retinent
612 5208 768 5274 juxta
824 5207 981 5260 Iidem
1037 5207 1277 5255 omnium
1314 5219 1441 5257 mss.
1477 5205 1767 5267 codicum;
1797 5203 1893 5253 sed

330 5287 551 5331 verbum
581 5286 714 5335 m'n
738 5278 897 5339 Itodu,
940 5277 1084 5343 quod
1117 5275 1350 5341 gratiam
1386 5290 1491 5326 non
1527 5283 1702 5343 potest
1730 5274 1898 5336 signi-

331 5354 517 5404 tieare.
555 5361 611 5398 ut
657 5347 824 5399 voluit
870 5342 1234 5413 Hieronymus
1283 5344 1492 5404 dicens,
1526 5342 1664 5413 quod
1690 5343 1891 5393 scilicet

328 5418 503 5485 gratia
531 5416 645 5479 Dei,
673 5426 720 5469 et
755 5433 856 5469 non
887 5411 1308 5485 nteritc'operum
1331 5429 1545 5465 suorum
1569 5411 1802 5464 salvatus
1823 5413 1897 5485 sit

331 5481 521 5540 lsrael.
547 5491 609 5540 At
631 5489 729 5539 huc
763 5501 924 5540 sensu
958 5483 1118 5536 thoda
1150 5499 1251 5534 non
1277 5484 1669 5550 interpretatur
1691 5481 1894 5548 gratia,

333 5559 384 5608 id
416 5568 518 5616 est,
550 5556 908 5609 misericordia
933 5572 950 5607 :
978 5558 1071 5608 sed
1106 5553 1288 5620 potius
1317 5553 1612 5622 gratiarum
1641 5553 1799 5622 actio,
1838 5559 1894 5602 et

332 5627 468 5678 tuus.
503 5624 611 5680 Nec
648 5627 700 5676 in
750 5624 993 5688 lli-hrdeo,
1035 5619 1157 5690 cap.
1190 5619 1335 5689 xxxi,
1373 5623 1428 5689 ‘2,
1457 5619 1730 5684 let-emite,
1764 5620 1896 5687 legi-

333 5709 454 5747 mus
482 5710 670 5748 vocem
692 5705 828 5753 mm
883 5695 1064 5756 tltoda,
1098 5706 1151 5746 ut
1183 5704 1365 5746 nmnet
1403 5692 1682 5758 cenet-ptis
1712 5691 1895 5742 verbis

335 5764 728 5836 Hieronymus;
755 5782 936 5818 verum
967 5775 1028 5845 In
1061 5766 1217 5828 Itlten,
1240 5762 1380 5830 qtt-:d
1409 5778 1482 5831 pri
1510 5778 1542 5832 p
1578 5765 1623 5814 ie
1655 5761 1888 5830 gratiam

2005 4579 2164 4628 tinnis
2197 4575 2376 4628 nullus
2427 4573 2592 4644 judex
2653 4575 2874 4629 criticus
2924 4585 3005 4628 est
3043 4576 3415 4644 appellandus,
3451 4588 3573 4627 eunt

2012 4645 2154 4698 idem
2187 4644 2547 4714 Hieronymus
2582 4659 2701 4697 eam
2734 4645 3347 4714 castigaveritscribens
3385 4652 3573 4714 postea

2013 4715 2063 4765 in
2103 4712 2419 4769 Jeremiam}
2477 4712 2782 4767 Dicitenim
2823 4731 2838 4769 :
2871 4712 3110 4768 Ridicule
3146 4715 3326 4766 Latine
3372 4713 3572 4764 codices

2014 4786 2064 4835 in
2097 4789 2194 4838 hcc
2223 4786 2360 4845 loco,
2419 4785 2762 4853 ambiguitate
2816 4786 2958 4839 verbi
2990 4783 3184 4848 Crit-ei,
3233 4799 3326 4852 pro
3364 4782 3572 4853 calido.

2016 4855 2230 4922 lupinos
2289 4849 2622 4919 interpretati
2671 4863 2814 4907 sunt.
2871 4853 3112 4908 Grtecurn
3166 4849 3301 4906 enim
3345 4849 3573 4922 θερμὸν

2015 4920 2297 4994 utrumque
2347 4924 2634 4994 signiﬁcat.
2671 4923 2825 4986 Quod
2856 4935 2902 4976 et
2926 4926 3092 4994 ipsum
3134 4938 3238 4994 non
3265 4920 3574 4994 habetur‘in

2017 4989 2298 5076 LIebrniro:
2335 4989 2428 5045 Est
2451 4989 2592 5076 enim
2621 4994 2874 5076 scriptum
2891 4989 3028 5076 nni-1n
3048 4991 3327 5076 (ln),quod
3355 4989 3570 5076 Aquila,

2013 5063 2366 5134 Symmachus
2413 5073 2461 5118 et
2521 5063 2807 5134 Theodotio
2844 5067 3026 5132 χάριν.
3073 5063 3173 5113 'Itoc
3212 5070 3286 5115 est
3319 5067 3568 5134 gratiam,

2009 5131 2342 5199 interpretati
2374 5143 2517 5188 sunt.
2578 5132 2692 5186 Soli
2741 5131 3085 5200 Septuaginta
3116 5141 3401 5200 posuerunt
3435 5131 3575 5200 tall-

2008 5205 2159 5269 dum,
2186 5215 2429 5272 putantes
2463 5203 2704 5255 ultimam
2729 5199 2955 5272 litteram
2977 5201 3167 5272 Messe.
3189 5199 3244 5254 Si
3265 5203 3400 5254 enim
3425 5199 3574 5272 lega-

2009 5291 2122 5326 mus
2146 5267 2153 5269 “
2177 5267 2279 5327 nan
2348 5289 2436 5339 per
2467 5275 2700 5325 litteram
2731 5270 2795 5332 Ν,
2839 5272 3016 5339 gratia
3059 5271 3277 5335 dicitur;
3303 5273 3346 5324 si
3377 5267 3569 5338 per‘M,

2009 5346 2134 5411 (an)
2164 5348 2311 5396 eatur
2340 5347 2738 5410 interpretatur.
2779 5341 3044 5408 ldem‘ltic
3085 5343 3137 5394 itt
3173 5340 3362 5394 Isaiam
3389 5341 3570 5392 dicere

2002 5418 2172 5466 voluit
2205 5411 2609 5482 Hieronymus;
2660 5415 2752 5466 sed
2809 5429 2913 5464 non
2947 5412 3192 5465 meminit
3220 5413 3372 5482 vocis
3404 5423 3566 5473 ausu,

2001 5489 2124 5549 quia
2166 5483 2217 5534 itt
2271 5481 2504 5535 lcettune
2553 5481 2799 5535 llchraici
2862 5492 3153 5535 contextus
3208 5481 3456 5534 Jeremiu'.
3501 5483 3573 5532 ob

2001 5552 2187 5606 oculos
2214 5552 2286 5604 illi
2315 5555 2541 5605 forsitan
2569 5551 2670 5604 fuit
2701 5553 2926 5606 verbum
2954 5551 3202 5617 superius
3227 5560 3362 5609 n't'n
3391 5549 3568 5606 tltoda.

2001 5626 2139 5687 quod
2210 5626 2438 5678 habetur
2491 5622 2739 5691 ejusdem
2790 5623 3060 5684 Jet'ettttm,
3113 5637 3236 5690 cap.
3290 5637 3422 5684 xxx,
3485 5620 3568 5674 ll).

2003 5695 2271 5746 Mantus.
