3906 6172
400 303 508 368 663
561 318 565 324 '

1463 369 1466 373 .
1554 320 1616 380 S.
1662 320 1978 383 EUSEBII
2035 325 2477 388 IIIERONYMI
3521 332 3609 396 filii

399 439 615 490 cervos,
670 435 724 482 et
759 428 1008 485 revelans
1039 432 1312 490 condensa
1345 436 1625 507 silvarum,
1669 457 1766 512 per
1808 440 1974 496 Joan-
2004 441 2044 498 Α
2079 440 2352 498 lacrorum
2385 453 2632 512 portenta
2660 454 3004 512 venerantes,
3027 453 3080 502 et
3114 459 3442 516 nequaquam
3472 449 3608 502 altari

395 534 522 574 nem
547 523 747 576 clamat
771 523 1036 597 ineremo
1074 546 1087 583 :
1144 527 1268 582 Jam
1306 526 1514 587 securis.
1529 534 1582 588 in
1615 536 1848 589 radicem
1881 554 1971 590 ar-

395 612 582 665 borum
625 615 796 682 posita
830 628 925 671 est.
979 617 1163 673 Omnis
1195 624 1354 676 arbor
1395 640 1511 694 quae
1560 642 1660 680 non
1697 627 1825 696 facit
1859 628 1973 697 fru-

395 717 537 758 ctum
575 707 673 758 bon
687 724 793 771 um,
821 711 1110 775 excidatur,
1141 717 1262 769 etin
1287 717 1455 786 ignem
1481 720 1718 774 mittetur
1748 707 1966 792 (Matth;

401 809 479 857 tu,
521 799 626 868 l0).
674 797 736 852 Et
770 801 964 858 iterum
1002 823 1014 859 :
1078 805 1264 862 Omnis
1295 811 1448 864 vallis
1478 812 1783 879 implebitur
1813 815 1966 884 (Luc.

396 901 482 946 tu,
525 888 617 954 5);
652 891 719 946 de
752 908 855 961 qua
889 901 943 946 et
981 911 1126 950 nunc
1161 899 1359 952 dicitur
1389 917 1402 952 :
1436 909 1484 954 et
1525 903 1678 956 vallis
1711 905 1883 958 Achar
1915 907 1967 958 in

398 980 567 1035 cubile
606 995 990 1046 armentorum.
1033 997 1083 1042 et
1135 990 1190 1044 in
1221 993 1454 1061 requiem
1510 997 1703 1062 populo
1736 1013 1848 1050 meo
1879 999 1968 1069 qui

400 1077 755 1142 requisiernnt
796 1093 896 1131 me.
933 1080 1008 1132 De
1039 1096 1143 1150 qua
1187 1095 1238 1136 et
1274 1085 1325 1137 in
1363 1085 1501 1138 libro
1527 1085 1656 1141 Jesu
1685 1088 1779 1141 lilii
1819 1087 1968 1146 Nave

397 1164 648 1236 legimus,
687 1170 831 1236 quod
867 1171 939 1224 ibi
973 1173 1298 1230 interfectus
1327 1178 1397 1230 sit
1433 1177 1661 1244 Acham,
1695 1181 1784 1249 qui
1815 1180 1968 1234 fura-

395 1268 481 1315 tus
509 1269 593 1316 est
620 1262 686 1317 de
712 1264 1079 1328 anathemate.
1104 1278 1157 1322 et
1188 1270 1252 1323 de
1282 1271 1469 1338 spoliis
1487 1271 1727 1339 Jericho,
1761 1283 1815 1327 et
1843 1290 1966 1329 cum

393 1353 537 1406 omni
571 1352 735 1406 domo
767 1372 864 1408 sua
896 1357 1239 1426 interfectus,
1279 1373 1444 1430 atque
1471 1381 1534 1419 ex
1566 1380 1632 1420 eo
1668 1366 1813 1436 quod
1853 1377 1967 1420 tur-

391 1440 602 1498 baverit
647 1447 923 1516 populum,
958 1450 1108 1506 locus
1142 1451 1258 1522 ipse
1291 1454 1344 1509 in
1395 1471 1502 1524 quo
1531 1457 1753 1524 accidit,
1787 1473 1961 1513 Αριιοιι

395 1536 598 1608 (‘1’:37),
644 1539 699 1593 id
749 1551 854 1608 est,
910 1545 1226 1600 turbationis
1277 1562 1342 1602 ac
1369 1551 1623 1604 tumultus
1655 1567 1848 1606 nomen
1879 1568 1971 1606 ac-

392 1633 534 1700 cepit
564 1632 747 1704 (JOsue
806 1635 923 1706 vu).
965 1637 1131 1693 Vallis
1153 1641 1322 1710 igitur
1340 1643 1541 1706 Achar,
1578 1645 1629 1697 in
1659 1647 1761 1713 q‘ua
1791 1662 1968 1715 quon-

394 1723 539 1775 dam.
573 1724 885 1780 maledictio
941 1729 1042 1780 I'nit
1073 1739 1236 1798 atque.
1266 1733 1616 1800 supplicium,
1650 1739 1753 1789 erit
1789 1736 1842 1790 iu
1877 1752 1967 1789 ar-

392 1825 699 1869 mentorum
741 1819 1010 1884 requiem.
1046 1820 1176 1886 Quu:
1211 1822 1409 1877 Paulus
1444 1826 1775 1888 edisserens,
1819 1827 1891 1880 ait
1948 1842 1962 1881 :

396 1905 667 1976 Numquid
703 1910 769 1964 de
800 1910 960 1964 bobus
995 1929 1120 1965 cura
1173 1925 1248 1968 est
1285 1916 1390 1970 Deo
1422 1915 1476 1987 (ι
1520 1918 1641 1973 Cor.
1677 1935 1751 1983 ts,
1782 1919 1965 1989 9)?au

395 2001 584 2070 utique
615 2002 679 2056 de
727 2004 883 2058 nobis
912 2004 1067 2072 dicit,
1102 2007 1229 2076 quia
1274 2007 1439 2062 debet
1471 2011 1521 2064 in
1550 2027 1644 2079 spe
1681 2012 1772 2081 qui
1824 2023 1964 2078 arat,

393 2107 577 2158 arare,
613 2101 667 2147 et
708 2095 800 2164 qui
852 2097 977 2150 terit
1008 2112 1220 2164 aream,
1273 2109 1448 2154 terere
1477 2117 1594 2154 eam
1651 2103 1702 2156 in
1755 2119 1868 2174 spe,
1909 2114 1968 2159 ut

392 2184 770 2255 participetur.
807 2187 880 2240 De
909 2189 1011 2242 hac
1039 2190 1174 2244 valle
1202 2202 1254 2244 et
1299 2193 1350 2246 iu
1401 2193 1540 2248 Osee
1576 2195 1798 2266 mystice
1834 2197 1970 2250 scri-

390 2285 540 2344 pturn
582 2286 663 2330 est
695 2294 714 2332 :
743 2277 955 2350 Loquar
981 2282 1050 2333 ad
1085 2297 1175 2335 cor
1206 2282 1341 2352 ejus,
1392 2285 1531 2338 haud
1583 2279 1804 2340 dubium
1836 2288 1964 2356 quin

388 2369 725 2437 Jerusalem;
771 2382 820 2426 et
864 2374 1000 2429 dabo
1029 2392 1355 2442 possessores
1407 2379 1556 2433 itlius
1591 2380 1730 2444 inde,
1771 2393 1820 2435 et
1851 2381 1966 2437 val-

390 2457 492 2512 lem
530 2461 725 2525 Achar,
757 2473 814 2515 ut
855 2465 1058 2532 aperiat
1111 2466 1512 2535 intelligentiam
1542 2470 1686 2524 illius
1716 2469 1876 2541 (Osee
1903 2488 1960 2540 tt,

391 2551 501 2621 Η).
540 2553 749 2608 idcirco
801 2558 948 2611 enim
999 2558 1152 2612 vallis
1197 2560 1383 2613 Achor
1448 2562 1499 2615 in
1568 2565 1963 2632 possessionem

391 2645 624 2700 traditur
653 2659 1020 2704 armentorum
1047 2651 1226 2720 populi
1253 2652 1370 2717 Dei,
1399 2663 1452 2706 et
1483 2655 1651 2708 saltus
1681 2666 1967 2710 vertuntur

390 2739 445 2790 in
505 2738 693 2792 caulas
754 2755 1002 2811 gregum,
1041 2751 1097 2796 ut
1137 2744 1416 2813 aperiatur
1469 2745 1852 2817 intelligentia,
1912 2757 1964 2804 et

387 2828 600 2881 Domini
631 2845 685 2880 Vc
701 2829 833 2884 ritas
867 2842 1246 2900 cognoscatur.

462 2916 645 2988 (Vers.
688 2919 776 2984 ‘ll,
809 2920 923 2989 η.)
978 2940 997 2973 ε
1025 2922 1089 2974 Ει
1129 2939 1224 2978 vos
1255 2925 1347 2994 qui
1384 2926 1753 2997 dereliquistis
1786 2929 1967 2983 Domi-

390 3025 544 3077 num,
582 3021 637 3066 et
671 3011 822 3065 obliti
877 3013 1010 3066 estis
1046 3025 1288 3070 montem
1319 3027 1563 3071 sanctrnn
1622 3036 1821 3075 Inuum.
1861 3023 1961 3088 Qui

2076 533 2345 597 victimas,
2409 537 2502 590 sed
2560 537 2868 607 lrujusutodi
2928 553 3128 593 mensae
3164 539 3268 592 liba
3314 537 3608 595 fundebant.

2073 624 2338 695 Quodque
2401 627 2752 697 Septuaginta
2823 632 3221 685 transtulerunt
3278 629 3512 693 daemoni,
3561 628 3593 684 ir

2075 714 2338 770 llebraico
2382 717 2542 773 habet
2586 735 2744 773 unum
2805 719 2954 790 (ut:
2983 719 3027 788 ),
3090 720 3233 791 quod
3284 719 3612 792 Symmachus

2073 805 2470 876 interpretatus
2523 819 2628 874 est,
2661 811 2857 881 absque
2909 828 3027 878 me;
3061 820 3119 865 ut
3158 812 3225 865 sit
3255 827 3438 866 sensus
3467 829 3482 866 :
3520 811 3612 877 Qui

2073 899 2279 966 paratis
2327 899 2558 955 fortuna:
2615 917 2882 971 mensam,
2937 912 2993 958 et
3048 903 3283 973 impletis
3324 903 3513 972 absque
3541 919 3613 956 me

2072 993 2389 1060 potionem;
2439 1005 2499 1047 nt
2533 996 2726 1050 doceat
2780 1012 2884 1050 non
2930 995 3031 1050 sibi
3073 995 3211 1062 ﬁeri,
3249 996 3344 1051 sed
3383 995 3610 1050 dtemoni.

2072 1085 2294 1140 Gladius
2323 1085 2504 1140 autem
2535 1088 3092 1154 quointerfrciuntur,
3123 1103 3221 1158 pro
3252 1089 3504 1157 supplicio
3535 1103 3590 1144 ac

2072 1177 2295 1245 cipitur.
2351 1179 2537 1247 Neque
2585 1181 2731 1233 enim
2783 1181 2963 1235 omnis
2995 1181 3228 1250 populus
3257 1180 3419 1235 Israel
3455 1180 3614 1249 gladio

2072 1265 2306 1320 traditus
2336 1277 2694 1337 est,quorurn
2728 1269 2975 1323 videmus
3010 1278 3212 1337 quanta
3246 1268 3410 1323 millia
3440 1269 3489 1322 in
3515 1277 3613 1322 toto

2072 1355 2208 1411 orbe
2264 1359 2508 1427 dispersa
2545 1361 2690 1426 sint;
2742 1361 2836 1415 sed
2864 1361 3041 1429 poenis
3085 1371 3249 1430 atque
3285 1363 3614 1428 cruciatibus,

2072 1449 2374 1518 captivitati
2399 1463 2454 1505 et
2485 1451 2688 1506 ultimae
2715 1452 2986 1516 servituti,
3011 1453 3165 1523 juxta
3187 1453 3314 1508 illud
3348 1455 3482 1522 quod
3500 1454 3613 1508 alibi

2071 1543 2277 1598 dicitur
2306 1561 2320 1598 :
2379 1541 2441 1596 1η
2465 1543 2642 1614 gladio
2684 1546 2979 1598 morientur
3021 1562 3199 1599 omnes
3229 1558 3518 1615 peccatores
3539 1562 3618 1614 po-

2071 1634 2184 1705 puli
2218 1636 2316 1687 mei
2347 1653 2364 1698 ;
2414 1645 2465 1690 et
2503 1637 2555 1689 in
2595 1634 3000 1692 Deuteronomii
3044 1637 3315 1691 Caulieo:
3364 1635 3615 1690 lnebriabo

2070 1726 2298 1794 sagittas
2344 1741 2486 1780 meas
2526 1727 2579 1780 in
2617 1731 2891 1798 sanguine,
2919 1741 2967 1782 et
2993 1729 3204 1798 gladius
3240 1747 3381 1783 meus
3414 1732 3614 1784 comedet

2071 1833 2254 1872 carnes
2280 1818 2678 1874 uulneratorum
2711 1821 2895 1880 (Deut.
2937 1837 3108 1883 χχιιι,
3141 1820 3255 1890 42).
3285 1820 3431 1874 Haud
3458 1823 3615 1876 credi-

2070 1909 2177 1963 bile
2204 1926 2327 1966 esse
2350 1921 2549 1981 potest,
2580 1913 2804 1983 sagittas
2832 1913 3041 1966 Domini
3069 1913 3327 1967 inebriari
3357 1914 3613 1980 sanguine,

2070 2015 2120 2056 et
2151 2004 2385 2071 gladium
2461 2005 2609 2058 illius
2637 2005 3048 2059 vulneratorum
3076 2005 3317 2058 Saturari
3354 2006 3606 2060 carnibus.

2071 2097 2146 2153 De
2192 2096 2278 2152 his
2307 2097 2520 2164 sagittis
2571 2113 2689 2165 (iure
2715 2097 2817 2152 Job
2844 2113 2940 2166 per
2976 2098 3186 2166 singula
3220 2099 3478 2154 horarum
3519 2113 3616 2152 nro-

2071 2199 2249 2242 mcnta
2307 2192 2639 2258 pungebant,
2715 2187 2972 2257 loquitur.
3036 2187 3268 2258 Sagittae
3327 2190 3528 2244 Domini
3568 2190 3616 2241 in

2080 2296 2295 2349 corpore
2351 2297 2464 2334 meo
2525 2291 2643 2334 sunt
2676 2297 2694 2334 :
2731 2297 2956 2349 quarum
2993 2281 3147 2350 furor
3192 2283 3356 2336 ebibit
3401 2284 3618 2351 spiritum

2069 2389 2240 2425 meum
2283 2372 2296 2403 '
2325 2389 2340 2439 ;
2375 2389 2491 2425 cum
2515 2372 2652 2424 enim
2683 2388 2880 2440 coepero
2911 2374 3074 2442 loqui,
3100 2376 3377 2428 stimulant
3409 2392 3484 2430 me
3514 2376 3618 2447 (Job

2072 2479 2144 2524 vt,
2180 2465 2258 2534 4).
2289 2463 2449 2519 Juxta
2479 2463 2838 2535 tropologiam
2895 2475 3073 2519 autem
3106 2467 3273 2538 783
3327 2468 3424 2522 hoc
3449 2470 3616 2523 dicen-

2069 2556 2197 2610 dum
2237 2565 2342 2622 est,
2400 2557 2541 2626 quod
2575 2570 2766 2610 omnes
2797 2556 2890 2624 qui
2941 2557 3244 2612 Ecclesium
3299 2559 3543 2614 deserunt
3572 2570 3618 2613 et

2068 2649 2466 2703 obliviscuntur
2517 2659 2754 2703 mootern
2794 2659 3041 2702 sanctum
3081 2650 3197 2714 Dei,
3239 2662 3296 2703 et
3327 2665 3383 2706 se
3423 2653 3616 2706 tradunt

2068 2741 2350 2810 Spiritibus
2399 2741 2622 2799 erroris.
2664 2751 2716 2796 et
2760 2742 3030 2795 doctrinis
3086 2744 3497 2810 daemoniorum,
3541 2743 3615 2797 isti

2068 2843 2265 2903 parant
2308 2833 2539 2887 fortuna:
2585 2848 2849 2896 mensam,
2888 2833 3018 2886 nihil
3055 2836 3119 2885 ad
3163 2832 3330 2885 Deum
3375 2837 3618 2900 pertinere

2067 2924 2375 2988 ert-dentes,
2425 2923 2518 2976 sed
2570 2922 2649 2975 vel
2704 2922 2982 2976 stellarum
3037 2937 3222 2987 cursu,
3269 2925 3346 2977 vel
3384 2925 3618 2976 varietate

2070 3017 2298 3072 fortunae
2342 3016 2522 3068 omnia
2555 3015 2844 3084 gubernari
2878 3031 2891 3066 :
2938 3029 3075 3082 quos
3123 3015 3326 3068 Paulus
3361 3015 3606 3083 increpat,

394 3103 595 3173 ponitis
630 3103 860 3160 fortunm
892 3119 1161 3171 mensam,
1191 3116 1247 3162 et
1270 3108 1452 3165 libatis
1487 3126 1651 3179 super
1679 3128 1821 3167 eam.
1857 3113 1964 3167 Nu-
1993 3135 2033 3192 ο
2071 3112 2295 3164 dicens:
2335 3107 2455 3161 Non
2487 3110 2703 3173 potestis
2739 3122 2932 3159 mensa:
2977 3105 3187 3159 Domini
3215 3108 3544 3172 participare,
3574 3114 3616 3158 et

395 3196 615 3249 rncrabo
651 3210 745 3249 vos
779 3197 827 3248 in
856 3195 1057 3267 gladio,
1089 3205 1142 3252 et
1171 3215 1359 3253 omnes
1387 3200 1439 3253 in
1465 3202 1611 3273 crede
1637 3205 1958 3256 corrueris.»

391 3287 534 3342 LXX
562 3304 576 3340 :
627 3307 644 3339 ι
677 3289 785 3344 Vos
815 3301 991 3344 autem
1025 3291 1116 3359 qui
1168 3287 1543 3363 dereliqiristis
1582 3311 1690 3358 me,
1728 3307 1778 3349 et
1811 3297 1964 3352 obliti

392 3381 524 3433 estis
579 3382 782 3436 mentis
834 3383 1011 3436 sancti
1047 3386 1171 3450 mei,
1202 3395 1255 3439 et
1290 3387 1499 3455 paratis
1539 3383 1775 3441 fortuna:
1810 3404 1963 3442 men-

391 3487 532 3536 sam,
586 3481 638 3524 et
693 3473 930 3541 impletis
963 3475 1191 3528 daemoui
1230 3479 1503 3543 potionem
1543 3494 1557 3530 :
1613 3492 1712 3547 ego
1756 3480 1962 3530 tradam

391 3577 489 3616 vos
531 3563 582 3615 in
615 3563 894 3631 gladium:
960 3580 1151 3618 omnes
1205 3566 1479 3622 interfecti
1537 3571 1824 3622 eorruetis.
1855 3589 1871 3620 ι
1911 3570 1965 3622 lu
2036 3633 2040 3638 _

395 3656 532 3708 locis
561 3655 833 3725 quondam
875 3655 1219 3712 silvestribus
1271 3667 1431 3728 atque.
1461 3663 1764 3725 turbarum,
1801 3663 1963 3732 782

393 3750 446 3801 in
502 3749 636 3803 locis
684 3750 966 3816 gentilium
1031 3760 1195 3804 erunt
1268 3753 1440 3807 caulae
1504 3754 1712 3818 ovium,
1769 3756 1820 3809 id
1856 3768 1962 3820 est,

391 3839 651 3897 Ecclesia:
701 3843 768 3897 de
817 3853 932 3899 toto
968 3843 1097 3898 orbe
1126 3845 1492 3899 credentium.
1547 3846 1656 3900 Vos
1687 3857 1890 3910 autem,
1934 3864 1966 3903 ο

393 3936 578 4006 populi
605 3935 793 4000 Israel,
819 3936 908 4006 qui
940 3937 1317 4006 dereliquistis
1347 3936 1657 4004 Dominum,
1678 3950 1728 3992 et
1757 3942 1821 3993 ad
1854 3940 1965 3993 ira-

395 4028 652 4083 cundiam
719 4031 1059 4098 provocastis
1122 4028 1379 4084 Sanctum
1442 4028 1629 4094 Israel,
1673 4031 1762 4099 qui
1815 4033 1966 4086 obliti

395 4120 528 4174 estis
561 4129 797 4174 montem
829 4131 1073 4173 sanctqu
1095 4120 1237 4190 ejus,
1257 4119 1326 4174 de
1358 4136 1463 4190 quo
1493 4122 1686 4174 crebro
1711 4123 1966 4190 diximus,

399 4212 480 4267 vel
509 4213 800 4267 Dominum
835 4211 1196 4273 Salvatorcm,
1231 4213 1322 4280 qui
1360 4210 1621 4264 montium
1676 4227 1831 4264 nurus
1865 4224 1965 4277 est,

394 4312 451 4357 et
486 4310 805 4357 sanctorqu
835 4302 1076 4355 omnium
1113 4311 1354 4366 sanctus,
1401 4303 1483 4355 vel
1527 4312 1765 4357 montem
1814 4303 1967 4370 Sion,

395 4406 450 4449 et
481 4395 759 4449 civitatem
795 4391 884 4446 Dei
923 4392 1161 4447 viventis
1191 4391 1499 4447 Jerusalem
1531 4395 1830 4462 caelestem,
1875 4399 1966 4466 qui

2071 3216 2262 3255 mensa?
2307 3200 2712 3253 da‘moniorum.
2775 3197 2896 3252 Non
2926 3200 3140 3264 potestis
3168 3200 3387 3250 calicem
3427 3196 3617 3250 Domini

2077 3297 2270 3361 bibere,
2305 3308 2353 3350 ct
2384 3297 2600 3349 calicem
2633 3297 3014 3349 da‘maniornm
3049 3294 3104 3362 (1
3133 3283 3350 3354 εον-λιι.
3381 3293 3464 3354 ΞΟ,
3492 3290 3573 3360 21)
3603 3305 3615 3341 :

2067 3387 2190 3455 quia
2219 3386 2438 3439 aeternis
2456 3385 2738 3438 tradentur
2761 3384 3060 3450 suppliciis,
3079 3385 3153 3437 ita
3176 3391 3235 3436 ut
3260 3383 3438 3436 nullus
3453 3393 3615 3436 eorum

2067 3479 2272 3534 cr'tit‘m
2309 3486 2362 3531 et
2400 3477 2611 3528 ruinam
2656 3475 2820 3543 possit
2855 3472 3104 3528 evadere.

2141 3572 2317 3637 (Vers.
2354 3570 2466 3639 12.)
2505 3588 2523 3621 ‹
2557 3567 2661 3622 Pro
2696 3583 2761 3621 eo
2790 3567 2931 3637 quod
2961 3564 3170 3629 vocavi,
3198 3572 3255 3620 et
3283 3580 3385 3619 non
3421 3578 3620 3632 respon-

2069 3665 2248 3727 distis,
2285 3663 2531 3718 loeutus'
2560 3679 2703 3726 sunt,
2735 3671 2788 3713 et
2849 3675 2952 3713 non
2990 3657 3224 3712 audistis
3264 3676 3278 3712 :
3312 3657 3402 3710 sed
3433 3654 3619 3710 fecistis

2070 3757 2257 3831 [Vulg.
2280 3765 2330 3809 et
2373 3753 2682 3823 faciebatis]
2719 3753 2922 3805 malum
2957 3751 3009 3803 in
3044 3751 3224 3804 oculis
3251 3749 3404 3812 meis,
3436 3757 3485 3802 et
3515 3758 3620 3814 qua:

2073 3850 2242 3912 uolui,
2283 3847 2542 3910 elegistis.
2571 3864 2590 3897 ι
2624 3843 2767 3898 LXX
2808 3861 2821 3895 :
2865 3862 2882 3893 ι
2911 3843 3046 3908 Quia
3081 3842 3269 3894 vocari
3309 3856 3427 3902 vos,
3454 3847 3505 3892 et
3530 3851 3618 3890 non

2071 3941 2305 3996 audistis
2339 3955 2353 3994 :
2394 3939 2606 3991 loeutus
2631 3952 2775 3998 sum,
2806 3943 2859 3988 et
2893 3934 3326 4001 contempsistis,
3356 3942 3410 3985 et
3437 3927 3622 3984 fecistis

2073 4032 2345 4088 malumin
2377 4039 2666 4096 conspectu
2699 4034 2910 4092 rneo,et
2935 4041 3052 4094 quae
3067 4024 3321 4078 nolebam
3349 4021 3616 4092 elegistis.»

2071 4127 2284 4188 Gladio,
2321 4125 2416 4188 ait,
2449 4123 2581 4176 estis
2616 4119 2823 4184 traditi,
2854 4119 2976 4188 quia
3012 4133 3118 4171 non
3149 4119 3326 4170 solum
3354 4111 3620 4184 reliquistis

2073 4233 2180 4283 me,
2219 4227 2270 4271 et
2306 4214 2457 4269 obliti
2487 4213 2616 4266 estis
2646 4212 2845 4276 mei,et
2875 4209 3107 4263 fortunte
3135 4208 3389 4278 poculum
3425 4203 3622 4258 miscui-

2074 4311 2195 4374 stis,
2233 4309 2326 4363 sed
2360 4323 2483 4360 cum
2541 4321 2716 4360 essem
2754 4302 3089 4366 Emmanuel,
3129 4301 3178 4355 id
3234 4312 3336 4366 est,
3377 4300 3620 4353 nobiscum

2078 4405 2241 4467 Deus,
2277 4403 2340 4455 de
2374 4417 2481 4470 quo
2507 4409 2559 4453 et
2593 4397 2834 4453 Joannes
2859 4395 3047 4450 scribit
3078 4412 3091 4447 :
3159 4395 3378 4448 Verbum
3407 4410 3524 4446 caro
3553 4391 3622 4461 fa-

399 4494 516 4547 btec
545 4500 600 4544 et
633 4490 745 4543 bare
778 4487 977 4549 facitis,
1018 4487 1223 4540 trudam
1257 4487 1464 4555 gladio,
1495 4497 1552 4540 ιιι
1578 4505 1767 4543 Omnes
1801 4490 1970 4544 iltlcr-
2004 4477 2049 4536 ι)
2077 4506 2215 4549 ctum
2250 4503 2346 4559 est,
2380 4501 2427 4544 ct
2452 4491 2708 4543 habitarit
2732 4490 2786 4542 in
2815 4487 2958 4540 nobis
2984 4485 3164 4549 (Joan.
3196 4503 3234 4548 r,
3271 4487 3378 4552 Li),
3413 4497 3622 4551 pra-scus

397 4582 521 4637 tecti
557 4580 760 4650 pariter
807 4579 1100 4631 corruatis.
1162 4574 1266 4641 Qui
1328 4577 1396 4630 sit
1452 4578 1684 4646 gladius.
1744 4581 1976 4635 dicimus

398 4683 587 4742 postea
623 4688 638 4726 ε
679 4670 910 4737 Partitis,
947 4667 1144 4736 inquit,
1201 4667 1432 4736 fortuna:
1479 4684 1736 4735 mensura,
1766 4679 1812 4722 et
1839 4670 1973 4722 liba-

395 4767 466 4821 tis
523 4780 682 4834 super
740 4779 856 4816 eam
881 4777 902 4818 :
956 4761 1271 4830 sive,juxta
1312 4762 1669 4830 Septuaginta
1705 4781 1717 4815 :
1751 4760 1967 4817 Paratis

394 4865 627 4934 fortuna:
668 4873 924 4920 mensam,
966 4867 1015 4910 et
1048 4856 1272 4922 impletis
1299 4857 1524 4909 da'moni
1561 4858 1827 4923 poculum,
1883 4865 1976 4910 aut

393 4959 670 5028 κέρασμα,
707 4954 848 5024 quod
893 4966 1080 5006 omnes
1135 4949 1392 5003 similiter
1441 4950 1856 5014 transtulerunt,
1919 4950 1976 5004 id

395 5059 482 5104 est
510 5050 729 5101 mixtam
753 5046 1042 5115 potionem.
1075 5042 1174 5097 Est
1205 5051 1384 5095 autem
1406 5041 1459 5094 in
1488 5044 1696 5097 cunctis
1721 5043 1963 5106 urbibus,

391 5150 447 5195 et
478 5139 711 5193 maxime
742 5137 794 5190 iu
829 5135 1064 5208 Egypto
1095 5145 1148 5190 et
1178 5135 1232 5188 in
1261 5133 1611 5198 Alexandria,
1647 5134 1967 5190 idololatria:

393 5242 556 5286 vetus
610 5229 964 5292 consuetudo,
1029 5236 1087 5281 ut
1141 5228 1332 5281 ultimo
1368 5226 1456 5280 die
1491 5227 1618 5280 anni
1675 5237 1729 5281 et
1765 5228 1969 5283 rneusis

395 5339 585 5379 eorum
611 5323 702 5391 qui
733 5328 1012 5374 extremus
1045 5329 1151 5383 est,
1185 5328 1398 5388 ponant
1430 5333 1676 5372 mensam
1713 5317 1970 5373 refertam

395 5417 556 5471 varii’
599 5416 816 5486 generis
850 5413 1043 5483 epulis,
1076 5422 1129 5468 et
1161 5413 1420 5484 poculum
1475 5411 1654 5466 mulso
1716 5413 1968 5473 mixtum,

396 5509 480 5564 vel
517 5511 776 5580 praeteriti
810 5508 961 5570 anni,
994 5507 1078 5561 vel
1108 5505 1274 5561 futuri
1306 5503 1644 5559 fertilitatem
1682 5509 1970 5574 auspican-

399 5612 500 5659 tes.
539 5601 653 5656 l-loc
679 5612 860 5656 autem
899 5599 1170 5656 faciebant
1225 5597 1501 5664 lsraelitae,
1529 5601 1770 5654 omnium
1799 5599 1970 5650 simu-

2072 4605 2170 4645 vos
2193 4586 2381 4643 vocavi
2412 4604 2425 4638 :
2461 4584 2778 4637 revertimini
2797 4579 2957 4633 adure
2980 4580 3080 4648 ﬁlii
3095 4587 3405 4650 revertentes
3425 4575 3618 4646 (Jerem.

2075 4696 2160 4745 Ill,
2191 4677 2300 4745 Η).
2336 4677 2439 4729 Et:
2489 4673 2667 4726 Venite
2707 4673 2774 4724 ad
2823 4687 2905 4725 me
2935 4687 3113 4725 omnes
3161 4673 3250 4740 qui
3287 4669 3531 4724 laboratis
3581 4675 3622 4719 et

2073 4771 2283 4827 onerati
2311 4771 2435 4822 estis
2475 4765 2694 4834 (Matth.
2732 4781 2808 4830 χι,
2849 4765 2966 4834 98),
3014 4773 3068 4817 et
3103 4765 3429 4833 respondere
3462 4759 3622 4813 uolui-

2072 4866 2195 4919 stis.
2229 4863 2467 4917 Locutns
2505 4875 2624 4911 sum
2660 4859 2712 4910 in
2753 4855 3050 4926 parabolis,
3090 4867 3141 4910 et
3172 4858 3352 4910 omnia
3392 4857 3484 4909 feci
3516 4868 3622 4921 qua:

2075 4956 2257 5010 facere
2288 4951 2470 5012 debui,
2521 4957 2576 5001 et
2629 4963 2732 5002 non
2766 4947 2998 5002 arulistis
3032 4963 3138 5012 me,
3177 4948 3285 5001 imo
3320 4957 3368 5001 et
3398 4955 3621 4997 contem-

2077 5047 2283 5118 psistis.
2317 5044 2426 5112 Ego
2458 5044 2598 5095 enim
2632 5059 2747 5094 sum
2784 5042 2873 5110 qtti
2927 5042 2976 5096 ei
3013 5058 3172 5110 supra
3201 5041 3309 5094 divi
3353 5057 3367 5094 :
3414 5038 3550 5099 Veni,
3577 5046 3618 5088 et

2080 5157 2181 5191 non
2247 5145 2360 5190 erat
2425 5136 2576 5188 homo
2609 5153 2626 5191 :
2661 5135 2859 5200 cocavi,
2904 5142 3090 5187 etnon
3143 5143 3255 5186 erat
3282 5135 3370 5203 qui
3415 5129 3618 5184 obedirct

2080 5227 2219 5297 (lsa.
2257 5245 2310 5292 ι..
2343 5228 2420 5298 2).
2459 5226 2570 5280 Nec
2601 5225 2751 5279 vobis
2785 5227 2900 5280 haec
2939 5224 3234 5278 subiciebat
3279 5224 3537 5293 impietas,
3571 5228 3618 5269 nt

2075 5337 2161 5375 me
2204 5329 2526 5390 praesentem
2559 5317 3011 5381 contemneretis,
3065 5328 3119 5369 et
3162 5316 3389 5370 missum
3440 5315 3498 5366 ad
3537 5324 3618 5363 vos

2074 5413 2400 5468 occidereris
2434 5412 2700 5464 hmrerlern
2725 5427 2739 5472 ;
2771 5412 2861 5463 sed
2891 5408 3098 5463 fecistis
3118 5410 3312 5460 malum
3342 5409 3391 5460 iu
3415 5417 3615 5471 conspe-

2073 5517 2161 5561 ctu
2200 5521 2339 5567 meo,
2363 5514 2418 5558 et
2450 5519 2570 5572 quae
2602 5503 2847 5557 nolebam
2874 5502 3131 5572 elegistis,
3151 5512 3204 5554 et
3228 5491 3618 5567 blasphetnasﬁs

2072 5598 2270 5652 Filium
2299 5596 2415 5659 Dei,
2454 5609 2513 5649 ut
2545 5595 2804 5663 peteretis
2837 5594 2994 5650 vobis
3026 5591 3324 5649 Darabbam
3353 5589 3613 5644 latronem,

472 5785 492 5820 ⁸
517 5783 668 5840 Unus
707 5786 1052 5846 AmbrOsian.
1092 5786 1400 5856 sanguinem
1453 5786 1618 5841 habet
1673 5800 1771 5856 pro
1813 5784 2057 5854 spiritum
2091 5799 2107 5837 :
2147 5781 2307 5851 idque
2342 5778 2545 5834 rectius
2575 5776 2720 5847 iuxta
2757 5775 2920 5832 LXX.
