3902 6182
205 361 322 425 (65

719 365 1209 436 COMMENTAR.
1254 374 1340 435 IN
1377 374 1640 435 ISAIAM
1683 373 2153 441 PROPIIETAM
2200 382 2348 445 LIB.
2383 381 2613 456 XVIII,
2652 387 2812 448 CAP.
2847 390 3014 453 LXV.

3379 396 3485 458 686

206 483 489 572 homicidii
529 495 581 539 et
613 487 898 543 seditionis
931 503 1242 557 auctorem;
1281 499 1334 544 et
1364 489 1542 545 adlmc
1578 488 1788 542 audetis
1818 489 1866 546 Α
1894 490 2079 559 (Joun.
2106 509 2176 559 vr,
2200 496 2316 567 27),
2343 506 2397 553 et
2431 515 2648 555 carnem
2698 499 2902 557 Christi
2929 546 2943 567 ,
2976 516 3031 559 et
3090 503 3322 560 fructum
3355 511 3478 579 ligni

205 559 455 632 dicere:
514 578 692 642 Quare
742 598 836 636 nos
890 598 1072 636 errare
1124 584 1296 653 fecisti
1327 601 1357 636 a
1394 583 1476 636 via
1525 593 1614 635 tua
1647 581 1791 650 (lsa.

206 687 373 733 thtt,
414 671 540 740 l7)?
571 671 626 725 Si
652 674 798 726 cnim
829 675 916 743 qui
959 691 1043 728 me
1108 677 1420 729 nesciebant
1471 675 1793 729 invenerunt

207 778 324 826 me,
352 773 407 818 et
434 767 523 834 qui
575 782 660 819 me
710 783 812 820 non
874 769 1196 821 invocabant
1291 778 1649 835 susceperunt
1683 783 1790 830 me,

207 855 415 922 quibus
458 871 551 910 vos
583 857 726 926 digni
771 859 901 911 estis
946 859 1296 922 cruciatibus,
1328 860 1418 927 qui
1455 859 1679 913 missum
1726 861 1791 912 ad

203 961 311 1000 vos
342 957 502 1016 atque
530 947 805 1003 dicentem
853 967 869 1005 ;
935 949 1056 1003 Non
1089 952 1200 1004 veni
1242 952 1341 1004 nisi
1376 951 1443 1003 ad
1479 969 1593 1004 oves
1622 952 1792 1020 perdia

206 1051 297 1092 tas
330 1043 526 1096 damus
559 1039 732 1094 Israel
759 1043 974 1108 (Matth.
1017 1059 1106 1108 xv,
1137 1043 1249 1109 24),
1307 1045 1584 1113 suscipere
1612 1046 1793 1098 nolui-

205 1134 333 1194 stis,
367 1133 463 1186 sed
498 1133 721 1202 insuper
769 1133 1016 1189 alIisistis
1067 1135 1262 1189 cruci?
1323 1137 1790 1190 Considerandum

203 1224 348 1292 quid
379 1225 647 1294 signiticet
677 1226 822 1288 quod
848 1227 920 1280 ait
952 1241 967 1280 :
1003 1227 1066 1279 Et
1099 1243 1216 1297 qua:
1247 1228 1487 1282 nolebam
1527 1227 1791 1299 elegistis;

203 1323 304 1366 aut
357 1329 477 1382 qua:
545 1314 614 1368 sit
673 1316 924 1368 voluntas
980 1316 1100 1370 Filii
1141 1319 1257 1384 Dei,
1293 1320 1381 1388 qui
1444 1320 1682 1388 loquitur
1737 1320 1789 1373 in

202 1403 508 1475 Evangelia
557 1423 570 1460 :
623 1404 748 1459 Non
805 1410 972 1461 omnis
1024 1411 1115 1476 qui
1166 1411 1290 1462 dicit
1323 1411 1473 1478 mihi,
1537 1411 1788 1477 Domine,

203 1496 462 1563 Domine,
491 1499 814 1567 ingredietur
865 1501 921 1553 in
973 1518 1187 1570 regnum
1220 1504 1468 1555 caelorum
1496 1518 1514 1554 :
1580 1503 1668 1556 sed
1701 1505 1792 1571 qui

201 1589 342 1657 facit
374 1590 698 1644 voluntatem
736 1590 915 1646 Patris
940 1594 1042 1646 mei
1065 1594 1154 1663 qui
1185 1608 1258 1646 est
1297 1595 1351 1648 in
1389 1595 1530 1648 cadis
1580 1595 1786 1664 (Matth.

202 1694 306 1742 \‘ll,
332 1677 452 1746 21).
483 1679 646 1750 784
671 1679 743 1733 De
773 1698 877 1751 qua
903 1692 957 1736 et
990 1683 1105 1750 ipse
1139 1684 1272 1737 dicit
1301 1685 1481 1739 Deus:
1530 1683 1612 1751 .Ut
1641 1685 1789 1752 face-

204 1788 322 1825 rem
360 1772 686 1824 voluntatem
719 1780 866 1826 tuam
923 1775 1067 1829 volui
1105 1775 1281 1844 (Psal.
1315 1793 1497 1840 xxxix,
1541 1777 1619 1844 9).
1663 1778 1787 1832 Haec

201 1873 294 1916 cst
324 1863 601 1927 voluntas,
631 1865 695 1918 de
727 1881 833 1934 qua
870 1875 923 1918 et
957 1865 1074 1933 ipse
1125 1866 1384 1922 Dominus
1417 1871 1738 1936 loquebatur
1769 1886 1784 1924 ;

202 1951 401 2008 Inveni
446 1953 612 2008 David
659 1955 832 2024 ﬁlium
863 1953 1030 2020 Jesse,
1067 1958 1235 2010 virum
1261 1959 1422 2027 juxta
1457 1976 1548 2013 cor
1596 1976 1792 2026 meum,

198 2047 297 2115 qui
337 2045 504 2115 faciat
555 2061 732 2100 omnes
767 2047 1064 2101 voluntates
1122 2065 1265 2102 meas
1329 2051 1467 2122 (Act.
1505 2067 1621 2116 xm,
1672 2051 1788 2122 22).

201 2135 374 2192 Unde
428 2146 482 2190 et
512 2149 732 2191 sanctus
781 2147 1037 2208 precatur
1095 2150 1150 2193 et
1187 2139 1366 2200 dicit;
1432 2141 1570 2197 Doce
1618 2161 1695 2198 me
1732 2155 1790 2198 ut

197 2229 412 2300 faciant
473 2227 798 2283 voluntatem
856 2239 1028 2294 tuam,
1088 2233 1213 2300 quia
1263 2232 1406 2287 Deus
1457 2253 1600 2289 meus
1625 2253 1677 2309 es
1731 2247 1788 2290 tu

201 2321 393 2392 (Psal,
455 2337 620 2387 extat,
675 2322 786 2392 10).
833 2323 1028 2379 Omnia
1085 2325 1231 2379 enim
1302 2329 1490 2393 licent,
1547 2333 1641 2382 sed
1681 2345 1786 2383 non

198 2414 390 2466 omnia
429 2414 723 2482 expediunt
764 2414 813 2482 (1
850 2414 972 2470 Cor.
1013 2417 1104 2484 vt).
1136 2415 1198 2470 Et
1225 2420 1290 2472 de
1322 2420 1622 2488 virginibus
1657 2438 1787 2476 uar-

206 2511 298 2556 rat
353 2504 647 2569 Apostolus
677 2519 736 2559 se
788 2505 998 2561 Domini
1051 2523 1158 2561 non
1191 2509 1393 2562 habere
1429 2521 1784 2580 prazceptum,

199 2595 327 2648 vult
361 2605 542 2648 tamen
575 2611 674 2649 nos
699 2612 820 2652 esse
847 2599 987 2652 sicut
1018 2599 1254 2668 scipsum
1305 2599 1356 2671 (l
1389 2602 1510 2654 Cor.
1549 2614 1666 2670 vrt).
1709 2606 1786 2658 Ex

197 2705 317 2759 quo
363 2697 605 2745 ostendit
679 2709 1023 2762 nequaquam
1093 2695 1482 2766 indulgentiam
1540 2702 1783 2766 magistri

199 2784 529 2839 sectandam
561 2800 704 2849 esse,
733 2787 827 2840 sed
855 2787 1228 2852 voluntatem;
1259 2798 1310 2843 et
1339 2805 1399 2843 ea
1434 2807 1538 2845 nos
1585 2793 1786 2848 debere

198 2876 412 2946 eligere
447 2891 562 2944 quae
593 2877 909 2942 expediunt,
945 2893 1049 2930 non
1082 2894 1202 2945 qua:
1228 2878 1413 2943 licent,
1454 2893 1513 2935 ut
1543 2882 1673 2936 illud
1702 2892 1787 2938 est

201 2967 270 3020 de
310 2968 570 3036 digamia,
613 2966 740 3022 Volo
770 2969 1191 3023 adolescentulos
1241 2973 1452 3037 nubere,
1485 2974 1626 3042 ﬁlios
1661 2992 1786 3042 pro-

200 3073 411 3122 creare,
445 3071 638 3114 matres
669 3059 909 3128 familias
936 3076 1051 3114 esse
1084 3059 1135 3130 (1
1167 3059 1310 3116 Tim.
1351 3079 1400 3127 ν,
1439 3063 1550 3130 14).
1601 3067 1787 3122 Ponit-

1897 590 2019 643 vitre
2047 592 2328 646 comedere
2358 593 2659 661 cupientes.
2693 595 2766 651 De
2790 613 2898 666 quo
2919 599 3164 653 Salvator
3198 601 3435 670 loquitur
3463 621 3478 657 :

1894 682 2008 751 Ego
2044 684 2206 753 785
2233 702 2345 738 sum
2376 689 2525 750 panis
2546 690 2635 747 qui
2665 693 2727 742 de
2759 691 2885 743 cmlo
2916 694 3160 746 descendi
3183 695 3369 758 (Joan.
3404 713 3478 761 vr,

1895 774 2008 839 35).
2065 774 2129 828 Et
2161 775 2519 832 Ecclesiastes
2552 796 2564 830 :
2602 781 2762 844 Aperi
2788 784 2964 836 oculos
2995 795 3134 847 tuos,
3168 796 3217 837 et
3237 798 3483 840 saturare

1894 868 2113 933 panibus
2141 867 2320 936 (Ρνοιν.
2345 885 2432 930 xx,
2461 871 2564 934 15).
2587 871 2650 922 Et
2673 872 2952 926 Psalmista
2975 889 2996 928 :
3015 874 3255 935 Iuvenis,
3284 879 3477 946 inquit,

1896 959 1976 1026 fui
2012 969 2060 1011 et
2083 962 2220 1012 enim
2250 967 2419 1024 senui,
2446 973 2492 1015 et
2529 980 2626 1017 non
2665 965 2767 1017 vidi
2794 966 2998 1032 justum
3027 968 3360 1032 derelictum,
3387 987 3476 1020 ne-

1895 1065 1992 1118 que
2027 1067 2199 1103 semen
2234 1052 2348 1119 ejus
2375 1070 2614 1120 quarens
2647 1052 2858 1118 panem.
2889 1055 3025 1110 Tota
3082 1060 3165 1112 die
3198 1061 3479 1112 miseretur

1893 1149 1941 1193 et
1971 1141 2214 1206 fenerat,
2239 1153 2288 1195 et
2315 1161 2486 1196 semen
2514 1145 2626 1212 ejus
2657 1148 2707 1198 in
2735 1146 3144 1201 benedictimiem
3168 1151 3262 1202 erit
3297 1148 3474 1216 (Psal.

1893 1247 2080 1296 xxxvr,
2107 1232 2200 1296 25,
2230 1233 2342 1294 26).
2387 1237 2459 1288 De
2487 1237 2591 1289 isto
2621 1253 2754 1302 pane
2783 1251 2838 1290 et
2865 1240 3118 1293 convivio
3183 1240 3470 1308 spirituali,

1893 1323 2188 1391 discipulos
2212 1325 2508 1379 instruebat
2540 1343 2560 1380 ι
2601 1326 2700 1380 Vos
2742 1331 2828 1396 qui
2857 1333 3217 1390 perseverastis
3275 1348 3474 1385 mecum

1893 1414 1946 1466 in
1976 1417 2353 1469 teutationibtts
2386 1418 2535 1480 meis,
2562 1419 2726 1471 edetis
2751 1420 2806 1471 in
2836 1437 3015 1472 mensa
3057 1420 3238 1474 Patris
3271 1423 3369 1475 mei
3420 1424 3475 1475 in
3520 1431 3530 1440 ‘

1893 1521 2048 1574 regno
2071 1505 2322 1559 arctorum
2350 1508 2366 1574 (
2402 1506 2530 1561 an.
2577 1525 2714 1573 xxii,
2744 1509 2859 1577 28).
2891 1507 3045 1575 Quod
3079 1514 3124 1564 si
3149 1513 3214 1564 de
3241 1511 3472 1582 simplici

1894 1613 2034 1665 pane
2063 1599 2713 1670 accipiamus,qnomodo
2757 1603 2888 1656 illud
2922 1605 3220 1671 explanare
3268 1605 3476 1676 poteri-

1895 1707 2014 1745 mus
2049 1706 2064 1744 :
2095 1688 2218 1744 Non
2251 1691 2523 1760 interﬁciat
2565 1693 2705 1761 fame
2734 1693 2986 1748 Dominus
3019 1697 3250 1748 animam
3277 1695 3477 1765 justam

1895 1782 2082 1851 (Prov.
2118 1799 2170 1845 x,
2228 1786 2308 1853 ὅ).
2346 1785 2406 1838 Et
2431 1785 2624 1838 iterum
2661 1803 2675 1840 :
2711 1786 2990 1857 Cognoscit
3050 1787 3308 1841 Dominus
3362 1791 3474 1842 vias

1891 1881 2381 1944 immaculatorum,
2410 1889 2457 1932 et
2483 1881 2769 1934 haereditas
2796 1899 2974 1934 eorum
3036 1883 3134 1935 erit
3189 1883 3243 1934 in
3283 1883 3474 1950 sempi-

1891 1983 2120 2026 ternum.
2163 1970 2284 2025 Non
2315 1971 2712 2041 confundentur
2749 1973 2801 2026 in
2831 1986 3058 2040 tempore
3116 1975 3360 2040 pessimo.
3419 1983 3469 2029 et

1891 2061 1945 2112 in
1977 2060 2158 2113 diebus
2191 2061 2350 2128 famis
2389 2062 2783 2116 saturabuntur
2812 2061 2991 2130 (Psal.
3023 2079 3208 2128 xxxvr,
3245 2066 3333 2130 18,
3362 2064 3475 2136 19).

1891 2151 2250 2215 Quantienim
2275 2152 2450 2206 sancti
2486 2153 2538 2206 in
2577 2153 2958 2222 persecutione
2989 2156 3298 2210 moriuntur
3326 2154 3476 2210 fame

1890 2255 1942 2296 et
1974 2253 2218 2311 egestate
2244 2243 2474 2297 conlecti
2511 2260 2527 2309 ;
2569 2247 2763 2312 quanti
2788 2245 2927 2312 justi
2958 2247 3226 2309 esuriunt,
3275 2258 3332 2301 et
3377 2249 3481 2301 im-

1887 2335 1961 2404 pii
1997 2336 2358 2390 cruditatibus
2392 2337 2814 2391 distendunturl
2851 2337 3018 2393 Potus
3050 2349 3231 2394 autem
3265 2339 3357 2394 ille
3386 2355 3479 2395 ac-

1887 2429 2170 2495 cipiendtts
2195 2439 2300 2491 est,
2331 2429 2420 2496 qui
2448 2429 2694 2483 hauritur
2719 2430 2784 2483 de
2807 2429 3050 2486 fontibus
3079 2432 3244 2485 Israel
3269 2451 3283 2496 ;
3312 2449 3475 2502 quem

1888 2522 1978 2587 qui
2016 2519 2238 2578 biberit.
2278 2520 2499 2574 habebit
2536 2521 2591 2573 in
2664 2536 2723 2575 se
2761 2519 2971 2577 fontem
3007 2538 3164 2591 aquae
3228 2526 3476 2579 salientis

1888 2609 2126 2663 invitam
2167 2621 2423 2664 aeternam
2465 2610 2646 2680 (Joan.
2682 2613 2782 2679 tv).
2841 2612 3010 2678 Quem
3036 2623 3092 2668 et
3135 2615 3382 2668 Salvator
3421 2615 3474 2668 in

1890 2715 2058 2769 regno
2088 2699 2262 2754 Patris
2296 2715 2355 2754 se
2398 2700 2690 2754 hibiturnm
2715 2717 2838 2754 cum
2862 2704 3126 2771 apostolis
3160 2704 3471 2773 pollicetur:

1888 2792 1976 2862 qui
2017 2793 2251 2846 lictiticat
2281 2807 2377 2845 cor
2410 2793 2644 2846 hominis
2678 2792 2850 2863 (Psal.
2883 2809 3003 2856 cru,
3039 2795 3150 2858 14),
3191 2797 3267 2848 ita
3311 2806 3368 2849 ut
3394 2795 3475 2848 bi-

1888 2884 2079 2937 bentes
2142 2885 2349 2952 possint
2405 2885 2644 2939 dicere:
2701 2884 2902 2937 Dedisti
2957 2885 3193 2938 lmtitiam
3227 2886 3281 2938 in
3320 2887 3477 2938 corde

1889 2993 2001 3028 meo
2039 2973 2212 3044 (Psal.
2253 2991 2325 3037 tv,
2362 2975 2433 3043 7).
2477 2974 2548 3028 De
2601 2975 2700 3028 hoc
2731 2976 2854 3029 cibo
2893 2985 2947 3029 et
2999 2986 3122 3042 potu
3161 2976 3303 3030 inter
3349 2983 3476 3029 octo

1888 3067 2247 3120 beatitudines
2277 3068 2522 3129 dicitur;
2569 3067 2724 3122 Beati
2762 3069 2854 3138 qui
2915 3068 3152 3122 esuriant
3183 3077 3230 3121 et
3282 3068 3474 3121 sitiunt

203 3165 313 3215 que
348 3164 567 3214 causas,
597 3163 694 3203 cur
733 3150 833 3204 ista
867 3149 1136 3205 concedat
1171 3161 1190 3209 ξ
1221 3149 1348 3206 Jam
1374 3156 1508 3207 enim
1540 3157 1782 3225 qutedam
1811 3165 1852 3222 c
1877 3157 2142 3225 justitiam
2195 3157 2410 3227 (illailla.
2456 3174 2506 3222 v,
2560 3157 2637 3225 6).
2700 3158 2766 3212 Et
2821 3169 2993 3224 mater
3039 3158 3250 3210 Domini
3309 3158 3464 3226 plena

204 3243 454 3295 abierunt
484 3253 624 3296 retro
651 3252 767 3312 post
797 3242 1079 3298 Satanam.
1111 3242 1253 3315 Ergo
1284 3261 1388 3300 non
1424 3256 1508 3302 est
1539 3250 1788 3304 voluntas

202 3352 344 3403 pura
379 3336 604 3390 secundi
640 3337 994 3407 matrimonii,
1020 3352 1138 3408 qua:
1166 3337 1550 3395 fornicationis
1573 3357 1792 3412 compa-

201 3428 425 3482 ratione
460 3426 670 3482 vilescit
698 3427 742 3482 ί.

275 3517 468 3580 (Vers.
511 3521 598 3586 l5,
635 3520 750 3590 14.)
786 3539 804 3573 ι
837 3520 1194 3591 Propterhoc
1219 3525 1332 3579 haec
1355 3522 1492 3578 dicit
1527 3521 1789 3577 Dominus

206 3612 354 3665 Deus
375 3627 393 3664 :
426 3610 565 3666 Ecce
597 3612 739 3666 servi
799 3616 902 3668 mei
930 3615 1240 3680 comedent,
1271 3624 1325 3670 et
1357 3630 1453 3670 vos
1489 3617 1780 3670 esurietis.

210 3702 354 3757 Ecce
378 3703 522 3758 servi
555 3704 658 3758 mei
687 3704 894 3770 bibent,
923 3715 975 3760 et
996 3720 1088 3760 vos
1116 3707 1487 3761 sitietis.Ecce
1507 3709 1650 3763 servi
1683 3713 1788 3764 ιιιυί

205 3791 557 3859 Ιςειειιιιιιιιυι,
611 3803 666 3850 et
699 3811 794 3850 vos
854 3795 1280 3852 coniundemini.
1324 3797 1462 3853 Ecce
1517 3799 1658 3852 servi
1689 3800 1789 3853 mei

209 3887 512 3941 laudabunt
547 3902 658 3956 pra:
685 3887 1051 3943 exsultatione
1079 3889 1283 3955 cordis,
1333 3899 1388 3944 et
1440 3905 1540 3945 vos
1577 3891 1785 3943 clama-

208 3979 338 4033 bitis
362 3993 474 4048 pra:
492 3979 675 4033 dolore
701 3980 901 4045 cordis,
950 3989 1004 4034 et
1034 3994 1132 4049 pro
1185 3981 1513 4036 contritione
1557 3981 1787 4050 spiritus

209 4072 513 4126 ululabitis.
551 4089 570 4122 ι
599 4071 773 4126 LXX:
821 4071 1115 4142 Propterea
1167 4073 1281 4127 haec
1309 4073 1440 4127 dicit
1496 4072 1792 4128 Dominus:

208 4161 350 4217 Ecce
386 4165 525 4218 servi
561 4163 666 4217 mei
693 4164 1000 4229 comedent,-
1031 4179 1128 4219 vos
1160 4175 1339 4218 autem
1373 4166 1651 4220 esurietis.
1691 4164 1792 4219 Ec-

209 4272 272 4310 ce
306 4256 452 4309 servi
477 4256 578 4309 mei
611 4255 814 4316 bibent,
854 4271 950 4310 vos
979 4264 1160 4311 autem
1213 4256 1431 4310 sitietis.
1474 4255 1612 4311 Ecce
1649 4255 1792 4310 servi

213 4349 321 4401 mei
349 4347 676 4416 gaudebunt,
702 4363 796 4402 vos
817 4359 1000 4402 autem
1024 4345 1454 4403 confundemini.
1483 4350 1624 4403 Ecce
1647 4350 1816 4418 servi,

209 4441 321 4493 mei
363 4440 712 4494 exsultabunt
755 4441 806 4494 in
854 4439 1071 4509 gaudio,
1110 4455 1205 4494 vos
1254 4449 1435 4494 autem
1481 4441 1790 4495 clamabitis

209 4545 438 4603 propter
470 4533 710 4586 dolorem
742 4533 921 4586 cordis
951 4532 1136 4600 vestri,
1164 4542 1219 4587 et
1255 4543 1477 4603 propter
1501 4537 1786 4590 contritio-
1822 4521 1864 4574 ι)

210 4642 336 4680 nem
370 4627 596 4694 spiritus
618 4625 784 4678 vestri
843 4624 1146 4678 ululabilis.
1179 4643 1198 4675 ι
1250 4624 1365 4678 Νοιι
1404 4625 1576 4679 solum
1613 4625 1790 4696 gladio

207 4716 481 4769 corruetis
512 4730 605 4768 vos
637 4715 726 4783 qni
759 4713 1124 4782 dereliquistis
1157 4714 1470 4780 Dominum,
1497 4725 1550 4770 et
1588 4715 1792 4770 fecistis

210 4807 490 4860 malumin
517 4815 810 4872 Conspectu
869 4805 1006 4871 ejus,
1056 4815 1105 4859 et
1166 4816 1480 4872 praesentem
1538 4808 1790 4860 noluistis

207 4901 420 4962 audire,
457 4898 550 4950 sed
574 4897 800 4950 multam
833 4897 974 4950 inter
1025 4913 1118 4950 vos
1139 4908 1191 4952 et
1213 4899 1450 4964 gentium
1489 4899 1788 4952 innititudi-

208 5006 337 5044 nem
363 4989 602 5043 cernetis
633 4988 1021 5043 diderentiam.
1048 4989 1130 5043 llli
1157 4993 1296 5043 enim
1325 4991 1416 5059 qui
1463 4992 1603 5042 servi
1626 5000 1788 5044 erunt

207 5080 366 5140 mihi,
387 5083 694 5141 comedent,
724 5091 776 5133 ct
800 5079 1002 5144 bibent,
1025 5079 1372 5145 laetabuntur,
1399 5092 1452 5133 et
1484 5081 1783 5136 laudabunt

206 5187 318 5237 βίω
377 5170 740 5224 exsultatione
789 5170 993 5225 cordis.
1037 5169 1143 5224 Vos
1193 5181 1371 5224 autem
1422 5186 1452 5226 e
1493 5174 1786 5236 contrario,

206 5263 466 5319 esurietis
490 5275 648 5332 atque
681 5247 896 5328 sitietis,
929 5263 1333 5318 conlundemini
1366 5275 1416 5318 et
1455 5280 1563 5332 prie
1600 5263 1786 5318 dolore

207 5357 392 5410 cordis
420 5365 471 5408 et
502 5355 834 5408 contritione
860 5354 1085 5423 spiritus
1113 5355 1410 5409 ululabilis.
1445 5352 1574 5420 Qua:
1601 5355 1784 5408 omnia

207 5449 482 5516 Athana).
513 5451 564 5501 iu
597 5447 740 5502 mille
768 5447 927 5504 annis
950 5457 1143 5518 putant
1180 5464 1302 5504 esse
1323 5450 1570 5519 completi
1596 5452 1664 5514 la,
1701 5448 1782 5504 ci-

207 5545 332 5596 hnm
365 5553 418 5596 et
448 5555 657 5612 potum,
709 5557 935 5612 regnum
1003 5543 1093 5596 Dei
1148 5559 1267 5598 esse
1316 5544 1620 5607 credentes,
1679 5556 1778 5596 nec

209 5636 574 5702 intelligentes
623 5635 755 5688 illud
785 5635 928 5704 quod
986 5637 1249 5705 scriptum
1296 5647 1427 5692 est:
1475 5636 1780 5705 Operamini

210 5743 310 5780 non
359 5728 525 5779 cibum
561 5729 650 5798 qui
685 5727 840 5796 perit,
893 5729 987 5782 sed
1025 5744 1210 5796 panem
1270 5731 1387 5784 vita:
1438 5739 1484 5782 ct
1552 5729 1782 5782 veritatis

1893 3261 2084 3305 sancto
2151 3250 2358 3318 Spiritu
2421 3251 2789 3319 prophetabat
2826 3267 2842 3303 :
2883 3248 3189 3304 Esurientes
3239 3248 3474 3318 implevit

1892 3343 2038 3395 bonis
2075 3339 2226 3410 (Luc.
2262 3356 2298 3403 ι,
2342 3340 2456 3409 55),
2517 3343 2608 3407 qui
2667 3341 2816 3409 prius
2851 3341 3033 3394 cibum
3093 3343 3306 3394 Domini
3363 3355 3468 3396 ιιοιι

1893 3435 2122 3488 habebat
2149 3451 2163 3489 :
2192 3443 2237 3485 et
2269 3434 2456 3485 divites
2482 3433 2682 3484 dimisit
2719 3434 2927 3493 inanes,
2956 3434 3048 3499 qui
3078 3433 3188 3486 dati
3217 3444 3343 3485 sunt
3373 3448 3473 3501 pro

1891 3526 2168 3592 sepultura
2203 3529 2368 3590 ejus;
2401 3531 2456 3576 et
2519 3539 2679 3591 quem
2738 3521 3020 3591 Pmpheta:
3085 3524 3473 3588 promiserant,

1896 3625 2244 3683 respuerant.
2285 3613 2356 3668 De
2383 3614 2579 3682 quibus
2601 3620 2658 3667 et
2689 3612 2741 3665 in
2779 3612 2888 3666 alio
2930 3614 3049 3665 loco
3076 3611 3360 3666 Psalmista
3382 3615 3475 3666 de-

1892 3718 2075 3763 cantat
2112 3725 2127 3762 :
2165 3708 2359 3760 Divites
2381 3716 2658 3775 eguerunt,
2693 3714 2743 3760 et
2771 3706 3065 3760 esurierunt
3087 3704 3256 3773 (Psat.
3277 3719 3471 3770 xxxtts,

1895 3800 2003 3865 11),
2036 3800 2084 3851 id
2114 3809 2218 3864 est,
2252 3798 2481 3865 papulas
2513 3795 2844 3850 Jutlaaorum.
2873 3795 2975 3861 Qui
3013 3807 3192 3849 autem
3225 3808 3473 3862 quarunt

1893 3890 2322 3952 Dominum,boc
2353 3899 2436 3942 est
2463 3889 2616 3942 turba
2645 3888 2951 3955 gentilium,
2992 3902 3094 3940 non
3129 3885 3474 3954 egebuntom-

1894 3985 1944 4036 ni
1977 3983 2133 4036 bono.
2159 3982 2745 4050 Cumque-servientes
2772 3979 3018 4042 Christo,
3074 3990 3128 4034 et
3185 3980 3474 4034 credentes

1893 4078 1940 4133 ei
1975 4076 2139 4130 laetati
2167 4076 2387 4139 fuerint,
2421 4073 2841 4127 etlaudaverint
2874 4073 3044 4127 Deum
3075 4087 3184 4140 prae
3225 4073 3472 4125 exsulta-

1897 4171 2046 4224 tione
2075 4168 2256 4222 cordis
2285 4179 2336 4222 et
2364 4168 2558 4237 gaudio
2591 4184 2604 4219 :
2645 4175 2773 4219 tunc
2798 4165 2874 4220 illi
2917 4166 3346 4244 confundentur,
3387 4166 3472 4218 vi-

1895 4262 2085 4314 dentes
2120 4262 2171 4313 in
2200 4275 2356 4314 suum
2391 4259 2567 4314 locum
2603 4258 2742 4313 alios
2771 4259 3080 4313 successise
3111 4272 3128 4322 ;
3161 4267 3214 4310 et
3266 4257 3471 4310 clama-

1894 4353 2030 4408 bunt
2058 4367 2167 4421 pra:
2191 4351 2381 4406 dolore
2413 4350 2612 4414 cordis,
2645 4348 2933 4416 implenles
2979 4348 3107 4402 illttd
3129 4347 3270 4416 quod
3332 4349 3470 4400 scri-

1897 4452 2044 4512 ptum
2068 4452 2188 4496 est:
2219 4440 2303 4494 lbi
2334 4441 2432 4494 erit
2459 4440 2613 4508 fletus
2648 4449 2694 4492 et
2731 4436 2930 4490 stridor
2982 4437 3212 4490 dentium
3251 4435 3468 4505 (Matth-

1895 4551 2014 4599 xm,
2034 4534 2124 4602 50)
2154 4552 2168 4588 :
2199 4530 2827 4601 quandotsteterintagni
2853 4529 3092 4600 gentium
3117 4517 3471 4598 atqucjusto-

1895 4644 2014 4682 rum
2047 4627 2112 4679 ad
2145 4627 2446 4687 dexteram,
2479 4632 2534 4675 et
2563 4621 2694 4675 banti
2731 4619 3041 4676 Judazorum
3073 4629 3232 4688 atque
3275 4617 3469 4684 impio-

1896 4735 2012 4774 rnm
2048 4734 2078 4772 a
2111 4715 2386 4770 sinistris:
2415 4714 2537 4766 aliis
2565 4713 2954 4780 recipientibus
2982 4723 3181 4764 aeterna
3224 4707 3468 4776 praemia,

1891 4811 2010 4864 aliis
2031 4819 2231 4863 aeterna
2265 4807 2551 4875 supplicia.
2585 4805 2850 4859 Contritio
2888 4813 3068 4856 autem
3104 4802 3330 4866 sp-‘ritus
3361 4813 3470 4865 pra:

1893 4904 2078 4956 dolore
2098 4902 2279 4955 cordis
2307 4899 2659 4968 intelligenda
2689 4899 2741 4950 in
2769 4895 3106 4949 conscientia
3151 4891 3315 4960 786
3349 4905 3470 4958 pec-

1891 5006 2158 5057 catorum,
2183 4993 2334 5061 juxta
2367 4991 2495 5044 illud
2524 4989 2666 5059 quod
2694 4988 2957 5055 scriptum
2995 4997 3077 5036 est
3102 5002 3115 5036 :
3143 4985 3468 5051 Cognoscent

1890 5094 2122 5140 errantes
2154 5085 2345 5152 spiritu
2370 5083 2767 5150 intelligentiam
2801 5077 2936 5146 (Isti.
2995 5092 3148 5138 χιιι,
3184 5074 3298 5144 24).
3357 5074 3418 5126 Ει
3450 5089 3466 5130 :

1891 5179 1993 5232 Cor
2025 5177 2306 5230 contritum
2365 5183 2412 5228 et
2468 5171 2826 5232 Itumiliatum,
2870 5167 3027 5230 Deus,
3071 5182 3173 5218 non
3217 5167 3469 5233 despicies

1891 5268 2065 5338 (Psal.
2094 5284 2144 5332 1.,
2175 5267 2288 5336 l9).
2319 5264 2630 5318 Conteritur
2660 5261 2882 5329 spiritus
2914 5261 3126 5327 quando
3165 5258 3325 5311 fuerit
3357 5259 3469 5308 cle-

1891 5359 2251 5428 vatus;quod
2294 5359 2360 5410 de
2401 5373 2522 5426 rege
2567 5356 2786 5408 inimico
2828 5353 2992 5408 Israel
3034 5353 3288 5407 scribitur
3323 5368 3338 5406 ι
3372 5349 3463 5402 Ιη-

1889 5453 2096 5506 duravit
2119 5451 2368 5502 Dominus
2395 5448 2635 5516 spiritum
2688 5447 2800 5516 ejus
2838 5445 2937 5516 (IV
2993 5445 3118 5514 (leg.
3161 5461 3289 5510 xvn,
3357 5443 3463 5510 l4).

1890 5545 1956 5599 Et
2017 5547 2080 5596 de
2132 5541 2547 5612 Babyloniorum
2607 5539 2874 5609 principe,
2932 5539 3149 5609 quando
3193 5538 3461 5591 elevatum

1886 5647 1966 5689 est
1993 5651 2088 5688 cor
2117 5636 2255 5699 eius,
2285 5643 2338 5688 et
2363 5633 2642 5686 induratus
2674 5631 2919 5700 spiritus,
2952 5641 3010 5684 ut
3033 5631 3358 5698 superhiens
3387 5630 3466 5681 di-

1887 5739 2064 5784 c«-rct:
2092 5729 2214 5783 [hec
2237 5738 2311 5781 est
2336 5727 2592 5797 Babylon,
2620 5736 2668 5781 et
2687 5743 2778 5798 ego
2801 5728 2895 5798 feci
2929 5740 3046 5780 eam
3069 5723 3230 5796 (Dan.
3253 5722 3462 5791 ",27).

351 5870 489 5924 idem
551 5869 950 5937 Ambrosiam,
988 5886 1103 5942 quw
1159 5871 1528 5942 fornicationis
1587 5892 1778 5940 causa,
1813 5872 2213 5932 comparatione
2255 5870 2470 5926 vilescit.
