3902 6182
484 388 588 451 667

1651 385 1710 449 S.
1753 379 2063 446 EUSEBII
2105 379 2550 445 HlERONYMI

3595 378 3680 444 633

557 497 737 563 (Vers.
774 496 860 563 15,
899 497 1011 568 16.)
1072 515 1090 550 ι
1121 499 1188 554 Et
1239 498 1523 554 dimittatis
1569 515 1767 554 nomen
1817 513 2055 554 vestrum
2091 500 2132 554 A
2165 497 2217 553 in
2249 509 2362 554 toto
2399 503 2527 556 orbe
2562 499 2946 556 celebrabitur.
3000 498 3068 552 Et
3098 496 3200 552 erit
3230 495 3594 552 benedictum:
3635 498 3676 554 in

486 590 541 643 in
569 591 880 658 jnramento
968 589 1120 660 Vulg.
1152 589 1548 664 jnrantentunt]
1583 592 1771 646 electis
1819 595 1976 653 meis.
2009 601 2064 646 et

487 681 778 734 intertieiet
807 689 857 734 te.
884 681 1140 734 Dominus
1173 679 1333 744 Deus,
1367 691 1419 734 et
1455 697 1648 736 servos
1689 696 1818 735 suos
1850 682 2065 735 vocabit

492 771 708 825 nomine
742 771 867 834 alio,
905 775 953 824 in
991 788 1098 841 quo
1136 773 1223 841 qui
1272 773 1589 826 benedictus
1627 784 1712 826 est
1741 789 1906 842 super
1957 782 2067 826 ter-

492 877 630 923 ram,
684 862 1027 915 benedicetur
1071 865 1120 915 in
1175 863 1282 916 Deo
1317 879 1522 920 amen:
1585 875 1636 916 et
1691 864 1782 932 qui
1831 864 1978 932 jurat
2012 865 2064 915 itt

493 962 660 1016 terra,
720 953 924 1021 jnrabit
961 955 1071 1025 [ΑΙ.
1103 954 1276 1026 jurat]
1316 957 1369 1008 in
1427 955 1532 1008 Deo
1586 971 1765 1008 amem
1803 975 1820 1005 ι
1883 954 2017 1008 LXX
2051 972 2066 1013 :

501 1059 523 1094 ι
569 1044 907 1112 Relinquetis
927 1047 1069 1098 enim
1109 1049 1300 1101 nomen
1337 1058 1576 1100 vestrum
1613 1049 1664 1100 in
1724 1051 2066 1102 saturitatem

493 1137 680 1189 electis
699 1139 852 1191 meis.
871 1139 978 1192 Vos
1001 1147 1180 1191 autem
1206 1139 1490 1194 intertieiet
1510 1142 1770 1195 Dominus
1792 1158 1807 1197 :
1829 1145 2071 1196 servicno

490 1228 638 1283 tibus
655 1238 832 1283 autem
854 1230 984 1284 mihi
1005 1234 1280 1286 vocabitur
1297 1250 1488 1287 nomen
1516 1251 1735 1294 novum.
1756 1237 1838 1288 cui
1854 1237 2072 1289 benedi-

491 1330 647 1374 cetur
683 1335 846 1387 super
880 1332 1077 1376 terram
1114 1341 1126 1376 :
1158 1325 1473 1380 benedicent
1502 1329 1644 1380 enim
1677 1330 1840 1383 Deum
1863 1344 2070 1394 verum,

490 1421 544 1465 et
564 1413 1020 1482 quijurantsnper
1039 1425 1236 1470 terram
1257 1435 1272 1478 ;
1295 1418 1551 1488 jurabunt
1591 1419 1758 1474 Deum
1812 1439 2022 1475 verum.
2049 1439 2067 1472 ι

493 1503 911 1572 Ριπιήειιιιιιοίιαιε,
943 1526 1061 1571 ιιιιςε
1091 1509 1349 1565 llebraice
1379 1512 1761 1569 dicitursssas
1798 1517 1814 1545 ³
1868 1517 2075 1582 (πωπω

493 1597 675 1650 caeteri
699 1597 1064 1666 juramentum
1101 1602 1440 1671 interpretati
1468 1615 1634 1671 sunt;
1673 1607 1815 1675 quod
1849 1609 2074 1661 verbum

494 1687 695 1742 multas
724 1691 886 1743 habet
914 1691 1321 1762 intelligentiae,
1346 1705 1400 1750 et
1440 1712 1536 1765 pro
1566 1699 1886 1751 diversitate
1911 1699 1931 1728 ¹
1986 1711 2076 1751 ac-

492 1790 750 1832 centuum
790 1784 1052 1836 variatur.
1091 1785 1416 1848 Intelligitur
1442 1793 1584 1842 enim
1611 1803 1657 1839 et
1683 1791 2072 1856 jurantetttum,

495 1883 552 1925 et
570 1876 847 1940 saturitas,
867 1888 919 1928 et
948 1880 1253 1941 satietas,et
1272 1881 1469 1946 plures.
1489 1894 1542 1934 et,
1561 1893 1770 1948 septem.
1802 1883 1872 1936 De
1898 1884 2075 1950 quoin

497 1964 638 2019 libto
669 1967 943 2023 Geneseos
977 1971 1232 2036 diximus,
1252 1982 1305 2026 et
1335 1973 1387 2026 iit
1416 1975 1514 2026 hoc
1539 1976 1808 2029 volumine
1839 1977 1977 2043 (cap.
2004 1976 2081 2042 4),

499 2058 590 2110 ubi
631 2071 839 2128 septem
871 2062 1129 2116 mulieres
1161 2065 1635 2130 apprehenderunt
1693 2084 1855 2120 ttntnn
1883 2071 2080 2121 virum.

497 2147 734 2202 Rursum
771 2166 870 2218 pro
919 2168 984 2206 eo
1025 2157 1166 2222 quod
1241 2156 1594 2226 Septuaginta
1653 2163 2072 2224 transtulerunt,

497 2257 701 2308 rerum,
733 2245 862 2296 etin
892 2244 1161 2299 Hebraico
1202 2247 1423 2312 dicitur,
1459 2265 1596 2302 sum
1621 2252 1795 2333 (p33),
1823 2253 2014 2320 Aquila
2041 2254 2081 2319 ³,

499 2335 662 2388 vertit
693 2339 1148 2405 πεπιστωμὲνως,
1186 2340 1234 2391 id
1277 2354 1360 2394 est
1419 2341 1667 2407 ﬁdeliter.
1719 2344 1869 2409 Quod
1901 2355 2080 2400 autem

498 2426 652 2492 dicit,
683 2428 783 2482 hoc
810 2437 892 2482 est
915 2446 929 2482 :
956 2431 1076 2485 aliis
1099 2433 1151 2484 in
1186 2443 1423 2486 vestrum
1453 2436 1871 2491 succedentibus
1900 2438 2078 2493 locum

498 2533 697 2573 nomen
733 2532 973 2576 vestrum
1003 2523 1499 2590 eritjnramentnm
1554 2527 1744 2582 electis
1795 2531 1952 2590 meis.
2021 2542 2079 2582 ιιι

499 2626 599 2679 pro
633 2612 896 2666 malorum
945 2615 1194 2681 exemplo
1224 2631 1318 2668 vos
1354 2618 1612 2683 habeant,
1636 2630 1691 2673 et
1738 2622 2081 2676 detestentur

502 2701 628 2754 talia
666 2701 960 2762 sustinere.
996 2713 1045 2757 et
1075 2704 1258 2770 jurent
1284 2707 1364 2760 sic
1397 2723 1411 2766 :
1449 2725 1550 2761 non
1591 2713 1702 2764 haec
1752 2714 1926 2782 patiar
1958 2729 2080 2782 quae

501 2808 694 2860 passus
724 2807 806 2848 est
835 2796 1064 2863 populus
1094 2794 1427 2852 Judaeorutu.
1457 2801 1584 2854 Sive
1615 2819 1810 2857 nomen
1838 2816 2077 2859 vestrmn

501 2888 603 2938 erit
635 2887 686 2940 in
714 2891 1026 2940 satietatem
1063 2907 1076 2942 :
1111 2893 1254 2957 quod
1286 2891 1339 2944 in
1371 2893 1454 2944 his
1479 2894 1584 2948 dici
1629 2897 1791 2961 solet,
1845 2912 2074 2965 quorum

501 2978 689 3031 odiosa
715 2989 798 3031 est
827 2980 1132 3035 recordatio
1165 2994 1219 3036 et
1246 2989 1524 3051 memoria,
1561 2998 1614 3038 et
1673 2989 1762 3054 qui
1800 3005 1976 3058 usque
2012 2992 2076 3044 ad

504 3071 1244 3142 saturitatemnanseamque
1276 3073 1566 3134 venerunt.
1612 3079 1710 3133 Vel
1767 3093 1914 3134 certe
1975 3083 2076 3137 hoc

2170 602 2405 657 tantum,
2455 603 2512 647 ut
2549 593 2637 663 qui
2669 593 2762 646 illo
2795 591 3016 644 nomine
3037 589 3196 644 fuerit
3221 589 3525 659 apprllatus,
3552 592 3683 644 bene-

2169 689 2380 740 dicatur
2413 688 2463 740 in
2493 687 2742 749 Domino,
2767 696 2818 741 et
2844 687 3064 751 signum
3108 699 3252 738 verte
3306 682 3683 738 circumcisionis

2168 779 2399 846 accipiat
2423 779 2465 841 ⁸,
2489 797 2638 832 amen
2667 797 2682 833 :
2711 795 2817 848 quo
2838 793 2977 846 saepe
3006 778 3058 830 in
3083 775 3508 844 approbationem
3533 791 3682 829 eorum

2171 885 2289 936 qua:
2321 871 2458 923 dicta
2487 879 2632 936 sunt,
2667 870 2921 924 Dominus
2952 867 3191 919 ntitnrin
3213 866 3488 936 Evangelio
3511 867 3682 926 :Amrn.

2174 978 2326 1015 amen
2351 963 2466 1014 dico
2490 962 2629 1015 vobis
2656 960 2839 1027 (Joan.
2870 977 2921 1024 v,
2962 959 3068 1027 19).
3107 959 3307 1013 Nomen
3337 969 3500 1010 autent
3528 973 3684 1010 nnvntn

2172 1056 2289 1109 sive
2323 1056 2489 1118 aliud,
2529 1055 2734 1107 nullum
2753 1065 2858 1119 est,
2894 1054 2993 1107 nisi
3030 1054 3173 1121 quod
3199 1067 3264 1105 ex
3295 1050 3485 1104 Christi
3513 1052 3688 1102 nomine

2172 1146 2472 1209 derivatur,
2498 1156 2557 1198 nt
2585 1161 2925 1214 nequaquam
2952 1154 3172 1198 vocetur
3191 1141 3416 1212 populus
3433 1138 3517 1192 Dei
3540 1137 3688 1201 iactu),

2180 1247 2234 1291 et
2263 1235 2448 1302 Iudas,
2495 1249 2544 1290 et
2587 1236 2775 1300 Israel,
2837 1245 2888 1290 et
2951 1236 3232 1305 Ephraitn,
3288 1241 3341 1285 et
3398 1229 3688 1295 Josepb,sed

2175 1327 2542 1382 Christianus.
2585 1328 2913 1396 Quicunque
2965 1328 3108 1377 enim
3157 1320 3419 1391 juraverit
3473 1319 3519 1371 in
3558 1327 3689 1379 terra,

2181 1435 2524 1487 nequaquam
2566 1420 2834 1486 iuraverit
2871 1419 2922 1470 in
2954 1416 3108 1469 idolis
3147 1424 3202 1468 et
3233 1411 3380 1466 falsis
3411 1411 3525 1471 diis.
3553 1409 3628 1462 sed
3650 1409 3691 1462 in

2180 1510 2290 1563 Deo
2324 1525 2339 1563 :
2370 1526 2490 1580 qua:
2523 1509 2792 1563 sententia
2828 1523 3069 1567 rursum,
3098 1519 3254 1558 amen
3291 1502 3550 1571 signaculo
3573 1514 3693 1552 eom-

2179 1605 2464 1672 probatur.
2514 1603 2681 1654 l‘orro
2708 1601 2861 1671 juxta
2901 1598 3256 1668 Septuaginta
3289 1595 3379 1664 qui
3409 1609 3500 1663 pro
3548 1605 3693 1649 auten.

2178 1711 2367 1748 verum
2405 1695 2571 1748 Deum
2606 1693 2941 1760 interpretati
2969 1698 3118 1750 sunt.
3155 1701 3213 1742 ttt
3247 1687 3572 1741 benedicatur
3588 1683 3696 1735 Deus

2182 1802 2362 1850 verus,
2381 1795 2433 1839 et
2467 1785 2559 1854 qui
2586 1785 2774 1852 jnrant
2802 1797 2964 1847 super
2993 1791 3216 1844 terram,
3239 1780 3423 1848 jurent
3453 1776 3596 1828 Detnn
3625 1791 3694 1824 vc-

2190 1895 2332 1940 runt,
2356 1893 2464 1930 non
2499 1877 2794 1931 sectmdutn
2828 1888 3070 1928 errorem
3110 1874 3431 1925 Arianorum
3463 1867 3697 1922 referimus

2189 1973 2253 2023 ad
2297 1985 2581 2039 personam
2623 1977 2831 2020 tantum
2869 1966 2958 2019 Dei
2989 1965 3191 2026 Patris,
3252 1965 3317 2016 de
3354 1975 3455 2030 quo
3486 1961 3695 2026 scriptum

2186 2074 2268 2116 est
2301 2081 2314 2117 :
2351 2061 2415 2116 Ut
2446 2071 2761 2130 cognoscant
2794 2069 2840 2112 te
2866 2059 3034 2112 solum
3084 2073 3266 2110 verum
3301 2054 3477 2114 Deum,
3502 2059 3543 2104 et
3581 2063 3696 2118 quas

2188 2159 2383 2210 misisti
2409 2156 2592 2209 Jesum
2631 2155 2904 2211 Christum
2927 2150 3113 2214 (loan.
3145 2165 3282 2210 xvtt,
3308 2148 3361 2218 5)
3387 2164 3402 2200 :
3427 2146 3510 2200 sed
3541 2144 3594 2196 ad
3635 2141 3698 2194 Fi-

2183 2251 2336 2315 lium,
2375 2251 2462 2317 qui
2494 2260 2547 2302 et
2579 2251 2690 2318 ipse
2716 2262 2874 2300 verus
2905 2246 3048 2299 Deus
3073 2252 3177 2308 est,
3218 2243 3428 2296 dicente
3474 2235 3698 2304 evangeli-

2184 2352 2267 2395 sta
2286 2341 2497 2396 Joanne
2528 2359 2543 2395 :
2581 2338 2734 2392 Venit
2756 2338 2922 2392 Filius
2957 2338 3070 2395 Dei.
3103 2347 3152 2390 et
3174 2335 3320 2388 dedit
3352 2332 3490 2386 nobis
3507 2338 3698 2391 mentem,

2187 2446 2242 2489 ut
2267 2451 2642 2504 cognoscamus
2674 2449 2872 2495 uerunt,
2897 2441 2944 2484 et
2989 2435 3154 2485 simus
3209 2433 3265 2484 in
3295 2446 3408 2484 vero
3452 2425 3574 2480 Filio
3613 2425 3698 2493 ejus

2186 2527 2312 2581 Iesu
2338 2527 2544 2592 Christo
2568 2525 2748 2594 (Jaan.
2783 2541 2834 2592 v,
2857 2525 2971 2592 20).
3010 2525 3117 2579 Iste
3149 2535 3235 2580 est
3309 2537 3462 2576 verus
3508 2522 3627 2575 Deus
3659 2526 3700 2568 et

2184 2621 2291 2670 vita
2318 2627 2544 2670 aeterna.
2587 2615 2640 2668 Si
2673 2616 2817 2669 enim
2862 2614 3112 2668 Salvator
3144 2613 3213 2667 de
3243 2627 3302 2667 se
3329 2611 3552 2680 loquitur
3579 2604 3698 2670 :Ego

2181 2727 2298 2765 sum
2330 2716 2518 2764 veritas
2540 2709 2721 2775 (Joan.
2759 2723 2869 2771 stv,
2892 2708 2968 2776 6),
2988 2715 3388 2776 consequenter
3421 2717 3563 2757 verus
3592 2700 3698 2754 Deus

2184 2819 2212 2855 a
2239 2802 2469 2856 veritate
2495 2817 2690 2856 nomen
2726 2801 2958 2870 accepit,
2988 2809 3046 2853 ut
3089 2813 3426 2869 nequaquam
3457 2794 3697 2850 secundum

2187 2893 2351 2948 falsos
2382 2895 2512 2948 deos
2549 2892 2860 2961 appelletur
2885 2890 3048 2954 Deus,
3087 2892 3182 2946 sed
3246 2888 3528 2945 secundum
3549 2895 3697 2937 verum

2191 2987 2357 3040 Dettm
2390 2985 2627 3051 Patrem,
2660 2993 2717 3038 et
2747 2985 2861 3052 ipse
2904 2983 2978 3037 sit
3007 2997 3169 3036 verus
3229 2979 3392 3035 Deus.
3426 2977 3640 3046 Alioquin
3666 2974 3699 3026 si

2187 3093 2296 3132 non
2324 3087 2408 3130 est
2451 3092 2634 3142 verus,
2665 3078 2771 3131 erit
2799 3075 2939 3130 idolo
2974 3074 3192 3138 similis,
3245 3073 3386 3144 quod
3415 3067 3642 3127 redundat
3661 3068 3702 3118 in

504 3158 815 3224 dicendum,
851 3163 992 3229 quod
1023 3178 1216 3218 nomen
1250 3181 1406 3220 suum
1458 3169 1836 3239 derelinquant
1892 3175 2079 3228 electis
2106 3185 2149 3242 ο
2184 3171 2363 3235 capita
2393 3170 2560 3240 788
2583 3184 2792 3230 eortnn,
2828 3167 2916 3238 qui
2949 3167 3228 3222 Christum
3258 3181 3434 3220 verum
3461 3163 3602 3216 Deum
3631 3172 3701 3211 ne-

505 3249 741 3314 Domini,
776 3263 830 3305 ut
858 3269 952 3321 pro
982 3255 1087 3308 illis
1118 3258 1358 3324 gentium
1393 3261 1546 3312 turba
1569 3264 1823 3315 snt-cedat
1851 3282 1864 3328 ;
1901 3276 1955 3317 et
1979 3267 2078 3332 ipsi

506 3341 846 3408 appellentur
879 3344 972 3397 lilii
1003 3345 1277 3400 Abraham
1310 3360 1361 3402 et
1395 3349 1581 3406 Israel.
1620 3351 1694 3408 De
1716 3355 1912 3425 quibus
1947 3358 2081 3410 l’an-

505 3429 590 3482 lus
619 3431 896 3496 loquitur:
936 3433 1055 3487 Pax
1099 3451 1255 3504 super
1287 3454 1397 3500 eos,
1458 3451 1504 3494 et
1544 3459 1698 3508 super
1751 3446 1925 3500 Israel
1986 3447 2083 3502 Dei

506 3522 710 3589 (Galat.
746 3540 814 3587 νι,
853 3525 958 3594 16).
994 3527 1181 3596 Neque
1213 3531 1357 3583 enim
1383 3533 1474 3600 qui
1539 3547 1602 3586 ex
1655 3536 1912 3590 lsraelitis
1957 3548 2083 3594 sunt

503 3613 711 3681 Lrael;
745 3621 951 3686 necqni
993 3635 1176 3672 semen
1213 3622 1484 3674 Abraham
1527 3640 1716 3692 omnes
1769 3626 1859 3678 lilii
1899 3625 2079 3696 (Rom.

510 3723 585 3769 lx.
627 3708 706 3774 7),
753 3712 817 3763 ad
872 3726 1008 3779 quos
1055 3713 1257 3767 dicitur
1291 3731 1304 3770 ζ
1337 3714 1392 3768 Si
1423 3716 1524 3784 ﬁlii
1576 3719 1754 3771 essetis
1797 3720 2082 3784 Abraham,

511 3800 672 3871 787
707 3819 863 3871 opera
904 3803 1170 3858 Abraham
1202 3807 1450 3874 faceretis
1506 3809 1664 3879 (Joan
1724 3827 1839 3872 \‘lll,
1877 3812 1988 3880 '59).
2021 3813 2085 3866 Et

511 3897 636 3961 quia
668 3911 851 3950 semen
898 3909 1024 3950 sunt
1050 3898 1319 3951 Abraham
1342 3938 1358 3962 ,
1397 3911 1447 3953 et
1479 3917 1580 3954 non
1621 3902 1820 3963 iilii,de
1853 3918 2082 3972 quorum

511 3985 810 4041 differentia
848 4003 1010 4058 supra
1048 3991 1288 4044 diximus
1319 4008 1332 4046 :
1371 4003 1654 4062 propterea
1700 4011 1791 4048 eos
1844 3996 2086 4064 increpat

510 4079 752 4147 Baptista
784 4078 1044 4140 Joannes.
1076 4083 1264 4136 dicens
1291 4099 1306 4137 :
1368 4083 1430 4137 Et
1465 4101 1528 4138 ne
1562 4084 1727 4138 velitis
1759 4087 1952 4150 dicere,
1995 4106 2090 4157 pa-

513 4187 643 4231 trem
671 4174 922 4227 habemus
953 4174 1218 4229 Abraham
1251 4193 1270 4231 :
1295 4187 1480 4245 potens
1508 4188 1582 4230 est
1619 4179 1758 4231 enim
1822 4179 1959 4236 Deus
2023 4183 2088 4238 de

515 4265 784 4334 lapidibus
843 4269 955 4320 istis
983 4269 1242 4322 suscilare
1286 4270 1428 4339 ﬁlios
1459 4270 1685 4326 Abraha:
1739 4272 1950 4340 (Matth.
2006 4289 2087 4340 ιιι,

513 4356 595 4418 9).
629 4359 909 4421 Quomodo
928 4360 1069 4411 enim
1103 4371 1328 4427 possunt
1358 4361 1519 4430 hujus
1541 4377 1664 4418 esse
1704 4364 1819 4431 lilii,
1879 4367 1970 4436 qui
2005 4367 2091 4422 tli-

520 4461 722 4502 xerunt
759 4450 905 4518 ligno
938 4461 990 4505 et
1025 4453 1210 4521 lapidi,
1250 4466 1306 4507 tu
1339 4457 1567 4524 genuisti
1600 4473 1682 4510 me
1709 4474 1726 4512 :
1752 4473 1872 4512 cunt
1905 4476 1934 4514 e
1960 4477 2089 4515 con-

2192 3272 2341 3332 gant.
2373 3260 2488 3314 l‘loc
2519 3269 2601 3313 est
2621 3271 2798 3313 autem
2835 3271 3028 3311 nomen
3066 3271 3289 3319 novum,
3313 3255 3447 3324 quod
3467 3253 3510 3306 ei
3536 3252 3578 3304 in
3598 3249 3704 3316 Apo-

2191 3357 2394 3425 calypsi
2429 3368 2591 3422 super
2618 3352 2831 3434 calculo
2853 3351 3135 3411 Zscribitur
3172 3353 3316 3421 (cap.
3345 3349 3421 3416 tt),
3450 3345 3524 3400 cui
3557 3343 3602 3396 in
3621 3349 3704 3394 toto

2190 3450 2321 3504 orbe
2348 3447 2705 3502 benedicitur.

2262 3539 2444 3608 (Vers.
2479 3540 2566 3602 17,
2604 3538 2716 3605 18.)
2766 3554 2784 3587 ι
2823 3535 2958 3601 Quia
2984 3533 3246 3589 oblivioni
3280 3531 3480 3587 tradita:
3501 3534 3607 3582 sunt
3629 3537 3703 3575 an-

2194 3633 2384 3700 gustiae
2413 3631 2642 3698 priores,
2693 3639 2748 3681 et
2776 3629 2901 3696 quia
2935 3626 3270 3681 absconditae
3302 3634 3423 3681 sunt
3471 3621 3531 3676 ab
3569 3615 3704 3672 oculis

2196 3725 2351 3776 meis.
2378 3721 2520 3776 Ecce
2543 3721 2687 3775 enim
2715 3735 2842 3774 creo
2880 3720 3048 3773 cmlos
3074 3733 3270 3782 novos,
3306 3727 3359 3771 et
3413 3725 3591 3769 terram
3633 3721 3704 3760 no-

2195 3831 2338 3879 vam,
2371 3823 2423 3868 et
2457 3829 2560 3867 non
2591 3822 2748 3866 ernnt
2783 3812 2834 3864 in
2863 3809 3126 3864 memoria
3183 3809 3366 3879 priora
3407 3821 3423 3863 :
3453 3816 3612 3860 etnon
3649 3811 3707 3850 as-

2195 3909 2389 3964 cendet
2427 3904 2613 3979 [Vulg.
2651 3903 2967 3977 ascendent]
2998 3917 3160 3968 super
3191 3917 3323 3957 eor:
3357 3901 3444 3955 sed
3464 3888 3708 3969 gaudebitis

2194 4010 2247 4055 et
2272 3999 2614 4054 exsultabitis
2646 4013 2815 4067 usque
2836 3998 2888 4051 in
2905 3996 3295 4065 sempiternum
3323 3995 3375 4048 in
3404 3992 3480 4046 his
3506 4001 3608 4058 qua:
3632 3993 3706 4051 ego

2197 4107 2344 4148 creo.
2385 4110 2404 4143 ι
2477 4091 2663 4146 LXX:
2698 4109 2716 4142 ι
2746 4090 3149 4145 Obliviscentnr
3203 4090 3348 4144 enim
3406 4076 3709 4140 tribulationis

2198 4184 2415 4253 prioris,
2441 4195 2495 4238 et
2521 4200 2626 4238 non
2653 4183 2911 4237 ascendet
2945 4197 3109 4251 super
3125 4197 3220 4236 cor
3249 4195 3453 4236 eorum.
3480 4167 3705 4229 Eritettim

2200 4279 2396 4335 ccelum
2423 4293 2643 4341 novum,
2667 4286 2720 4330 et
2754 4287 2895 4330 terra
2923 4290 3056 4329 nova
3091 4291 3104 4328 :
3131 4284 3186 4328 et
3209 4288 3320 4327 non
3344 4265 3708 4325 recordabuntur

2199 4372 2467 4441 priorum,
2491 4379 2540 4424 et
2581 4383 2686 4422 non
2723 4366 2902 4421 veniet
2931 4380 3097 4434 super
3120 4380 3216 4418 cor
3246 4377 3462 4426 eorum;
3493 4353 3570 4411 sed
3611 4363 3710 4449 βψ

2199 4463 2345 4517 ditnn
2379 4470 2434 4516 et
2464 4459 2886 4515 exsultationem
2913 4459 3152 4512 inveniet
3184 4457 3238 4511 in
3274 4471 3358 4511 ea.
3388 4473 3405 4506 ι
3433 4451 3585 4530 Causa
3612 4443 3709 4495 laeti-

524 4545 713 4603 trario.
750 4546 838 4612 qtti
871 4559 935 4599 ex
973 4547 1076 4601 ﬁde
1131 4558 1278 4613 sunt,
1315 4550 1366 4602 hi
1406 4551 1748 4620 appellentur
1784 4553 1874 4606 lilii
1919 4554 2094 4608 Abra-
2125 4539 2168 4596 Β
2202 4553 2288 4607 tite
2322 4560 2376 4606 et
2432 4549 2789 4605 confessionis
2827 4547 2918 4602 Dei
2955 4548 3065 4601 veri
3119 4555 3223 4608 est,
3254 4545 3374 4615 quia
3433 4547 3608 4595 aeterna
3641 4544 3709 4581 att-

521 4635 640 4690 ltte?
676 4634 780 4690 Vos
811 4641 1222 4708 autem,inqnit,
1280 4642 1572 4698 interliciet
1603 4644 1884 4709 Dominus,
1915 4656 1971 4699 ut
1999 4663 2097 4700 ne-

518 4743 792 4797 quaquam
826 4730 1165 4797 appelletnini
1193 4731 1556 4793 circumcisio,
1585 4735 1676 4788 sed
1706 4737 1942 4790 concisio
1973 4735 2104 4807 (Ga-

518 4819 708 4888 latan)
736 4837 749 4872 :
777 4829 831 4872 ut
855 4822 958 4873 vita
987 4822 1219 4873 careatis
1243 4833 1467 4890 tetttrna,
1499 4837 1681 4879 utnon
1711 4827 1957 4882 habeatis
1977 4845 2101 4884 eum

519 4912 612 4978 qui
647 4911 774 4964 dicit
817 4929 830 4965 :
862 4910 970 4982 Ego
1001 4929 1114 4965 sum
1162 4915 1268 4966 vita
1298 4913 1476 4982 (Joan.
1503 4931 1613 4982 ειν,
1669 4915 1749 4986 6).
1785 4917 1983 4971 Servos
2007 4934 2104 4971 au-

525 5013 654 5070 tem,
687 5006 783 5072 ait,
822 5022 953 5063 suos
979 5006 1188 5062 vocabit
1209 5010 1428 5064 nomine
1461 5010 1592 5077 alio,
1628 5011 1743 5067 sive
1775 5027 1934 5078 novo,
1957 5013 2102 5082 quod

605 5215 620 5245 ¹
655 5213 780 5278 Qua:
810 5216 1066 5269 Hebruice
1099 5217 1311 5288 dicitur
1372 5215 1572 5282 Sabaa,
1624 5230 1731 5273 etc.
1795 5216 1910 5272 Non
1975 5219 2102 5288 legit

529 5286 891 5353 Hieronymus
915 5303 1060 5339 more
1095 5287 1356 5340 hodierno
1381 5287 1725 5354 Sebua,qnia
1761 5289 1969 5344 llehra'i
2007 5286 2103 5343 suo

530 5369 773 5423 tempore
818 5372 938 5406 rato
972 5357 1186 5412 vocales
1238 5357 1445 5410 litteras
1481 5359 1752 5412 habebant
1821 5359 1870 5412 in
1928 5363 2103 5417 medio

528 5429 840 5485 verborum,
879 5435 934 5476 ιιι
966 5427 1079 5493 ipse
1110 5428 1236 5480 alibi
1276 5431 1425 5480 testis
1461 5429 1618 5482 nobis
1648 5441 1753 5484 est.
1785 5427 1916 5484 Mss.
1953 5434 2104 5484 codi-

528 5515 618 5551 ces
653 5506 968 5549 con-tantm
1008 5499 1239 5550 retinent
1267 5497 1469 5563 Sabaa,
1502 5502 1643 5568 quod
1681 5517 1775 5553 nos
1810 5503 1977 5555 secuti
2017 5519 2105 5552 stl-

533 5585 672 5624 tnns.
713 5568 830 5619 lit-et
863 5571 911 5617 in
950 5570 1189 5639 margine
1233 5572 1644 5636 apposuerimus
1682 5569 1880 5638 Sebna,
1939 5570 2103 5639 juxta

534 5648 938 5704 pumtattonetn
987 5638 1329 5692 hodie-nam.
1389 5639 1626 5694 Consule
1673 5641 1742 5696 de
1778 5643 1879 5697 hoc
1943 5638 2105 5697 verbo

535 5711 871 5771 ant'stiunt‘s
900 5705 1536 5764 ittGetles‘ittl.MARTlAN.

605 5785 622 5808 ³
661 5780 784 5832 γεω
817 5779 868 5831 in
891 5779 1085 5835 tiones.
1116 5797 1232 5853 cap.
1270 5797 1378 5847 su,
1409 5783 1499 5848 ιω,
1531 5793 1581 5838 et
1604 5799 1723 5854 qua:
1755 5783 1823 5840 de
1850 5794 2106 5845 accentus

2205 4649 2509 4716 gustiarutn
2541 4644 2782 4714 priorum
2817 4641 3071 4696 succedet
3101 4639 3324 4702 oblivio,
3356 4644 3410 4689 ut
3429 4635 3708 4716 ncqm'lf'f'"

2205 4710 2471 4792 idolorum
2511 4710 2860 4788 meminerint
2896 4740 2950 4786 et
2980 4732 3183 4787 erroris
3207 4726 3432 4798 pristini,
3463 4721 3543 4776 sed
3573 4710 3710 4814 adulu'

2204 4843 2319 4883 cem
2351 4827 2417 4880 de
2470 4827 2705 4880 tenebris
2737 4832 3038 4886 transeant,
3101 4832 3159 4875 ut
3199 4829 3394 4875 aeterna
3436 4804 3710 4869 beatitudine

2205 4922 2582 4990 perfruantur.
2616 4915 3020 4972 Obliviscentnr
3045 4914 3188 4970 enim
3231 4911 3448 4981 pristina
3471 4903 3608 5002 mala,
3629 4908 3709 5002 ntitt

2208 5013 2480 5068 oblivione
2512 5009 2803 5072 tnetnorize,
2837 5009 2929 5062 sed
2951 5008 3216 5061 bonorum
3241 4995 3707 5062 successionetlum

2215 5213 2468 5269 llebraici
2525 5212 2826 5285 signiﬁcatu
2856 5227 2954 5267 nos
3001 5209 3370 5285 adnotavimus
3412 5204 3460 5285 in
3513 5194 3705 5285 ejusdettt

2211 5287 2335 5340 litni
2371 5300 2490 5347 cap.
2531 5275 2705 5350 ιιξῖὖ,
2737 5282 3169 5337 Commentarios
3201 5293 3409 5350 quoque
3442 5277 3488 5326 ιιι
3509 5285 3608 5337 cap.
3650 5275 3706 5316 ιιι

2211 5356 2588 5409 Ecclesiastes.
3292 5419 3295 5420 ν
3551 5409 3561 5420 .
3613 5403 3659 5420 ..ς

2281 5404 2530 5494 ί
2559 5424 2720 5478 vertit
2750 5423 3208 5488 πεπιστωμέκως.
3245 5419 3382 5476 Idem
3412 5404 3706 5494 3|‘5e'll1l'f‘

2209 5477 2529 5568 ronvnt'us‘.“
2757 5477 2896 5550 male
2957 5477 3136 5566 legunt.
3167 5477 3540 5558 ’πιστομένωθ
3591 5477 3706 5532 MM“

2206 5586 2349 5626 TIAN.
3360 5633 3386 5636 __
3444 5632 3453 5636 _
3523 5626 3534 5636 .
3636 5613 3686 5636 --ι

2280 5648 2300 5674 ι
2339 5641 2683 5699 Ambrosian.
2747 5636 2955 5707 signum
3023 5653 3158 5695 rem
3216 5628 3554 5690 benedictionis
3598 5628 3705 5674 αιτι-

2207 5715 2338 5785 piat.
