3906 6172
197 302 303 365 6t9

660 298 1165 364 COMMENTAR.
1207 295 1290 358 IN
1331 295 1597 358 ISAIAM
1661 295 2123 360 PROPHETAM
2181 300 2330 363 LIB.
2374 302 2596 378 XVIII,
2640 303 2802 364 CAP.
2838 303 3008 366 LXV.

3353 303 3461 365 €70

189 415 322 469 illud
352 410 496 482 quod
523 411 787 482 scriptum
820 422 905 467 est
935 430 950 467 :
983 407 1048 466 1η
1085 410 1168 463 die
1208 409 1343 463 bona
1372 408 1562 462 oblivio
1595 406 1769 462 malo—

1881 411 2081 482 singnla
2107 421 2394 477 augmenta
2429 413 2714 478 virtutum,
2741 425 2794 468 et
2816 411 3120 468 futurorum
3143 411 3456 474 scientiam,

190 523 310 559 rum
371 504 571 574 (Eccle.
605 521 683 569 χι,
711 506 824 572 27).
856 504 922 557 Ει
953 501 1084 556 alibi
1119 518 1135 558 :
1173 501 1399 571 Aﬁlictio
1439 500 1585 554 [torte
1627 499 1764 553 obli-

187 599 386 654 tionem
421 596 548 666 facit
614 597 932 650 deliciarum
969 593 1134 664 (Ibid.
1183 593 1328 661 29):
1396 607 1463 647 eo
1501 591 1645 660 quod
1711 591 1764 646 in

187 689 454 760 angustiis
480 688 786 750 constituti,
811 701 1156 755 nequaquam
1182 686 1558 754 voluptatibus
1584 685 1769 754 pristi-

187 780 292 845 nis,
359 783 515 847 juxta
575 794 846 841 errorem,
901 777 1116 847 Epicuri
1162 777 1342 830 animo
1395 775 1767 844 perfruantur.

187 869 338 924 Licet
369 871 539 940 possit
571 881 626 925 et
660 871 761 926 boc
788 871 920 934 dici,
950 870 1095 936 quod
1133 869 1187 924 in
1244 869 1384 924 caelo
1418 885 1577 934 novo,
1613 880 1668 923 et
1716 869 1768 923 in

187 971 329 1015 terra
363 978 520 1028 nova,
541 962 721 1019 omnis
757 963 1193 1018 conversationis
1236 963 1478 1030 pristinae
1508 962 1769 1016 memoria

184 1054 435 1108 deleatur
462 1071 479 1110 :
503 1070 571 1110 ne
599 1056 701 1109 hoc
737 1056 913 1124 ipsum
967 1071 1089 1122 pars
1115 1053 1380 1108 malorum
1413 1055 1508 1117 sit,
1575 1053 1772 1122 prioris

183 1149 448 1216 angustia
475 1148 772 1205 recordari.
798 1147 1011 1202 Caelum
1043 1155 1224 1200 autem
1257 1160 1452 1201 novum
1484 1156 1538 1200 et
1570 1157 1770 1200 terram

183 1253 406 1302 noram,
439 1239 530 1308 qui
570 1247 763 1308 putant
806 1239 990 1292 omnia
1027 1238 1252 1293 interire
1296 1253 1415 1307 qua:
1473 1238 1771 1302 cernimus,

183 1329 468 1399 Evangelii
523 1332 953 1401 interpretantur
1008 1330 1382 1385 testimonio:
1457 1327 1668 1384 Caelum
1725 1339 1772 1383 et

183 1433 329 1476 terra
362 1423 665 1476 transibunt
699 1420 921 1493 (Matth.
952 1439 1100 1487 xxiv,
1134 1407 1254 1492 35).
1288 1423 1351 1476 Et
1381 1422 1531 1476 Pauli
1555 1432 1775 1491 aposto-

183 1515 214 1568 li
244 1531 262 1568 :
300 1515 436 1581 Qua:
457 1517 596 1570 enim
619 1518 889 1579 videntur,
922 1515 1234 1585 temporalia
1257 1528 1377 1569 sunt
1405 1531 1424 1570 :
1447 1533 1564 1586 qua:
1596 1525 1773 1570 autem

183 1624 282 1661 non
303 1608 574 1674 videntur,
603 1617 802 1664 wterna
835 1606 923 1680 (II
958 1607 1079 1664 Cor.
1110 1623 1184 1674 tv,
1220 1607 1334 1677 18).
1365 1608 1535 1661 Porro
1553 1609 1644 1676 qui
1677 1622 1774 1660 n0-

180 1697 427 1759 vitatem,
455 1699 945 1753 commutationem
969 1698 1023 1752 in
1051 1700 1246 1754 melius
1269 1701 1312 1765 ',
1331 1708 1385 1754 et
1408 1713 1514 1752 non
1537 1698 1774 1752 elemen—

1875 519 2052 559 novos
2108 506 2311 568 videat,
2340 522 2476 576 quos
2524 515 2739 561 veteres
2789 505 2898 576 jAl.
2954 502 3316 578 veterascere]
3347 504 3457 571 jam

1880 600 2120 655 videbat.
2176 601 2329 666 Quod
2400 611 2580 656 autem
2641 601 2695 654 in
2759 603 2864 656 line
2921 600 3086 672 hujus
3155 597 3460 652 testimonii

1877 695 2075 748 dicitur
2106 713 2120 749 :
2144 693 2272 759 Qum
2293 710 2414 764 ergo
2435 709 2574 762 creo,
2605 709 2635 747 a
2658 691 3005 763 Septuaginta
3032 683 3461 760 praetermissum

1878 799 1983 841 (εει.

1951 879 2130 950 (Vers.
2159 877 2272 948 l9.)
2308 896 2325 929 c
2363 877 2498 943 Quia
2518 891 2645 931 ecce
2671 890 2771 945 ego
2795 889 2921 928 creo
2936 874 3236 931 Jerusalem
3273 873 3462 928 exsul-

1884 972 2174 1033 tationem,
2205 980 2256 1024 et
2292 968 2552 1039 populum
2594 969 2716 1036 ejus
2753 967 3008 1037 gaudium
3044 983 3058 1021 :
3095 977 3151 1021 et
3175 965 3459 1022 exsultabo

1882 1061 1934 1114 in
1961 1059 2286 1123 Jerusalem,
2319 1067 2374 1113 et
2413 1058 2662 1129 gaudebo
2692 1059 2742 1110 in
2775 1057 2973 1126 populo
3013 1072 3154 1112 meo.
3204 1073 3224 1106 ι
3277 1053 3457 1108 LXX:

1886 1169 1904 1202 ι
1935 1149 2071 1215 Quia
2116 1165 2243 1205 ecce
2271 1164 2373 1218 ego
2401 1149 2544 1204 facio
2591 1147 2887 1203 Jerusalem
2935 1146 3372 1208 exsultationem,
3403 1157 3459 1199 et

1881 1245 2140 1312 populum
2180 1257 2359 1297 meum
2391 1242 2660 1306 laetitiam,
2694 1251 2747 1295 et.
2786 1240 3072 1296 exsultabo
3106 1255 3267 1308 super
3297 1236 3457 1290 Jeru-

1883 1334 2081 1398 salem,
2114 1345 2166 1389 et
2192 1335 2424 1389 laetabor
2481 1350 2646 1404 super
2689 1333 2886 1402 populo
2942 1346 3085 1385 meo.
3122 1348 3140 1380 ι
3186 1329 3457 1390 Gaudere,

1882 1427 2080 1497 inquit,
2111 1437 2166 1482 et
2221 1426 2505 1482 exsultare
2550 1426 2761 1480 debetis
2799 1424 2984 1478 la‘titia
3032 1422 3362 1491 sempiterna
3404 1422 3458 1474 in

1881 1519 2164 1574 creatione
2229 1533 2489 1573 novorum
2541 1516 2832 1581 calorum,
2887 1527 2941 1570 et
2988 1525 3144 1570 terra:
3199 1528 3370 1576 novae,
3405 1521 3460 1566 et

1882 1612 2126 1680 priorum
2156 1611 2373 1680 penitus
2400 1626 2507 1665 non
2539 1608 2854 1664 meminisse
2882 1624 2897 1662 :
2938 1623 3005 1661 ne
3039 1623 3144 1676 qua
3189 1604 3343 1660 vobis
3375 1619 3460 1658 re-

1883 1703 2215 1758 cordationis
2248 1703 2484 1770 antiquas
2512 1698 2720 1755 oriatur
2759 1700 2978 1754 tristitia
3015 1715 3029 1753 :
3073 1698 3199 1767 quia
3231 1711 3338 1750 non
3370 1711 3458 1750 so-

182 1797 360 1842 torum
395 1790 734 1843 arbitrantur
762 1789 1067 1856 interitum,
1106 1790 1196 1845 illo
1231 1799 1459 1843 utuntur
1489 1788 1760 1856 exemplo.
1803 1769 1845 1824 Β
1878 1795 1985 1846 lum
2009 1794 2182 1846 caelos
2213 1769 2391 1847 novos
2413 1804 2464 1847 et
2496 1802 2695 1846 terram
2733 1805 2954 1856 novam,
2979 1789 3144 1860 79o
3171 1787 3264 1842 sed
3291 1785 3460 1840 Jeru-

181 1878 226 1932 Δ
252 1879 522 1949 principio
549 1890 742 1934 terram
767 1891 821 1934 tu
845 1881 1111 1950 fundasti,
1139 1879 1383 1947 Domine,
1399 1893 1443 1934 et
1469 1895 1626 1948 opera
1660 1898 1772 1934 ma-

182 1984 344 2022 naum
380 1981 596 2024 tuarum
613 1981 738 2025 sunt
760 1973 902 2026 cteli.
932 1970 1046 2040 Ipsi
1066 1974 1330 2040 peribunt,
1357 1983 1414 2026 tu
1443 1986 1623 2027 autem
1647 1989 1772 2043 per-

182 2077 395 2126 ntanes,
449 2073 497 2116 et
548 2079 726 2116 omnes
779 2065 914 2117 sicut
944 2065 1311 2118 vestimentum
1359 2074 1772 2132 veterascent,et

180 2154 334 2220 quasi
362 2154 616 2207 amictum
681 2155 908 2209 involves
955 2171 1067 2220 eos,
1096 2164 1144 2209 et
1187 2157 1536 2210 mutabuntur
1595 2157 1769 2225 (Psal.

180 2244 372 2310 61.9.6,
405 2245 520 2313 27).
559 2245 617 2300 ln
655 2261 762 2316 quo
794 2247 1081 2316 perspicue
1139 2247 1552 2303 demonstratur
1587 2251 1770 2318 perdi-

186 2337 390 2391 tionem
413 2345 470 2392 et
495 2338 805 2406 interitum,
833 2353 938 2392 non
966 2339 1325 2394 abolitionem
1357 2341 1410 2393 in
1456 2341 1634 2403 nihili,
1678 2344 1771 2397 sed

181 2433 667 2486 commutationem
707 2448 904 2487 sonare
937 2435 988 2486 in
1021 2433 1238 2488 melius.
1261 2431 1449 2503 Neque
1470 2435 1611 2490 enim
1643 2436 1772 2492 illud

183 2525 323 2591 quod
363 2526 418 2578 in
441 2524 548 2578 alio
572 2526 690 2580 loco
719 2524 982 2592 scriptum
1011 2537 1095 2581 est
1128 2544 1141 2581 :
1177 2526 1327 2580 Luna
1348 2526 1562 2596 fulgebit
1592 2536 1648 2580 ut
1670 2529 1772 2595 sol,

182 2625 228 2668 et
256 2616 338 2668 sol
361 2619 660 2685 septuplum
688 2616 855 2687 789
877 2618 1053 2672 lumen
1075 2620 1292 2686 accipiet
1329 2617 1467 2687 (Isa.
1496 2635 1628 2685 xxx,
1657 2620 1774 2692 te),

184 2706 342 2760 interi
355 2718 474 2761 tum
498 2707 768 2777 signiﬁcat
783 2709 1161 2779 pristinorum,
1178 2711 1271 2766 sed
1291 2712 1770 2767 commutationem

187 2795 235 2848 in
264 2798 492 2851 melius.
529 2798 680 2864 Quod
704 2809 762 2852 ut
797 2801 970 2869 possit
996 2801 1251 2870 intelligi,
1283 2811 1480 2856 nostrae
1506 2803 1776 2857 conditio-

189 2888 267 2942 nis
291 2905 571 2958 ponamus
599 2892 844 2958 exempla
877 2911 890 2946 :
917 2890 1100 2946 Infans
1151 2909 1276 2947 cum
1319 2895 1372 2947 in
1402 2908 1625 2962 puerum
1659 2909 1777 2948 cre-

191 2983 350 3043 verit,
388 2991 445 3036 et
485 2997 619 3051 puer
650 2985 999 3050 injnvenem,
1029 2993 1085 3039 et
1130 2982 1348 3052 juvenis
1379 2986 1433 3038 in
1477 2987 1681 3048 virum,
1718 2992 1774 3038 et

1873 1884 2044 1938 salem
2084 1900 2299 1954 quoque
2329 1885 2527 1939 creabo
2575 1885 2627 1937 in
2666 1883 3054 1945 exsultatione,
3106 1891 3162 1935 et
3197 1878 3456 1950 populum

1874 1974 1992 2042 ejus
2023 1975 2244 2044 gaudio.
2284 1973 2440 2029 Hand
2493 1976 2722 2030 dubium
2760 1975 2890 2043 quin
2943 1972 3215 2027 universa:
3276 1980 3459 2034 terrae,

1876 2077 1936 2120 ut
1976 2083 2098 2136 quae
2133 2077 2289 2122 vetus
2321 2068 2409 2120 uni
2443 2068 2586 2137 genti
2620 2067 2880 2135 gaudium
2942 2071 3082 2130 erat,
3132 2077 3273 2117 nova
3321 2077 3463 2118 cun-

1875 2160 1980 2213 ctis
2009 2159 2333 2214 nationibus
2384 2158 2585 2212 laititia:
2620 2159 2712 2214 sit.
2758 2159 2814 2212 In
2871 2164 3080 2211 tantum
3125 2165 3302 2210 autem
3365 2168 3462 2209 ex-

1875 2252 2099 2307 sultatio
2154 2252 2262 2306 erit
2299 2250 2570 2315 omnium,
2617 2260 2780 2318 atque
2821 2248 3007 2302 laetitia
3038 2261 3206 2317 super
3249 2246 3385 2302 urbe
3403 2255 3459 2300 et

1878 2341 2078 2410 populo
2105 2341 2222 2406 Dei,
2256 2348 2314 2395 ut
2344 2355 2444 2410 ego
2475 2355 2690 2408 quoque
2719 2339 2977 2393 conditor
3015 2337 3136 2407 ejus
3187 2335 3458 2391 exsultent

1875 2443 1930 2485 et
1977 2431 2243 2501 gaudeam
2303 2446 2466 2500 super
2525 2429 2848 2496 Jerusalem,
2914 2438 2968 2482 et
3045 2442 3210 2496 super
3256 2428 3460 2496 populo

1877 2540 1998 2579 meo
2033 2525 2126 2594 qui
2174 2524 2506 2579 comedetet
2541 2522 2690 2577 bibet
2736 2532 2794 2576 et
2841 2518 3141 2584 ltetabitur,
3188 2529 3242 2572 et
3274 2518 3461 2573 exsul-

1877 2619 2013 2671 tabit
2049 2618 2100 2671 in
2133 2633 2220 2684 ea,
2254 2625 2313 2672 et
2352 2618 2443 2686 qui
2510 2616 2566 2670 in
2621 2615 2841 2670 nomine
2894 2627 3035 2668 novo
3063 2612 3232 2668 fuerit
3270 2613 3455 2682 appel-

1873 2708 2060 2766 latus.”

1949 2802 2136 2875 (Vers.
2166 2804 2285 2875 20.)
2325 2822 2343 2856 ι
2375 2803 2443 2859 Et
2475 2819 2579 2858 non
2610 2795 2864 2857 audietur
2884 2803 2937 2856 in
2959 2816 3023 2856 ea
3051 2800 3243 2875 [Vulg.
3279 2799 3333 2852 in
3365 2795 3454 2869 eo]

1877 2898 2020 2951 ultra
2053 2913 2154 2951 vox
2184 2897 2367 2962 ﬂetus,
2397 2905 2454 2949 et
2483 2910 2586 2951 vox
2620 2895 2883 2950 clamoris
2911 2909 2927 2946 :
2959 2909 3068 2948 non
3099 2893 3202 2947 erit
3225 2889 3458 2958 amplius

1877 2987 2058 3042 infans
2076 2987 2312 3052 dierum,
2337 2997 2392 3042 et
2419 3001 2583 3041 senex
2617 2987 2710 3055 qui
2740 2997 2846 3040 non
2885 2983 3109 3053 impleat
3158 2981 3274 3035 dies
3303 2993 3452 3034 suos.

186 3074 264 3126 \ir
306 3075 361 3125 in
390 3089 605 3138 senem,
628 3091 971 3145 nequaquam
1001 3091 1096 3143 per
1121 3078 1366 3143 singulas
1388 3087 1574 3130 tetates
1607 3077 1765 3144 perit.
1800 3100 1844 3158 ο
1880 3081 2148 3146 Quoniam
2178 3095 2313 3149 puer
2333 3089 2551 3134 centum
2607 3093 2877 3132 annorum
2913 3076 3198 3141 morietur,
3249 3081 3302 3126 et
3334 3086 3459 3140 pec-

187 3163 323 3217 ldeai
386 3166 538 3219 enim
571 3169 773 3236 estqui
825 3169 976 3238 prius
1039 3169 1178 3234 fuit;
1220 3169 1316 3223 sed
1375 3168 1628 3229 paulatim
1669 3168 1772 3220 im-

187 3267 426 3311 inntatur
462 3298 478 3322 ,
532 3271 585 3312 et
629 3260 774 3313 aetati
821 3259 1068 3330 pristina:
1105 3259 1312 3328 perisse
1339 3259 1557 3312 dicitur.
1617 3257 1771 3320 Quod

187 3350 501 3423 intell-gens
533 3363 586 3405 et
618 3353 823 3406 Paulus
869 3354 1147 3422 apostolus
1174 3349 1495 3420 loquebatur
1536 3352 1772 3406 :Prwte—

184 3446 251 3497 rit
282 3448 427 3499 enim
463 3445 634 3514 ﬁgura
669 3444 824 3512 hujus
855 3446 1037 3499 mundi
1065 3443 1119 3515 (1
1150 3444 1273 3498 Cor.
1311 3461 1404 3512 vn,
1434 3446 1549 3513 '51).
1582 3446 1774 3500 Consi-

187 3542 441 3592 deretnus
493 3536 622 3599 quid
675 3535 876 3588 dixerit
914 3548 930 3590 :
967 3533 1162 3602 Figura
1195 3533 1458 3603 praeterit,
1499 3548 1606 3586 non
1645 3536 1774 3585 sub-

186 3634 408 3685 Sautia.
447 3628 560 3683 Hoc
592 3630 731 3684 idem
760 3630 1032 3696 signiﬁcat
1067 3639 1123 3682 et
1168 3627 1364 3682 Petrus
1403 3642 1418 3678 :
1478 3623 1628 3678 Latet
1686 3640 1772 3678 eos

185 3727 272 3777 hoc
297 3725 534 3779 volentes
562 3763 578 3787 ,
618 3724 869 3794 quoniam
894 3721 1011 3776 caeli
1041 3729 1195 3775 erant
1219 3720 1280 3772 ab
1319 3720 1470 3772 initio
1498 3734 1518 3782 ,°
1548 3729 1595 3771 et
1628 3729 1773 3772 terra

185 3821 245 3868 de
267 3834 434 3887 aqua,
469 3826 518 3870 et
554 3833 646 3886 per
679 3832 895 3885 aquam,
924 3814 1021 3868 Dei
1077 3829 1320 3868 sermone
1356 3812 1597 3867 subsistit
1635 3829 1648 3865 :
1679 3827 1773 3877 per

187 3928 297 3977 quia
326 3913 486 3978 prior
512 3909 742 3962 mundus
805 3909 1100 3962 iuundatus
1154 3907 1354 3960 diluvio
1411 3906 1592 3974 periit.
1642 3903 1774 3958 Cazli

187 4015 360 4058 autem
404 4005 500 4076 qui
525 4020 664 4057 utine
685 4013 807 4056 sunt
848 4014 898 4056 et
935 4018 1098 4064 terra,
1159 4001 1348 4055 eadem
1401 4003 1609 4053 ratione
1663 4016 1774 4053 ser-

186 4113 380 4152 untur
404 4099 519 4168 igni
544 4095 630 4167 (II
672 4095 821 4150 Petr.
863 4111 946 4162 ut,
982 4094 1201 4164 5seqq.)
1234 4113 1248 4148 :
1280 4109 1388 4163 quo
1412 4107 1576 4146 sensu
1625 4093 1772 4144 acci-

191 4192 446 4259 piendum
464 4191 558 4251 sit,
581 4188 921 4258 postmodmn
951 4189 1106 4241 docet
1129 4201 1147 4241 :
1167 4185 1346 4241 Nouos
1377 4185 1582 4238 ’autem
1597 4183 1771 4246 caelos,

188 4296 230 4334 et
264 4279 458 4336 noram
491 4291 690 4335 terram
745 4281 978 4334 uidemus
1035 4289 1085 4333 et
1146 4278 1604 4347 repromissionem
1659 4277 1772 4344 ejus

191 4376 352 4445 (Ibid.
394 4376 527 4443 15):
565 4391 670 4427 non
706 4374 864 4434 dixit.
908 4373 1042 4427 alios
1067 4372 1235 4426 cmlos
1283 4381 1335 4425 et
1368 4371 1530 4424 aliam
1569 4380 1768 4423 terrain

1876 3183 2032 3228 cator
2083 3183 2306 3227 centum
2353 3179 2656 3227 annorum“
2681 3170 3008 3224 maledictus
3043 3168 3168 3224 erit.
3207 3187 3224 3218 ι
3261 3164 3400 3221 LXX
3438 3181 3453 3217 :

1878 3285 1897 3318 ε
1940 3266 2005 3320 Et
2036 3280 2141 3318 non
2175 3265 2596 3340 audieturultra
2655 3264 2709 3316 in
2747 3279 2809 3316 ca
2869 3278 2972 3316 vox
3024 3261 3206 3326 ﬂetus,
3242 3269 3298 3314 et
3352 3274 3456 3312 vox

1873 3359 2130 3413 clamoris
2158 3375 2173 3413 :
2201 3371 2374 3426 neque
2396 3355 2489 3410 ﬁet
2519 3355 2592 3410 ibi
2627 3356 2765 3408 ultra
2802 3355 3126 3408 immaturus
3175 3362 3230 3405 et
3260 3366 3453 3413 senex,

1874 3451 1964 3518 qui
2000 3465 2107 3503 non
2148 3447 2371 3516 impleat
2407 3457 2620 3515 tempus
2657 3461 2834 3499 suum.
2867 3444 2982 3497 Erit
3031 3441 3142 3513 [ΑΙ.
3168 3439 3283 3511 Est]
3311 3441 3454 3495 enim

1875 3540 2058 3594 infans
2087 3549 2306 3595 centum
2343 3554 2633 3608 annorum,
2663 3546 2717 3592 et
2774 3536 2867 3606 qui
2927 3536 3161 3589 moritur
3199 3542 3459 3603 peccator

1876 3635 2252 3693 cettlenarins,
2305 3632 2630 3686 maledictus
2689 3632 2818 3685 erit.
2855 3648 2873 3680 ι
2907 3627 3094 3697 Neque
3141 3626 3286 3680 enim
3328 3639 3459 3680 ροη-

1877 3740 2070 3794 gruum
2114 3729 2242 3790 erit,
2276 3735 2334 3778 ut
2369 3725 2423 3776 in
2456 3724 2680 3777 civitate
2715 3721 3018 3774 Jerusalem
3043 3729 3098 3773 et
3119 3717 3315 3788 populo
3338 3716 3458 3780 Dei,

1878 3820 1971 3888 qui
2004 3819 2388 3872 exsultationis
2419 3827 2472 3872 et
2500 3816 2682 3886 gaudii
2719 3825 2982 3868 ceter-nant
3016 3811 3457 3881 suscipietcrea-

1878 3923 2077 3978 turam,
2107 3912 2358 3965 audiatur
2391 3911 2531 3963 ultra
2571 3924 2678 3961 vox
2713 3909 2873 3962 llelus
2903 3904 3254 3969 etclamoris;
3279 3918 3454 3972 quatt-

1877 4005 1946 4058 dn
1979 4003 2216 4057 abierint
2263 4001 2440 4065 dolor,
2490 4013 2698 4054 maeror
2757 4006 2811 4052 et
2858 3997 3116 4067 gemitus.
3167 3992 3455 4048 Contraria

1878 4099 2075 4165 quippe
2125 4096 2290 4150 simul
2318 4109 2442 4149 esse
2473 4109 2578 4146 non
2631 4099 2884 4161 possunt.
2927 4090 2996 4145 Et
3039 4088 3128 4142 ubi
3164 4085 3458 4140 exsultatio

1877 4200 1981 4252 est,
2013 4188 2376 4256 ctgandium,
2435 4186 2528 4255 qui
2593 4183 2804 4239 fructus
2836 4190 2916 4236 est
2970 4181 3205 4249 Spiritus
3254 4177 3453 4241 sancti,

1879 4279 1950 4334 ibi
2007 4278 2165 4333 ﬂetus
2195 4289 2253 4333 et
2296 4277 2546 4346 planctus
2582 4291 2688 4330 non
2727 4283 2906 4344 potest
2959 4269 3316 4334 commorari,
3364 4266 3458 4337 qui

1880 4381 2039 4439 aptus
2074 4381 2159 4425 est
2192 4369 2627 4424 lamentantibus
2660 4379 2822 4435 atque
2848 4365 3178 4436 Ingentibus,
3222 4371 3276 4417 et
3318 4374 3460 4428 pra:-

193 4465 525 4527 videbimus,
561 4464 655 4516 sed
680 4473 890 4516 veteres
925 4472 977 4516 et
1017 4463 1270 4530 antiquos
1309 4463 1360 4515 in
1397 4463 1586 4515 melius
1617 4479 1737 4514 cont
1801 4461 1851 4519 ι)
1881 4466 2041 4533 cipue
2075 4465 2304 4527 clamor,
2339 4476 2500 4530 quem
2531 4461 2598 4515 de
2641 4458 2886 4514 Ecrlesia
2922 4457 3260 4512 credentium
3308 4451 3457 4506 Pau-

194 4563 458 4608 mntatos.
495 4553 796 4608 Possumus
819 4564 872 4606 et
900 4553 1002 4606 bne
1035 4553 1238 4616 dicere,
1257 4555 1399 4622 quod
1425 4555 1674 4608 conwrsi
1706 4557 1772 4606 ab

192 4645 530 4709 idololatria,
559 4657 613 4700 et
642 4645 871 4716 pristino
909 4661 1099 4701 erret-e
1127 4647 1366 4708 deserto,
1406 4662 1576 4699 novos
1607 4653 1774 4700 canos

187 4751 238 4793 et
298 4757 503 4796 novam
543 4749 739 4796 terram
792 4740 1010 4793 videant
1043 4756 1056 4793 :
1088 4755 1425 4807 nequaquam
1452 4739 1777 4790 arbitrantes

186 4839 464 4893 elementa
512 4835 667 4898 deos,
729 4841 782 4887 et
835 4848 897 4887 ea
951 4848 1070 4901 qua:
1124 4829 1425 4884 nascuntur
1481 4845 1548 4882 ex
1611 4841 1769 4881 terra.

190 4929 349 4984 Nunc
373 4927 703 4983 conﬁtemur
734 4924 929 4980 caelum
966 4935 1020 4976 et
1051 4935 1253 4976 terram
1288 4937 1450 4990 opera
1488 4935 1612 4975 esse
1663 4935 1774 4972 ma-

191 5041 359 5077 nuum
394 5021 487 5074 Dei
525 5036 540 5077 :
579 5021 669 5072 illo
700 5027 878 5073 autem
902 5027 1170 5086 tempore,
1219 5030 1411 5068 servus
1469 5023 1521 5066 rt
1565 5024 1778 5067 crciatu-

193 5131 305 5167 tatn
339 5111 737 5165 venerabamur
761 5106 1023 5177 obsequio
1044 5105 1156 5167 Dei,
1191 5104 1338 5174 quod
1371 5117 1420 5156 et
1456 5106 1622 5156 David
1654 5119 1777 5158 seu-

192 5211 334 5263 tiens
368 5213 550 5257 cantat
581 5205 632 5259 in
667 5199 882 5255 Psalmo
913 5213 928 5253 :
973 5197 1170 5252 Videbo
1211 5199 1364 5250 caelos
1397 5213 1553 5266 opera
1585 5199 1776 5268 digito-

190 5293 883 5364 rumtuorumU’saLvnt,
938 5289 996 5348 4)
1034 5305 1048 5345 :
1111 5304 1215 5342 non
1272 5303 1381 5358 quo
1441 5299 1776 5357 cutcmpore

191 5392 364 5446 caelos
397 5403 504 5444 non
528 5385 749 5452 viderit,
779 5399 905 5440 cum
949 5386 1065 5448 ista,
1087 5381 1302 5434 dicebat
1340 5397 1355 5446 ;
1392 5381 1489 5434 sed
1537 5393 1648 5448 quo
1678 5393 1776 5448 per

264 5552 282 5582 ⁸
317 5547 474 5603 Unus
500 5561 598 5615 pro
625 5543 838 5604 cunctis
873 5541 932 5598 S.
977 5537 1327 5615 Augustinus,
1361 5537 1424 5590 de
1459 5536 1618 5615 Ciuit.
1655 5538 1770 5602 Dei,

191 5637 315 5687 t-ap.
344 5621 415 5671 16
444 5635 460 5671 τ
501 5609 526 5668 ἱ
562 5617 736 5678 Tunc,
768 5615 960 5687 inquit,
1005 5612 1173 5687 ﬁgura
1205 5609 1362 5675 bnjns
1387 5612 1568 5687 mundi
1615 5623 1773 5661 utun-

192 5679 464 5743 animum
519 5687 722 5754 ignium
783 5679 1212 5754 conﬂagratione
1256 5679 1680 5746 praeteribit”...
1718 5688 1774 5732 nt

198 5765 418 5818 sena-ct.
446 5753 677 5814 minutus
713 5757 763 5808 in
793 5754 988 5812 melius
1020 5753 1313 5807 innovatus
1343 5758 1530 5820 aperte
1558 5764 1771 5802 accom-

1879 4558 1957 4610 lus
1996 4557 2243 4626 expellit,
2282 4571 2349 4611 ne
2393 4555 2447 4609 in
2499 4552 2918 4622 similitudinem
2967 4548 3301 4610 Judaeorum,
3359 4557 3457 4611 pro

1871 4647 2078 4717 judicio
2125 4648 2387 4702 faciamus
2435 4646 2752 4701 clamorem.
2793 4644 2850 4698 lu
2910 4643 3003 4696 tali
3050 4645 3182 4695 urbe
3224 4637 3456 4691 diversae

1878 4756 2066 4797 a-tatcs
2109 4759 2212 4793 non
2242 4753 2441 4796 urunt:
2487 4739 2668 4793 infans
2698 4749 2752 4793 et
2781 4725 2972 4798 Senex,
2995 4748 3193 4803 parvus
3244 4741 3298 4784 et
3327 4741 3454 4780 ma-

1878 4851 2042 4905 gnus,
2078 4834 2169 4903 qui
2204 4849 2307 4886 non
2344 4832 2567 4900 impleat
2597 4831 2714 4884 dies
2767 4843 2899 4884 suos
2935 4842 2954 4895 ς
3005 4825 3099 4879 sed
3153 4819 3304 4891 quasi
3356 4817 3455 4874 ﬁlii

1880 4923 2323 4988 resurrectionis,
2361 4937 2552 4976 omnes
2588 4919 2906 4989 pervenient
2943 4915 2996 4968 in
3041 4913 3216 4966 virum
3275 4907 3459 4978 perfeo

1879 5028 2047 5081 ctum,
2107 5017 2160 5070 in
2223 5031 2534 5068 mensuram
2610 5012 2787 5066 aetatis
2838 5005 3198 5080 plenitudinis
3247 5001 3458 5058 Christi

1881 5109 2099 5179 (Ephes.
2139 5107 2239 5178 iv),
2278 5119 2337 5160 ut
2363 5122 2460 5161 nec
2496 5105 2676 5160 desint
2723 5103 2887 5156 alicui
2947 5114 3213 5154 annorum
3255 5098 3459 5167 spatia,

1881 5220 1977 5256 nec
2005 5201 2301 5271 supersint,
2335 5209 2390 5252 ct
2442 5199 2547 5253 alio
2588 5197 2815 5252 necdum
2853 5194 3057 5260 solidas
3099 5193 3337 5248 habente
3377 5191 3463 5245 vi-

1880 5312 1992 5360 res,
2042 5296 2182 5348 alius
2223 5293 2440 5346 desinat
2493 5305 2610 5344 esse
2637 5271 2800 5357 ’ψιοά
2846 5289 3030 5354 fuerit,
3093 5296 3148 5341 et
3183 5285 3470 5354 decrepita

1878 5395 2038 5441 aetate
2080 5391 2388 5438 marcescat
2419 5400 2436 5450 ;
2495 5381 2922 5453 pervenientque
2953 5392 3143 5434 onmes
3169 5375 3237 5428 ad
3275 5385 3482 5438 centes

1878 5543 2130 5598 modetur
2158 5539 2477 5595 hominibus
2519 5540 2573 5594 in
2600 5540 2793 5594 melius
2818 5537 3108 5594 innovatis.

1915 5594 1969 5701 ζ’
2005 5610 2265 5701 Mepdose
2305 5609 2417 5666 Nos
2455 5594 2574 5667 erat
2607 5627 2705 5682 pro
2738 5609 2943 5678 Novas,
2965 5594 3564 5686 Griec.xa.'t\"§,g§\

1876 5693 2164 5756 οὑρινοῡς,
2203 5693 2310 5739 clc.
