3902 6182
401 362 499 427 671
1579 364 1641 428 S.
1687 364 2001 427 EUSEBII

2133 364 2338 428 ERON
2352 369 2482 428 ῨΜῙ
3539 363 3633 426 673

402 474 617 528 narium
665 480 980 542 numerum,
1008 474 1183 546 qualis
1235 473 1340 530 fuit
1371 474 1671 542 Abraham,
1721 476 1820 547 qui
1855 489 1981 547 pro—
2011 480 2057 537 Α
2085 477 2320 532 ctionem
2356 477 2695 533 intellexeris
2722 476 2777 531 in
2804 478 3043 534 secundo
3068 474 3376 534 Salvatoris
3405 473 3632 543 adventu,

403 563 726 619 missionem
745 564 840 620 ﬁlii
872 564 1041 632 lsaac,
1064 567 1164 622 hac
1184 576 1346 623 aetate
1365 567 1605 638 suscepit
1627 567 1778 638 (Gen.
1801 567 1977 638 xvm).
2086 572 2204 628 sive
2245 579 2366 641 post
2398 572 2729 641 baptismum
2775 573 2827 624 in
2860 571 3033 639 prima
3087 570 3494 625 resurrectione
3539 582 3637 621 cro.

414 653 491 709 De
549 656 706 724 cujus
762 656 979 712 numeri
1027 657 1305 724 laudibus,
1340 675 1450 714 non
1486 674 1712 715 necesse
1746 669 1829 716 est
1867 660 1986 730 plu-

414 749 553 801 rima
592 760 923 815 memorare,
959 763 1026 804 ne
1077 750 1352 820 superflua
1394 752 1464 806 sit
1497 751 1814 818 disputatio.
1871 751 1986 805 Hoc

412 848 619 892 tantum
645 838 890 905 dicimus,
941 841 1086 908 quod
1128 842 1316 896 decem
1350 843 1579 898 decades
1627 843 1852 912 aqualia
1887 844 1987 898 ha-

416 931 546 982 bent
578 930 767 996 latera,
789 940 847 985 et
875 931 1099 999 quadrae
1132 931 1322 988 forma:
1347 934 1627 1002 possident
1655 936 1985 989 ﬁrmitatem.

415 1021 572 1091 791
626 1024 686 1076 in
741 1023 1260 1092 repromissionibus
1314 1041 1532 1094 quoque
1586 1041 1686 1096 pro
1739 1028 1825 1080 his
1868 1042 1991 1096 qua:

413 1114 854 1182 consumpsimus
879 1114 990 1185 [ΑΙ.
1021 1117 1493 1189 contempsimus],
1527 1118 1879 1186 multiplicata
1893 1134 1993 1174 no-

417 1201 502 1256 bis
553 1202 871 1269 eentuplum
906 1202 1172 1259 Dominus
1221 1205 1527 1275 pollicetur,
1588 1217 1642 1261 et
1701 1209 1753 1261 in
1797 1209 1990 1261 bonum

417 1303 616 1346 terram
644 1294 906 1348 sementis
945 1295 1169 1359 cadens,
1214 1298 1451 1365 primum
1503 1298 1667 1351 habet
1706 1298 1994 1351 uberrimae

408 1385 596 1455 frugis
637 1384 927 1442 numerum
974 1391 1375 1446 centenarium.
1427 1389 1674 1460 Denique
1729 1401 1776 1444 et
1844 1391 1995 1445 [sane

422 1494 583 1531 unam
617 1490 918 1535 sementem
944 1481 1154 1551 jaciens
1208 1482 1356 1548 fidei,
1388 1484 1487 1537 hoc
1512 1497 1737 1538 numero
1795 1483 1996 1537 laboris

422 1569 506 1621 sui
537 1584 701 1637 Opera
737 1570 1095 1641 multiplicata
1131 1574 1398 1637 suscepit.
1430 1573 1488 1627 lu
1521 1574 1615 1629 illo
1652 1575 1819 1645 igitur
1858 1587 2001 1628 tem-

423 1673 574 1725 pore,
604 1663 819 1730 quando
849 1671 982 1716 mtas
1012 1661 1177 1718 fuerit
1208 1679 1315 1718 una
1365 1677 1707 1727 cunctorum.
1760 1676 1816 1719 et
1870 1681 1998 1719 san-

422 1762 542 1803 ctus
574 1760 628 1805 et
675 1763 933 1821 peccator
964 1764 1122 1808 erunt
1159 1754 1323 1808 simili
1379 1757 1780 1811 resurrectione
1816 1758 1996 1826 perfe-

425 1842 524 1907 cti,
559 1858 657 1897 nec
690 1844 834 1899 inter
861 1860 921 1901 se
971 1848 1261 1903 variabunt
1293 1857 1578 1917 tempore;
1613 1851 1707 1905 sed
1757 1850 1896 1904 alius
1932 1854 1998 1905 ad

425 1934 670 2003 praemia,
701 1939 841 1992 alius
894 1940 959 1992 ad
999 1939 1262 2009 supplicia
1317 1943 1669 2011 pertraltetur
1704 1960 1718 1996 :
1753 1952 1808 1997 et
1859 1943 1913 1996 in
1936 1957 2002 1997 eo

430 2037 685 2095 peccator
715 2030 1038 2086 maledictus
1066 2035 1192 2096 erit,
1238 2035 1383 2103 quod
1422 2033 1741 2105 incorrupto
1775 2049 2005 2105 corpore

430 2128 622 2182 pinnas
681 2117 919 2184 patietur
975 2132 1228 2176 aeternas.
1304 2122 1443 2176 lllud
1503 2138 1717 2192 quoque
1765 2124 2003 2192 quodin

432 2205 760 2276 Apocalypsi
783 2205 1007 2263 Joannis
1036 2210 1265 2278 legimus
1307 2211 1453 2284 (cap.
1510 2213 1628 2281 xx),
1666 2223 1786 2281 post
1824 2228 2008 2266 resur-

436 2297 733 2352 rectionem
766 2301 1012 2356 exhiberi
1039 2304 1339 2370 praesentia:
1360 2304 1562 2373 judicis
1582 2320 1780 2373 parvos
1797 2306 1866 2358 et'
1889 2321 2005 2359 man

434 2404 590 2457 gnos,
624 2405 731 2444 non
765 2400 1007 2456 aetatum,
1051 2396 1144 2449 sed
1186 2399 1504 2451 meritorum
1552 2398 1822 2466 signiﬁcat
1855 2396 2008 2451 diti'e-

436 2483 663 2536 rentius.
697 2481 798 2549 Qui
850 2486 993 2538 enim
1029 2501 1233 2554 parvus
1257 2499 1341 2542 est
1364 2488 1521 2554 juxta
1552 2491 1875 2543 sententiam
1908 2488 2010 2543 Sa-

436 2573 694 2639 lomonis,
731 2573 926 2643 dignus
952 2586 1063 2631 est-
1090 2579 1463 2633 misericordia
1506 2596 1520 2633 :
1550 2579 1796 2634 Potentes
1829 2592 2009 2633 autem

435 2670 677 2728 potenter
714 2674 970 2718 tormenta
1005 2671 1278 2735 patientur
1331 2669 1487 2739 (Sap.
1532 2686 1606 2735 vt,
1648 2674 1721 2740 7).
1751 2671 1807 2724 In
1850 2687 2011 2739 quem

436 2769 657 2810 sensum
691 2765 748 2810 et
780 2756 986 2811 Domini
1024 2760 1184 2812 verba
1238 2762 1591 2816 consentiunt
1625 2778 1641 2817 :
1678 2764 1873 2818 Servus
1921 2765 2015 2832 qui

436 2848 535 2897 scit
570 2846 896 2901 uoluntatem
939 2849 1139 2903 domini
1194 2852 1303 2913 sui.
1359 2863 1410 2907 et
1444 2870 1546 2907 non
1577 2852 1711 2923 facit
1744 2871 1882 2920 eant,
1927 2871 2018 2908 va-

436 2937 644 3002 pulabit
677 2938 857 2991 multis
900 2938 1052 3007 (Luc.
1086 2957 1184 3007 xtl,
1223 2943 1339 3012 47).
1376 2944 1483 3011 Qui
1522 2961 1652 2999 vero
1706 2949 1905 3010 nescit,
1963 2955 2020 3000 et

440 3031 629 3082 fecerit
664 3032 826 3100 digna
856 3033 1049 3102 plagis,
1085 3035 1363 3104 vapulabit
1399 3038 1606 3105 paucis.
1654 3038 1856 3093 Beatus
1887 3053 2019 3108 apo-

2087 662 2348 725 dendum,
2415 676 2522 716 non
2568 662 2828 717 abhorret
2878 662 2948 717 ab
2982 660 3243 716 Ecclesia:
3300 659 3422 714 ﬁde.
3455 658 3638 713 Hebrzci

2089 751 2204 806 haec
2236 758 2364 805 ante
2393 752 2853 806 resurrectionem
2908 753 2959 804 in
2998 751 3147 805 mille
3182 765 3453 804 annorum
3500 763 3641 816 regno

2092 857 2257 913 super
2312 852 2512 897 terram
2554 841 2735 897 futura
2778 844 3136 909 contendunt,
3171 852 3225 894 et
3264 852 3373 894 tam
3402 839 3548 910 longa
3578 843 3644 893 lu-

2092 942 2235 987 tura:
2261 935 2388 986 vitae
2415 933 2591 1001 spatia
2634 933 2964 1001 repromitti.
2992 942 3049 985 ιιι
3077 944 3306 986 centum
3338 930 3461 985 anni
3509 945 3645 995 repu-

2096 1031 2279 1078 tentur
2352 1023 2630 1090 infantiae;
2703 1033 3045 1094 peccatorem
3118 1031 3310 1077 autem
3381 1022 3644 1075 centesimo

2094 1115 2272 1168 relatis
2312 1130 2425 1168 suae
2484 1130 2630 1169 anno
2687 1130 2810 1169 esse
2852 1117 3239 1169 moriturum:
3296 1125 3364 1165 ne
3423 1110 3646 1165 videlicet

2096 1210 2302 1272 paratis
2338 1207 2534 1274 Opibus
2573 1207 2886 1277 perfruatur
2916 1225 2931 1274 ;
2961 1209 3053 1261 sed
3088 1208 3158 1262 ob
3203 1215 3434 1273 peccatu
3449 1219 3518 1267 tu,
3554 1218 3646 1255 uta-

2097 1297 2361 1352 ledictum
2407 1312 2527 1352 esse
2577 1312 2635 1351 se
2689 1299 2923 1353 noverit.
2978 1297 3132 1363 Quod
3187 1296 3236 1350 si
3296 1297 3364 1347 ita
3423 1303 3522 1358 est,
3570 1290 3649 1346 ubi

2097 1388 2204 1442 erit
2260 1388 2539 1442 beatitudo
2597 1387 2859 1457 perfecta,
2898 1403 3018 1457 quae
3068 1397 3304 1457 peccato
3342 1384 3563 1440 violatur
3585 1392 3653 1435 at-

2101 1493 2206 1545 que
2237 1477 2627 1546 corrumpitur,
2660 1489 2714 1535 et
2738 1489 3024 1548 peccatum
3050 1480 3353 1534 immatura
3380 1487 3542 1530 morte
3569 1489 3651 1545 pu-

2094 1571 2249 1622 nitur
2278 1570 2302 1623 Ῥ

2175 1660 2361 1733 (Vers.
2398 1659 2490 1728 2t,
2531 1661 2647 1726 22.)
2683 1680 2700 1713 ι
2733 1661 3161 1718 Eta-diﬁcabunt
3195 1662 3411 1725 domos,
3450 1670 3501 1714 et
3526 1660 3655 1715 babi-

2107 1753 2333 1817 tabunt;
2363 1759 2421 1807 et
2452 1751 2775 1821 plantabunt
2820 1754 3027 1813 vineas.
3065 1763 3119 1807 et
3148 1752 3445 1807 comedent
3476 1751 3657 1804 fructus

2107 1858 2319 1898 earum.
2356 1842 2474 1897 Non
2503 1842 2876 1906 aediﬁcabant,
2908 1854 2961 1896 et
3013 1843 3153 1897 alius
3211 1841 3525 1897 habitabit:
3566 1856 3653 1893 nou

2105 1933 2445 2002 plantabunt,
2468 1944 2522 1988 et
2556 1933 2698 1989 alius
2729 1935 3002 1988 comedet.
3041 1951 3060 1985 ι
3107 1932 3254 1987 LXX
3296 1932 3560 1987 similiter.
3593 1931 3657 1984 De

2108 2022 2193 2078 his
2231 2024 2484 2080 domibus
2519 2024 2561 2089 ³,
2623 2032 2680 2080 et
2730 2026 2785 2078 in
2826 2027 3172 2096 sexagesimo
3227 2037 3423 2080 octavo
3478 2024 3655 2093 psalmo

2107 2130 2289 2170 sermo
2335 2115 2687 2184 propheticus
2744 2116 3053 2183 pollicetur,
3100 2119 3339 2173 dicens:
3377 2117 3509 2181 Quia
3542 2114 3658 2167 Dm

2108 2207 2312 2260 salvam
2348 2206 2506 2273 faciet
2533 2205 2663 2259 Sion
2687 2221 2707 2260 :
2744 2216 2795 2259 et
2829 2207 3240 2276 criiﬁrabuntur
3259 2207 3491 2261 civitates
3508 2205 3657 2270 lude,

2109 2314 2158 2357 et
2185 2304 2493 2357 habitabant
2529 2304 2622 2369 ibi,
2682 2314 2730 2357 et
2762 2304 3080 2357 hwreditatc
3113 2306 3399 2371 acquirent
3447 2303 3663 2364 illam,“

2111 2414 2287 2452 semen
2311 2414 2579 2451 servorum
2629 2404 2742 2468 ejus
2792 2399 3079 2467 possidebit
3126 2415 3248 2453 eam
3280 2411 3301 2451 :
3333 2408 3380 2451 et
3411 2398 3496 2468 qui
3536 2396 3644 2449 dili-

2113 2498 2242 2558 gunt
2276 2504 2462 2543 nomen
2496 2490 2634 2559 ejus,
2655 2492 2975 2543 habitabant
3001 2491 3053 2543 in
3077 2507 3139 2543 ea
3165 2489 3348 2561 (Psal.
3383 2504 3556 2552 uvm,
3582 2486 3656 2549 56.

2116 2580 2228 2649 57).
2261 2580 2392 2645 Qum
2417 2581 2600 2633 omnia
2630 2580 2801 2635 Juda-i
2842 2582 3122 2651 accipiunt
3145 2582 3465 2645 carnaliter,
3495 2592 3547 2633 ut
3581 2577 3654 2632 Je-

2119 2673 2355 2726 rus:tlem
2391 2674 2661 2741 urbesque
2684 2671 2885 2727 ludant!
2922 2675 3285 2727 restituantur
3310 2674 3364 2728 in
3403 2672 3658 2742 pristinum

2117 2773 2339 2817 statum.
2370 2766 2521 2830 Quod
2552 2766 2596 2818 si
2629 2764 2708 2817 eis
2756 2765 3092 2830 dederimus,
3122 2766 3355 2820 audiant
3384 2781 3483 2817 non
3513 2764 3657 2817 solum

2120 2856 2223 2910 hoc
2251 2854 2583 2919 Jerusalem,
2614 2858 2708 2910 sed
2758 2865 2809 2910 et
2839 2857 3089 2910 Sodomae
3124 2856 3453 2926 repromitti,
3483 2855 3669 2905 dicente

2120 2947 2406 3002 Ezechiele
2441 2965 2454 3002 :
2493 2947 2821 3002 Iiestituetur
2842 2947 3072 3002 Sodoma
3099 2950 3154 3001 in
3186 2943 3657 3018 antiqmtmwmh.

2121 3054 2238 3102 xvr,
2270 3037 2384 3106 55).
2422 3037 2565 3106 Ergo
2617 3039 2829 3102 domus,
2878 3039 2931 3090 in
2982 3037 3180 3104 quibus
3240 3035 3527 3090 habitaturi
3558 3041 3664 3084 sunt

441 3120 612 3173 stolus
639 3121 859 3186 Paulus,
888 3123 1111 3199 Christo
1152 3126 1209 3179 in
1251 3142 1312 3182 se
1349 3128 1626 3198 loquente,
1674 3132 2012 3200 Seripturam
2041 3144 2085 3201 ο
2120 3130 2213 3199 qui
2261 3130 2538 3183 aediﬁcant
2561 3145 2676 3191 eas,
2709 3129 2796 3183 vel
2844 3128 3091 3183 Virtutes
3132 3127 3492 3198 intelligenda:
3537 3130 3663 3184 sunt,

443 3221 682 3266 veterem
746 3215 1076 3279 edisserens,
1148 3218 1424 3275 Abraham
1472 3221 1847 3290 ,patriarcham
1908 3239 2014 3279 non

444 3303 619 3354 solum
653 3304 1106 3375 circumcisionis,
1143 3309 1237 3363 sed
1282 3314 1530 3381 prteputii
1579 3315 1777 3368 asserit
1807 3324 2016 3383 patrem

446 3390 630 3459 (liam.
662 3395 758 3463 tv),
796 3395 894 3450 hoc
930 3406 1035 3463 est,
1075 3400 1210 3453 duos
1238 3414 1304 3453 ex
1337 3417 1404 3456 eo
1438 3404 1667 3472 populos
1693 3418 1817 3458 esse
1848 3418 2017 3473 gene-

449 3496 618 3548 ratos,
648 3479 702 3538 e't
729 3503 852 3540 eum
883 3491 972 3558 qui
1009 3488 1163 3557 juxta
1196 3507 1419 3546 carnem
1452 3504 1611 3550 natus
1657 3495 1853 3559 iuerat,
1888 3510 2022 3552 cen-

450 3578 691 3632 tenarius
748 3589 966 3649 propter
1015 3581 1380 3649 Christum‘,
1435 3589 1537 3661 qui.
1613 3589 1680 3642 de
1744 3570 2021 3644 Abraham

449 3671 623 3739 stirpe
652 3685 943 3741 generatus
967 3686 1074 3738 est,
1124 3678 1176 3730 in
1224 3692 1386 3746 quem
1420 3680 1510 3733 ille
1550 3681 1757 3736 miserit
1808 3698 2021 3747 manus,

456 3764 824 3819 tnaledictioni
858 3780 1131 3837 perpetuae
1163 3771 1469 3839 subiacere.
1496 3770 1648 3827 Hanc
1677 3775 1901 3840 figuram
1932 3775 2025 3830 do-

450 3866 578 3908 cent
606 3855 895 3927 Evangelia
933 3858 1130 3930 (Marc.
1168 3864 1245 3931 v).
1275 3864 1475 3932 quibus
1504 3865 1678 3919 fertur
1728 3875 1854 3921 tunc
1911 3868 2022 3921 lue-

454 3949 838 4004 morrbousam
875 3952 895 3982 ⁸
918 3963 1189 4021 aegrotare
1229 3956 1485 4025 cu'pisse,
1531 3960 1750 4026 quando
1789 3969 1914 4012 nata
1944 3968 2030 4015 est

457 4043 565 4094 lilia
610 4044 1054 4115 arcbisynagOgi,
1088 4056 1145 4102 et
1181 4050 1525 4115 quandoista
1559 4059 1754 4103 sanata
1790 4052 1884 4115 sit,
1914 4062 2011 4105 sta»

457 4135 551 4203 tim
588 4134 732 4189 illaut
773 4152 897 4193 esse
938 4150 1231 4205 mortuam,
1287 4158 1393 4197 uno
1450 4151 1614 4212 atque
1641 4144 1828 4197 eodem
1859 4158 2031 4199 anuo-

458 4241 578 4278 runt
606 4231 808 4296 spatio,
857 4246 1056 4286 novum
1110 4233 1372 4302 populqu
1408 4234 1464 4288 in
1511 4236 1801 4301 juventute
1855 4236 2031 4305 persi-

458 4330 627 4386 stere,
658 4335 713 4376 et
744 4336 986 4380 veterem
1024 4327 1076 4380 in
1137 4330 1455 4382 iutidelitate
1489 4330 1648 4395 mori,
1681 4341 1737 4384 et
1765 4345 1885 4385 esse
1920 4347 2033 4385 ma-

458 4414 739 4469 ledictum.
826 4417 941 4472 Hoc
1019 4419 1173 4489 juxta
1265 4418 1620 4491 Septuaginta
1703 4421 2034 4491 interpretes

2122 3222 2204 3275 vel
2238 3223 2471 3275 diversae
2505 3222 2817 3275 mansiones
2852 3223 2991 3289 apud
3050 3219 3266 3274 Patrem
3290 3236 3312 3295 ;'
3339 3233 3468 3288 quas
3494 3215 3667 3285 iugiter

2121 3315 2440 3384 possidebit.
2472 3315 2565 3383 qui
2615 3328 2709 3368 eas
2738 3312 3116 3369 aediﬁcaverit.
3158 3313 3362 3380 Quales
3393 3311 3489 3365 εἱὺι
3515 3306 3659 3361 aditi.

2123 3422 2278 3462 casse
2311 3415 2366 3461 et
2398 3408 2733 3462 obstetrices
2754 3408 3013 3461 dicuntur
3040 3406 3094 3460 in
3124 3405 3338 3469 Exodo,
3391 3418 3502 3472 quae
3531 3400 3663 3452 timc-

2125 3501 2258 3554 bant
2288 3499 2455 3554 Deum
2498 3499 2666 3553 :licet
2697 3498 2959 3566 scriptum
3006 3497 3076 3551 sit
3105 3497 3157 3549 in
3186 3496 3468 3555 chraico,
3501 3506 3526 3543 a
3572 3489 3667 3539 Deo

2124 3595 2204 3648 eis
2228 3591 2527 3647 aediﬁcatus
2552 3592 2766 3654 domos,
2797 3590 2922 3660 quia
2949 3589 3251 3642 timuerunt
3276 3604 3395 3642 eum
3420 3581 3593 3657 (Exod.
3611 3580 3663 3645 ι).

2125 3683 2193 3737 Ει
2224 3683 2392 3739 Jacob
2427 3684 2551 3754 quia
2597 3683 2823 3751 simplex
2859 3690 2997 3746 erat,
3036 3682 3152 3736 sive
3195 3692 3257 3736 ut
3283 3681 3460 3737 Graece
3497 3675 3663 3730 dicitur

2128 3778 2427 3842 ἄπλαστος,
2454 3778 2507 3830 id
2528 3787 2629 3843 εει,
2665 3790 2992 3845 nequaquam
3027 3775 3232 3843 ﬁctus;
3266 3788 3365 3828 nec
3406 3769 3520 3824 talis
3554 3777 3665 3834 qua-

2130 3871 2207 3924 les
2246 3870 2300 3924 itt
2333 3868 2477 3925 Petri
2509 3868 2747 3939 Epistula
2779 3871 3237 3931 condemnamur,
3265 3868 3331 3921 de
3367 3866 3543 3935 quibus
3565 3863 3663 3913 ait:

2133 3960 2200 4016 In
2239 3964 2471 4016 avaritia
2516 3963 2656 4032 ﬁctis
2692 3961 3022 4016 tentionibus
3061 3962 3126 4015 de
3157 3960 3321 4032 793
3352 3958 3487 4014 vobis
3538 3966 3666 4021 nego-

2132 4059 2336 4112 tiantur
2394 4052 2482 4127 (ιι
2539 4055 2686 4109 Patr.
2752 4068 2814 4117 tt,
2870 4053 2927 4124 5)
2962 4069 2978 4121 ;
3012 4053 3216 4108 idcirco
3285 4049 3580 4107 habitabant
3619 4042 3662 4093 in

2132 4153 2321 4215 domo,
2355 4163 2518 4218 quam
2555 4146 2719 4212 Esau,
2749 4147 2840 4214 qui
2873 4146 3005 4200 feris
3044 4146 3414 4200 delectabatur
3438 4149 3488 4192 et
3519 4134 3660 4194 silvis,

2136 4245 2419 4316 possidere
2450 4257 2556 4296 non
2596 4240 2795 4309 pctuit.
2830 4237 3014 4293 Talem
3051 4240 3274 4292 domum
3308 4244 3359 4289 et
3406 4224 3662 4316 Salvatoris

2134 4310 2192 4391 in
2211 4333 2511 4403 Evangelio
2537 4335 2700 4385 verba
2728 4330 3041 4385 describunt
3066 4344 3079 4380 :
3113 4326 3301 4381 Omnis
3338 4325 3423 4390 qui
3445 4319 3564 4376 venit
3609 4310 3664 4364 ad

2136 4443 2241 4493 me,
2273 4437 2326 4482 et
2379 4426 2526 4480 audit
2586 4439 2847 4477 sermones
2894 4437 3052 4485 nicas,
3083 4434 3133 4475 et
3177 4422 3309 4490 facit
3359 4433 3458 4480 eos,
3508 4405 3664 4464 ςὶηιιιὶε

458 4508 720 4574 diximus,
754 4524 985 4577 quorum
1029 4512 1203 4565 editio
1238 4521 1349 4566 toto
1380 4516 1513 4566 orbe
1564 4515 1779 4583 Vulgata
1808 4526 1891 4568 est
1919 4531 1933 4566 :
1966 4532 2017 4568 nt

2147 4523 2248 4576 erit
2283 4520 2394 4573 riro
2429 4515 2695 4587 prudenti,
2720 4515 2809 4585 qui
2838 4513 3119 4582 wdiﬁcavit
3150 4512 3360 4565 domum
3388 4520 3525 4562 suam
3541 4509 3665 4565 super

461 4600 516 4651 itt
550 4597 668 4654 loco
707 4600 1078 4681 famosissima
1110 4605 1419 4659 videremur
1473 4607 1537 4660 ad
1590 4604 1828 4661 Hebraea:
1874 4607 2036 4677 792

461 4693 659 4764 lingua:
690 4709 871 4750 arcem
912 4696 1232 4769 confugere.
1275 4697 1429 4765 Quod
1469 4700 1585 4754 sive
1607 4711 1734 4769 post
1788 4718 2038 4756 resurre-

537 4857 555 4889 ι
588 4857 743 4913 llunc
776 4859 954 4913 locum
1015 4860 1176 4929 paulo
1209 4860 1586 4915 obscuriorem
1657 4860 1737 4914 sic
1756 4860 2038 4929 Wexplauat

466 4926 770 5002 Vit-torius;
802 4926 1058 4996 Sanctus,
1090 4933 1287 5002 inquit,
1320 4931 1476 4985 l’atet'
1500 4931 1721 5000 exponit
1754 4926 2041 4999 Propheta:

744 5000 883 5054 Puer
916 5018 1126 5055 centum
1166 5000 1455 5055 annorum
1491 5004 1774 5060 morietur.
1830 5012 1876 5053 et
1926 5013 2045 5067 pec-

471 5002 628 5050 terha
667 5014 681 5049 :

476 5079 631 5119 calor
662 5081 868 5123 rentum
907 5086 1168 5125 annorum
1198 5073 1517 5126 maledicta:
1548 5077 1670 5124 erit.
1723 5073 1813 5124 Ait
1863 5082 2040 5123 autem

473 5154 515 5206 ιν
540 5148 809 5193 ccatoretu
850 5147 1246 5209 centenarium,
1283 5143 1379 5212 qui
1430 5144 1636 5196 tnaledi-
1661 5154 1747 5195 tus
1782 5143 1907 5203 erit,
1943 5141 2041 5192 Ju-

474 5224 714 5281 caeurum
759 5216 1035 5277 populant,
1076 5216 1162 5281 qui
1227 5213 1458 5266 Abralta‘
1494 5213 1787 5265 sectntdunt
1822 5227 2041 5265 carnem

477 5279 787 5356 titiustutt,
834 5279 1165 5356 signittcare.
1198 5298 1432 5352 etunque
1479 5290 1772 5356 propterea
1817 5281 2045 5356 maledi-

477 5350 644 5421 tuoni
683 5364 956 5419 perpetua:
1009 5355 1315 5420 subjacere,
1343 5350 1508 5421 'quud
1554 5352 1801 5421 tujcCerit
1851 5350 2045 5405 manus

2144 4621 2349 4679 petram
2405 4606 2738 4678 (Matt/nm,
2774 4604 2888 4675 ‘24),
2920 4614 2974 4656 et
3017 4603 3247 4672 reliqua.
3289 4597 3519 4666 Alioquin
3537 4593 3663 4660 jum

2141 4706 2403 4765 litteram,
2441 4698 2594 4752 tnulti
2634 4696 2807 4750 sancti
2840 4694 3111 4749 aediﬁcant
3144 4696 3356 4758 domos,
3385 4698 3434 4743 et
3469 4699 3559 4739 non
3584 4682 3663 4731 ha-

2143 4861 2307 4915 annis
2360 4856 2642 4930 duodecim
2694 4857 2868 4930 fuerat
2907 4854 2959 4907 in
3028 4852 3345 4930 inﬁrmitate
3375 4840 3663 4930 quando

2146 4913 2420 4993 natafuit,
2454 4928 2643 4980 Matth.
2672 4940 2746 5000 Ix,
2784 4925 2914 4977 Luc.
2945 4940 2974 4977 v
3002 4933 3091 4988 ;et
3126 4927 3197 4976 ita
3230 4913 3433 5000 quando
3469 4913 3667 5000 nata

2148 4973 2276 5056 iii}:
2301 4973 2748 5067 ;'.-'.ii.a';.‘.;;g..gi:
2784 4973 3189 5067 senatus
3210 4973 3398 5067 Nam.“
3439 5003 3451 5039 ι
3489 4991 3541 5067 ρι
3569 4973 3659 5067 Δ,ξιιμ

2147 5044 2257 5127 ἷξε-εἶ
2914 5044 3181 5136 uliginem.
3209 5044 3390 5136 Tit-abit
3422 5044 3658 5136 autetu'tli-

2147 5117 2693 5210 vitio“ingenio—ltitith
2719 5134 3130 5210 similitudinem
3164 5134 3233 5185 ad
3266 5137 3397 5210 «tuos
3448 5117 3657 5210 ρσιρυῘξξξξ

2149 5199 2463 5268 indecorum
2494 5208 2706 5261 scilicet
2761 5215 2814 5257 et
2840 5205 3122 5272 gentilium
3168 5202 3400 5271 :quippe
3429 5208 3533 5246 cum
3560 5199 3658 5272 sut-

2148 5266 2406 5351 gcntibus
2457 5281 2522 5330 ad
2552 5279 2710 5330 Iidem
2764 5266 3659 5351 Judaeis,_gentes'aeg{rulflj'f_

2151 5334 2277 5405 runt
2309 5365 2323 5402 :
2359 5357 2564 5403 satiatae
2613 5354 2743 5400 sunt
2774 5356 2953 5398 autem
2975 5334 3138 5404 istae,
3165 5356 3218 5395 et
3248 5334 3325 5394 ad
3352 5338 3494 5390 tidem
3529 5334 3658 5405 vene-

2152 5403 2302 5483 runt,
2339 5437 2460 5472 cum
2522 5415 2692 5469 Judan
2740 5417 2926 5480 tidem,
2976 5412 3028 5466 itt
3058 5403 3166 5483 qua
3201 5407 3535 5483 uatifuerntti.
3559 5403 3659 5462 μετ’

2152 5478 2406 5543 uiderunt
2441 5502 2460 5540 :
2493 5501 2545 5540 et
2576 5489 2646 5538 ita
2683 5487 2771 5538 ubi
2808 5478 2943 5539 unus
2972 5482 3189 5554 desivit,
3222 5483 3352 5534 alter
3379 5478 3652 5554 cu‘P";L__,

2576 5535 2901 5647 lictori—us
2920 5535 3193 5647 Von‘inibus
3238 5632 3249 5647 '
3271 5535 3658 5647 promdti‘n‘tfifil:

2154 5648 2257 5684 non
2290 5632 2461 5693 enim,
2501 5626 2697 5696 tnquit,
2741 5627 2809 5680 de
2855 5626 3103 5677 domibus
3141 5632 3346 5698 tantum
3375 5621 3640 5698 ill

2154 5678 2264 5761 an},
2298 5678 2835 5754 ;‘ti'ae“"..'..;.nu.
2867 5712 2990 5764 qua:
3019 5701 3145 5747 sunt
3196 5695 3282 5748 hic
3337 5690 3385 5742 iu
3433 5678 3654 5746 PwrW“

2152 5782 2456 5826 υυιιϊτυιυτ.

479 5424 531 5470 in
595 5419 898 5486 Christum,
939 5424 1032 5491 qui
1086 5419 1152 5477 de
1190 5419 1464 5478 Abraham
1536 5419 1706 5492 stirpe
1754 5436 2045 5488 cenemus

476 5500 561 5542 est
611 5506 624 5542 :
683 5510 843 5561 quem
894 5509 1117 5561 puerum
1172 5507 1387 5548 centum
1449 5510 1714 5545 annorum
1776 5502 2047 5560 Interpre-

478 5568 644 5618 tatur.

552 5636 571 5664 ³
603 5636 655 5686 id
689 5649 904 5703 quoque
940 5643 1187 5690 notatum
1216 5632 1458 5690 Vit-torio
1497 5632 1602 5686 diri
1650 5634 1745 5686 abs
1780 5631 2048 5700 Hierony-

480 5716 588 5768 mo,
621 5719 748 5771 quin
781 5706 889 5757 filia
916 5708 1329 5776 arcbisy..agugt
1364 5716 1483 5758 crat
1524 5718 1790 5755 annorum
1837 5704 2046 5755 dnoue-

480 5792 585 5829 cun
620 5778 835 5845 quando
863 5789 1074 5832 mortua
1101 5787 1203 5843 est,
1238 5778 1369 5831 Luc.
1399 5790 1487 5829 \‘lll
1514 5789 1531 5840 ;
1565 5786 1618 5827 et
1642 5776 2045 5827 inetnort'huusa
