3902 6182
223 239 328 304 673

714 236 1210 298 communem.
1245 182 1323 295 Ix
1370 187 1636 297 ιδΑἰΑιι
1678 232 2134 296 mortuum
2178 231 2328 296 LIB.
2366 229 2592 306 XVIII,
2629 230 2788 297 CAP.
2829 233 3005 298 va.

3363 234 3474 298 δτι

214 359 387 422 ιιυιιιιι
408 355 462 410 in
491 365 594 420 eis,
629 351 716 406 vel
742 353 1208 422 peregrinatione,
1280 352 1363 406 vel
1429 350 1657 408 alterius
1696 367 1786 406 ra-
1816 358 1862 417 Α
1893 349 2068 416 (Psal.
2099 364 2211 414 xct,
2240 348 2353 417 l3),
2383 345 2631 417 quotidie
2655 346 2995 414 triumphans
3029 345 3097 402 de
3120 347 3467 416 adversariis,

211 450 361 514 pina,
421 445 502 498 vel
555 453 731 499 morte
773 444 1063 498 subtracti.
1105 443 1295 510 Qualis
1352 440 1601 505 fuitJob,
1667 444 1782 513 qui,

212 528 378 593 dives.
427 551 592 590 carne
645 541 700 589 et
749 532 963 602 spiritu,
1029 533 1080 586 in
1139 541 1348 586 tantam
1399 533 1663 586 deductus
1701 540 1789 586 est

217 635 616 696 paupertatem,
655 633 710 674 ut
741 625 793 675 in
851 621 1196 690 sterquilinio
1240 623 1458 676 sederet
1485 633 1636 676 extra
1663 636 1789 689 por-

218 730 328 770 tam
363 715 605 771 civitatis
641 713 762 784 (Job
830 714 916 782 ιι).
967 713 1008 766 E
1053 713 1329 767 contrario
1378 713 1528 768 dives
1586 712 1676 767 ille
1735 712 1787 766 iu

215 809 515 876 Evangelio
549 815 884 876 purpuratus
925 806 1215 859 :edilicavit
1254 807 1499 867 domum,
1541 814 1596 859 et
1633 804 1788 858 habi-

215 903 351 954 Itn‘ll.
385 902 439 952 in
461 914 548 964 ea,
582 899 669 952 cui
703 897 1006 951 rectissime
1041 897 1142 950 dici
1178 906 1384 966 pmerat
1412 911 1426 948 :
1464 895 1660 960 Stulte,
1689 897 1788 949 hac

211 1004 362 1046 nocte
390 993 661 1061 auferetur
694 993 872 1044 anima
907 999 1000 1041 tua
1041 1006 1070 1041 a
1097 999 1144 1041 te
1171 1002 1190 1041 .'
1225 1003 1342 1057 qua:
1372 999 1544 1040 autem
1574 1002 1788 1054 prepa-

212 1085 367 1146 fasti,
395 1083 544 1149 cujus
571 1091 722 1135 erant
757 1079 915 1149 (Luc.
948 1094 1046 1139 xtt.
1083 1078 1174 1145 9.0)
1207 1077 1368 1132 ?Non
1401 1078 1576 1132 solum
1611 1089 1788 1130 anteiit

211 1177 314 1240 ait,
347 1173 700 1228 aadilicabunt
737 1171 954 1235 domos,
985 1179 1040 1224 et
1082 1171 1400 1224 habitabunt
1435 1171 1485 1222 in
1513 1169 1632 1222 eis:
1697 1169 1790 1222 sed

217 1269 544 1338 plantabunt
576 1280 791 1336 quoque
851 1266 1062 1328 vineas,
1093 1275 1146 1317 et
1177 1263 1278 1330 ipsi
1322 1262 1610 1315 comedent
1670 1261 1790 1314 [ιιι-

209 1373 360 1414 ctum
385 1377 594 1413 earum.
623 1357 784 1412 Juxta
818 1357 950 1411 illud
1013 1356 1162 1427 quod
1201 1358 1252 1408 iu
1291 1355 1513 1408 Michaea
1545 1353 1744 1406 dicitur
1773 1369 1789 1406 :

213 1453 515 1521 Requiescet
547 1451 903 1520 unusquisque
939 1449 1032 1500 sub
1097 1449 1249 1499 vinea
1307 1463 1406 1500 sua
1444 1458 1490 1497 et
1545 1446 1638 1498 sub
1679 1445 1783 1512 ficu

210 1562 311 1598 sua
341 1561 356 1610 ;
398 1552 576 1596 etnon
607 1543 704 1594 erit
732 1542 822 1611 qui
871 1548 1127 1594 exterreat
1159 1539 1349 1609 (dlich.
1414 1553 1490 1601 Iv,
1527 1536 1605 1606 4).
1671 1535 1793 1588 [hec

209 1647 298 1689 est
339 1638 496 1689 vinea
527 1648 646 1701 qua:
673 1634 723 1686 in
761 1631 1058 1700 Evangelio
1109 1629 1435 1699 loquebatur
1469 1646 1483 1682 :
1517 1626 1631 1697 Ego
1674 1643 1791 1680 sunt

1892 453 1946 510 et
1979 443 2188 512 insigne
2217 442 2460 496 victoriae
2487 441 2801 510 praeferens.
2829 442 2923 497 Sin
2965 450 3145 495 autem
3180 441 3335 509 juxta
3369 443 3473 498 Se-

1894 535 2169 604 ptuaginta
2197 533 2447 603 legimus,
2475 533 2586 588 dies
2616 533 2746 604 ligni
2767 535 2909 596 vita,
2939 533 3034 602 qui
3069 533 3240 601 magis
3254 548 3472 590 sensum

1891 639 1956 679 ex
1981 622 2206 677 ilcbrazo
2227 635 2632 693 vertere,quam
2651 624 2838 687 verba,
2857 623 3054 692 lignum
3076 622 3198 677 vita:
3224 622 3476 691 intelligi-

1894 733 2038 781 mus,
2071 718 2214 786 quod
2237 717 2287 770 in
2319 716 2574 786 paradiso
2598 717 2760 768 situm
2788 723 2892 768 est.
2918 713 2998 768 Ad
3023 717 3166 784 quod
3200 728 3266 767 ne
3289 723 3478 767 exten-

1894 808 2048 863 deret
2075 809 2246 861 Adam
2279 822 2496 860 manum
2529 821 2681 861 suam
2717 815 2776 860 ut
2803 807 3033 869 viveret,
3067 807 3279 872 ejectus
3305 815 3386 858 est
3413 805 3480 857 de

1894 901 2148 970 paradiso
2169 899 2324 969 (Gen.
2360 898 2464 969 ιιι).
2494 898 2551 952 ln
2597 897 2758 967 cujus
2814 896 3118 953 cusmdiam
3175 895 3478 958 Cherubim,

1896 993 1946 1046 id
1988 1002 2091 1056 εει,
2130 991 2362 1044 scicntia:
2418 989 2726 1053 multitudo,
2762 999 2817 1043 et
2866 989 3031 1060 ignita
3065 986 3270 1042 framea
3306 986 3480 1054 posita

1895 1095 2001 1152 est,
2040 1098 2095 1136 ut
2126 1093 2412 1137 servarent
2437 1085 2576 1135 viam
2602 1082 2730 1151 ligni
2758 1082 2904 1147 vitae,
2924 1095 2990 1136 ne
3015 1081 3066 1135 in
3093 1088 3315 1148 peccato
3339 1077 3482 1148 posi-

1901 1185 1984 1227 tus
2013 1174 2208 1238 Adam,
2233 1184 2287 1226 et
2319 1173 2547 1226 necdum
2576 1187 2671 1226 sua
2700 1172 2894 1226 delicta
2920 1187 3273 1241 cognoscens,
3297 1186 3480 1223 come-

1897 1269 2051 1322 deret
2087 1284 2150 1322 ex
2185 1281 2271 1331 eo,
2307 1275 2362 1319 et
2415 1266 2822 1334 impaenitendae
2870 1265 3374 1333 desperationisquo
3415 1279 3480 1318 ac

1897 1359 2170 1424 Superbia.
2213 1367 2387 1411 morte
2423 1369 2744 1410 moreretur.
2779 1355 2930 1420 Quod
2986 1357 3057 1428 sit
3119 1357 3219 1409 hoc
3279 1357 3483 1424 lignum

1898 1453 2042 1515 vitor,
2075 1451 2329 1504 Salomon
2352 1451 2580 1519 exponit
2613 1451 2972 1514 manifestius,
3005 1450 3095 1519 qui
3128 1452 3192 1503 de
3219 1449 3486 1516 sapientia

1901 1545 1995 1598 Dei
2039 1544 2318 1612 disputans
2349 1542 2426 1595 ait
2463 1559 2477 1594 :
2511 1541 2736 1610 Lignum
2761 1544 2880 1596 vita:
2905 1555 2980 1596 est
3017 1543 3252 1595 omnibus
3280 1541 3368 1610 qui
3396 1556 3488 1592 ac-

1900 1635 2090 1688 cedunt
2122 1636 2190 1686 ad
2223 1649 2365 1696 eam,
2391 1642 2439 1686 et
2468 1635 2560 1700 qui
2599 1635 2905 1687 innituntur
2931 1650 3082 1699 super
3136 1633 3309 1697 illam,
3337 1632 3491 1702 quasi

210 1729 360 1793 vitis,
393 1738 442 1780 et
478 1743 564 1779 vos
594 1725 861 1790 palmites,
891 1734 940 1778 et
973 1723 1140 1777 Pater
1173 1739 1318 1776 meus
1343 1722 1580 1791 agricola
1607 1721 1788 1790 (Joan.

1906 1742 2051 1790 super
2077 1725 2360 1778 Dominum
2392 1725 2625 1791 firmitas
2656 1723 2837 1792 (Prov.
2871 1737 2952 1786 Ill,
2986 1722 3098 1791 l8),
3133 1737 3230 1776 nec
3263 1723 3488 1776 dttbiutn

218 1837 313 1883 xv,
348 1819 428 1880 5).
461 1816 649 1872 Omnis
666 1816 756 1886 qui
791 1833 894 1868 non
919 1816 1049 1884 facit
1087 1815 1324 1884 fructum
1353 1814 1634 1876 excitetur,
1661 1821 1709 1865 et
1738 1813 1793 1864 in

213 1915 389 1980 ignem
436 1913 674 1964 mittetur
705 1907 918 1979 (Matth.
953 1921 1035 1968 ιιι,
1071 1905 1180 1975 to).
1212 1904 1382 1971 Hujus
1439 1902 1654 1957 fructus
1704 1917 1797 1957 co-

214 2005 512 2057 meduntur
537 2011 591 2056 et
613 2000 902 2064 bibuntur,
937 2006 994 2053 et
1022 1998 1300 2052 lctiticant
1317 2011 1412 2051 cor
1451 1995 1706 2062 hominis,
1742 2004 1798 2050 et

215 2095 494 2148 iuebriant
527 2093 738 2146 amicos
773 2090 981 2159 sponsi,
1007 2098 1061 2143 et
1091 2089 1145 2142 in
1179 2103 1348 2158 regno
1381 2087 1475 2143 Dei
1534 2088 1798 2142 bibuntur

211 2188 479 2256 quotidie.
527 2185 640 2242 Sub
683 2187 784 2241 licu
829 2194 1014 2240 autem
1055 2184 1375 2253 requiescit,
1409 2193 1465 2238 et
1491 2183 1672 2237 nullus
1712 2184 1796 2237 iu-

212 2282 394 2337 sidias
445 2280 782 2346 reformidat,
841 2279 932 2346 qui
975 2277 1265 2333 dulcedine
1326 2277 1499 2330 sancti
1559 2275 1798 2346 Spiritus

215 2376 441 2436 fruitur,
502 2382 556 2426 et
613 2369 1092 2426 illius‘fructibns
1151 2377 1454 2432 saturatur,
1504 2368 1796 2431 cbaritate,

215 2466 444 2535 gaudio,
475 2480 627 2532 pace,
665 2463 793 2526 lide,
825 2462 1190 2526 continentia,
1227 2461 1513 2531 patientia.
1560 2461 1638 2515 De
1702 2459 1800 2514 hu-

213 2556 524 2627 juscemodi
545 2557 745 2611 dicitur
773 2555 1077 2624 plantatore
1105 2572 1120 2610 :
1156 2553 1264 2621 Qui
1289 2553 1614 2619 plantaverit
1639 2553 1798 2622 ﬁcum

218 2654 460 2704 cometm
492 2648 696 2716 fructus
723 2648 839 2717 ejus
861 2649 1046 2716 (Amos
1083 2663 1166 2710 Ix,
1197 2645 1310 2717 M).
1337 2644 1442 2710 Qui
1474 2645 1612 2700 tales
1634 2645 1805 2699 aditi-

217 2741 430 2796 cavcrit
458 2740 674 2805 domos,
709 2748 768 2792 et
801 2737 1130 2808 plautaverit
1155 2738 1366 2800 vineas,
1412 2738 1477 2792 de
1511 2739 1712 2806 quibus
1748 2746 1803 2791 et

215 2833 518 2900 Apostolus
545 2831 788 2900 loquitur
822 2848 836 2884 :
891 2828 1003 2900 Ego
1032 2829 1300 2897 plantavi,
1356 2828 1551 2898 Apollo
1589 2831 1801 2899 rigavit,

223 2930 368 2981 Deus
411 2926 792 2978 incrementum
828 2921 975 2975 dedit
1040 2918 1090 2989 (ι
1133 2918 1260 2975 Cor.
1291 2934 1379 2985 ιιι,
1427 2919 1508 2987 6),
1558 2921 1806 2975 comedet

1897 1820 2030 1888 quin
2053 1816 2297 1873 Verbum
2336 1817 2429 1872 Dei
2465 1815 2759 1886 signiticet,
2787 1815 2877 1884 qui
2931 1815 3048 1884 ipse
3080 1825 3164 1870 cst
3197 1816 3278 1868 via
3328 1825 3491 1884 atque

1898 1910 2191 1980 sapientia.
2235 1920 2289 1963 et
2319 1910 2385 1963 de
2423 1924 2481 1964 se
2513 1909 2786 1978 loquitur:
2823 1908 2934 1977 Ego
2973 1924 3090 1960 sunt
3159 1909 3265 1962 vita
3306 1907 3486 1978 (.Ioan.

1898 2020 1980 2066 xI.
2013 2004 2129 2068 25;
2164 2017 2282 2066 xw,
2317 2002 2396 2058 6).
2438 2002 2502 2055 Et
2555 2002 2622 2056 de
2679 2017 2784 2070 qua
2843 1999 3110 2068 Propheta
3188 1999 3485 2053 decantat:

1898 2095 2088 2152 Omnia
2123 2097 2179 2149 in
2203 2095 2460 2164 sapientia
2488 2093 2661 2162 fecisti
2695 2109 2714 2147 :
2750 2094 2948 2156 repleta
2966 2103 3044 2146 est
3065 2101 3204 2144 terra
3226 2094 3493 2146 creatione

1902 2201 1995 2242 tua
2026 2189 2199 2258 (Psat.
2233 2205 2346 2252 cui,
2375 2187 2467 2256 2t)
2497 2204 2510 2250 ;
2546 2199 2596 2241 et
2646 2189 2926 2254 apostolus
2982 2185 3183 2240 Paulus
3211 2204 3224 2239 :
3252 2186 3491 2240 Christus

1901 2280 2001 2335 Dei
2033 2283 2194 2336 virtus
2228 2290 2276 2333 et
2307 2281 2401 2333 Dei
2459 2280 2719 2345 sa;ientia
2751 2277 2800 2345 (l
2853 2277 2976 2333 Cor.
3037 2294 3076 2340 ι,
3141 2279 3255 2346 24).
3317 2278 3489 2348 Opera

1901 2388 2118 2442 quoque
2151 2371 2327 2441 populi
2360 2371 2451 2426 Dei
2482 2387 2587 2425 non
2625 2378 3000 2436 veterascent,
3029 2374 3122 2424 sed
3157 2373 3496 2424 innovaban-

1903 2474 1994 2518 tur
2028 2465 2290 2532 quolidie,
2333 2476 2390 2518 ut
2425 2480 2530 2518 non
2577 2463 2855 2516 ambulent
2883 2465 2932 2515 in
2969 2472 3238 2518 vetustate
3271 2465 3490 2528 litterae,

1903 2555 1998 2610 sed
2022 2556 2071 2608 in
2099 2554 2338 2608 novitate
2361 2555 2586 2624 spiritus
2615 2554 2790 2625 (Rom.
2849 2554 2944 2620 vn).
2990 2553 3054 2608 Ut
3087 2555 3360 2624 quomodo
3396 2571 3494 2625 per

1906 2645 2329 2699 inobedientiam
2363 2647 2521 2699 unius
2557 2646 2816 2709 hominis,
2852 2655 3166 2714 peccatores
3212 2649 3490 2701 constituti

1904 2745 2033 2790 sunt
2055 2735 2271 2805 plurimi
2302 2753 2316 2789 :
2349 2737 2428 2789 sic
2455 2750 2551 2800 per
2599 2736 2960 2790 obedientiam
3016 2737 3174 2790 unius
3235 2737 3492 2802 hominis,

1899 2829 2034 2898 justi
2069 2830 2475 2882 constituantur
2507 2830 2684 2882 multi.
2735 2827 2830 2882 Vel
2855 2839 3004 2883 certe
3042 2831 3142 2883 hoc
3175 2831 3491 2896 dicendum,

1908 2919 2071 2990 795
2108 2923 2250 2988 quod
2281 2935 2443 2986 opera
2476 2935 2664 2972 eorum
2703 2930 3070 2982 veterascant,
3117 2935 3346 2986 quorum
3393 2926 3491 2972 do-

221 3025 439 3074 laliures
471 3031 724 3070 manuum
751 3029 972 3068 suarum
994 3009 1424 3083 (Psal.cxxvt|);
1453 3021 1509 3067 et
1530 3013 1804 3068 seminans
1833 3050 1877 3108 ο
1913 3031 2032 3068 nius
2065 3015 2286 3067 [mndata
2320 3029 2484 3083 super
2519 3023 2752 3083 petram,
2789 3025 3070 3080 permanet
3101 3015 3152 3066 iu
3207 3025 3494 3075 aeternum,

223 3115 274 3165 in
316 3111 541 3179 spiritu,
576 3110 641 3162 de
681 3109 873 3176 spiritu
904 3117 1067 3162 metet
1097 3107 1268 3161 vitam
1308 3117 1570 3162 aeternam
1596 3105 1803 3176 (Galat.

223 3209 296 3272 vt)
338 3219 478 3256 :nec
517 3201 716 3254 diaboli
765 3210 818 3254 et
857 3197 1152 3253 satellitum
1182 3197 1301 3268 ejus
1350 3195 1636 3253 fraudibus
1673 3211 1806 3266 sup-

221 3296 584 3366 plantabitur.

287 3383 576 3457 (νεαιλό
626 3382 802 3454 seqq.)
847 3401 866 3434 ι
920 3382 1234 3438 Secundum
1291 3384 1408 3438 dies
1452 3382 1595 3437 enim
1645 3382 1807 3452 ligni,

222 3492 388 3535 erunt
429 3481 545 3534 dies
578 3479 765 3549 pepuli
819 3480 948 3544 mei,
979 3487 1036 3532 et
1085 3493 1253 3548 opera
1313 3493 1570 3532 manuum
1619 3494 1806 3533 eorum

219 3582 566 3628 veterascent
596 3573 784 3626 electis
813 3571 948 3625 meis
971 3571 1014 3625 ¹.
1047 3569 1164 3625 Non
1183 3571 1510 3625 laborabunt
1563 3570 1800 3634 frustra,

225 3677 406 3731 neque
467 3663 807 3730 generabant
851 3660 904 3713 in
953 3659 1417 3714 eonturbatione:
1456 3661 1584 3729 quia
1621 3675 1808 3714 semen

226 3753 646 3808 benedictorum
697 3752 909 3806 Domini
945 3762 1052 3816 est,
1108 3760 1164 3806 et
1201 3761 1426 3821 nepotes
1456 3766 1647 3806 eorum
1684 3767 1809 3806 cum

225 3847 328 3900 eis.
385 3845 610 3912 Eritque
670 3853 962 3912 antequam
1001 3843 1260 3908 clament,
1321 3859 1423 3914 ego
1471 3844 1808 3898 exaudiam:

227 3938 409 3992 adhuc
443 3937 550 3991 illis
580 3935 908 4002 dicentibus,
941 3934 1105 4007 794
1141 3951 1242 4006 ego
1295 3937 1582 3991 exaudiam
1622 3935 1809 4008 |Vulg.

226 4027 497 4099 audiam].
529 4028 712 4098 Lupus
741 4036 794 4082 et
815 4044 984 4097 agnus
1013 4039 1310 4097 pascentur
1345 4029 1533 4093 simul,
1567 4039 1622 4084 et
1644 4030 1726 4084 leo
1759 4037 1814 4084 et

227 4122 325 4174 bos
356 4119 646 4175 comedent
675 4120 884 4188 paleas,
909 4127 962 4171 et
985 4113 1230 4189 serpenti
1265 4118 1443 4188 pulvis
1486 4120 1644 4189 panis
1667 4119 1810 4189 ejus.

228 4212 342 4267 Non
380 4212 672 4274 nocebunt,
711 4225 887 4280 neque
903 4211 1160 4265 occident
1195 4213 1246 4264 in
1281 4211 1427 4265 omni
1471 4221 1657 4265 monte
1681 4226 1807 4265 san-

225 4316 314 4360 cto
351 4319 500 4368 meo,
540 4304 672 4358 dicit
698 4302 982 4356 Dominus.
1027 4319 1046 4354 ι
1075 4300 1219 4356 LXX
1254 4315 1268 4355 ε
1301 4321 1320 4355 ι
1362 4302 1576 4357 Etenim
1612 4318 1809 4357 secun-

1912 3116 1967 3162 et
1993 3107 2082 3176 qui
2116 3107 2456 3159 aediﬁcarunt
2485 3118 2647 3172 super
2675 3105 3084 3158 lnndamentmn
3127 3103 3354 3169 Christi,
3401 3121 3499 3158 an-

1912 3215 2055 3264 rum,
2103 3209 2409 3265 argentum,
2468 3199 2673 3264 lapides
2723 3197 2991 3266 pretiosos
3049 3195 3122 3267 (I
3163 3197 3287 3252 Cor.
3363 3197 3493 3264 In):

1911 3305 1968 3348 et
2001 3308 2032 3346 e
2059 3292 2332 3345 contrario
2362 3307 2552 3344 eorum
2582 3306 2744 3358 opera
2777 3292 3110 3360 dispereunt,
3147 3307 3374 3356 quorum
3400 3294 3499 3342 dn—

1911 3399 2033 3439 Inus
2062 3382 2283 3466 ltiudata
2313 3399 2477 3451 super
2507 3398 2754 3445 arenam,
2807 3384 2986 3437 subita
3020 3393 3338 3452 tempestate
3371 3385 3498 3437 sub-

1913 3477 2178 3539 vertitur;
2210 3484 2263 3528 et
2300 3475 2391 3544 qui
2427 3476 2834 3528 a-dilicaverunt
2865 3491 3030 3543 super
3083 3478 3498 3530 t'umlamentum

1911 3563 2139 3629 ChriSIi,
2167 3565 2332 3634 ligna,
2371 3569 2574 3628 fenum,
2616 3566 2891 3635 stipulam.
2920 3569 2998 3620 Au
3026 3583 3131 3620 non
3169 3569 3261 3618 tibi
3291 3569 3502 3620 videtur

1911 3657 2152 3726 quotidie
2181 3661 2484 3712 inveterare
2502 3673 2667 3728 opera
2691 3673 2808 3718 sua,
2839 3659 2959 3726 qui,
2985 3659 3376 3726 przeteritoruni
3404 3661 3502 3707 01)-

1911 3747 2061 3813 lttus,
2087 3749 2139 3803 in
2175 3747 2419 3803 futurum
2452 3749 2798 3804 extenditur?
2836 3747 2986 3804 Unde
3041 3758 3094 3802 et
3127 3748 3288 3801 Vetus
3314 3759 3368 3802 et
3393 3749 3503 3800 No-

1914 3855 2037 3892 vum
2069 3838 2266 3894 dicitur
2297 3839 2704 3894 Testamentum
2743 3856 2887 3894 :non
2929 3856 3036 3909 quo
3071 3838 3237 3894 Vetus
3294 3853 3498 3908 pereat,

1911 3933 2006 3987 sed
2039 3948 2148 4003 quo
2186 3930 2347 3988 Novo
2397 3933 2542 3987 aliud
2610 3949 2718 3988 non
2781 3935 3059 3988 succedat.
3123 3935 3235 3990 Hoc
3287 3951 3504 4003 qtloquc

1908 4027 2064 4099 juxta
2098 4024 2420 4080 Hebraicum
2462 4026 2565 4081 dici
2608 4021 2810 4097 potest,
2834 4031 2976 4096 quod
3031 4043 3192 4097 opera
3226 4030 3404 4097 populi
3449 4040 3503 4081 et

1922 4122 1977 4176 in
2008 4121 2230 4175 Christo
2258 4119 2620 4186 credentium,
2703 4123 2911 4174 fructus
2949 4123 3056 4175 sint
3107 4123 3503 4191 apostolorum,

1917 4214 1968 4267 id
1997 4223 2082 4268 est
2134 4213 2432 4267 electorum
2474 4210 2592 4276 Dei,
2627 4212 2756 4266 etin
2798 4213 3070 4268 thesauris
3094 4197 3282 4268 eorum
3313 4230 3506 4269 recon-

1915 4306 2135 4360 dantur.
2169 4305 2327 4358 Multi
2371 4308 2517 4358 enim
2553 4305 2757 4370 vocati,
2789 4313 2843 4358 et
2885 4306 3041 4372 pauci
3097 4307 3252 4359 electi
3281 4307 3503 4379 (Matth.

226 4398 356 4452 dum
392 4397 508 4450 dies
542 4395 671 4464 ligni
708 4396 852 4456 vitae.
889 4394 1004 4448 dies
1056 4395 1238 4464 populi
1271 4396 1378 4450 mei
1419 4408 1625 4464 :opera
1662 4396 1813 4451 labo-
1847 4405 1890 4460 ι)
1921 4396 2038 4467 xx).
2065 4397 2156 4452 Isti
2194 4413 2300 4450 non
2334 4397 2654 4450 laborabunt
2689 4398 2912 4463 trustra,
2948 4407 3003 4452 ut
3035 4401 3307 4467 quondam
3361 4403 3509 4455 labu-

231 4505 348 4542 rmu
379 4502 601 4542 suorum
644 4486 1049 4541 inveterascere
1076 4485 1281 4541 facient
1309 4488 1468 4542 electi
1503 4489 1608 4543 mei
1643 4503 1660 4543 :
1705 4504 1810 4544 non

228 4580 556 4634 laborabunt
598 4578 650 4632 iu
678 4593 936 4641 vacuum,
971 4593 1150 4648 neque
1187 4579 1326 4633 lilios
1381 4581 1724 4649 generabuut
1757 4581 1812 4635 in

1917 4503 2110 4543 rasere
2134 4487 2304 4542 Judaei
2330 4504 2346 4554 ;
2388 4489 2481 4542 sed
2508 4489 2717 4542 labores
2747 4505 3004 4544 manuum
3027 4507 3247 4546 suarum
3277 4498 3498 4546 maudn.

1915 4581 2139 4634 cabunt.
2176 4578 2359 4648 Neque
2399 4580 2745 4648 generabuut
2796 4580 2850 4634 in
2902 4584 3345 4650 contnrbatione,
3391 4587 3506 4639 sive

230 4671 676 4725 maledictiouem
706 4687 723 4724 :
756 4672 882 4740 quia
915 4685 1102 4725 semen
1136 4671 1481 4726 benedictum
1511 4687 1540 4726 a
1591 4673 1818 4730 Domino
1915 4673 1970 4726 iu
2001 4671 2400 4737 maledictioue,
2439 4681 2495 4726 et
2531 4683 2588 4726 ut
2625 4674 2676 4726 in
2706 4674 2977 4729 Hebraico
3008 4681 3323 4744 expressius
3352 4686 3504 4746 puni-

230 4774 335 4826 est,
365 4771 420 4815 et
445 4773 670 4830 nepmes
703 4775 894 4814 eorum
928 4775 1050 4814 cum
1102 4763 1204 4838 eis.
1246 4759 1314 4813 Et
1365 4764 1472 4815 erit
1521 4773 1814 4832 antequam

233 4855 494 4918 clament,
521 4868 621 4921 ego
644 4850 933 4905 exaudiam
954 4867 1050 4906 eos
1083 4864 1096 4906 :
1123 4854 1297 4906 adhuc
1325 4853 1816 4922 loquentibus-,jillis

235 4948 436 5010 dicam,
471 4946 599 5013 quid
642 4955 724 4998 est
773 4943 990 4998 ?Tune
1053 4945 1162 5015 lupi
1221 4955 1276 4999 et
1341 4947 1464 5015 agni
1521 4957 1816 5015 pascentur

236 5039 398 5092 simul
433 5053 447 5089 :
481 5036 564 5090 leo
615 5046 794 5089 autem
850 5035 1008 5104 quasi
1067 5037 1162 5090 bos
1187 5039 1454 5102 (comedet
1503 5041 1707 5106 paleas,
1761 5047 1816 5090 et

238 5139 462 5194 serpens
500 5138 698 5177 terram
727 5125 881 5193 quasi
920 5140 1138 5193 panem.
1174 5125 1288 5178 Non
1315 5125 1614 5190 nocebunt,
1643 5143 1816 5196 neque

239 5226 613 5285 corrumpe-nt,
655 5218 706 5270 in
742 5227 927 5271 monte
970 5227 1159 5270 sancto
1189 5234 1332 5283 meo,
1369 5221 1500 5275 dicit
1532 5221 1811 5276 Dominus.

1920 4774 2024 4816 tur.
2054 4764 2134 4824 sl;
2153 4764 2525 4834 ἀνυπαρξίαν,
2557 4766 2699 4834 quod
2757 4767 2941 4834 lingua
2972 4784 3162 4823 eorum
3191 4770 3388 4822 dicitur
3420 4788 3509 4825 LA-

1915 4870 2047 4910 ΒΑιΑ
2085 4839 2303 4928 (ΠΒΠἉΒ)
2333 4857 2444 4928 [ΑΙ.
2478 4858 2734 4929 manu]
2767 4861 2867 4913 hoc
2886 4869 2988 4924 est,
3015 4871 3070 4912 ut
3097 4878 3206 4915 esse
3231 4865 3506 4928 desistant,

1923 4960 1980 5003 ct
2015 4950 2174 5002 tinent
2216 4951 2534 5005 substantia:
2569 4965 2681 5004 sua:
2721 4952 2960 5005 habeant
3045 4968 3144 5021 pro
3197 4971 3304 5022 quo
3337 4956 3480 5024 Aqui

1923 5041 2004 5106 la,
2043 5043 2438 5112 Symmachus,
2473 5053 2528 5098 et
2563 5043 2864 5098 Theodotio
2902 5045 3289 5112 festinationem
3343 5051 3508 5102 inter-

1924 5137 2118 5204 pretati
2154 5147 2326 5188 sunt:
2387 5148 2815 5205 utnequaquam
2856 5134 3113 5190 festinent
3179 5141 3386 5210 absque
3420 5158 3504 5194 ra-

1918 5229 2064 5282 tione
2095 5227 2320 5282 credere
2355 5244 2369 5280 :
2405 5229 2497 5281 sed
2524 5227 2807 5280 imitentur
2837 5226 3159 5291 Nathauael,
3194 5231 3285 5300 qui
3325 5235 3499 5287 Domi.

237 5309 467 5363 Alterura
501 5309 604 5361 erit
635 5307 894 5361 habitatio
928 5320 1090 5377 atque
1122 5309 1387 5378 plantatio
1415 5312 1717 5382 justorum,
1758 5325 1820 5369 ut
1918 5320 1970 5372 ni
2000 5335 2131 5373 voce
2163 5320 2416 5373 laudatus
2472 5327 2552 5373 est
2583 5335 2596 5372 :
2627 5318 2760 5372 Ecce
2812 5335 2929 5374 uere
2979 5319 3254 5391 Israelita,
3299 5327 3352 5379 in
3406 5344 3505 5395 (Ιιιυ

241 5404 356 5456 dies
380 5403 500 5455 vitae
519 5400 699 5468 populi
734 5399 837 5453 mei
877 5400 1070 5456 diebus
1097 5402 1220 5456 vita:
1245 5401 1375 5472 ligni
1409 5417 1816 5474 comparentur,

244 5493 310 5547 de
337 5509 447 5562 quo
477 5494 527 5545 in
551 5490 780 5546 Psalmis
814 5493 1013 5546 dicitur
1049 5510 1062 5546 :
1097 5492 1285 5548 Justus
1311 5507 1364 5549 ut
1401 5500 1581 5566 palma
1613 5500 1812 5555 ’Iorebit

1916 5410 2068 5463 dolus
2095 5427 2199 5465 non
2228 5421 2302 5464 est
2348 5411 2529 5480 (Joan.
2559 5427 2597 5476 ι,
2639 5412 2878 5484 47),'qui
2931 5415 3210 5470 Christum
3272 5435 3501 5474 auctmt-

1923 5513 2030 5558 tate
2064 5502 2469 5574 Scripturarum
2503 5504 2800 5574 quaerebat,
2835 5515 2890 5563 et
2917 5508 2984 5564 de
3012 5509 3289 5580 praphetis
3317 5515 3509 5583 cupie-

317 5671 335 5703 ¹
360 5672 418 5725 In
455 5671 608 5741 Vulg.
637 5682 689 5728 et
709 5672 853 5728 Hier.
893 5673 1136 5730 versione
1169 5677 1531 5734 inveterabunt
1568 5695 1587 5734 :
1623 5678 1773 5734 electi
1815 5681 1915 5737 mei
1942 5696 2046 5737 non
2080 5681 2418 5756 laborabunt,
2443 5687 2622 5748 minus
2657 5699 2801 5749 recte
2825 5692 2892 5750 ad
2922 5692 3373 5762 l-lebrzeum't'im:
3397 5677 3509 5758 ὑπ’
