3906 6172
496 245 564 306 75
1648 233 1706 296 S.
1749 227 2064 294 EUSEBII
2108 223 2550 288 HIERONYMI
3588 219 3671 277 676

463 360 552 410 bat
584 367 882 422 agnoscere
916 353 1103 408 dicens
1139 367 1156 406 :
1195 351 1271 406 De
1312 347 1582 404 Nazaretlt
1631 355 1801 416 potest
1839 343 2042 414 aliquid
2068 347 2120 404 Δ
2147 339 2294 392 dabit
2320 353 2467 392 escas
2489 337 2642 405 (Gen.
2673 347 2822 399 xux,
2877 331 2970 403 27)
2998 347 3013 397 ;
3037 331 3175 397 sive,
3228 339 3284 384 ut
3347 328 3399 384 in
3447 327 3679 422 Hebraico

463 423 581 502 (nini
608 446 762 500 esse?
791 445 853 498 Et
885 453 969 499 est
1008 458 1201 499 sensus
1232 461 1246 497 :
1281 440 1566 509 Quomodo
1595 439 1727 494 mihi
1785 437 2037 492 Messiam

463 538 736 590 adducitis
792 539 858 588 de
903 535 1150 596 Galilaea,
1181 541 1238 586 et
1292 529 1586 591 Nazareth,
1616 544 1779 598 quem
1829 541 1929 596 ego
1977 526 2046 580 de

463 627 738 682 Bethleem
761 626 896 680 inda
929 626 1043 678 scio
1059 640 1180 678 esse
1210 624 1538 693 promissum
1565 621 1589 674 ?
1615 621 1852 690 Apostoli
1883 618 2049 687 igitur

464 731 519 772 et
555 718 834 787 apostolici
871 719 972 769 viri
1009 718 1081 768 ita
1115 715 1256 770 ﬁlios
1296 715 1656 785 generabunt.
1685 721 1742 766 ιιι
1773 712 1841 766 de
1899 711 2049 765 Scri-

463 811 642 878 pturis
679 809 884 862 sanctis
918 810 1207 870 instruant,
1236 817 1294 861 ut
1340 822 1444 861 non
1481 806 1762 859 imitentur
1813 802 2047 857 maledi-

462 901 698 952 Ctionem
724 896 1056 962 Jndaeorum,
1082 897 1175 951 sed
1217 911 1343 950 eum
1395 895 1663 962 Propheta
1707 895 1886 948 dicant
1931 909 1948 948 :
2001 891 2042 944 Α

463 992 653 1044 timore
683 999 792 1055 tuo,
824 987 1064 1049 Domitte,
1096 990 1147 1040 in
1173 999 1319 1042 utero
1348 988 1701 1052 concepimus,
1733 997 1781 1040 et
1814 987 2048 1052 parturi-

462 1083 630 1133 vimus
662 1092 708 1132 et
747 1080 1044 1148 peperimus
1082 1077 1222 1149 (Isa.
1287 1093 1431 1140 xnt,
1483 1079 1595 1146 18).
1644 1077 1717 1130 De
1768 1078 1852 1130 his
1905 1077 2047 1128 cuitu

464 1177 670 1228 dtctttm
701 1184 862 1226 erat:
900 1172 1191 1226 Benedicta
1239 1171 1524 1240 progenies
1570 1170 1706 1247 uteri
1759 1169 1832 1220 ttti
1869 1167 2046 1237 (Deut.

464 1282 656 1328 xxvut,
695 1265 960 1322 4LTalas
1017 1273 1142 1319 sunt
1192 1265 1286 1316 lilii
1331 1264 1630 1316 Abraham.
1693 1261 1784 1329 qui
1841 1261 2050 1312 faciunt

467 1373 628 1427 opera
652 1360 768 1423 ejus
799 1357 984 1426 (Joan.
1026 1359 1144 1424 vm)
1216 1367 1272 1410 et
1307 1357 1357 1408 in
1391 1360 1557 1408 veteri
1604 1353 1826 1406 historia
1863 1352 2050 1422 appel-

467 1451 762 1502 lauturlilii
797 1452 1182 1518 prophetarum
1251 1448 1442 1515 qus-les
1487 1458 1543 1500 et
1578 1448 1628 1496 in
1665 1461 1804 1497 novo
1840 1445 2049 1498 lustru-

467 1552 651 1596 tnento
687 1543 926 1608 Apostoli
969 1550 1267 1609 genuerunt
1300 1539 1438 1609 (Act.
1470 1536 1579 1605 xv),
1631 1535 1827 1588 Paulus
1870 1533 2053 1587 Timo-

469 1639 679 1699 thetttu,
716 1634 937 1698 Lucam,
974 1645 1028 1687 et
1062 1632 1266 1694 Tttum,
1295 1632 1604 1698 multosque
1654 1632 1821 1692 altos;
1857 1629 2049 1681 Petrus

464 1729 706 1782 Marcum
737 1728 1150 1794 evangelistam,
1180 1735 1228 1777 et
1261 1724 1442 1776 caeteri
1509 1734 1755 1786 ueteres,

466 1821 810 1875 benedictum
841 1835 1025 1871 semen
1055 1829 1159 1882 est,
1182 1827 1236 1870 et
1290 1818 1568 1884 hucusque
1601 1815 1958 1878 bencdicitur,
1996 1823 2050 1868 et

466 1910 789 1981 permanent
822 1911 913 1963 lilii
952 1910 1117 1980 796
1148 1911 1402 1962 liliot-unt.
1431 1909 1502 1961 De
1531 1908 1727 1976 quibus
1776 1907 2046 1972 Propheta

471 2005 643 2057 dicit:
681 2003 878 2055 Beatus
913 2019 986 2054 t-tr
1045 2003 1129 2068 qui
1165 2003 1306 2054 timet
1338 2001 1642 2060 Dominum,
1687 2000 1740 2052 in
1779 2000 2046 2052 mandatis

467 2097 583 2163 ejus
614 2095 742 2147 uolet
778 2093 1176 2145 nimis.Potens
1226 2095 1277 2143 in
1325 2101 1464 2143 terra
1517 2103 1614 2143 ertt
1682 2108 1854 2143 semen
1906 2093 2047 2159 ejus,

469 2188 734 2258 generatio
768 2197 1026 2238 rectorum
1057 2185 1390 2236 benedicetur
1414 2181 1590 2254 (Psal.
1632 2198 1744 2246 cu,
1793 2183 1842 2244 l,
1875 2185 1952 2249 ‘2).
1985 2183 2048 2235 Et

469 2279 639 2334 alibi:
676 2278 912 2333 Ftlt't'lui
957 2279 1094 2330 sicut
1139 2277 1357 2330 narellw
1407 2276 1665 2330 olivarum
1722 2278 1776 2328 in
1821 2277 2048 2328 circuitu

471 2388 662 2427 mensa:
691 2381 815 2426 tute.
850 2369 982 2423 Ecce
1003 2371 1078 2423 sic
1101 2371 1432 2422 benedicetur
1461 2371 1615 2421 homo
1642 2373 1730 2438 qui
1761 2370 1906 2422 timet
1945 2367 2052 2421 Do-

467 2468 667 2519 minum
697 2465 871 2536 (Pcat.
904 2478 1110 2527 cxsvtt,
1154 2465 1302 2530 5.4;.
1338 2463 1376 2515 Ε
1399 2465 1679 2515 contrario
1699 2461 1765 2515 de
1798 2459 1933 2516 Juda
1967 2462 2050 2516 di-

469 2559 612 2612 citur
635 2559 934 2626 proditore,
966 2569 1020 2609 et
1071 2556 1325 2609 omnibus
1360 2556 1450 2622 qui
1487 2554 1692 2608 sitniles
1731 2553 1850 2622 ejus
1880 2561 2048 2626 sunt:

474 2648 628 2703 Fiunt
656 2649 892 2718 ﬁtiiejus
927 2648 1139 2717 pupiili,
1177 2657 1222 2699 et
1249 2661 1385 2698 uxor
1423 2648 1538 2715 ejus
1564 2646 1743 2698 vidua.
1808 2644 2050 2700 Commo-

470 2749 688 2794 reantur
716 2750 764 2793 et
797 2740 1196 2804 transferantur
1225 2739 1328 2804 ﬁlii
1347 2738 1483 2806 ejus,
1508 2749 1558 2792 et
1587 2738 1897 2802 mendicent,
1950 2738 2052 2806 eji-

469 2835 682 2887 ciantur
703 2836 768 2887 de
796 2832 1035 2886 domibus
1061 2833 1171 2884 suis
1190 2831 1361 2897 (Psal.
1394 2847 1546 2896 cvm,
1579 2832 1632 2894 9,
1672 2831 1783 2901 l0).
1807 2829 2051 2885 Genera-

473 2926 640 2977 tiouis
661 2925 804 2977 enim
835 2922 988 2976 malae
1012 2922 1136 2976 linis
1164 2929 1247 2974 est
1275 2922 1565 2989 pessimus.
1594 2921 1694 2988 Qui
1735 2921 2050 2992 concipiunt

469 3015 738 3076 dolorem,
779 3023 832 3067 et
867 3015 1084 3083 pariunt
1116 3013 1481 3082 iniquitatem.
1519 3013 1593 3066 De
1653 3028 1882 3082 quorum
1915 3013 2045 3069 scri-

474 3116 624 3174 ptum
656 3115 737 3157 est
777 3104 1020 3172 principe
1051 3120 1064 3156 :
1107 3101 1242 3157 Ecce
1262 3107 1508 3170 parturiit
1549 3105 1890 3173 injustitiam,
1923 3122 2052 3159 eon-

471 3195 601 3263 cepit
633 3192 890 3257 dolorem,
913 3203 962 3245 et
1001 3197 1200 3262 peperit
1228 3195 1562 3263 iniquitatem
1599 3195 1772 3263 (Psai.
1813 3212 1910 3261 vtt,
1940 3197 2050 3268 15).

473 3289 529 3342 Si
556 3299 735 3340 autem
771 3286 872 3340 hoc
899 3286 966 3340 de
992 3287 1168 3352 impiis
1220 3287 1439 3351 dicitur,
1491 3289 1763 3356 quonodo
1809 3288 2050 3355 Samuel,

473 3381 554 3431 vir
587 3381 775 3434 beatus
798 3379 1078 3448 etjustus,
1112 3382 1249 3433 filios
1277 3381 1544 3449 pesaimos
1579 3385 1779 3451 genuit,
1807 3384 1910 3460 sui
1943 3399 2052 3436 non

472 3469 887 3523 ambulaverunt
920 3485 1016 3539 per
1043 3472 1181 3523 viam
1213 3472 1384 3540 patris
1409 3470 1458 3539 (1
1488 3471 1617 3541 Reg.
1665 3483 1817 3541 vttt);
1851 3483 1902 3526 et
1940 3473 2050 3524 Da-

470 3563 583 3627 vid,
608 3562 672 3616 de
699 3560 857 3631 cujus
884 3561 1136 3616 Christus
1164 3572 1322 3617 natus
1347 3573 1427 3617 est
1454 3565 1680 3627 semine,
1703 3564 1840 3619 duos
1871 3570 2055 3631 genuit

470 3655 630 3719 ﬁlios,
664 3656 893 3709 Ammon
919 3665 971 3709 et
1016 3655 1339 3717 Abessalon,
1387 3671 1617 3725 quorum
1669 3658 1805 3712 alter
1845 3660 2052 3724 fratris,

469 3748 607 3804 aiter
645 3753 812 3812 patris
841 3750 1051 3804 exstitit
1075 3750 1344 3816 parricida
1365 3747 1453 3819 (II
1479 3748 1604 3819 Reg.
1626 3765 1747 3814 χιιι,
1781 3755 2056 3819 xv-xvttt)?

469 3843 545 3897 Ex
580 3843 776 3912 quibus
809 3841 1060 3895 omnibus
1093 3842 1376 3905 discimus,
1429 3843 1568 3897 lilios
1607 3853 1660 3896 et
1692 3857 1912 3913 nepotes
1971 3861 2056 3900 se-

470 3939 703 3991 cundum
735 3935 786 3988 id
847 3933 1072 4002 intelligi
1132 3935 1330 3987 debere
1379 3935 1522 4002 quod
1579 3937 1834 3990 diximus.
1890 3935 2053 3991 Juxta

468 4029 614 4096 quod
644 4039 697 4081 et
750 4025 948 4081 Paulus
981 4026 1118 4080 ﬁlios
1150 4029 1399 4096 parturit,
1426 4029 1598 4082 donec
1643 4029 1891 4083 Christus
1946 4028 2055 4082 for-

471 4132 647 4174 utetur
681 4118 735 4172 iu
763 4119 842 4202 eis
864 4116 1067 4191 (Colat.
1104 4117 1204 4186 tv),
1232 4127 1282 4170 et
1313 4116 1626 4171 Onesimum
1667 4117 1940 4187 (Philem,
1965 4120 2054 4190 l0)

471 4215 784 4267 iuvinculis
817 4224 1061 4282 general.
1096 4212 1197 4278 Qui
1251 4228 1373 4267 cum
1441 4213 1816 4275 clamaveriut,
1872 4215 2052 4270 statim

472 4306 861 4369 cxaudientur,
891 4313 945 4356 et
979 4304 1088 4358 illis
1151 4304 1516 4373 loquentibus,
1575 4304 1718 4358 dicet
1769 4304 2051 4370 Dominus,

2149 431 2368 495 dicitur,
2440 428 2639 482 dividet
2720 424 2911 496 spolia.
2991 424 3160 494 Cujus
3238 423 3472 476 doctrina
3546 421 3678 477 cibus

2150 520 2252 576 fuit
2305 522 2666 582 credentium,
2699 527 2752 574 et
2783 519 2874 586 qtti
2936 516 2990 571 in
3042 525 3154 570 toto
3187 517 3316 570 orbe
3343 515 3406 568 de
3444 502 3680 582 sup'uatis

2153 615 2485 670 adversariis
2567 611 2939 680 triumphavit.
3019 609 3154 680 Λειιὶ
3215 617 3387 662 autem
3467 609 3682 662 credendi

2150 715 2280 760 sunt
2357 719 2572 768 omnes,
2624 704 2716 772 qui
2781 704 2833 755 iu
2901 701 3146 755 vestibus
3213 697 3447 751 candidis
3487 713 3686 766 sequun-

2152 806 2237 850 tur
2266 797 2476 863 Aguttm
2510 809 2834 864 quocunque
2862 794 3009 846 vadit
3031 792 3217 860 (Apoc.
3253 792 3529 858 xrv),quos

2153 888 2414 944 Dominus
2436 888 2596 942 Petro
2614 887 2832 942 tradidit
2862 885 2928 938 ad
2949 884 3272 952 pascendum
3304 882 3516 936 dicens:
3549 884 3685 937 Poste

2151 1000 2312 1053 agnos
2344 1000 2484 1035 meos
2528 981 2720 1050 (lactt;
2763 994 2877 1044 xxI,
2915 978 3026 1043 16).
3071 977 3180 1031 Leo
3234 990 3442 1046 quoque
3495 986 3550 1030 ut
3607 979 3687 1030 bos

2151 1077 2398 1129 enm-det.
2425 1074 2625 1142 paleas,
2665 1073 2880 1141 quando
2911 1071 3008 1123 viri
3063 1069 3426 1131 disertissimi,
3462 1079 3511 1121 et
3545 1084 3687 1136 quon-

2152 1169 2276 1219 dam
2346 1168 2485 1233 apud
2551 1165 2806 1218 Saeculum
2877 1173 3150 1232 potentes,
3205 1160 3585 1228 Scripturarunt
3642 1176 3688 1214 se

2155 1261 2373 1312 tradunt
2411 1258 2726 1320 rusticitati,
2769 1264 2826 1308 ιιι
2859 1270 3197 1324 nequaquam
3227 1253 3464 1306 saeculari
3497 1267 3690 1321 pascan-

2155 1359 2240 1402 tnr
2264 1349 2597 1417 eloquentia,
2632 1363 2752 1414 qua:
2787 1347 2963 1400 instar
3010 1345 3187 1399 mellis
3239 1343 3406 1398 stillat
3451 1344 3514 1396 de
3562 1343 3691 1396 labiis

2158 1443 2482 1505 meretricis,
2513 1443 2606 1495 sed
2637 1442 2897 1494 vilitatem
2926 1449 2980 1492 et
3008 1438 3190 1507 paleas
3219 1447 3512 1505 sequantur
3547 1435 3691 1488 histo-

2155 1537 2271 1597 rizr,
2299 1538 2467 1588 donec
2493 1533 2661 1586 multo
2699 1533 2885 1586 labore
2915 1539 3080 1600 atque
3115 1529 3381 1582 industria
3418 1537 3692 1579 mereantur

2156 1627 2221 1678 ad
2258 1626 2587 1676 frumentum
2614 1639 2871 1677 sensuum
2899 1621 3202 1691 pervenire.
3238 1620 3311 1674 De
3341 1620 3529 1686 quibus
3549 1620 3693 1688 paleis

1814 1736 2046 1788 quorum
2081 1728 2121 1781 Β
2151 1727 2203 1767 ει
2239 1715 2514 1768 frumento
2538 1713 2805 1768 Jeremias
2836 1715 3076 1783 loquitur
3109 1713 3290 1776 :Quid
3319 1711 3480 1779 paleis
3515 1711 3576 1764 ad
3614 1713 3694 1764 tri-

2149 1807 2332 1870 ticum,
2357 1807 2486 1858 dicit
2519 1807 2778 1859 Dontinus
2814 1805 3026 1873 (Jerem.
3065 1821 3223 1867 xxm,
3273 1804 3408 1874 28)?
3439 1802 3499 1856 Et
3547 1805 3695 1858 consi-

2147 1898 2470 1962 derandum,
2498 1899 2641 1966 quod
2692 1913 2797 1951 non
2828 1900 2923 1950 bos
2967 1906 3210 1951 vertatur
3274 1897 3326 1949 in
3381 1895 3595 1958 rabiem,
3615 1893 3693 1948 sed

2148 1991 2235 2045 leo
2268 2003 2510 2043 tttutctur
2532 1991 2584 2042 in
2627 1991 3123 2046 mansuetudinem.
3175 1989 3415 2058 Serpens
3441 1988 3589 2042 etiam
3618 1985 3690 2053 qui

2147 2085 2474 2137 observabat
2505 2085 2740 2137 hominis
2765 2084 3104 2146 calcaneum,
3142 2092 3196 2137 et
3227 2082 3383 2151 cujus
3413 2082 3477 2134 ab
3514 2081 3694 2134 homine

2149 2179 2546 2230 observabatur
2575 2186 2756 2242 caput,
2788 2190 3129 2242 nequaquam
3178 2177 3409 2228 aliorum
3461 2173 3696 2226 nutrictur

2151 2270 2390 2328 interitu.
2426 2271 2518 2321 sed
2545 2277 2763 2330 terram,
2828 2269 2945 2320 sive
3007 2268 3304 2335 pulverem,
3339 2271 3484 2333 ιμιηει
3538 2284 3694 2332 μ.ιιιι“ιιι

2151 2361 2400 2415 comedet
2455 2358 2612 2428 (Gen.
2669 2363 2776 2428 ιιι).
2842 2365 2950 2412 Aut
3010 2371 3156 2413 certe
3188 2363 3269 2414 sic
3309 2363 3695 2428 intelligendum,

2150 2455 2292 2522 quod
2322 2453 2568 2507 diabolus
2599 2453 2692 2521 qtti
2731 2453 2879 2520 prius
2915 2451 3191 2505 hominum
3248 2452 3509 2504 mortibus
3538 2465 3694 2518 pasce-

2153 2548 2333 2606 batur,
2365 2559 2462 2598 eos
2519 2553 2724 2597 tantum
2780 2545 3048 2604 comedat,
3093 2543 3184 2611 qui
3251 2543 3426 2608 pulvis
3477 2557 3536 2594 ac
3580 2553 3698 2596 terra

2155 2649 2283 2694 sunt
2307 2656 2321 2692 :
2353 2652 2449 2706 per
2478 2653 2598 2705 qua:
2627 2637 2807 2691 omnia
2836 2638 3242 2690 detnonstratnr
3265 2637 3524 2689 malorum
3547 2635 3592 2687 in
3622 2635 3698 2686 ho-

2155 2746 2285 2784 ttum
2317 2728 2693 2793 commutatio,
2725 2727 2815 2796 qui
2850 2727 3054 2780 innoxii
3089 2737 3269 2792 erunt,
3324 2728 3540 2796 antiqua
3595 2725 3699 2778 feri-

2157 2831 2266 2874 tate
2295 2819 2540 2888 deposita
2577 2834 2592 2875 :
2624 2833 2726 2870 non
2761 2819 2914 2883 foris,
2951 2818 3043 2872 sed
3070 2817 3121 2870 in
3166 2829 3352 2871 monte
3408 2826 3586 2872 sancto
3610 2817 3699 2868 υιι-

2156 2912 2310 2979 mini,
2345 2913 2448 2967 hoc
2474 2920 2560 2966 est
2612 2912 2664 2966 in
2724 2911 2982 2976 Ecclesia,
3021 2924 3074 2966 et
3134 2913 3185 2963 in
3227 2912 3563 2967 confessione
3601 2911 3700 2978 ejus

2155 3007 2378 3069 m0ntis,
2411 3021 2440 3059 a
2478 3020 2587 3075 quo
2621 3005 2932 3058 vulneratus
2959 3015 3042 3057 est
3075 3005 3331 3073 princeps
3374 3004 3515 3076 Tyri,
3553 3012 3600 3058 et
3625 3007 3700 3071 qui

2155 3097 2367 3150 excisus
2386 3098 2452 3151 de
2484 3108 2666 3151 monte
2694 3098 2813 3151 sine
2841 3100 3114 3155 manibus.
3149 3101 3324 3153 crevit
3372 3101 3425 3153 in
3487 3111 3694 3154 montem

2158 3204 2434 3259 maguum,
2469 3191 2781 3257 etimplevit
2830 3193 3017 3245 orbem
3055 3192 3223 3258 (Dan.
3286 3193 3371 3260 ιι).
3424 3193 3699 3262 Interrogo-

2157 3296 2278 3335 nttts
2314 3283 2363 3334 in
2403 3283 2505 3335 hoc
2529 3284 2646 3335 loco
2691 3280 2928 3344 Iudaeos,
2964 3296 3017 3336 et
3042 3302 3231 3338 omnes
3265 3287 3358 3355 qui
3389 3287 3487 3339 sub
3519 3287 3703 3340 nomine

2157 3373 2471 3427 Christiano
2495 3375 2673 3428 adhuc
2716 3376 2900 3442 paleas
2954 3379 3246 3429 comedunt
3309 3378 3701 3447 Scripturarunt,

2158 3482 2277 3534 quae
2308 3468 2610 3520 ventilabro
2647 3467 2854 3520 Domini
2907 3483 2934 3519 a
2991 3469 3171 3522 tritico
3235 3479 3518 3538 separatae,
3565 3482 3705 3523 vento

2156 3559 2442 3613 tradentur
2470 3570 2522 3614 et
2555 3561 2804 3626 finitimis,
2836 3577 2956 3629 quae
2999 3563 3277 3616 beatitudo
3303 3565 3372 3618 sit
3398 3565 3703 3624 testinaamla,

2157 3663 2217 3706 ut
2247 3653 2302 3704 in
2325 3651 2469 3704 mille
2491 3668 2756 3706 annorum
2789 3669 2975 3722 regno,
3013 3655 3064 3706 iu
3105 3654 3234 3708 Sion
3281 3667 3488 3720 monte,
3517 3657 3706 3710 civitate

2156 3740 2360 3796 Christi
2393 3745 2678 3811 praesentis
2703 3741 3004 3798 Jerusalem
3031 3761 3045 3810 ;
3077 3757 3130 3799 et
3191 3746 3244 3799 in
3301 3747 3520 3818 Templo
3557 3739 3704 3817 augu-

2158 3832 2421 3896 Stissimo,
2449 3833 2555 3901 lupi
2577 3843 2631 3885 et
2661 3835 2806 3901 agni,
2839 3834 3019 3888 leones
3067 3845 3120 3888 et
3153 3836 3344 3903 bores,
3379 3849 3640 3909 serpentes
3663 3849 3708 3892 rt

2159 3923 2409 3977 homines
2439 3925 2603 3978 simul
2657 3927 2972 3987 comedaut,
3032 3930 3348 3998 pariterque
3400 3945 3705 3985 commeren-

2160 4019 2360 4072 tur‘tet
2393 4018 2476 4072 his
2507 4016 2620 4089 [AL
2672 4017 2753 4089 hi]
2815 4029 3021 4095 tantum
3081 4021 3287 4076 innoxii
3348 4027 3476 4090 sint,
3526 4024 3607 4094 qui
3657 4025 3702 4077 in

2159 4119 2344 4163 monte
2366 4121 2557 4164 sancto
2591 4111 2804 4165 Domini
2861 4112 3264 4170 habitaverint?
3292 4115 3368 4170 Ex
3400 4135 3505 4186 quo
3533 4118 3704 4171 intelli-

2158 4205 2340 4274 gimus
2363 4220 2578 4268 omnes,
2605 4206 2692 4274 qui
2718 4215 2870 4260 extra
2903 4220 3140 4260 montem
3196 4209 3422 4276 fuerint,
3478 4214 3705 4267 occiden-

2159 4300 2280 4349 dos.
2315 4295 2616 4350 Nudabitur
2645 4311 2777 4367 ergo
2835 4298 2996 4368 lupis,
3047 4301 3319 4364 leonibus,
3353 4307 3513 4370 ursis,
3544 4305 3702 4374 pardis

471 4397 700 4451 Adsum.
735 4394 865 4461 Quae
892 4395 1072 4450 omnia
1103 4396 1266 4450 etiam
1295 4395 1452 4465 juxta
1485 4396 1717 4449 litteram
1751 4396 1803 4449 in
1829 4398 2050 4450 Actibus
2084 4403 2126 4459 ι)
2157 4401 2320 4456 atque
2352 4390 2722 4456 serpentibus,
2755 4400 2810 4443 et
2841 4393 3054 4445 caeteris
3095 4393 3282 4447 bestiis
3320 4398 3599 4453 universus
3626 4413 3702 4451 or-

473 4487 838 4556 apostolorum
885 4487 1160 4540 cernimus
1193 4502 1312 4541 esse
1342 4487 1629 4554 completa.
1666 4486 1849 4554 Neque
1901 4489 2044 4541 enim

471 4581 776 4650 potuissent
811 4590 1001 4630 omnes
1031 4587 1217 4646 gentes
1241 4578 1292 4630 in
1330 4587 1438 4631 tam
1477 4581 1624 4634 brevi
1659 4591 1900 4649 tempore
1930 4597 2050 4637 cre-

471 4677 618 4736 dere,
648 4672 748 4725 nisi
784 4671 1060 4740 signorum
1086 4669 1359 4723 miraculis
1396 4670 1529 4727 ﬁdes
1553 4689 1738 4727 eorum
1785 4679 2051 4743 quodam-

470 4765 632 4821 modo
661 4774 803 4818 esset
838 4771 1076 4817 extorta.
1117 4760 1485 4829 Loquentibus
1521 4764 1665 4817 enim
1708 4775 1762 4819 et
1804 4768 2049 4820 claman-

470 4859 615 4913 tibus
646 4855 908 4927 apostolis
946 4863 1000 4909 et
1030 4853 1344 4924 apostolicis
1381 4855 1538 4920 viris,
1573 4855 1830 4912 Dominus
1860 4859 2051 4929 signo—

467 4964 592 5004 rum
617 4945 986 5018 magnitudine
1020 4945 1404 5014 respondebat,
1435 4956 1493 4998 ιιι
1527 4948 1728 5003 Dorcas
1761 4950 1827 5002 ad
1861 4967 2049 5018 preces

472 5041 614 5094 Petri
665 5050 912 5110 surgeret
941 5039 1085 5109 (Act.
1120 5045 1217 5108 Ix),
1254 5047 1312 5090 ut
1359 5037 1532 5092 Publii
1576 5051 1728 5106 pater
1763 5043 1816 5095 in
1869 5043 2048 5096 insula

474 5132 650 5186 Melita
694 5133 930 5186 febribus
948 5140 1004 5185 ct
1052 5129 1385 5200 dysenteria,
1457 5131 1549 5198 qui
1598 5130 1766 5184 morbi
1803 5131 1944 5186 intct'
1990 5149 2048 5190 se

473 5223 732 5278 contrarii
763 5232 912 5287 sunt,
937 5221 1089 5276 Pauli
1116 5222 1372 5291 precibus
1399 5231 1710 5286 sanaretur,
1745 5232 1799 5277 et
1837 5233 1896 5277 ut
1951 5240 2047 5280 eos

476 5327 616 5367 totus
649 5315 796 5366 orbis
835 5315 966 5366 deos
997 5313 1138 5388 inter
1199 5314 1444 5366 homines
1513 5314 1715 5367 diceret
1771 5317 2048 5371 ambulare

473 5406 611 5474 (.lct.
667 5401 885 5469 xxvatt).
942 5399 1095 5455 'l‘uuc
1148 5402 1306 5470 lupus
1355 5409 1409 5454 et
1463 5418 1632 5469 agnus
1685 5406 2048 5471 pascebantur

471 5496 1000 5563 simul,persecutor
1043 5492 1242 5549 Paulus
1334 5502 1387 5547 et
1443 5492 1681 5549 Ananias
1746 5499 2046 5566 discipulus

472 5590 611 5658 (Act.
640 5590 739 5657 ιχ).
770 5586 862 5641 llle
891 5586 1071 5654 lupus,
1094 5587 1161 5637 de
1195 5600 1302 5649 quo
1331 5585 1587 5652 scriptum
1622 5599 1736 5641 est:
1769 5587 2046 5657 Benjumiu

469 5684 622 5738 iuius
655 5697 843 5752 rapax,
876 5696 1028 5734 moue
1063 5680 1290 5733 comedet
1310 5681 1567 5747 praedam,
1595 5689 1643 5733 et
1674 5682 1743 5734 ad
1777 5699 2040 5752 vesperum

2156 4481 2274 4547 bis;
2304 4493 2357 4532 et
2389 4483 2634 4535 immensi
2668 4485 2858 4549 saltus,
2890 4495 2944 4534 et
2979 4483 3251 4554 Egyptian
3289 4493 3516 4545 vastitas
3544 4491 3706 4545 solitu-

2152 4574 2317 4637 dinis,
2353 4591 2471 4645 quae
2495 4587 2892 4632 venenatorum
2929 4583 3284 4636 animantium
3315 4585 3511 4640 fertilis
3548 4595 3708 4648 est,ct

2153 4683 2250 4737 pro
2279 4681 2489 4722 sutuma
2523 4669 2779 4724 felicitate
2813 4671 3008 4725 civitas
3031 4685 3220 4728 sancta
3269 4691 3378 4730 non
3425 4681 3593 4732 solum
3620 4679 3704 4730 Ιιυο

2152 4762 2384 4824 tnimnu,
2407 4762 2501 4815 sed
2534 4769 2586 4814 et
2615 4760 2916 4816 bestiarum
2943 4774 3107 4833 atque
3137 4769 3471 4835 serpentium
3502 4774 3595 4824 erit
3625 4769 3704 4822 ha-

2152 4850 2470 4916 bitaculum,
2495 4863 2573 4918 ut,
2598 4853 2749 4921 juxta
2775 4857 3110 4923 superiorem
3137 4863 3496 4930 prophetiam,
3527 4866 3708 4917 babin-t

2153 4943 2311 5012 lupus
2342 4960 2464 4997 cum
2501 4961 2661 5012 agno,
2693 4942 2751 5000 et
2785 4951 2984 5017 pardus
3035 4967 3157 5006 cum
3209 4956 3386 5020 lttedo,
3421 4959 3612 5011 vitulus
3659 4967 3706 5009 ct

2152 5034 2258 5098 leo,
2287 5047 2343 5088 et
2375 5052 2506 5090 oves
2531 5053 2655 5091 cum
2713 5041 2856 5094 ursis
2907 5043 3066 5096 simul
3095 5045 3259 5115 798
3285 5063 3562 5102 morentur
3587 5048 3700 5113 (Im.

2154 5139 2267 5199 th;
2303 5139 2358 5183 ct
2381 5145 2513 5198 puer
2534 5132 2790 5200 parvulus
2817 5147 2961 5199 regat
2985 5152 3100 5200 eos,
3126 5147 3178 5191 et
3209 5140 3387 5195 infans
3439 5143 3505 5196 ab
3560 5144 3704 5195 ubere

2153 5223 2330 5273 mittat
2359 5237 2575 5275 manum
2611 5224 2662 5276 in
2692 5224 2934 5280 foramen
2959 5231 3184 5296 aspidis,
3217 5242 3271 5285 ct
3295 5234 3347 5286 in
3375 5251 3592 5288 eaverna
3620 5249 3703 5286 sua

2151 5313 2443 5367 interﬁciat
2472 5317 2736 5384 regulum.
2772 5316 3057 5388 Causaque
3095 5324 3165 5374 sit
3219 5334 3384 5379 tanta:
3431 5325 3700 5388 felicitatis,

2151 5407 2278 5474 quia
2304 5407 2502 5473 repleta
2541 5419 2624 5461 est
2654 5411 2832 5462 utunis
2862 5421 3000 5464 terra
3037 5417 3261 5468 scicntia
3299 5417 3531 5472 Domini.

2225 5499 2382 5569 (Cap.
2423 5499 2695 5555 LXVl.~—
2720 5501 2873 5558 Vers.
2901 5505 2994 5574 1.)
3039 5525 3051 5556 ι
3091 5507 3218 5563 Haec
3257 5513 3386 5564 dicit
3425 5511 3700 5565 Dominus:

2149 5589 2360 5644 leum
2397 5593 2553 5648 sedes
2589 5607 2728 5659 mea,
2769 5607 2823 5649 et
2849 5606 2988 5650 terra
3035 5601 3320 5654 scabellnm
3352 5605 3540 5671 pedum
3571 5617 3700 5655 meo-

2152 5697 2294 5740 rum.
2328 5686 2456 5749 Qane
2501 5698 2582 5739 est
2615 5689 2716 5740 ista
2756 5688 2949 5746 domus
2980 5706 3141 5761 quam
3191 5693 3518 5751 mitificabitis
3561 5694 3703 5760 mihi,
