3950 6180
239 217 351 323 ἐνί

705 255 1202 340 (ΖΟΜΜῌΝΤΛΗ.
1246 251 1320 313 ΙΝ
1367 252 1630 312 [ΞᾹῘΑΜ
1699 250 1846 311 ΡΙὶο

1959 252 2158 312 ΕΤΑΜ
2202 251 2347 312 LIB.
2394 247 2642 325 XVIII,
2690 247 2848 312 CAP.
2890 249 3096 313 LXVI.

3419 253 3526 316 678

232 384 298 431 et
319 371 445 443 qul's
465 378 550 426 est
581 368 685 424 iste
711 369 862 423 locus
892 366 1246 436 requietionis
1268 365 1448 420 mere?
1478 365 1672 420 Omnia
1710 366 1827 420 haec
1857 369 1908 429 Α
1937 373 2085 427 sunt,
2119 372 2172 418 et
2204 362 2401 434 spiritu
2426 363 2539 418 oris
2571 360 2689 427 ejus
2708 363 2888 418 omnis
2911 362 3083 418 virtus
3126 375 3337 418 eorum.
3394 361 3532 419 Nul-

231 479 439 523 manus
470 477 589 517 mea
627 462 774 527 fecit,
803 470 858 515 et
893 459 1031 513 facta
1078 467 1205 513 sttnt
1236 459 1490 512 universa
1538 460 1662 520 ista,
1696 457 1828 512 dicit

1933 453 2130 523 iusque
2156 453 2308 508 locus
2336 465 2422 508 est
2444 452 2800 524 requietionis
2828 451 3068 520 Domini,
3095 452 3206 508 nisi
3231 453 3335 508 iste
3358 469 3523 524 quem

233 555 525 612 Dominus.
567 573 585 606 ι
631 552 773 608 LXX
823 552 1096 608 similiter.
1154 550 1232 605 Ne
1275 562 1516 606 montem
1577 561 1826 605 sanctum
1932 542 2206 615 Propheta
2227 544 2534 600 subnectit.

236 650 678 717 intelligeremus
713 645 868 711 Sion,
897 657 953 700 et
984 644 1213 700 Judaico
1245 644 1588 714 operiremus
1612 657 1826 709 errore,

234 742 334 812 qui
367 750 556 809 putant
591 738 977 794 exstruendatu
1029 736 1350 803 Jerusalem,
1392 746 1448 792 et
1482 737 1663 791 omnia
1707 751 1831 806 quae

237 833 510 887 Dmniuus
545 832 854 902 pollicetur,
889 832 961 884 ibi
992 832 1259 901 explenda
1295 831 1612 896 carnaliter,
1649 831 1832 887 aufert

236 928 402 981 nobis
452 927 592 979 hanc
651 926 1058 993 suspicionem;
1111 933 1167 978 et
1232 925 1384 994 ponit
1431 925 1828 989 testimonium,

239 1036 354 1086 quo
387 1034 520 1072 usus
561 1025 647 1072 est
679 1016 990 1086 Stephanus
1025 1018 1232 1085 primus
1260 1029 1468 1088 martyr
1499 1019 1552 1072 in
1609 1017 1832 1074 Christo

236 1111 534 1164 adversum
571 1111 850 1164 Judnicam
899 1113 1304 1165 contentionem
1329 1113 1474 1177 (Act.
1520 1112 1636 1180 vn).
1680 1114 1836 1166 Salo-

239 1218 372 1256 mon
406 1201 695 1256 :rdilicavit
724 1202 770 1254 ei
807 1202 1052 1268 domum,
1095 1203 1236 1256 haud
1267 1204 1487 1256 dubium
1523 1207 1651 1270 quin
1687 1203 1832 1269 Deo;

245 1294 345 1345 8rd
380 1308 487 1345 non
518 1292 568 1344 iu
620 1290 944 1345 inauufactis
975 1295 1221 1347 excelsus
1256 1295 1482 1358 habitat,
1517 1296 1661 1348 sicut
1702 1294 1836 1348 Pro-

251 1385 418 1451 pheta
452 1385 526 1435 ait
562 1400 575 1436 :
613 1383 816 1435 (Icelum
877 1383 1006 1436 mihi
1046 1385 1264 1438 thronus
1315 1397 1390 1440 est
1417 1403 1437 1441 :
1461 1397 1601 1440 terra
1661 1399 1836 1442 autem

249 1475 544 1527 scabellum
579 1475 766 1541 pedum
799 1491 1053 1530 meorum.
1084 1477 1145 1529 Et
1189 1478 1388 1532 Paulus
1419 1481 1469 1531 iu
1512 1480 1702 1533 eodem
1738 1497 1838 1534 vo-

248 1565 510 1619 lumine:
585 1566 724 1619 Deus
795 1567 886 1635 qui
954 1567 1078 1634 fecit
1141 1571 1415 1629 munitum,
1486 1577 1536 1622 et
1587 1572 1710 1640 ~qui
1778 1588 1838 1625 ea

247 1666 400 1722 sunt,
422 1673 752 1726 nequaquam
784 1659 838 1710 in
869 1660 1075 1726 templis
1109 1659 1430 1727 manufactis
1461 1661 1664 1713 habitat
1694 1662 1833 1731 (Act.

250 1763 393 1810 xvn,
417 1748 610 1817 24).Si
642 1751 788 1803 enim
825 1750 998 1804 inetar
1027 1753 1265 1806 sedentis
1310 1754 1362 1805 in
1401 1753 1536 1806 solio
1570 1765 1731 1822 atque
1757 1770 1842 1808 re-

247 1841 496 1906 gnantis,
521 1843 721 1894 caelum
755 1841 980 1894 thronus
1006 1843 1124 1909 ejus
1153 1853 1258 1907 est,
1284 1855 1339 1898 et
1369 1856 1510 1898 terra
1550 1847 1842 1900 scnbellum

249 1932 451 1998 pedum
495 1933 662 1996 illius,
694 1934 972 2002 quomodo
1018 1950 1182 2002 parvo
1215 1935 1501 1990 claudetnr
1559 1937 1698 2003 loco,
1751 1939 1841 2006 qui

251 2022 494 2090 complet
520 2024 726 2088 omnia,
752 2034 806 2078 et
830 2025 882 2077 in
915 2041 1021 2092 quo
1043 2036 1170 2079 sunt
1197 2027 1420 2080 omnia?
1444 2027 1594 2082 Unde
1615 2038 1670 2083 ct
1701 2029 1848 2100 Moy-

251 2128 347 2169 ses
371 2129 387 2167 :
417 2112 500 2168 Ne
531 2116 702 2182 dicas,
731 2118 925 2185 inquit,
949 2118 1004 2171 in
1030 2120 1188 2170 corde
1217 2130 1332 2185 tuo,
1357 2119 1529 2190 Longe
1552 2131 1628 2175 est
1657 2137 1676 2175 :
1710 2122 1846 2176 Deus

251 2207 400 2259 enim
430 2207 485 2260 in
515 2208 643 2262 caelo
671 2225 906 2274 sursum,
931 2222 978 2263 et
1037 2227 1194 2275 super
1225 2221 1420 2265 terram
1451 2215 1697 2267 deorsum
1728 2231 1747 2268 :
1797 2225 1847 2269 et

253 2311 365 2350 non
393 2307 470 2350 est
502 2298 643 2352 alius
673 2309 866 2366 printer
904 2317 1020 2352 eum
1085 2301 1221 2354 Deus
1264 2302 1444 2371 (Deut.
1500 2319 1575 2368 tv,
1631 2307 1743 2375 59).
1781 2307 1849 2361 Ει

253 2387 550 2442 Psalmista
577 2407 591 2442 :
623 2391 737 2455 Quo
763 2391 846 2443 ibo
877 2409 908 2444 a
942 2391 1148 2460 Spiritu
1181 2404 1290 2459 tuo,
1321 2405 1370 2448 et
1401 2413 1432 2448 a
1463 2396 1600 2464 {acie
1623 2409 1713 2450 tua
1745 2415 1846 2468 quo

255 2480 516 2548 fugiam?
552 2480 609 2536 Si
641 2484 922 2536 ascendere
955 2485 1006 2536 in
1052 2487 1260 2548 cie/um,
1287 2486 1402 2540 illic
1429 2503 1482 2542 es
1512 2504 1532 2542 .°
1563 2490 1612 2542 si
1653 2491 1722 2542 ad
1762 2494 1849 2542 in-

259 2574 421 2642 ferna
462 2576 801 2640 descendere,
837 2580 964 2631 ades
995 2576 1170 2647 (Psal.
1203 2594 1470 2644 csxxvut,
1512 2582 1564 2644 7,
1617 2582 1696 2649 8).
1749 2582 1848 2636 Cui

259 2675 319 2720 et
355 2665 622 2720 Jeremias
662 2684 722 2720 cx
757 2685 982 2734 persona
1024 2668 1112 2723 Dei
1137 2672 1404 2739 coogruit,
1448 2673 1635 2724 dicens
1671 2672 1850 2726 :Deus

263 2762 698 2827 appropinquans
715 2777 805 2830 ego
831 2776 851 2815 :
874 2772 922 2814 et
951 2778 1053 2814 non
1089 2761 1153 2815 de
1195 2762 1347 2832 longe
1382 2761 1545 2816 Deus.
1579 2763 1851 2835 Numquid

265 2851 435 2904 latere
462 2854 576 2919 quis
610 2855 801 2920 poterit
829 2855 884 2906 in
909 2855 1257 2918 absconditis,
1328 2867 1374 2909 et
1415 2873 1508 2926 ego
1538 2874 1640 2910 non
1673 2861 1852 2915 videbo

263 2960 388 2997 cum
412 2945 440 2997 ?
469 2944 650 2999 Nonne
703 2947 886 2999 calum
915 2957 963 2998 et
1019 2955 1214 3002 terram
1267 2964 1360 3017 ego
1418 2949 1608 3015 impleo
1635 2950 1851 3021 (Jerem.

2005 637 2212 707 (Vers.
2261 637 2321 702 2,
2395 636 2510 707 5.)
2565 654 2586 688 ι
2619 635 2702 690 Ad
2755 651 2917 705 quem
2971 646 3147 690 autem
3213 637 3528 704 respiciam,

1937 729 2043 784 nisi
2107 729 2175 783 ad
2240 727 2634 798 pauperculum
2702 736 2757 781 et
2818 726 3112 781 contritum
3177 728 3414 797 spiritu,
3475 739 3532 782 et

1942 830 2270 878 trementem
2346 833 2631 875 sermones
2689 819 2890 875 meos?
2952 820 3057 884 Qui
3112 821 3356 874 immolat
3431 820 3533 875 bo-

1939 933 2082 981 vein,
2153 917 2312 987 quasi
2382 916 2474 985 qui
2523 915 2818 971 interﬁciat
2881 916 3176 970 hominem.
3242 915 3344 980 Qui
3417 932 3531 968 nia-

1941 1020 2053 1064 ctat
2121 1026 2326 1080 pecus,
2369 1009 2524 1078 quasi
2580 1010 2674 1080 qui
2750 1009 3067 1064 excerebret
3135 1024 3349 1061 canem.
3425 1009 3529 1074 Qui

1940 1102 2096 1157 oﬂert
2145 1103 2503 1165 oblationem,
2567 1103 2722 1172 quasi
2779 1103 2869 1170 qui
2925 1101 3243 1170 sanguinem
3294 1101 3520 1155 snil‘um

1941 1198 2155 1253 offerat.
2187 1199 2290 1265 Qui
2327 1199 2651 1253 recordatur
2681 1197 2879 1262 thuris,
2915 1197 3069 1265 quasi
3103 1198 3193 1264 qui
3245 1197 3534 1251 bcneilicat

1941 1292 2145 1346 idolum
2185 1289 2375 1362 [Vulg].
2446 1289 2636 1360 idolo].
2682 1309 2699 1341 ι
2744 1288 2884 1343 LXX
2928 1302 2942 1338 :
2984 1308 3003 1340 ι
3070 1289 3134 1342 Ει
3167 1303 3330 1358 super
3365 1305 3530 1358 quem

1943 1384 2252 1452 resliiciam,
2292 1384 2392 1438 nisi
2429 1383 2686 1436 humilem
2720 1393 2774 1437 et
2799 1384 3068 1452 quietum.
3109 1393 3163 1435 ct
3208 1391 3531 1436 trementem

1942 1491 2222 1529 sermones
2259 1476 2456 1529 meos?
2495 1475 2786 1543 +lniquus
2827 1487 3009 1540 autem
3052 1476 3094 1539 θ,
3136 1476 3226 1543 qui
3288 1473 3534 1526 immolat

1942 1569 2170 1620 vitulum
2200 1569 2355 1636 quasi
2424 1571 2742 1635 percutiens
2807 1569 3004 1621 virum.
3069 1565 3399 1621 Sacrilicans
3463 1565 3535 1621 de

1945 1673 2130 1727 grege,
2165 1662 2319 1727 quasi
2353 1661 2444 1728 qui
2474 1662 2684 1712 occidat
2717 1675 2930 1712 canem.
2961 1661 3064 1726 Qui
3104 1659 3262 1712 ollert
3295 1659 3531 1713 similam

1945 1751 2100 1818 quasi
2137 1752 2226 1819 qui
2260 1755 2580 1817 sanguini-tu
2621 1752 2866 1806 suillum.
2901 1751 3001 1816 Qui
3036 1758 3125 1804 dnt
3163 1753 3288 1806 thus
3325 1753 3378 1804 itt
3417 1767 3532 1804 tne-

1948 1843 2201 1905 moriale,
2231 1848 2387 1911 quasi
2419 1844 2795 1912 blasphemus.
2831 1862 2848 1893 ι
2887 1845 3114 1897 Sublato
3173 1843 3329 1896 altari
3389 1855 3531 1896 tem-

1949 1934 2146 2002 ploque
2173 1944 2412 2000 terreno,
2445 1937 2588 2004 quod
2615 1928 2854 1988 hurnuria
2888 1945 3275 1990 construxerat
3314 1951 3530 2001 manus,

1949 2038 2098 2081 recte
2127 2027 2454 2080 auferuntur
2487 2037 2543 2081 et
2579 2028 2813 2080 victima.-
2838 2027 3172 2088 Judaeorum,
3200 2043 3269 2081 ne
3302 2028 3532 2082 forsitan

1947 2116 2195 2170 dicerent
2224 2133 2238 2170 :
2277 2117 2390 2170 Non
2418 2128 2526 2171 tam
2559 2119 2710 2171 stulti
2747 2133 2961 2183 sumus,
2989 2129 3046 2172 ut
3075 2119 3240 2173 Deum
3274 2127 3532 2187 putemus

1952 2209 2072 2262 loco
2100 2223 2261 2278 posse
2291 2211 2579 2264 concludi:
2613 2213 2706 2264 sed
2735 2212 2785 2264 in
2814 2223 3068 2280 separato
3101 2213 3167 2265 ad
3212 2214 3535 2267 sacrillcan-

1951 2301 2076 2352 dum
2139 2300 2285 2365 loco,
2350 2300 2461 2355 Deo
2519 2303 2770 2357 victimas
2819 2303 3187 2367 immolamus,
3234 2319 3355 2372 quae
3419 2304 3537 2373 lege

1952 2400 2220 2458 pne-cepta
2261 2401 2410 2444 sunt.
2453 2391 2736 2446 llabitator
2789 2393 2954 2461 igitur
3017 2394 3165 2453 cteli,
3207 2395 3315 2446 imo
3365 2392 3538 2448 Cren-

1955 2491 2039 2535 tor
2057 2481 2298 2534 omnium
2339 2482 2429 2551 qui
2467 2483 2518 2536 in
2548 2485 2704 2538 terris
2741 2485 2998 2552 templum
3029 2485 3232 2539 habere
3280 2501 3339 2539 se
3363 2488 3531 2538 deni-

1952 2581 2062 2640 gat,
2101 2573 2358 2626 humilem
2385 2583 2438 2628 et
2474 2574 2741 2643 quietum,
2771 2585 2825 2629 et
2872 2586 3194 2630 trementem
3249 2590 3535 2632 sermones

1953 2677 2082 2716 suos
2114 2665 2392 2718 hominem
2437 2667 2668 2721 libenter
2697 2668 2932 2722 assumit
2965 2669 3017 2720 iu
3051 2671 3342 2736 templum,
3378 2671 3534 2737 juxta

1955 2753 2086 2807 illud
2129 2755 2414 2822 Apostoli:
2454 2753 2557 2810 Vos
2586 2767 2765 2810 autem
2809 2761 2936 2813 estis
2981 2761 3231 2826 templum
3303 2761 3418 2824 Dei,
3485 2772 3536 2814 et

1955 2841 2184 2911 Spiritus
2232 2857 2449 2898 sanctus
2508 2848 2714 2927 habitat
2775 2852 2831 2902 in
2904 2851 3066 2904 vobis.
3097 2849 3157 2904 Si
3210 2851 3328 2920 quis
3380 2853 3535 2905 violat

1957 2936 2205 2999 templum
2236 2936 2351 3000 Dei,
2376 2939 2589 2992 uiolabit
2643 2939 2798 2994 illum
2856 2941 3015 2996 Deus.
3077 2941 3348 3011 Templum
3398 2945 3540 2996 enim

265 3051 432 3100 um,
459 3036 549 3098 25,
574 3036 709 3106 ‘24)?
741 3038 794 3091 In
821 3039 936 3106 ipso
969 3041 1112 3092 enim
1151 3055 1339 3093 omnes
1370 3055 1559 3095 sutnus
1589 3053 1641 3095 et
1675 3059 1847 3097 move-

1961 3027 2243 3101 Deisoo
2305 3043 2546 3084 sanctum
2599 3035 2861 3100 est.quod
2914 3038 3038 3086 estis
3067 3051 3156 3087 eos
3187 3035 3233 3100 (I
3269 3034 3394 3090 Cor.
3451 3052 3534 3096 ιιι.

265 3145 392 3182 mur
443 3132 586 3198 μοι.
639 3133 794 3200 xvu).
835 3131 951 3185 Hoc
1021 3140 1202 3186 autem
1258 3133 1412 3196 dicit,
1452 3143 1509 3186 ut
1565 3133 1851 3190 Jndnicum

267 3222 557 3274 convincat
595 3237 858 3286 errorem,
884 3224 973 3292 qui
1009 3232 1202 3291 putant
1228 3225 1578 3286 invisibilem,
1605 3238 1654 3280 et
1677 3227 1854 3281 incor-

245 3317 536 3407 Jvtll‘alcm,
571 3330 625 3368 et
661 3318 1268 3386 ittromptehettsihiletn
1300 3322 1486 3386 Dento,
1529 3324 1730 3390 templo
1760 3311 1855 3376 Je-

270 3409 509 3462 rusalem
547 3424 708 3476 posse
733 3409 1005 3462 concludi.
1041 3410 1194 3474 Quod
1223 3413 1439 3478 quidem
1463 3421 1522 3464 et
1566 3413 1676 3481 ipse
1702 3412 1856 3466 Salo-

278 3518 404 3551 tnon
437 3511 742 3553 “structor
773 3501 978 3568 templi,
1008 3502 1059 3553 in
1081 3506 1327 3556 oratione
1348 3518 1444 3557 sua
1467 3505 1534 3558 ad
1567 3504 1851 3559 Dominum

271 3594 543 3657 prolixius
583 3594 873 3646 comitetur
904 3591 1025 3663 (III
1054 3593 1182 3663 Reg.
1230 3598 1372 3661 vni).
1409 3595 1487 3648 Ac
1516 3611 1583 3649 ne
1623 3597 1854 3650 arbitre-

273 3699 400 3734 mur
433 3684 570 3737 cmlo
588 3699 802 3752 quoque
838 3692 894 3737 et
931 3696 1074 3738 terra
1118 3685 1208 3738 Dei
1263 3686 1688 3753 magnitudinem
1746 3705 1857 3740 me—

267 3777 534 3839 tuendam,
563 3779 613 3829 in
637 3777 744 3830 alio
766 3777 882 3831 loco
900 3780 965 3830 de
988 3793 1052 3831 eo
1082 3777 1307 3848 legimus
1339 3795 1352 3830 :
1387 3777 1488 3842 Qui
1512 3789 1649 3832 tenet
1672 3781 1854 3832 cmi’um

269 3870 469 3937 palmo,
501 3878 551 3922 et
600 3882 797 3922 terram
846 3870 1049 3939 pugillo
1083 3868 1222 3938 (Isa.
1289 3885 1377 3933 XL,
1432 3870 1541 3938 12).
1589 3871 1690 3924 Per
1737 3887 1856 3941 qua!

268 3965 578 4016 ostenditur
602 3962 743 4015 Deus
777 3962 940 4031 799
967 3972 1021 4015 et
1053 3961 1376 4026 forinsecus,
1408 3973 1460 4016 et
1497 3965 1851 4028 intrinsecus,

267 4065 328 4108 ct
362 4055 595 4117 infusus,
622 4064 678 4108 et
705 4056 1094 4113 circumfusus,
1121 4055 1248 4108 dum
1279 4065 1334 4108 et
1385 4056 1523 4107 solio
1577 4058 1855 4110 ambiente

270 4160 379 4200 non
437 4147 802 4209 concluditur,
860 4155 915 4198 et
979 4145 1181 4214 pugillo
1227 4145 1505 4199 concludit
1549 4163 1613 4200 ac
1655 4148 1853 4214 palmo.

270 4239 378 4304 Qui
414 4252 518 4292 non
549 4239 723 4291 solum
756 4237 879 4291 coeli
906 4245 961 4289 et
1015 4247 1194 4300 terrae,
1243 4239 1336 4292 sed
1393 4249 1447 4291 et
1501 4238 1852 4292 invisibilium

270 4340 489 4383 creator
513 4339 596 4384 est
613 4329 964 4399 Angelorum,
999 4339 1054 4382 et
1077 4329 1570 4398 Archangelorum,
1603 4328 1856 4383 Domina-

1959 3120 2044 3182 16,
2088 3123 2198 3182 17).
2232 3122 2557 3194 Quicunque
2597 3143 2727 3194 ergo
2757 3128 2978 3180 humilis
3001 3142 3084 3181 est
3130 3139 3182 3182 et
3205 3143 3444 3197 quietus,
3480 3139 3537 3182 rt

1959 3221 2198 3268 tremens
2224 3230 2506 3270 sermones
2575 3218 2686 3276 Dei.
2746 3222 2920 3288 ipsum
2980 3221 3207 3288 reSpieit
3244 3220 3543 3285 Dominus,

1956 3314 2011 3359 et
2041 3308 2107 3359 de
2140 3308 2254 3372 ipso
2281 3311 2486 3362 dictum
2514 3312 2737 3380 intelligi
2777 3321 2976 3379 potest,
3035 3317 3176 3379 quod
3213 3316 3312 3368 sub
3379 3325 3537 3368 terra:

1955 3399 2176 3453 nomine
2215 3406 2564 3469 pr0plietutur
2603 3420 2617 3456 :
2650 3403 2812 3456 Terra
2839 3408 3053 3458 tremuit
3085 3417 3136 3460 et
3169 3410 3382 3478 quievit,
3419 3426 3544 3463 eum-

1955 3504 2248 3563 resurgeret
2284 3495 2632 3564 adjudiciun:
2681 3496 2818 3550 Deus
2869 3499 3044 3568 (Psal.
3105 3516 3267 3568 Lxxv,
3317 3503 3372 3564 9,
3422 3504 3535 3571 l0).

1959 3583 2304 3638 Habitatores
2347 3587 2490 3641 enim
2546 3587 2686 3656 ejus,
2729 3605 2826 3656 pro
2882 3591 3080 3658 quibus
3135 3595 3538 3661 μετωνυμικὼς

1957 3687 2096 3730 terra
2125 3678 2348 3740 dicitur.
2384 3681 2794 3736 eoosideruntes
2844 3684 3105 3752 judicium
3147 3683 3263 3751 Dei,
3297 3688 3534 3754 quietem

1955 3780 2121 3840 agunt
2149 3787 2178 3824 a
2207 3775 2362 3826 malis
2383 3774 2638 3842 operibus
2671 3791 2686 3840 ;
2725 3785 2780 3829 et
2811 3778 3130 3832 sedentesin
3161 3777 3344 3843 domo,
3375 3789 3535 3832 teter-

1961 3879 2032 3919 no
2066 3867 2419 3935 requiescunt
2457 3866 2694 3921 Sablmto
2728 3869 2768 3931 ί,
2802 3883 2866 3921 ne
2897 3879 3151 3923 moveant
3185 3886 3244 3925 se
3275 3873 3341 3924 ad
3398 3887 3536 3940 Opus

1955 3958 2154 4012 servile
2198 3959 2431 4026 peccati,
2465 3961 2607 4014 sicut
2650 3962 3003 4015 aediﬁcatores
3039 3964 3206 4016 turris
3248 3979 3537 4022 moverunt

1957 4053 2230 4120 quondam
2266 4053 2331 4106 de
2363 4052 2583 4105 Oriente
2616 4053 2779 4122 pedes
2799 4069 2950 4117 suos,
2977 4066 3028 4108 et
3062 4065 3242 4108 ortum
3279 4057 3388 4110 veri
3450 4058 3534 4109 Iu-

1958 4143 2120 4197 miuis
2173 4145 2534 4211 reliquerunt.
2586 4144 2696 4196 Nec
2739 4148 3026 4198 audierunt
3083 4147 3209 4199 illud
3275 4149 3417 4216 quod
3471 4149 3538 4200 aui

1956 4235 2090 4290 Cain
2131 4237 2334 4290 dicitur
2367 4255 2380 4290 :
2427 4237 2915 4303 Peccnsti,quicsce
2940 4237 3090 4306 (Gen.
3121 4240 3216 4308 tv).
3251 4239 3354 4294 Sed
3383 4241 3534 4309 juxm

1959 4325 2251 4382 Proverbia
2283 4330 2630 4385 Salomonis:
2684 4332 2789 4396 Qui
2839 4332 2990 4384 audit
3039 4332 3224 4396 Deum,
3275 4333 3538 4386 habitabit

273 4427 508 4486 tionum,
552 4421 912 4487 Potestatum,
967 4430 1023 4474 et
1076 4431 1395 4474 cunctorum
1447 4421 1754 4486 hominum,
1782 4420 1850 4475 de
1879 4437 1931 4498 ι)
1957 4420 2225 4488 conﬁdens
2253 4422 2336 4474 ἐι
2371 4425 2599 4490 quiescet
2623 4426 2817 4491 absque
2861 4425 3047 4478 timore
3093 4427 3159 4477 ab
3208 4429 3351 4479 omni
3401 4430 3540 4480 malo

271 4518 475 4580 quibus
498 4516 790 4582 Apostolus
830 4515 1068 4582 loquitur
1098 4513 1329 4582 (Coloss.
1366 4517 1405 4582 ι)
1451 4528 1468 4566 :
1498 4529 1618 4583 quae
1674 4518 1854 4569 omnia

275 4607 377 4659 hei
409 4619 601 4658 manus
622 4613 844 4673 Operata
875 4613 977 4658 est.
1013 4604 1087 4657 De
1117 4618 1223 4671 qua
1252 4611 1308 4656 et
1345 4603 1450 4658 Job
1475 4612 1530 4658 et
1569 4603 1858 4658 l’salmista

273 4710 707 4753 commemorant
737 4714 752 4752 :
777 4697 966 4752 Manus
1002 4707 1096 4748 tua
1129 4697 1252 4764 fecit
1303 4713 1403 4760 me,
1458 4707 1509 4750 et
1574 4697 1855 4766 plasmauit

273 4809 362 4845 me
415 4791 528 4856 (Job
567 4807 620 4852 ι,
649 4791 753 4856 18;
787 4789 937 4843 Psal.
965 4802 1157 4854 cxvitt,
1195 4790 1306 4858 73).
1353 4789 1546 4842 Omnia
1587 4794 1728 4843 enim
1764 4805 1859 4859 per

274 4888 454 4953 ipsum
487 4884 627 4938 facta
665 4894 811 4945 sunt.
855 4891 908 4937 ct
941 4885 1057 4937 sine
1093 4884 1207 4952 ipso
1247 4885 1448 4936 factum
1481 4895 1565 4938 εει
1596 4883 1752 4935 nihil.
1783 4885 1856 4936 De

273 4996 388 5048 quo
413 4993 630 5033 rursum
653 4975 890 5032 Joannes
919 4995 934 5032 :
969 4975 1034 5029 In
1065 4975 1278 5042 mundo,
1304 4979 1400 5040 ait,
1429 4985 1542 5028 erat
1569 4991 1586 5038 ;
1624 4987 1670 5027 et
1702 4991 1857 5028 mun-

273 5078 378 5124 dus
407 5089 497 5138 per
528 5074 695 5137 ipsum
734 5069 907 5138 factus
953 5080 1028 5122 est
1058 5068 1242 5140 (Joan.
1297 5084 1335 5131 ι,
1400 5068 1512 5138 10).
1548 5067 1668 5136 Ipse
1713 5071 1854 5121 cnim

274 5168 436 5227 dixit,
477 5173 522 5216 et
581 5167 724 5234 facta
757 5172 899 5226 sunt,
953 5163 1061 5229 ipse
1093 5161 1384 5223 mandarit,
1416 5171 1464 5212 et
1502 5170 1682 5212 creata
1735 5169 1854 5211 sunt

277 5259 458 5328 (μιαί.
506 5275 681 5326 χλιιι,
715 5258 792 5326 9).
825 5255 891 5308 Et
925 5259 1026 5309 hoc
1053 5257 1194 5324 quod
1229 5253 1511 5322 Scriptura
1576 5252 1855 5306 Gencseos

279 5364 504 5422 "lyr-lle”
557 5367 809 5403 sermone
836 5353 1192 5412 demonstrat,
1223 5349 1359 5400 dixit
1414 5347 1572 5412 Deus,
1623 5356 1677 5400 et
1729 5348 1854 5414 fecit

279 5442 652 5501 Dt'ttleenes.
689 5444 750 5512 ι).
809 5439 986 5495 Verbo
1037 5442 1182 5494 enim
1231 5438 1442 5493 Domini
1489 5442 1610 5494 coeli
1657 5441 1852 5492 firmati

353 5579 368 5608 ¹
398 5580 532 5632 Cod.
562 5580 907 5631 Ambrosian.
949 5585 1150 5630 terreno
1189 5592 1284 5645 pro
1317 5588 1532 5630 aeterno.

349 5650 371 5678 ‘
434 5651 605 5702 Aliter
672 5660 968 5700 annotatite
1026 5649 1281 5710 Victoria,
1350 5650 1692 5715 conﬁdenter,
1768 5652 1856 5704 ἐπ’

281 5720 479 5785 ἐλπίδι,
520 5733 598 5774 est
625 5724 676 5773 in
717 5719 902 5773 ϐιωυο
930 5717 1101 5791 .Prov.
1140 5734 1176 5783 ι,
1210 5721 1261 5771 in
1325 5735 1430 5786 spe,
1465 5725 1556 5772 καὶ
1586 5725 1851 5792 ἡσυχάςει

1961 4511 2141 4581 (Prov.
2167 4527 2206 4570 ι,
2241 4513 2356 4580 33).
2392 4513 2499 4566 Iste
2523 4525 2579 4567 et
2606 4514 2826 4568 luumlis
2851 4526 3016 4583 atque
3069 4520 3449 4585 pullpt’l'l'lllus,
3485 4533 3541 4572 et

1962 4605 2228 4658 eontritus
2261 4607 2477 4674 spiritu,
2513 4617 2860 4675 tremensque
2894 4625 3178 4664 SCI‘IIIO'ICS
3208 4612 3445 4677 Domini,
3470 4614 3538 4667 de

1961 4711 2068 4765 quo
2099 4699 2361 4766 scriptum
2395 4708 2477 4752 est
2514 4700 2566 4752 in
2609 4699 2900 4768 Evangelio
2934 4717 2948 4754 :
2983 4702 3137 4756 Beati
3158 4721 3411 4773 pauperes
3440 4707 3540 4772 spi-

1962 4793 2088 4855 ritu,
2119 4794 2368 4862 quoniam
2401 4795 2634 4861 ipsorum
2649 4806 2725 4849 est
2764 4812 2980 4866 regnum
3009 4801 3257 4850 caelorum
3316 4799 3538 4865 (Μαιιέλ.

1961 4905 2013 4951 v,
2039 4889 2115 4958 ὅ).
2149 4887 2215 4942 Et
2241 4891 2365 4942 alibi
2397 4907 2410 4942 :
2439 4889 2633 4944 Beatus
2669 4892 2758 4960 qui
2803 4893 3046 4961 intelligit
3063 4909 3220 4960 super
3245 4908 3459 4958 egenum
3488 4904 3540 4945 et

1959 4996 2239 5048 pauperem
2267 4982 2441 5053 (Psal.
2473 4999 2560 5044 XL,
2599 4987 2673 5052 l).
2702 4986 2767 5038 Et
2801 5001 3013 5038 rursmn
3045 5000 3060 5040 ;
3087 4983 3318 5053 Spiritus
3351 4984 3536 5038 Domi-

1961 5077 2191 5143 nisuper
2219 5093 2320 5139 me,
2377 5093 2589 5146 propter
2637 5080 2774 5147 quod
2828 5079 2976 5131 unxit
3032 5094 3132 5140 me,
3176 5081 3535 5148 coniage/icore

1960 5171 2275 5236 pauperibus
2309 5172 2448 5224 misit
2514 5188 2594 5224 me
2623 5171 2758 5240 (lsa.
2793 5187 2906 5235 LXI,
2953 5171 3029 5238 1).
3063 5172 3324 5240 Quodque
3352 5177 3528 5242 sequi-

1961 5271 2051 5314 lur
2077 5264 2128 5314 itl
2156 5263 2398 5317 editione
2430 5265 2640 5332 vulgatu
2667 5279 2682 5316 :
2710 5263 2934 5332 Iniquus
2957 5277 3153 5327 autem,
3186 5266 3236 5318 itt
3268 5266 3533 5318 lli-binim

1962 5371 2068 5408 non
2093 5357 2342 5424 habetur,
2375 5359 2469 5411 sed
2506 5358 2827 5427 simpliciter
2884 5359 3064 5428 jungit
3097 5368 3152 5412 et
3187 5359 3319 5413 dicit
3353 5379 3370 5420 ;
3428 5362 3530 5424 Qui

1961 5447 2193 5499 immolat
2223 5448 2422 5510 bovem,
2455 5453 2604 5518 quasi
2649 5452 2736 5518 qui
2771 5452 3052 5519 interficiat
3077 5453 3355 5507 hominem.
3383 5457 3533 5518 Quod

1959 5581 2180 5650 opiﬁci;
2203 5584 2309 5658 diu
2333 5584 2536 5646 παντὸς
2557 5585 2747 5637 κακοῦ.
2773 5584 3041 5658 Corrupto
3060 5586 3338 5658 legebatur
3359 5590 3532 5658 prius,

1958 5658 2183 5720 quiescet
2219 5653 2410 5725 absque
2441 5664 2626 5709 timore
2664 5666 2712 5708 et
2735 5657 2876 5710 omni
2908 5660 3072 5711 malo.
