3906 6172
463 250 569 314 679
1645 239 1706 296 S.
1748 233 2053 296 EUSEBH

2106 222 2538 291 IIIERONYMI
3571 231 3656 294 630

463 375 519 418 et
551 365 602 416 in
639 360 746 414 alio
777 357 1040 425 scriptum
1077 365 1160 410 est
1191 355 1312 406 loco
1341 363 1360 404 :
1428 347 1857 403 Misericordiam
1894 344 2032 409 solo,
2061 344 2111 404 Α
2141 341 2337 407 inquit,
2375 337 2488 393 suis
2524 333 2962 399 ambulaverunt,
3001 348 3106 388 non
3155 334 3204 388 in
3237 335 3314 388 vis
3347 335 3558 394 Domini.
3606 340 3657 393 Et

463 465 514 510 et
554 470 655 507 non
684 441 1003 516 sacri/icium
1033 463 1052 500 :
1078 445 1348 499 scientiam
1383 441 1548 506 magis
1571 439 1690 499 D.i,
1711 454 1869 507 quam
1895 437 2044 490 Italo-

458 547 710 600 'caustum
768 545 920 612 (Osee
955 555 1029 604 Vl,
1058 540 1135 604 6).
1171 537 1230 589 Ει
1269 551 1363 602 per
1420 533 1738 586 Malacltiam
1772 547 1785 579 τ
1847 529 2044 584 Omnia

469 654 588 708 qua:
615 637 849 694 oderant,
880 630 1152 701 faciebatis
1176 643 1194 680 :
1238 623 1526 693 aperientes
1575 624 1824 690 lucrymis
1873 621 2044 672 altare

469 744 640 783 meum
667 744 686 780 :
715 723 992 791 Numquid
1014 722 1232 788 dignum
1272 728 1346 770 est
1385 725 1440 768 ut
1476 717 1750 780 respiciam
1787 712 1854 763 ad
1879 715 2046 764 sarri-

467 823 642 889 [ieium
664 825 912 877 vestrum,
942 823 988 864 et
1027 811 1310 876 suscipiam
1330 803 1592 873 placabile
1627 803 1754 871 quid
1783 803 1844 854 de
1873 800 2047 852 mani-

469 913 564 961 bus
592 907 778 960 vestris
807 903 1076 970 (Malaclt.
1107 916 1170 963 it,
1209 899 1340 968 ιδῃ
1401 896 1635 950 Audiam
1687 895 1854 949 Judazi
1903 893 2046 962 quod

466 1002 606 1055 Deus
633 1015 735 1051 nott
760 993 1273 1065 quaeratsacrilicia,
1292 989 1384 1044 sed
1405 988 1749 1043 offerentium
1781 985 2043 1038 animum.

469 1090 537 1143 Et
561 1090 648 1160 qui
679 1097 902 1150 mactat,
928 1085 1131 1154 inquit,
1161 1101 1339 1153 pecus,
1359 1081 1612 1152 quasiqui
1639 1079 1932 1132 exterebret
1955 1094 2046 1128 ea-

470 1200 608 1236 nem.
639 1181 790 1236 Unde
806 1189 861 1234 et
897 1195 991 1246 per
1026 1177 1248 1245 Moysen
1276 1178 1535 1242 scripturn
1558 1187 1640 1225 est
1669 1187 1686 1222 :
1713 1170 1830 1222 Non
1860 1169 2047 1234 offeres

472 1273 757 1325 mercedem
790 1271 1100 1333 mereri-ists,
1128 1283 1289 1334 neque
1339 1266 1565 1334 pretium
1621 1265 1767 1316 canis
1794 1264 1848 1314 in
1895 1264 2048 1314 domo

475 1365 571 1417 Dei
606 1365 705 1415 tui.
737 1362 910 1430 (Deut.
954 1374 1109 1420 xxttt,
1149 1359 1264 1429 18).
1311 1355 1827 1424 ιἰιιςιιιυιμιθξριιιιὶδ
1853 1363 1906 1406 et
1936 1371 2050 1407 me-

477 1455 643 1508 retrix
675 1456 1026 1522 capulantur,
1059 1452 1184 1520 quia
1237 1460 1524 1517 utrumque
1572 1448 1769 1500 animal
1823 1461 2048 1514 pronum

475 1558 559 1600 est
586 1546 652 1599 ad
691 1546 989 1599 libidinem.
1027 1543 1312 1611 Simulque
1333 1543 1744 1595 consideremus
1766 1541 1909 1607 quod
1944 1553 2050 1591 non

471 1635 670 1690 dixerit
703 1651 718 1689 :
753 1636 853 1700 Qui
887 1635 1130 1688 immolat
1174 1636 1425 1696 arietem,
1471 1633 1624 1700 quasi
1663 1635 1752 1700 qui
1804 1631 2052 1684 immolat

473 1740 701 1788 canent;
739 1725 828 1778 sed
869 1724 1100 1786 occidat,
1142 1724 1336 1790 ittquit,
1392 1708 1608 1774 canem:
1632 1720 1785 1784 Quod
1823 1719 2049 1770 verbum

473 1833 582 1872 non
612 1817 830 1884 ponitur
865 1817 916 1869 in
945 1814 1255 1876 sacriﬁciis,
1295 1813 1387 1867 sed
1423 1813 1474 1866 itt
1507 1813 1588 1865 his
1621 1827 1739 1877 qua:
1769 1810 2052 1864 trucidan-

475 1919 560 1963 tur
588 1909 790 1962 illicite.
818 1909 921 1971 Qui
941 1908 1092 1974 o/fert
1116 1906 1427 1959 oblationem
1449 1916 1495 1957 et
1525 1905 1864 1970 sacri/icium,
1887 1901 2048 1970 θοι

473 2005 627 2068 quasi
647 2000 734 2066 qui
764 2001 1072 2066 sanguinem
1113 1997 1326 2050 suillum
1352 1997 1560 2064 offerat.
1600 1994 1753 2060 Quod
1787 2009 1839 2046 et
1879 1999 2051 2060 ipsum

477 2091 594 2160 lege
627 2090 968 2156 prohibetur,
1012 2091 1146 2143 tales
1171 2099 1298 2143 sunt
1350 2090 1687 2142 ca-remonia:
1719 2085 2052 2150 Judreorun»,

477 2180 667 2248 (Leuit.
701 2197 788 2246 x1;
835 2181 990 2234 Deut.
1034 2191 1167 2249 xw).
1213 2181 1314 2246 Qui
1351 2181 1478 2234 thus
1511 2181 1700 2231 tribuit
1725 2181 1878 2246 quasi
1911 2176 2054 2228 blas-

478 2271 731 2340 phetnus,
762 2272 872 2325 into
906 2271 1066 2341 quasi
1101 2273 1428 2325 benedicens
1461 2271 1626 2323 idolo.
1661 2268 1845 2322 Potest
1872 2276 2053 2320 autent

476 2373 532 2417 et
569 2364 656 2417 hic
687 2379 810 2418 esse
842 2379 1076 2418 sensus:
1131 2362 1263 2417 Post
1324 2363 1520 2416 Filium
1578 2377 1754 2414 meum
1781 2363 1866 2430 qui
1909 2361 2055 2412 venit

479 2467 796 2509 mansuetus
824 2464 878 2508 et
919 2469 1145 2525 pauper,
1176 2454 1378 2508 sedens
1407 2469 1571 2521 super
1610 2454 1816 2521 pullmu
1865 2454 2052 2513 asinae,

477 2549 605 2601 nolo
637 2562 852 2614 carnes,
878 2548 1127 2601 victimas
1157 2551 1421 2610 detestor,
1455 2546 1720 2598 sacrilicia
1745 2543 2054 2597 Judteoruut

481 2640 705 2694 umbras
747 2640 880 2708 legis
937 2639 1196 2708 reprobo,
1236 2637 1364 2707 quia
1418 2636 1753 2691 delertabilis
1807 2635 1933 2689 mihi
1975 2645 2058 2690 cst

480 2734 683 2785 veritas
705 2729 978 2800 Evangelii
1012 2728 1201 2799 (Zaclt.
1240 2744 1319 2794 Ix,
1378 2726 1573 2780 Matth.
1612 2741 1724 2786 ut,
1780 2723 1910 2778 Luc.
1943 2740 2052 2788 xxx,

478 2821 644 2876 1Ιοτιιι.
679 2837 752 2875 χιι
783 2823 822 2891 ).
867 2821 962 2874 Sin
999 2831 1181 2874 autem
1226 2824 1328 2874 hoc
1350 2820 1572 2883 dicitur,
1631 2819 1776 2887 quod
1815 2830 1929 2886 past
1955 2815 2059 2870 iul-

483 2931 586 2984 gur
617 2915 916 2979 Evangelii,
951 2925 1102 2968 vetus
1138 2913 1330 2982 religio
1357 2897 1536 2966 cesset
1568 2912 1618 2964 in
1680 2913 1822 2964 nube
1867 2927 1882 2963 :
1930 2911 2056 2977 quid

484 3009 914 3080 respondebunt,
951 3007 1042 3075 qui
1077 3007 1360 3060 credentes
1385 3019 1452 3058 ex
1489 3003 1692 3058 ludatis
1721 3004 2058 3057 arbitrantur

481 3101 688 3170 absque
731 3115 868 3153 noxa
915 3099 998 3153 sui
1052 3112 1211 3167 posse
1261 3096 1560 3152 carnaliter
1587 3095 1784 3150 olierre
1842 3096 2053 3148 sacriii-

475 3195 563 3246 cia
585 3193 609 3246 τ

551 3283 738 3355 (Vt-rs.
770 3282 852 3353 4.)
901 3301 920 3336 ι
955 3283 1081 3337 Haec
1114 3283 1298 3339 omnia
1354 3283 1638 3352 elegerunt
1672 3283 1724 3338 itt
1759 3282 1861 3338 viis
1915 3284 2053 3351 suis,

482 3390 538 3431 et
569 3378 622 3430 in
647 3377 1140 3430 abominatiouiluts
1170 3377 1285 3431 suis
1343 3377 1523 3431 anima
1547 3391 1734 3432 eorum
1789 3379 2056 3432 delectata

481 3481 584 3522 est.
617 3470 769 3524 Unde
799 3478 852 3522 et
878 3483 976 3538 ego
1003 3468 1198 3536 eligam
1229 3467 1513 3524 illusioues
1541 3484 1731 3524 eorum
1769 3469 1814 3535 ‘,
1850 3480 1905 3525 et
1936 3485 2057 3539 quae

481 3560 769 3625 timebant,
821 3560 1088 3613 adducant
1128 3560 1228 3616 eis.
1271 3561 1408 3626 Quia
1445 3563 1654 3628 vocavi,
1691 3571 1748 3616 et
1795 3576 1899 3615 non
1940 3570 2058 3615 erat

477 3653 570 3716 qui
605 3653 986 3719 responderet:
1030 3649 1241 3706 locutus
1266 3667 1408 3716 sum,
1462 3663 1517 3706 et
1570 3667 1680 3706 non
1723 3651 2055 3712 audierunt:

484 3745 835 3810 iter-rumque
871 3743 1067 3796 malum
1101 3744 1154 3796 itt
1200 3743 1373 3796 oculis
1409 3744 1582 3798 meis:
1643 3754 1697 3796 et
1733 3761 1853 3814 qua:
1887 3744 2056 3810 nolui,

483 3836 765 3902 elrgerunt
789 3832 973 3904 [Vulg.
999 3831 1273 3904 egerunt].
1310 3852 1327 3884 s
1365 3833 1542 3888 LXX:
1587 3853 1604 3886 t
1637 3834 1700 3888 Et
1759 3837 1860 3904 ipsi
1885 3838 2059 3906 elege-

490 3935 616 3977 t'uut
651 3925 761 3979 \‘itts
793 3939 944 3984 suas,
979 3933 1032 3977 et
1053 3926 1486 3982 abominationes
1516 3942 1645 3982 suas
1665 3930 1844 3982 anima
1867 3945 2054 3983 eorum

490 4018 697 4069 \‘oluit:
733 4027 788 4070 et
818 4032 916 4085 ego
951 4017 1146 4086 eligam
1181 4017 1459 4072 illusiones
1503 4032 1714 4085 eorum,
1747 4030 1804 4073 et
1836 4029 2055 4086 peccata

488 4107 786 4159 retribuam
813 4110 914 4160 eis.
941 4108 1075 4172 Quia
1098 4109 1280 4160 vocavi
1306 4122 1422 4171 eos,
1441 4117 1496 4159 et
1523 4123 1630 4161 non
1654 4108 2054 4162 obaudieruut:

485 4201 698 4252 locutus
727 4214 868 4262 sum,
898 4208 952 4251 et
990 4214 1098 4252 non
1131 4198 1444 4252 audierunt.
1481 4197 1546 4251 Et
1579 4201 1824 4253 iecerunt
1858 4200 2056 4253 malum

488 4295 542 4344 in
592 4299 886 4358 conspectu
942 4305 1087 4356 meo,
1141 4300 1195 4344 et
1228 4306 1346 4360 qua
1401 4291 1646 4345 nolebam
1697 4291 1992 4359 elegerunt.
2033 4311 2052 4343 s

486 4383 772 4438 luimolare
800 4383 1016 4447 bovem,
1046 4391 1287 4438 mactare
1329 4384 1578 4448 arietem,
1617 4381 1813 4436 ollerre
1843 4384 2057 4436 sacriti-

489 4475 658 4540 ciunt,
728 4473 884 4525 thura
939 4472 1292 4535 succendere,
1352 4473 1476 4541 quia
1536 4473 1609 4526 ita
1662 4475 1824 4527 habet
1895 4476 2054 4540 Deus,

486 4565 640 4634 quasi
668 4562 1044 4626 homicidium,
1077 4570 1130 4615 et
1157 4562 1487 4616 oblationem
1520 4564 1673 4618 canis
1701 4582 1713 4616 :
1753 4577 1805 4618 et
1835 4566 2055 4620 suillum

485 4655 805 4727 sanguinem
840 4663 1006 4724 atque
1039 4654 1430 4722 blasphemiam
1488 4655 1589 4725 ipsi
1653 4655 1971 4726 elegerunt;
2006 4669 2060 4710 et

489 4759 545 4802 nt
576 4751 702 4804 talia
731 4749 993 4812 colerent,
1055 4763 1244 4804 eorum
1278 4749 1496 4804 arbitrii
1554 4749 1689 4818 fuit;
1725 4751 1880 4819 juxta
1913 4753 2058 4820 quod

487 4837 615 4890 dicit
639 4853 733 4906 per
755 4837 1034 4894 Ezechiel:
1064 4836 1196 4892 Dedi
1217 4839 1290 4892 eis
1304 4839 1715 4907 justiﬁcationes
1743 4857 1845 4894 non
1870 4841 2055 4906 bonas,

483 4945 531 4984 et
567 4942 823 5002 pra'cepta
853 4947 956 4984 non
1007 4930 1142 4984 bona
1171 4929 1391 5000 (Ezeclt.
1444 4947 1535 4998 xx,
1585 4933 1693 5003 ll).
1721 4934 1786 4986 Et
1843 4934 1894 4988 in
1933 4937 2057 5000 viis,

561 5091 579 5123 ¹
615 5088 787 5144 Antea
833 5101 952 5144 erat
1007 5088 1275 5151 illusores,
1335 5088 1833 5142 contradicentibus
1887 5091 2058 5158 ipsius

487 5177 700 5233 quoque
731 5161 1168 5230 llieronymianze
1200 5160 1470 5212 versionis
1498 5174 1629 5212 mss.

561 5234 581 5261 ³
614 5228 832 5283 ‘Vtetor.
863 5228 1000 5298 quie,
1051 5240 1106 5283 et
1149 5241 1548 5296 consequenter
1597 5228 1963 5298 ἐμπαίγματα
1991 5247 2058 5286 ex

489 5303 621 5372 ipsis
653 5299 793 5352 LXX
817 5302 1097 5372 substituit
1135 5315 1231 5368 pro
1260 5302 1565 5372 ἐμπαῖκται
1605 5312 1766 5366 atque
1792 5319 1855 5372 eo
1885 5304 2058 5369 inquit

491 5367 654 5426 verbo
687 5376 765 5424 usi
793 5381 919 5423 sunt
951 5367 1092 5422 LXX
1138 5367 1306 5422 etiam
1351 5371 1489 5435 psal.
1533 5384 1715 5421 sum
1751 5386 1766 5426 :
1799 5369 1862 5422 Et
1899 5367 2059 5427 lumbi

492 5446 591 5498 mei
621 5442 826 5506 impleti
873 5449 992 5491 sunt
1041 5438 1445 5507 ἐμπαιγμάτων
1477 5441 1833 5494 illusionibus.
1871 5443 2059 5496 Verior

493 5515 843 5567 nibilosectus
876 5512 1138 5578 impressa
1169 5518 1252 5562 est
1285 5509 1467 5572 lectio,
1497 5522 1551 5566 et
1581 5512 1649 5562 ad
1679 5515 1941 5567 orationis
1976 5530 2060 5568 se—

491 5586 625 5639 riem
655 5592 708 5636 et
741 5598 870 5635 tnss.
907 5581 1064 5634 Iidem
1118 5579 1462 5636 concinnior.

564 5654 585 5685 ³
631 5652 918 5722 Abjiciunt,
948 5652 1120 5721 inquit
1171 5647 1466 5721 Victorius,
1513 5671 1620 5712 non
1651 5657 1954 5740 abiecerunt
1981 5657 2055 5714 le.

2147 430 2565 483 abominationrs
2599 443 2724 481 suas
2752 427 2932 480 anima
2953 442 3134 480 eorum
3161 426 3337 491 voluit,
3360 438 3416 481 ut
3441 440 3666 486 amatores

2149 521 2320 589 magis
2354 529 2539 573 essent
2604 519 2708 584 sui,
2777 531 2941 586 quam
2978 528 3249 570 amatores
3293 517 3398 572 Dei.
3433 519 3584 584 Quam
3611 523 3667 575 ob

2147 627 2390 676 causam,
2419 610 2526 664 illis
2550 610 2877 679 eligentibus
2910 610 3025 662 vias
3060 624 3208 669 suas,
3241 618 3291 660 et
3321 626 3416 661 non
3451 627 3555 662 euut
3595 628 3667 681 qui

2149 703 2319 755 dicit:
2364 702 2474 771 Ego
2503 717 2620 754 sum
2653 703 2736 754 via
2767 699 2952 770 (Joan.
2990 715 3098 764 xtv,
3127 700 3203 770 6).
3228 707 3281 752 et
3331 699 3561 756 Dominus
3583 705 3671 757 ele-

2147 802 2222 866 git
2258 798 2556 862 illusiones,
2580 799 2695 850 sive
2733 796 2988 851 illusores
3022 809 3231 859 eorum,
3264 795 3350 863 qui
3383 795 3401 824 '
3458 795 3672 850 llebraice

2150 891 2406 943 dicuntur
2443 903 2686 942 τιιιιυιε
2725 872 2980 957 (3515311),
3022 887 3074 941 id
3129 896 3233 953 est,
3293 889 3585 956 ἐμπαῖκται,
3630 900 3676 942 ιιι

2151 984 2454 1037 constituat
2522 981 2796 1050 principes
2855 980 3145 1051 pessimos,
3205 987 3259 1032 et
3347 982 3510 1033 omnia
3566 981 3674 1032 mala

2149 1090 2364 1136 eorum,
2395 1074 2508 1128 sive
2532 1088 2651 1140 quae
2686 1071 2968 1136 timebant,
3000 1074 3200 1137 pariter
3222 1069 3464 1123 adducat.
3487 1070 3677 1126 Causas-

2151 1182 2258 1234 que
2293 1165 2488 1227 reddit,
2519 1181 2618 1217 cur
2646 1165 2811 1232 802
2844 1164 3025 1216 traditi
3059 1165 3170 1215 sint
3200 1162 3398 1216 Scribis
3447 1174 3496 1216 et
3523 1160 3679 1216 Phari-

2151 1263 2275 1315 sa-is
2324 1261 2638 1314 illusoribus
2688 1266 2827 1324 suis,
2882 1261 2949 1315 de
3001 1260 3200 1328 quibus
3252 1260 3446 1325 primus
3479 1261 3676 1327 psalmus
3770 1288 3780 1301 ι

2148 1354 2302 1421 juxta
2335 1353 2594 1408 Hebrzeos
2628 1353 2812 1406 canit:
2842 1351 2911 1405 Et
2954 1352 3005 1405 in
3037 1350 3290 1404 cathedra
3317 1350 3570 1404 illusorum
3600 1369 3678 1404 non

2153 1449 2329 1501 sedit:
2370 1461 2508 1514 quos
2538 1445 2814 1515 appellant
2838 1443 3191 1516 Septuaginta
3232 1445 3548 1513 pestilentes:
3577 1461 3681 1512 qua-

2155 1539 2230 1591 les
2250 1535 2467 1590 luerunt
2489 1536 2580 1588 lilii
2605 1536 2710 1599 Eli,
2727 1534 2823 1588 lilii
2840 1535 3182 1602 pestilentis,
3201 1550 3297 1602 pro
3318 1550 3421 1603 quo
3435 1535 3482 1587 in
3501 1533 3683 1588 Hebrai-

2158 1646 2224 1684 co
2255 1630 2520 1698 scriptum
2575 1637 2659 1682 est
2687 1642 2874 1682 seu“.
2903 1627 3014 1699 [ΑΙ.
3043 1627 3220 1699 ιιιιιι]
3249 1610 3464 1696 ὠνὴν,
3497 1627 3583 1680 hoc
3601 1637 3683 1690 est,

2085 1711 2127 1769 Β
2156 1721 2382 1775 diaboli.
2411 1721 2572 1785 Quia,
2606 1721 2808 1789 inquit,
2832 1722 3036 1784 vocavi,
3065 1731 3112 1774 et
3141 1738 3246 1773 non
3267 1730 3379 1773 erat
3407 1721 3490 1788 qui
3510 1735 3686 1786 respon-

2157 1818 2325 1883 deret
2382 1813 2584 1865 loeutus
2634 1828 2772 1878 sum,
2799 1821 2847 1864 et
2894 1828 2996 1864 non
3037 1812 3360 1866 audierunt:
3401 1810 3683 1878 feceruntque

2157 1904 2355 1958 malum
2385 1905 2438 1957 in
2469 1905 2633 1957 oculis
2665 1905 2791 1957 meis
2816 1919 2836 1958 :
2865 1913 2914 1958 et
2941 1920 3057 1973 qua:
3087 1903 3256 1968 nolui,
3279 1903 3546 1974 elegerunt.
3569 1903 3684 1969 Quos

2157 2011 2349 2050 VBI'SllS
2399 1995 2643 2050 secundo
2695 1998 2847 2064 ponit
2891 1997 2943 2050 itt
2983 1996 3236 2065 praesenti
3271 1996 3408 2059 loco,
3443 2005 3492 2050 et
3536 2011 3682 2063 supra,

2159 2089 2246 2140 ubi
2275 2087 2509 2140 dicitur:
2556 2085 2859 2140 Numerabo
2898 2104 2987 2141 vos
3041 2089 3096 2140 in
3127 2086 3326 2156 gladio,
3369 2095 3415 2140 et
3461 2104 3611 2140 omnes
3646 2090 3686 2141 in

2157 2179 2298 2231 crede
2328 2180 2607 2244 corruetis,
2657 2181 2785 2249 quia
2813 2182 3012 2244 vocari,
3041 2191 3089 2233 et
3111 2195 3214 2232 non
3236 2180 3552 2245 respondistis
3575 2177 3684 2249 (ιω.

2159 2286 2284 2335 va,
2322 2272 2434 2340 12),
2468 2280 2522 2324 et
2575 2281 2772 2325 caetera
2809 2272 3079 2326 similiter.
3121 2271 3279 2336 Quod
3347 2273 3687 2335 testimonium,

2159 2379 2269 2432 quo
2301 2379 2467 2418 sensu
2506 2365 2679 2433 accipi
2711 2364 2925 2427 debeat,
2957 2363 3027 2418 ibi
3059 2365 3263 2417 dictum
3285 2373 3386 2418 est.

2231 2453 2414 2523 (Vers.
2445 2456 2524 2525 5.)
2558 2473 2576 2505 ι
2615 2456 2812 2509 Audite
2847 2457 3067 2510 verbum
3107 2457 3342 2519 DOmiui,
3381 2457 3465 2525 qui
3496 2455 3691 2509 tremitis

2159 2547 2226 2600 ad
2259 2562 2562 2600 sermonem
2597 2545 2786 2618 [Vulg.
2815 2545 3062 2618 verbum]
3094 2548 3233 2616 ejus.
3263 2548 3509 2601 Dixerunt
3529 2548 3689 2601 fratres

2163 2639 2329 2691 vestri
2358 2637 2447 2706 qui
2477 2637 2709 2690 oderunt
2745 2653 2861 2699 vos,
2891 2647 2946 2692 et
2980 2639 3301 2706 abjeceruut
3335 2639 3353 2669 ³
3386 2651 3582 2708 propter
3615 2653 3691 2691 no-

2162 2747 2284 2786 men
2321 2746 2494 2785 meum
2524 2749 2539 2786 :
2573 2731 2918 2786 Gloriiicetur
2956 2732 3239 2797 Dominus,
3269 2745 3318 2787 et
3354 2735 3624 2786 videbimus
3648 2734 3688 2784 in

2163 2822 2342 2876 lautitia
2374 2833 2574 2888 vestra,
2617 2823 2721 2890 ipsi
2779 2836 2965 2876 autem
2999 2825 3420 2878 coniuttdentur.
3457 2841 3474 2873 s
3530 2818 3646 2875 LXX
3679 2835 3690 2872 :

2169 2929 2188 2963 ι
2227 2913 2422 2966 Audite
2460 2914 2680 2966 verbum
2713 2912 2959 2977 Domini,
3015 2915 3108 2983 qui
3150 2914 3383 2968 tremitis
3432 2928 3691 2968 sermonem

2162 3004 2301 3071 ejus.
2343 3003 2511 3058 Dicite
2543 3003 2804 3059 fratribus
2849 3006 3066 3071 vestris,
3133 3007 3223 3074 qui
3283 3007 3502 3060 oderunt
3529 3019 3628 3070 vos,
3652 3013 3696 3056 et

2159 3098 2545 3150 abuniinantur
2602 3106 2662 3149 ut
2710 3111 2907 3150 nomen
2967 3098 3314 3166 gloriﬁcetur
3370 3097 3606 3151 Domini:
3653 3105 3696 3148 et

2158 3200 2413 3258 appareat
2434 3191 2485 3242 in
2511 3189 2690 3243 Letitia
2728 3206 2912 3244 torum
2943 3207 2957 3244 :
2997 3192 3152 3245 et'illi
3187 3191 3575 3245 cnoinndentur
3605 3187 3694 3260 [ΔΙ.

2157 3279 2608 3352 confundantur].
2637 3299 2656 3332 s
2685 3283 2758 3335 De
2785 3284 2983 3350 quibus
3003 3293 3130 3336 ante
3160 3283 3273 3350 jam
3298 3286 3531 3337 dixerat:
3559 3279 3698 3362 Super

2157 3390 2307 3443 quem
2337 3378 2640 3442 respiciam,
2680 3377 2780 3428 nisi
2816 3390 2974 3442 super
3018 3375 3272 3430 humilem
3305 3387 3353 3430 et
3404 3378 3633 3446 quietum,
3657 3382 3696 3426 et

2160 3475 2459 3519 trementem
2495 3484 2756 3521 sermones
2789 3485 2926 3520 meos
2958 3468 2983 3521 ?
3018 3469 3151 3538 ipsis
3207 3470 3451 3538 praecipit
3503 3477 3572 3533 ιιι,
3594 3481 3700 3520 con-

2163 3558 2384 3626 temptis
2421 3559 2654 3613 vietitnis
2686 3557 3022 3624 Judmorum,
3059 3570 3112 3614 et
3140 3563 3293 3616 omni
3328 3561 3616 3617 Scribarum
3647 3574 3697 3612 ac

2163 3651 2561 3706 Pharisaeorum
2604 3663 2820 3705 tumore
2855 3654 3128 3722 despecto,
3190 3662 3472 3708 transeant
3500 3654 3559 3707 ad
3602 3651 3698 3720 ejus

2163 3745 2390 3807 cultum,
2448 3760 2605 3813 quem
2641 3755 2915 3798 vocantem
2951 3747 3028 3800 illi
3087 3749 3280 3802 audire
3323 3750 3607 3807 noluerunt,
3634 3753 3700 3796 at-

2164 3851 2268 3904 que
2296 3848 2769 3905 contempserunt,
2796 3847 2850 3891 et
2879 3840 3123 3892 iecerunt
3165 3844 3369 3894 malum
3405 3846 3456 3894 in
3505 3853 3699 3906 conspe-

2163 3941 2254 3982 ctu
2285 3931 2424 3997 ejus.
2464 3929 2571 3984 Nec
2600 3931 2700 3985 hoc
2731 3941 3118 3998 praeceptorum
3177 3933 3286 3986 fine
3314 3946 3586 3988 contentus
3613 3941 3696 3990 est,

2165 4025 2260 4075 sed
2285 4024 2516 4091 imperat
2546 4026 2625 4076 eis
2679 4026 2990 4076 mandatum
3041 4024 3317 4095 Evangelii
3350 4025 3496 4097 (Luc.
3545 4027 3628 4094 tt).
3657 4038 3700 4072 ιιι

2166 4113 2390 4181 diligant
2418 4114 2666 4166 inimicos
2697 4129 2846 4179 suos,
2883 4113 3229 4170 benelaciant
3255 4119 3338 4169 his
3365 4121 3451 4184 qui
3509 4118 3699 4167 oderunt

2166 4221 2245 4270 se,
2279 4219 2332 4260 et
2361 4217 2520 4260 orettt
2571 4222 2666 4275 pro
2726 4209 3170 4276 persecutoribus
3204 4212 3348 4274 suis,
3379 4218 3431 4262 et
3464 4208 3701 4260 imitentur

2166 4299 2510 4353 clementiam
2541 4297 2740 4364 Patris,
2765 4300 2856 4367 qui
2875 4302 3002 4352 oriri
3029 4303 3155 4353 facit
3178 4303 3351 4354 solem
3375 4315 3524 4352 suum
3557 4309 3696 4363 super

2091 4391 2134 4445 D
2159 4392 2334 4458 justos
2364 4399 2419 4442 et
2461 4388 2726 4454 iniustos:
2768 4388 2835 4442 Ut
2875 4393 3124 4453 ridentes,
3144 4393 3344 4460 inquit,
3373 4406 3522 4458 opera
3543 4404 3700 4450 vestra,

2163 4481 2453 4550 gloriﬁcent
2477 4479 2693 4533 Patrem
2723 4490 2949 4534 vestrum
2976 4483 3065 4550 qui
3091 4483 3146 4534 in
3179 4487 3324 4536 cretis
3351 4493 3424 4536 est
3444 4482 3633 4552 (Matth.
3658 4493 3700 4540 v,

2169 4571 2291 4641 iti).-
2314 4575 2467 4636 Quod
2504 4581 2627 4639 post
2671 4573 2978 4640 generalem
3039 4573 3453 4645 intelligentiam
3483 4569 3701 4642 speciali-

2171 4673 2251 4717 ter
2285 4663 2303 4694 ⁸
2333 4662 2592 4730 apostolis
2639 4663 2949 4731 praccipitur
3003 4673 3060 4717 et
3124 4667 3438 4732 apostolicis
3466 4667 3604 4724 viris,
3657 4669 3702 4711 ut

2167 4756 2395 4824 diligant
2447 4755 2659 4809 Juda-os
2707 4768 3082 4823 persecutores
3115 4773 3268 4824 suos,
3304 4770 3359 4812 et
3411 4772 3500 4812 eos
3541 4760 3622 4826 qui
3655 4771 3702 4806 sc

2167 4851 2571 4912 abominantur,
2614 4849 2668 4900 in
2717 4847 2836 4901 loco
2893 4848 3126 4903 fratrum
3181 4853 3436 4913 habeant,
3487 4852 3703 4903 dicentes

2169 4956 2289 4994 cum
2321 4939 2480 4994 Petro
2507 4957 2522 4994 :
2562 4937 2677 4993 Viri
2713 4939 2906 5008 fratres
2937 4955 2986 4997 et
3027 4953 3225 5010 patres,
3245 4945 3406 5014 803
3430 4945 3630 5006 audite;
3660 4949 3706 4993 et

2084 3048 2126 3104 C

2168 5102 2402 5170 gendum
2440 5110 2542 5163 est,
2578 5118 2701 5156 nam
2734 5113 2788 5157 et
2817 5103 3040 5173 Vulgata
3063 5106 3230 5159 editio
3259 5119 3437 5158 servat
3469 5106 3558 5156 hoc
3590 5111 3704 5152 teu-

2169 5187 2292 5239 pus,
2332 5175 2456 5245 dunt
2508 5173 2685 5242 legit:
2740 5175 2996 5226 Dixerunt
3051 5179 3241 5245 fratres
3295 5174 3704 5245 vestrirodientes

2167 5259 2276 5304 cos,
2308 5252 2356 5294 et
2382 5244 2686 5311 abjicientes
2715 5258 2922 5312 propter
2947 5244 3132 5298 nomen
3158 5262 3350 5297 meum.
3380 5247 3441 5297 lit
3471 5244 3703 5307 Hierony-

2170 5328 2288 5364 mus
2315 5314 2441 5365 dum
2473 5325 2570 5382 ait,
2601 5312 2700 5377 Qui
2727 5321 2970 5373 oderunt,
2993 5327 3041 5368 et
3072 5328 3315 5382 separant
3347 5333 3458 5368 vos.
3493 5315 3544 5366 lu
3569 5325 3701 5377 quem

2168 5396 2383 5434 sensum
2409 5381 2550 5436 LXX
2585 5384 2802 5448 habent,
2831 5385 2933 5450 Qui
2955 5381 3172 5440 oderunt
3213 5403 3323 5448 vos,
3349 5398 3393 5437 et
3423 5385 3703 5438 abominan-

2171 5462 2274 5504 tur.
2302 5451 2410 5504 Ncc
2437 5469 2628 5504 nurum
2663 5471 2784 5506 cunt
2819 5472 2897 5508 sic
2953 5473 3165 5524 quoque
3201 5459 3252 5510 in
3289 5457 3545 5512 liebratco
3577 5455 3702 5519 lcga-

2170 5533 2256 5576 tur
2289 5530 2503 5582 ειν-ιω
2541 5530 2784 5583 ωηυω.

2167 5590 2262 5718 ne‘
2292 5593 2560 5664 Corrupte
2592 5605 2750 5650 antea
2801 5605 2918 5651 erat
2976 5597 3328 5667 spiritualiter
3375 5613 3473 5671 pro
3527 5590 3701 5665 εριάα·

2189 5680 2204 5715 ι
2260 5678 2306 5716 r.
3133 5693 3154 5712 .

2189 5672 2306 5716 iter.
3133 5693 3154 5712 ο
