3950 6180
278 360 378 424 681

788 363 1280 425 COMMENTAR.
1323 361 1414 423 1M
1455 361 1721 422 ISAIAM
1764 359 2222 421 PROPilETAM
2259 361 2404 421 LIB.
2447 360 2667 434 XVIII,
2731 357 2886 420 CAP.
2929 361 3124 422 LXVI.

3418 359 3527 424 θεῖ

283 474 452 530 Paulo
480 472 767 543 apostolo:
795 475 1038 530 Tristitia
1068 477 1194 530 mihi
1218 484 1317 539 est,
1340 485 1387 528 et
1412 474 1691 527 continuas
1712 471 1861 526 dolor
1891 475 1934 530 Α
1964 472 2066 526 lem
2099 482 2260 543 atque
2295 473 2563 543 dejectum
2599 471 2784 526 videre
2815 487 2919 526 non
2951 485 3260 541 possumus.
3299 471 3526 529 Statim-

276 567 563 622 cordimeo
591 584 686 635 pro
746 568 1003 636 fratribus
1063 567 1195 622 meis
1253 568 1346 633 qui
1410 574 1532 618 sunt
1586 563 1856 619 Israelita:

278 653 454 724 (Rom.
493 657 672 724 αλ).
711 656 1061 712 Gloriticatur
1121 667 1304 710 autem
1362 669 1554 709 nomen
1615 653 1850 718 Domini,

277 748 499 816 quando
537 747 776 802 viderint
814 746 1066 801 homines
1122 755 1534 816 persecuturum
1594 744 1852 800 feret-iatn

276 850 462 894 nostra
499 839 675 909 frangi
729 839 1008 908 patientia,
1071 848 1125 892 et
1180 839 1554 893 verberantem
1612 852 1853 902 manum,

273 930 503 984 alterius
571 931 729 984 nia-lae
790 929 1114 985 obversione
1172 929 1454 983 confundi.
1525 929 1726 993 Quibus
1801 929 1853 981 iu

277 1021 572 1089 Evangelia
611 1021 959 1090 praecipitur:
994 1019 1191 1074 Luceat
1215 1020 1388 1073 lumen
1415 1029 1644 1073 vestrum
1673 1035 1854 1072 coram

271 1113 597 1176 hominibus,
626 1121 682 1165 ut
704 1111 935 1166 videntes
966 1112 1102 1165 bona
1134 1128 1292 1181 opera
1322 1123 1513 1176 uestra,
1554 1111 1850 1179 gloriﬁcent

275 1203 495 1257 Patrem
516 1214 744 1256 vestrum
767 1205 858 1269 qui
885 1205 938 1257 in
967 1204 1109 1256 cretis
1135 1216 1212 1256 cst
1242 1203 1458 1274 (Matth.
1479 1219 1529 1270 τ,
1556 1203 1642 1272 16)
1671 1219 1685 1268 ;
1715 1213 1767 1256 et
1801 1205 1852 1256 in

271 1294 594 1363 Apocalypsi
625 1292 854 1347 Joannis
881 1310 895 1351 :
927 1294 1126 1348 Timete
1175 1295 1369 1356 Deum.
1394 1307 1443 1348 et
1469 1295 1593 1348 date
1644 1296 1692 1347 ei
1737 1294 1853 1364 gloo

271 1388 410 1438 riam
444 1386 630 1454 (Apoc.
670 1400 780 1451 xtv,
811 1386 888 1454 7).
919 1387 1118 1441 Paulus
1168 1401 1384 1455 quoque
1408 1387 1600 1440 scribit
1644 1387 1709 1438 ad
1741 1386 1850 1439 (Jo-

270 1478 530 1542 rinthios,
568 1493 870 1546 provocans
905 1493 1001 1531 eos
1032 1477 1101 1532 ad
1151 1478 1543 1532 continentiam
1575 1496 1589 1532 :
1629 1475 1698 1530 Ut
1737 1477 1854 1546 glo-

267 1570 489 1635 riﬁcetis
523 1567 683 1622 Deum
711 1569 763 1622 in
796 1585 1017 1636 corpore
1050 1579 1219 1623 vestro
1287 1567 1336 1638 (1
1373 1567 1500 1624 Cor.
1538 1584 1610 1632 vi,
1636 1568 1750 1634 20).
1788 1568 1853 1622 Et

268 1677 486 1716 rursum
512 1660 680 1714 :Sive
708 1661 1008 1724 comeditis,
1044 1663 1151 1714 sive
1195 1661 1398 1727 bibitis,
1441 1664 1618 1714 omnia
1659 1664 1708 1715 in
1740 1662 1854 1730 gtoe

263 1754 405 1804 riam
438 1752 530 1804 Dei
555 1753 718 1822 facite
776 1750 821 1822 (Ι
855 1751 980 1806 Cor.
1020 1767 1076 1815 ι,
1128 1752 1242 1822 51).
1301 1752 1456 1808 Unde
1478 1761 1535 1827 et.
1591 1753 1851 1806 Domitius

273 1845 731 1899 maledicentibus
758 1843 1319 1898 nou-remaledirebat
1367 1841 1419 1911 (1
1452 1840 1595 1898 Petr.
1639 1843 1697 1914 ιι)
1728 1884 1744 1909 ,
1801 1854 1853 1899 et

271 1952 369 2003 pro
393 1939 836 2007 persecutoribus
880 1936 1227 2006 precabatur.
1264 1935 1422 2001 Quod
1481 1945 1663 1989 autem
1715 1951 1855 2004 pra:-

261 2032 445 2098 cipit;
481 2029 649 2083 Dicite
681 2030 938 2100 fratribus
1000 2030 1188 2083 vestris
1219 2027 1440 2096 (Matth.
1505 2044 1696 2093 xxvm,
1740 2028 1850 2094 10),

267 2135 373 2171 non
406 2119 730 2188 simpliciter
757 2117 1130 2186 accipiendum
1161 2127 1265 2183 est,
1296 2117 1532 2187 alioquin
1565 2118 1717 2172 multi
1743 2117 1852 2172 ira-

258 2217 382 2265 tres
418 2222 638 2274 vocant,
671 2221 724 2264 et
752 2211 805 2263 in
832 2209 1003 2268 corde
1036 2224 1144 2263 non
1198 2212 1440 2263 retinent
1497 2209 1846 2272 charitatem,

257 2299 330 2352 de
364 2301 566 2368 quibus
590 2299 780 2354 scribit
811 2299 1099 2368 Apostolus
1130 2314 1150 2354 ς
1201 2297 1366 2351 Deum
1411 2300 1729 2366 conﬁtentur
1794 2313 1850 2350 se

263 2393 425 2454 scire,
451 2392 694 2460 operibus
717 2400 891 2444 autem
925 2402 1114 2460 negant
1151 2391 1283 2460 (Tit.
1327 2407 1366 2456 ι,
1398 2391 1504 2459 16).
1541 2389 1616 2444 De
1651 2393 1846 2458 quibus

261 2495 317 2537 et
352 2484 619 2538 Dominus
655 2485 1014 2552 loquebatur:
1040 2482 1162 2536 Non
1194 2485 1364 2537 omnis
1397 2483 1486 2553 qui
1515 2483 1642 2534 dicit
1672 2482 1799 2534 mihi
1826 2497 1844 2534 :

269 2575 514 2640 Domine,
560 2575 798 2642 Domine,
833 2576 1052 2628 intrabit
1081 2577 1134 2629 in
1161 2591 1372 2645 regnum
1429 2574 1714 2627 contorum:
1751 2574 1844 2628 sed

271 2666 347 2732 Ini
373 2666 510 2732 facit
555 2664 877 2717 voluntatem
923 2663 1103 2718 Patris
1160 2665 1259 2718 mei
1309 2666 1400 2734 qui
1461 2667 1514 2717 iu
1571 2663 1710 2717 caelis
1768 2673 1846 2716 est

255 2756 488 2819 (Matth.
517 2773 614 2820 vn,
648 2756 764 2824 2t).
790 2758 989 2825 Sicque
1015 2767 1165 2810 stare
1198 2767 1373 2825 potest
1407 2758 1494 2811 illa
1529 2762 1840 2814 sententia:

262 2847 438 2901 Natta
461 2850 610 2914 dicit,
661 2848 916 2902 Dominus
942 2849 1126 2914 Jesus,
1174 2851 1278 2901 nisi
1333 2851 1385 2902 iu
1417 2847 1620 2916 Spiritu
1660 2865 1844 2903 sauc.o

259 2939 306 3008 (1
334 2941 466 2995 Cor.
502 2957 597 3004 xu,
625 2940 702 3009 5).
737 2942 870 2994 Nam
903 2957 1024 2995 cum
1059 2941 1298 2996 haeretici
1337 2943 1517 2994 ditant
1550 2939 1838 2996 Dominum

256 3032 473 3092 Jcsutn.
504 3045 557 3086 et
586 3033 736 3086 inuiti
768 3037 817 3086 in
846 3034 1252 3086 resurrectione
1304 3033 1499 3085 dicturi
1527 3042 1694 3089 sunt;
1732 3031 1842 3084 lio-

1959 579 2064 633 que
2115 565 2280 617 infert
2313 581 2328 615 :
2361 561 2474 631 Ipsi
2517 572 2691 618 autem
2719 562 3133 629 confundantur,
3176 562 3524 628 subauditur,

1959 655 2052 722 qui
2091 656 2386 723 loquuntur
2425 654 2572 720 talia,
2605 656 2696 725 qui
2758 671 2867 710 non
2899 656 3212 724 intelligunt
3273 659 3529 726 tnysteria

1961 746 2390 814 Scripturarum,
2444 748 2706 816 malisque
2750 748 2865 802 suis
2915 750 3153 804 sentient
3194 751 3310 818 ejus
3337 759 3528 820 potem

1961 839 2112 901 liam,
2157 855 2318 909 quem
2354 856 2450 908 pro
2484 841 2785 896 humilitate
2815 853 3272 910 contempserant.

2032 931 2210 1002 (Vers.
2247 931 2331 1000 6.)
2369 949 2388 983 ι
2420 932 2527 986 Vox
2545 929 2738 1004 (Vulg.
2772 930 3251 1004 populijt‘reniitus
3284 935 3348 990 de
3387 935 3528 989 ciri-

1964 1033 2094 1088 tate,
2127 1039 2226 1078 vox
2253 1024 2319 1078 de
2347 1025 2572 1092 templo,
2606 1040 2709 1079 vox
2742 1026 2954 1080 Domini
2985 1027 3264 1099 reddentis
3289 1027 3531 1082 retribu-

1954 1115 2160 1170 tionem
2192 1115 2426 1171 inimicis
2458 1117 2592 1172 suis.
2625 1136 2643 1167 ι
2686 1117 2826 1171 LXX
2860 1133 2957 1188 pro
2985 1118 3221 1187 fremitu,
3241 1119 3530 1173 clamorem

1959 1217 2282 1278 posuerunt,
2312 1220 2366 1261 et
2405 1219 2601 1262 cauera
2632 1207 2902 1264 similiter.
2934 1207 3198 1264 Volumus
3237 1212 3379 1265 scire
3409 1227 3531 1278 qua:

1957 1300 2295 1354 sitconinsio
2343 1298 2674 1361 Iudaeorum,
2708 1303 2797 1366 qui
2851 1301 3148 1356 dixerunt:
3185 1301 3532 1357 Gloritlcctur

1957 1390 2242 1454 Dominus,
2277 1399 2335 1442 ut
2375 1400 2608 1444 vestram
2647 1390 2890 1444 lmtitiani
2925 1392 3228 1456 videamus,
3257 1401 3311 1446 et
3342 1393 3530 1446 trium-

1959 1483 2095 1550 phos
2143 1482 2286 1550 regis
2319 1483 2513 1546 vestri,
2549 1499 2890 1553 nequaquam
2925 1486 3096 1540 cassis
3154 1485 3534 1550 promissioni-

1960 1574 2082 1637 bus.
2119 1575 2212 1628 sed
2237 1574 2408 1630 oculis
2432 1577 2880 1646 comcmplemur.
2937 1576 3066 1640 Vox,
3097 1577 3298 1646 inquit,
3322 1576 3532 1632 clamo-

1956 1661 2030 1712 ris
2061 1663 2124 1714 tle
2150 1661 2363 1715 civitate
2382 1676 2403 1716 .'
2429 1661 2574 1718 haud
2609 1664 2829 1718 dubium
2859 1664 2996 1733 quin
3032 1665 3328 1721 Jerusalem
3367 1668 3534 1736 signi-

1959 1752 2081 1807 ticet
2130 1751 2376 1808 Romano
2432 1756 2675 1810 exercitu
2731 1757 3146 1825 circumlatum,
3205 1769 3261 1814 et
3299 1759 3356 1813 in
3421 1769 3531 1813 tres

1881 1815 1927 1874 Β
1955 1851 2140 1910 partes
2169 1843 2316 1897 intus
2343 1845 2608 1899 seditione
2632 1845 2885 1910 divisam,
2923 1815 3145 1916 quando
3177 1863 3317 1902 unus
3363 1846 3528 1901 Tem-

1957 1929 2102 2000 plum
2131 1931 2391 1996 obtinuit,
2418 1940 2474 1987 et
2504 1934 2685 1988 omnia
2720 1935 2868 2004 prius
2897 1945 3084 1992 sancta
3143 1938 3410 2007 possedit,
3451 1937 3530 1991 to-

1957 2021 2204 2077 rinsecus
2237 2033 2431 2077 contra
2482 2024 2693 2089 hostes,
2750 2027 3082 2082 intrinsecus
3131 2038 3322 2082 contra
3380 2028 3527 2082 cives

1951 2111 2241 2167 dimicans.
2278 2112 2356 2168 Bo
2397 2121 2642 2185 tempore
2675 2125 2728 2171 et
2757 2119 2808 2170 in
2857 2119 3009 2182 urbe,
3053 2126 3109 2174 et
3160 2117 3216 2172 in
3275 2116 3526 2190 Temple,

1949 2212 2065 2258 tam
2092 2211 2435 2261 sacerdotum
2466 2217 2519 2262 et
2547 2207 2882 2275 Levitarum,
2922 2225 3086 2279 quam
3129 2211 3271 2282 vulgi
3319 2211 3526 2282 ignobi-

1949 2295 2038 2357 lis,
2069 2296 2468 2367 mulierumque
2494 2314 2556 2355 ac
2580 2315 2872 2370 puerorum
2915 2305 3152 2359 ululatus
3175 2306 3392 2362 auditus
3417 2317 3526 2369 est,

1948 2388 2170 2454 quando
2216 2390 2450 2446 reddidit
2503 2393 2764 2449 Dominus
2822 2396 3230 2452 retributionem
3285 2399 3527 2455 inimicis

1947 2477 2082 2541 suis,
2120 2477 2356 2542 impletis
2403 2482 2883 2537 comminationem
2919 2500 3025 2554 qua
3060 2487 3307 2543 dixerat:
3343 2488 3526 2542 Retin-

1949 2579 2140 2637 quetur
2162 2573 2304 2626 vobis
2355 2575 2542 2628 domus
2581 2586 2749 2629 vestra
2797 2578 3006 2632 deserta
3048 2579 3198 2650 (Luc.
3250 2581 3518 2654 uu,35),

1945 2670 2003 2713 et
2059 2661 2204 2716 illam
2264 2665 2646 2733 praphetiam:
2703 2667 2968 2738 Deretiqui
3045 2673 3258 2726 domum
3324 2691 3520 2732 meum.

1947 2750 2178 2816 Quando
2206 2756 2466 2825 praesides
2499 2760 2682 2830 templi
2715 2776 2956 2818 consona
2995 2765 3186 2836 Angeli
3209 2783 3342 2823 voce
3365 2769 3522 2826 dixe-

1946 2858 2070 2901 runt
2089 2865 2110 2905 ς
2154 2847 2503 2908 Transeamus
2521 2870 2588 2909 ea:
2603 2855 2682 2910 his
2709 2859 2940 2915 sedibus.
2971 2861 3046 2915 De
3069 2863 3265 2931 quibus
3296 2879 3404 2919 non
3433 2882 3524 2921 so.

1940 2937 2053 2992 lum
2105 2939 2380 3012 Joseplius
2427 2948 2468 3012 ‘,
2524 2945 2764 3004 Iudaica:
2821 2953 3061 3021 scriptor
3109 2954 3370 3021 historiae,
3424 2960 3520 3016 sed

1947 3030 2130 3085 multis
2164 3036 2314 3100 prius
2364 3037 2577 3093 saeculis
2633 3039 2924 3096 Psalmista
2975 3052 3228 3112 testatur,
3282 3049 3515 3106 dicens:

258 3128 424 3187 uitiae,
456 3141 623 3177 nonne
663 3129 716 3177 in
745 3126 952 3178 nomine
985 3135 1073 3178 tuo
1108 3125 1550 3194 pmphetavimus,
1573 3134 1624 3178 et
1671 3128 1834 3178 cirtu-
1862 3168 1906 3226 ο
1949 3118 2073 3174 Vidi
2105 3123 2437 3193 iniquitatem
2461 3137 2508 3182 et
2537 3132 3008 3188 contradictionem
3027 3137 3080 3191 in
3099 3138 3315 3193 civitate
3343 3139 3516 3209 (Psal.

257 3229 329 3271 tes
361 3217 563 3270 utullus
592 3221 810 3286 [ecimus
879 3214 1098 3286 (Matth.
1149 3233 1245 3284 vu,
1271 3217 1362 3286 22)
1389 3217 1411 3271 ?
1465 3218 1837 3288 Respondebit

256 3315 332 3365 eis
361 3309 628 3365 Dominus
661 3327 676 3368 :
711 3309 950 3365 Recedite
976 3328 1009 3364 a
1059 3327 1160 3376 me,
1226 3313 1399 3365 nescio
1447 3326 1561 3374 vos.
1611 3311 1838 3378 operarii

254 3406 580 3474 iniquitatis.
616 3403 756 3474 Ergo
808 3404 1010 3469 dicere,
1047 3418 1152 3458 non
1199 3419 1474 3469 sermone,
1523 3404 1614 3473 qui
1658 3403 1839 3458 facitis

255 3508 362 3559 est,
395 3497 490 3549 sed
525 3496 721 3550 atieciu
753 3507 805 3550 et
827 3496 1084 3562 operibus
1140 3496 1552 3564 comprobatur.
1611 3493 1686 3548 Ex
1718 3494 1840 3565 qui-

250 3590 354 3643 bus
407 3592 691 3654 discimus,
719 3592 969 3644 eumdem
1019 3604 1143 3646 esse
1174 3592 1456 3659 utriusque
1503 3587 1840 3644 Testameuti

259 3681 550 3734 [hminum
582 3685 672 3749 qui
703 3683 966 3752 praecipit,
999 3692 1058 3737 ut
1106 3684 1150 3737 si
1187 3683 1480 3738 viderimus
1531 3681 1837 3752 jumentum

251 3774 464 3826 iuiuiiii
494 3774 669 3828 nostri
711 3779 905 3828 cadere
935 3776 1035 3830 sub
1074 3789 1242 3829 onere
1275 3789 1398 3836 suo,
1434 3788 1538 3826 non
1598 3785 1840 3826 transea-

257 3883 401 3926 tuus,
431 3867 526 3919 sed
554 3867 796 3921 levemus
819 3882 942 3920 cuni
971 3882 1058 3933 eo,
1091 3876 1145 3922 et
1175 3868 1220 3921 si
1252 3868 1443 3921 bovem
1500 3874 1595 3917 aut
1621 3864 1836 3916 asinum

252 3958 626 4010 invenerimus
647 3966 943 4020 errantem,
970 3956 1257 4012 reddamus
1277 3957 1326 4010 ei
1353 3954 1506 4026 (Lac.
1537 3972 1626 4020 xv,
1647 3954 1835 4007 Matth.

258 4050 435 4116 xviii).
471 4046 593 4101 ΙΙιιξο
633 4049 789 4117 juxta
849 4044 1015 4101 LXX.
1079 4046 1250 4102 Porro
1295 4048 1454 4118 juxta
1489 4045 1837 4110 llebraicum,

256 4143 342 4194 hic
368 4141 510 4194 inihi
545 4155 736 4194 sensus
767 4139 975 4194 videtur
1005 4161 1018 4197 :
1056 4141 1276 4206 Audite,
1339 4141 1594 4208 apostoli,
1631 4139 1836 4202 audite,

255 4234 506 4299 discipuli
545 4233 668 4290 mei,
697 4233 790 4302 qui
821 4232 1054 4286 tremitis
1093 4233 1316 4287 verbum
1340 4232 1576 4298 Domini,
1606 4232 1837 4286 narrabo

255 4327 377 4390 quid
415 4324 650 4377 dixerint
701 4313 897 4379 tratres
956 4324 1121 4376 vestri
1157 4325 1248 4392 qui
1289 4329 1545 4386 oderunt,
1581 4335 1635 4377 et
1676 4338 1833 4390 sepa-

255 4428 376 4466 l'uttl
413 4429 530 4476 vos,
555 4427 609 4467 et
636 4415 974 4466 arbitrantur
1009 4413 1235 4479 alienos,
1286 4428 1392 4468 non
1416 4422 1643 4482 propter
1693 4413 1834 4466 mala

1941 3223 2050 3274 uv,
2090 3210 2200 3281 10),
2242 3231 2360 3282 qua:
2393 3217 2754 3276 circumdedit
2789 3239 2973 3279 muros
3010 3226 3134 3296 ejus
3188 3238 3298 3283 tota
3350 3230 3438 3285 die
3464 3240 3520 3286 ct

1942 3308 2053 3354 tota
2081 3311 2260 3366 nocte,
2291 3310 2364 3360 ita
2407 3317 2463 3360 ut
2503 3311 2915 3368 subverteretur
2942 3319 3135 3374 civitas
3193 3320 3380 3391 (moti.
3408 3335 3515 3387 ιιι),

1939 3401 1995 3446 et
2020 3393 2340 3461 impleretur
2401 3400 2548 3455 aliud
2613 3404 2974 3462 vaticinium:
3035 3410 3164 3466 Sion
3199 3418 3352 3479 quasi
3394 3434 3519 3485 ager

1935 3486 2219 3540 arabitur:
2252 3499 2299 3541 et
2318 3486 2619 3546 Jerusalem
2653 3495 2808 3565 quasi
2832 3499 3023 3553 casula
3073 3504 3126 3555 in
3152 3513 3517 3563 c-ucumerart'o

1940 3578 2266 3647 relinquetur
2289 3582 2417 3651 (Isa.
2441 3601 2482 3648 ι,
2509 3586 2586 3655 8).

2010 3669 2214 3739 (Vcrs.
2261 3673 2366 3743 7.)
2418 3694 2438 3726 ι
2491 3681 2805 3751 Antequam
2879 3686 3198 3753 partui-iret,
3251 3694 3511 3762 peperit:

1940 3773 2228 3831 antequam
2289 3768 2453 3839 805
2483 3774 2694 3829 veniret
2724 3787 2913 3845 partus
2941 3780 3077 3849 ejus,
3131 3787 3347 3850 peterit
3394 3804 3512 3840 ma-

1940 3855 2168 3908 sculum.
2231 3859 2362 3922 Quis
2421 3865 2628 3918 audivit
2693 3883 2928 3937 unquam
3005 3873 3157 3926 tale?
3208 3877 3328 3944 quis
3379 3879 3512 3935 vidit

1945 3947 2068 4000 huic
2103 3947 2342 4004 similem
2385 3950 2405 4023 [
2453 3953 2604 4026 l'utg.
2647 3958 2913 4031 simile]?
2951 3963 3207 4034 Nunquid
3247 3975 3518 4038 parturiet

1943 4041 2171 4092 terrain
2223 4043 2313 4095 die
2389 4059 2494 4098 una
2536 4061 2550 4096 :
2607 4059 2702 4102 aut
2742 4053 3076 4117 parturietur
3126 4055 3302 4129 [Vulg.
3338 4062 3517 4128 parie-

1944 4142 2030 4184 tur
2058 4129 2076 4201 ]
2105 4149 2234 4199 gens
2275 4135 2486 4189 simul?
2531 4139 2656 4206 quia
2683 4144 2972 4209 parturivit
3028 4155 3084 4202 et
3145 4153 3353 4218 peperit
3380 4153 3512 4208 Sion

1943 4222 2083 4278 filios
2111 4241 2278 4279 suos:
2325 4227 2575 4297 Nunquid
2641 4246 2741 4300 ego
2773 4237 2866 4304 qui
2934 4237 3071 4293 alios
3107 4256 3304 4310 parere
3342 4244 3510 4310 facio,

1940 4315 2054 4385 ipse
2112 4333 2220 4370 non
2288 4322 2541 4386 pariam,
2600 4325 2732 4378 dicit
2798 4328 3103 4387 Dominus?
3160 4334 3213 4388 Si
3261 4353 3362 4407 ego
3420 4343 3510 4410 qui

1939 4411 2344 4476 generationem
2383 4415 2594 4470 caneris
2641 4420 2844 4485 tribuo,
2880 4425 3082 4479 sterilis
3122 4443 3238 4496 ero,
3291 4431 3382 4498 ait,
3411 4432 3516 4487 Do-

254 4515 478 4569 vcstra;
512 4505 602 4556 sed
633 4515 849 4570 propter
880 4519 1076 4558 nomen
1129 4519 1327 4567 meum,
1366 4505 1457 4572 qui
1522 4505 1832 4557 immundos
1862 4516 1909 4576 ο
1941 4503 2120 4556 minus
2161 4503 2298 4560 Deus
2335 4523 2482 4562 tuus.
2519 4528 2539 4562 ι
2587 4511 2730 4566 LXX
2760 4529 2774 4567 :
2816 4532 2834 4566 ι
2871 4517 3174 4588 Antequam
3205 4527 3513 4590 parturiens

253 4592 566 4642 existimant
593 4601 814 4644 cunctos
842 4589 1008 4662 804.
1052 4592 1117 4645 de
1156 4606 1252 4645 sua
1289 4592 1340 4644 in
1384 4606 1469 4646 me
1525 4602 1684 4662 gente
1712 4607 1831 4647 cre-

254 4684 464 4746 dentes,
498 4694 550 4735 et
583 4684 772 4737 dicunt
803 4700 816 4736 :
854 4684 1055 4737 Recede
1083 4701 1114 4736 ιι
1149 4699 1250 4749 me,
1274 4685 1399 4753 quia
1426 4685 1732 4738 immundus
1754 4701 1828 4739 es.

253 4776 391 4838 Quid
423 4791 554 4843 ergo
584 4785 668 4829 est
695 4776 838 4845 quod
869 4790 962 4830 eos
995 4775 1201 4830 dixisse
1226 4788 1620 4830 commemorat
1648 4793 1662 4829 :
1709 4775 1833 4829 Glo-

252 4867 495 4934 riﬁcetur
530 4865 810 4934 Dominus,
853 4879 902 4920 et
947 4868 1230 4921 videbimus
1277 4868 1332 4920 in
1375 4867 1564 4921 thitia
1606 4880 1779 4922 vestra
1804 4869 1833 4922 .9

251 4959 414 5027 Cujus
442 4960 691 5014 versiculi
715 4961 802 5014 hic
831 4947 1023 5014 sensti.
1055 4972 1136 5015 est
1163 4975 1182 5016 ι
1213 4959 1354 5026 Quid
1386 4961 1543 5014 nobis
1573 4961 1830 5014 hllttllletll

250 5051 602 5106 iiitroducitis
632 5053 842 5106 Deum?
872 5053 1000 5121 quid
1037 5053 1356 5107 cruciﬁxum
1385 5063 1440 5108 et
1469 5054 1642 5106 virum
1679 5053 1832 5106 dolo-

255 5159 397 5209 rum,
422 5153 480 5199 et
511 5144 769 5198 scientem
801 5144 948 5199 ferre
979 5145 1370 5200 infirmitates?
1407 5147 1654 5200 volumus
1703 5161 1828 5200 eum

251 5239 306 5294 in
339 5255 440 5294 sua
472 5239 553 5309 (ut
587 5238 784 5310 dicitis)
819 5241 1098 5309 majestate
1122 5240 1440 5308 conSpicere
1468 5247 1785 5307 regnantem
1815 5254 1826 5288 :

253 5314 615 5403 suspicientus
640 5343 701 5387 et
723 5331 775 5385 in
811 5346 910 5386 sua
942 5331 1113 5400 gloria
1143 5331 1597 5400 triumphantem,
1646 5329 1829 5384 ltunii~

323 5565 343 5592 ³
369 5557 499 5612 Vide
528 5574 647 5628 quin
672 5565 1056 5613 annotavnnus
1095 5551 1326 5628 inepist.
1357 5552 1503 5628 183d
1531 5551 1820 5628 Damasum

256 5645 406 5684 num.
456 5634 512 5692 9,
548 5623 598 5682 et
655 5630 709 5682 in
770 5629 929 5695 epist.
995 5628 1062 5680 46
1126 5624 1302 5678 Parthe
1352 5634 1405 5676 et
1433 5623 1720 5695 Eustachii
1753 5628 1823 5678 ad

259 5700 584 5763 Harecllatn,
617 5715 766 5751 tium.
803 5694 858 5759 ι,
921 5707 1082 5764 atque
1136 5695 1264 5747 alibi
1303 5711 1316 5746 :
1351 5694 1548 5762 quibus
1579 5696 1630 5746 iii
1687 5699 1822 5748 locis

259 5771 582 5840 llteronyuzo
622 5767 917 5822 Eusebium
946 5763 1285 5819 ostendimus
1329 5765 1684 5833 iuij'nsuissc.
1722 5763 1818 5819 llic

583 5869 850 5925 l‘n‘itot.
896 5866 1022 5924 ΚΧ)
1039 5865 1077 5914 V
1093 5907 1107 5922 .

1937 4595 2110 4662 pariat
2149 4612 2164 4648 :
2199 4607 2490 4668 antequam
2535 4605 2720 4658 veniat
2772 4608 2926 4662 dolor
2966 4612 3406 4680 parturientium,
3431 4618 3512 4669 cf-

1935 4684 2125 4752 l'ugiat,
2163 4697 2219 4740 et
2262 4692 2476 4758 peperit
2520 4697 2843 4750 masculum.
2869 4699 3003 4764 Quis
3036 4704 3242 4758 audivit
3301 4707 3427 4771 tale,
3456 4721 3509 4759 ct

1935 4779 2058 4846 quis
2104 4781 2237 4833 vidit
2276 4783 2499 4839 simile?
2527 4788 2582 4839 Si
2636 4790 2927 4857 parturirit
2959 4803 3102 4847 terra
3137 4797 3191 4850 in
3224 4796 3314 4851 die
3358 4813 3509 4866 una;

1934 4881 2028 4922 aut
2081 4886 2128 4924 st
2199 4883 2320 4926 nata
2384 4887 2468 4928 est
2502 4892 2636 4948 gens
2686 4881 2869 4946 simul,
2920 4884 3048 4952 quia
3107 4889 3398 4955 parturivit
3455 4904 3510 4944 et

1935 4963 2144 5030 peperit
2193 4963 2320 5018 Sion
2385 4971 2646 5036 parvulos
2707 4987 2858 5028 suos.
2939 4975 3049 5045 Ego
3119 4987 3301 5035 autem
3386 4985 3504 5038 dedi

1935 5058 2396 5123 exspectationem
2447 5063 2611 5131 hanc,
2673 5076 2724 5119 et
2767 5083 2874 5121 non
2935 5075 3222 5127 recordata
3271 5089 3332 5131 es
3372 5081 3505 5143 mei,

1933 5146 2067 5200 dicit
2112 5147 2390 5206 Dominus.
2424 5152 2618 5224 Nonne
2659 5173 2759 5226 ego
2791 5161 3092 5228 parientem
3150 5175 3205 5221 et
3265 5171 3504 5224 sterilem

1935 5237 2060 5305 feci,
2094 5244 2222 5299 dicit
2249 5243 2387 5298 Dens
2422 5248 2584 5301 tuus?
2612 5274 2632 5301 ο
2659 5249 2912 5307 Clamore
2944 5269 3233 5314 resonante
3253 5264 3317 5314 de
3351 5260 3508 5316 Jeru-

1933 5336 2100 5388 salem
2137 5347 2192 5390 et
2251 5339 2452 5406 templo
2490 5341 2631 5407 ejus,
2663 5345 2881 5410 quando
2931 5347 3155 5404 obsessa
3189 5361 3354 5421 atque
3377 5361 3507 5408 sub.

1933 5574 2132 5641 antenr
2173 5566 2378 5641 rectius
2437 5566 2630 5641 saltem
2683 5583 2806 5624 cum
2866 5573 3106 5641 Josepbo
3133 5577 3328 5632 sentit.
3374 5580 3508 5635 Vide

1931 5634 2264 5690 Chronicum
2297 5640 2362 5692 ad
2395 5653 2484 5692 an.
2515 5638 2718 5695 Christi
2757 5658 2952 5710 xxxiii,
2983 5634 3038 5698 et
3069 5660 3190 5713 qua:
3215 5649 3290 5706 ibi
3317 5634 3510 5704 υιιοειέ

1935 5721 2145 5762 vanius.

3045 5878 3125 5937 22
