3950 6180
473 305 596 371 ‘633

1670 308 1729 369 S.
1772 307 2079 368 EUSEBII
2123 305 2570 368 HIERONYMI

3587 312 3682 377 6M

471 433 635 474 versa
689 426 796 484 est,
851 427 906 474 et
949 417 1188 474 inimicis
1239 415 1466 484 Christi,
1493 415 1586 488 qui
1614 416 1784 471 Deum
1831 418 2060 487 ’regem
2093 425 2133 479 Α
2168 418 2375 470 nomine
2424 415 2606 470 Patris
2670 425 2717 468 et
2755 413 2887 470 Filii
2935 423 2985 468 et
3026 414 3253 486 Spiritus
3299 421 3460 475 sancti
3504 420 3683 492 (Manli-

474 511 754 579 suscipere
779 510 1090 576 noluerunt,
1113 509 1502 580 recipientibus
1519 525 1615 579 pro
1637 510 1917 580 impietate
1951 525 2052 564 sua

2165 522 2354 572 xxvtu,
2392 506 2500 576 19),
2533 514 2868 563 utuascatur
2926 524 3100 565 novus
3150 511 3393 580 populus,
3418 512 3478 566 de
3523 532 3615 582 quo
3645 527 3689 570 tt

474 608 639 670 atque
681 600 1034 670 blasphemiis
1062 609 1263 656 aeterna
1295 600 1583 670 supplicia,
1616 599 1858 656 Ecclesia
1883 604 1935 655 in
1967 617 2066 657 noo
2159 600 2454 655 vicesimus
2511 601 2720 670 primus
2785 600 3033 656 Psalmus
3096 601 3282 658 canit:
3334 603 3690 661 Annuutiabuut

476 692 622 747 mine
651 691 866 747 Domini
896 703 1242 762 congregata,
1273 692 1340 749 de
1359 707 1465 762 qua
1501 693 1557 747 in
1587 693 1802 748 Psalmo
1830 695 2058 749 dicitur:

480 787 653 837 Homo
679 792 835 853 natus
892 784 948 838 in
994 801 1055 839 ea
1085 801 1104 839 :
1132 796 1180 839 et
1210 787 1321 855 ipse
1350 785 1588 854 fundauit
1617 802 1734 840 eam
1771 786 2063 840 altissimus

2162 693 2276 748 caeli
2309 694 2571 757 iustitiam
2604 693 2741 763 ejus,
2793 694 2986 762 populo
3018 695 3110 764 qui
3144 704 3405 758 nascetur,
3432 712 3569 764 quem
3593 696 3692 764 [erit

2165 785 2418 838 Dominus
2490 783 2685 854 (Psal.
2722 801 2835 850 nti,
2881 783 3014 854 52).
3068 783 3131 838 Et
3191 785 3380 840 iterum
3423 803 3438 843 :
3489 786 3693 856 Populus

475 872 888 941 (Psal.t.xxxv1,
913 875 1302 946 5),antequam
1324 878 2064 946 parturiret,peperit,aute-
2159 878 2250 946 qui
2287 875 2572 943 creabitur,
2608 876 2844 930 laudabit
2890 875 3175 929 Dominum
3234 875 3251 944 (
3285 875 3432 930 Psal.
3484 892 3550 941 cr,
3589 879 3692 948 ~19).

472 979 635 1031 quam
673 965 882 1020 veniret
903 979 1100 1036 partus
1154 968 1293 1036 ejus,
1326 969 1514 1038 genuit
1557 969 1880 1024 masculum.
1938 967 2057 1024 Non

473 1057 618 1110 enim
641 1057 812 1110 multo
833 1068 1099 1127 tempore,
1119 1069 1172 1112 ut
1195 1060 1424 1130 populus
1449 1059 1754 1116 Judaaorum
1777 1077 1871 1130 per
1885 1061 2060 1116 Abra-

473 1149 620 1215 ham,
642 1159 695 1203 et
723 1149 899 1213 Isaac,
931 1159 982 1205 et
1015 1139 1294 1216 Jacob,’et
1323 1151 1607 1208 duodecim
1641 1155 1980 1221 patriarchas
2005 1163 2060 1208 et

474 1254 686 1292 rursum
716 1239 1026 1308 perliberos
1047 1256 1233 1296 eorum
1255 1257 1317 1295 ac
1352 1253 1572 1310 nepotes
1593 1243 1763 1298 crevit
1780 1244 1832 1297 in
1861 1245 2057 1314 majus,

470 1332 562 1384 sed
619 1332 686 1385 ad
743 1331 1120 1402 Evangelicam
1177 1333 1618 1403 praadicationem
1659 1337 1841 1390 statim
1880 1339 2058 1393 omnis

473 1423 706 1482 mundus
728 1425 998 1492 concepit,
1020 1434 1073 1478 et
1093 1441 1154 1494 pa
1166 1427 1402 1492 rturivit,
1421 1436 1473 1482 et
1495 1430 1702 1497 peperit
1731 1430 2051 1491 masculum.

473 1528 634 1581 quem
657 1513 870 1569 Pharao
887 1526 940 1568 et
962 1515 1205 1572 Herodes
1226 1519 1566 1575 conabantur
1592 1521 1862 1584 occidere,
1889 1521 1978 1590 qui
2005 1530 2060 1576 et

479 1603 533 1655 in
563 1603 765 1673 Moyse,
800 1613 853 1658 et
911 1605 962 1659 in
1012 1606 1230 1663 Christo
1287 1610 1528 1664 salvatus
1559 1612 1612 1664 in
1669 1609 1903 1682 Egypto
1944 1620 2049 1666 est.

479 1695 730 1766 Denique
794 1698 1071 1752 Abraham
1117 1709 1173 1754 et
1261 1700 1410 1756 Isaac
1478 1703 1751 1758 masculos
1809 1704 2050 1759 habuere

473 1786 695 1851 liberos,
751 1797 807 1842 et
843 1786 1010 1844 Jacob
1037 1791 1332 1846 multorum
1384 1793 1626 1850 ﬁliorum
1668 1803 1846 1863 pater,
1878 1810 2046 1849 unam

470 1880 660 1946 genuit
701 1880 892 1946 tiliam,
950 1897 1048 1951 pro
1081 1897 1190 1952 qua
1250 1887 1384 1938 dura
1423 1900 1714 1955 perpessus
1739 1895 1825 1940 est
1874 1885 2050 1956 (Gen.

472 1972 716 2041 χχχιιι).
779 1973 934 2038 Quod
989 1975 1035 2028 si
1093 1974 1218 2029 tiliae
1278 1975 1554 2044 Salpliaad
1627 1976 1724 2033 Dei
1776 1979 2052 2034 sententia

474 2065 744 2133 recipiunt.
801 2066 1170 2122 haereditatem
1210 2068 1381 2138 patris
1422 2067 1636 2138 (Num.
1697 2085 1842 2124 xxvtt
1877 2071 1920 2138 ),
1953 2071 2054 2126 hoc

475 2159 924 2212 considerandum
981 2167 1086 2226 est,
1143 2162 1289 2230 quod
1317 2169 1470 2229 pater
1507 2176 1695 2215 earum
1738 2163 1792 2216 in
1824 2171 2050 2232 peccato

479 2262 580 2303 suo
650 2258 904 2306 mortuus
967 2251 1061 2316 sit,
1113 2252 1207 2321 qui
1265 2252 1472 2304 nullum
1530 2252 1698 2306 ﬁlium
1739 2252 1949 2321 genuit,
1999 2261 2056 2308 et

473 2339 689 2411 Moyses
727 2341 865 2396 nihil
911 2357 1078 2412 super
1119 2342 1203 2398 eis
1259 2359 1423 2397 ausus
1449 2341 1620 2397 fuerit
1649 2345 1926 2416 judicare,
1960 2344 2054 2400 sed

473 2431 663 2486 retulit
697 2432 764 2485 ad
800 2429 1113 2496 Dominum,
1170 2432 1261 2502 qui
1287 2447 1380 2487 eas
1425 2449 1490 2487 ne
1539 2433 1732 2504 inopes
1774 2449 2058 2504 permane-

474 2531 631 2588 rent,
685 2522 850 2592 jussit
909 2522 1179 2579 fratribus
1217 2526 1484 2594 c0pulari.
1536 2524 1816 2581 Geneseos
1844 2543 2057 2597 quoque

474 2616 663 2671 narrat
692 2616 827 2671 liber
847 2625 988 2685 (cap.
1028 2617 1127 2686 v1),
1159 2619 1302 2688 qunti
1329 2627 1617 2688 postquam
1641 2631 1930 2689 coeperunt
1958 2621 2058 2673 ho-

473 2708 649 2762 mines
700 2707 853 2762 multi
907 2707 1057 2773 lieri,
1111 2708 1202 2778 qui
1271 2722 1534 2762 numerus
1584 2723 1798 2778 semper
1845 2710 1896 2762 in
1927 2710 2059 2763 vitio

481 2810 586 2867 est,
606 2809 662 2853 et
687 2799 806 2854 lilia:
836 2800 916 2853 cis
942 2806 1080 2854 nata:
1110 2808 1256 2866 sunt,
1278 2810 1604 2868 acceperunt
1632 2801 1927 2871 eas,806
1950 2817 2057 2856 non

475 2891 676 2961 angeli,
723 2891 818 2946 sed
854 2891 948 2944 lilii
982 2889 1101 2956 Dei,
1134 2891 1200 2945 de
1228 2891 1426 2956 quibus
1455 2895 1561 2945 orti
1601 2902 1729 2946 sunt
1767 2896 2010 2963 gigantes
2039 2911 2056 2950 :

473 3000 589 3040 Stve
625 2992 681 3038 ut
711 2985 764 3038 in
823 2985 1054 3039 llebrato
1110 2987 1373 3055 scriptum
1410 2994 1494 3054 est
1539 2987 1949 3052 ὲπιπίπτοντες,
2004 2987 2055 3040 id

2160 967 2259 1023 ilic
2309 978 2492 1022 autem
2554 967 2788 1039 populus
2821 983 2928 1020 uno
2958 978 3177 1022 creatus
3207 977 3288 1021 est
3323 969 3429 1033 die,
3476 985 3617 1038 quem
3641 971 3696 1022 ξι.

2165 1059 2364 1114 lustrat
2401 1059 2477 1114 sol
2533 1059 2777 1129 justititn,
2845 1060 3064 1112 dicente
3101 1057 3386 1127 Scriptura
3419 1077 3432 1113 ε
3478 1059 3581 1112 Erit
3621 1061 3698 1112 tibi

2161 1151 2414 1206 Dominus
2483 1153 2577 1205 lux
2643 1153 2966 1221 sempiterna
3013 1149 3153 1221 (Isa.
3185 1167 3276 1215 1.x,
3312 1150 3418 1219 l9).
3447 1149 3700 1204 Possumus

2158 1240 2263 1296 hoc
2287 1244 2432 1311 quod
2471 1242 2710 1296 dicitur:
2745 1241 2957 1297 Orietur
3006 1258 3131 1311 gens
3167 1243 3344 1306 simul,
3405 1244 3521 1310 quia
3547 1257 3700 1310 partu-

2155 1333 2278 1386 rivit
2315 1345 2364 1387 et
2397 1337 2594 1402 peperit
2629 1333 2758 1388 Sion
2786 1334 2926 1402 ﬁlios
2977 1350 3121 1397 suos,
3156 1344 3209 1389 et
3241 1338 3306 1388 ad
3349 1336 3476 1390 illud
3518 1347 3699 1404 tempus

2156 1423 2384 1486 referre,
2459 1424 2676 1491 quando
2741 1439 2844 1476 una
2911 1422 3000 1476 die
3043 1423 3144 1477 tria
3213 1424 3381 1477 millia
3415 1434 3467 1478 et
3493 1424 3696 1494 quinque

2159 1515 2325 1568 millia
2350 1514 2371 1546 ⁸
2399 1517 2462 1569 de
2506 1513 2734 1569 Judalco
2768 1517 2963 1583 populo
3005 1516 3357 1570 crediderunt
3407 1515 3565 1584 (Act.
3611 1519 3696 1580 ιι).

2155 1607 2363 1661 Dicitur
2427 1622 2642 1677 quoque
2708 1608 2761 1660 in
2826 1609 3013 1661 eodem
3083 1617 3302 1661 actuum
3361 1608 3697 1676 Apostolorum

2157 1699 2296 1754 libro
2355 1700 2498 1768 quod
2539 1700 2606 1752 de
2647 1699 2918 1753 universis
2978 1698 3237 1767 gentibus
3269 1714 3388 1768 quae
3432 1701 3529 1753 sub
3581 1702 3698 1752 ctelo

2151 1800 2304 1853 sunt.
2345 1790 2552 1845 iuerint
2600 1789 2657 1844 in
2707 1787 3036 1856 Jerusalem,
3089 1791 3176 1858 qui
3227 1791 3516 1844 audiebant
3559 1792 3700 1844 variis

2155 1881 2358 1949 linguis
2417 1882 2701 1951 loquentes
2768 1883 3044 1950 magnalia
3087 1881 3178 1936 Dei
3223 1880 3437 1950 (Ibid.).
3476 1882 3700 1950 Quodque

2154 1970 2410 2041 sequitur
2437 1970 2591 2040 juxta
2608 1969 2779 2035 LXX,
2811 1969 2922 2040 Ego
2945 1979 3122 2023 autem
3151 1971 3270 2024 dedi
3296 1973 3700 2040 exspectationem

2153 2063 2308 2126 hanc,
2343 2070 2392 2116 et
2420 2077 2518 2114 non
2553 2062 2830 2115 recordata
2862 2077 2916 2114 es
2947 2065 3071 2124 mei,
3105 2063 3228 2115 ditit
3269 2061 3538 2118 Dominus.
3564 2065 3698 2134 807

2153 2154 2338 2208 Nonne
2385 2171 2477 2224 ego
2502 2155 2797 2224 parientem
2851 2166 2901 2208 et
2951 2154 3182 2208 sterilem
3221 2155 3346 2226 feci,
3408 2157 3539 2210 dixit
3581 2156 3698 2210 Deus

2157 2255 2303 2311 tuus,
2359 2245 2699 2301 rnanil‘eStius
2731 2248 2782 2300 in
2825 2246 3094 2301 Hebraico
3125 2248 3369 2316 ponitur,
3394 2247 3480 2302 cui
3525 2248 3699 2302 etrcli-

2158 2338 2247 2404 qui
2281 2337 2606 2406 interpretes
2651 2343 2961 2407 congruunt
3001 2352 3016 2390 :
3076 2335 3336 2406 Nunquid
3369 2353 3457 2405 ego
3485 2337 3567 2406 qui
3593 2337 3701 2389 alios

2169 2443 2354 2494 parere
2399 2426 2541 2494 facio
2601 2427 2709 2494 ipse
2749 2443 2850 2480 non
2916 2426 3150 2494 pariant,
3194 2429 3325 2480 dicit
3354 2427 3630 2482 Dominus?
3657 2426 3703 2482 Si

2157 2534 2254 2587 ego
2282 2519 2369 2586 qui
2401 2519 2802 2587 generationem
2821 2517 3026 2571 ceeteris
3053 2520 3245 2582 tribuo,
3272 2517 3470 2572 sterilis
3503 2535 3604 2584 ero,
3639 2519 3701 2570 ait

2168 2606 2428 2660 Dominus
2479 2607 2617 2661 Deus
2675 2617 2830 2672 tuus,
2891 2611 3186 2662 secundum
3249 2609 3382 2662 illud
3431 2609 3564 2677 quod
3598 2608 3702 2661 alibi

2159 2696 2358 2751 dicitur
2401 2713 2416 2751 :
2473 2697 2574 2762 Qui
2601 2698 2864 2766 plantavit
2904 2715 3108 2763 aurem,
3144 2714 3245 2752 non
3294 2698 3494 2762 audiet,
3539 2705 3586 2752 et
3631 2699 3702 2766 qui

2160 2789 2318 2856 ﬁnxit
2366 2789 2615 2851 oculum,
2688 2808 2788 2843 non
2821 2793 3119 2846 considerat
3150 2790 3168 2864 (
3200 2788 3359 2847 Psal.
3393 2807 3563 2855 XXXIX,
3599 2787 3701 2858 9);

2159 2881 2301 2947 quod
2335 2882 2542 2935 scilicet
2571 2881 2662 2950 qui
2695 2897 2884 2934 otiines
2931 2883 3179 2935 homines
3206 2885 3416 2937 creavit
3447 2898 3508 2940 ex
3534 2882 3696 2943 nibilo,

2159 2971 2331 3040 possit
2368 2971 2433 3025 de
2497 2973 2768 3026 universis
2817 2975 3070 3041 gentibus
3116 2989 3279 3026 unam
3339 2985 3538 3044 partem
3576 2974 3621 3026 in
3651 2987 3701 3026 se

476 3086 585 3144 est,
630 3077 908 3130 irruentes.
945 3074 988 3128 E
1021 3077 1299 3132 contrario
1367 3079 1432 3128 ad
1497 3085 1744 3130 sanctum
1805 3077 2053 3134 dicitur:

2171 3066 2507 3117 credentium
2547 3065 2845 3118 Eoi-lesiam
2877 3065 3075 3121 lact-rc.
3109 3065 3356 3133 Denique
3401 3067 3449 3119 in
3483 3066 3702 3118 vicesimo

485 3164 633 3223 Uxor
664 3176 757 3220 tua
809 3167 942 3220 sicut
993 3166 1114 3220 vitis
1169 3163 1531 3219 abundansin
1583 3165 1838 3220 lateribus
1867 3167 2054 3223 domus

476 3268 601 3313 tuae.
651 3256 782 3311 Filii
838 3259 916 3311 tui
960 3258 1096 3312 sicut
1163 3257 1378 3312 nouella:
1437 3258 1719 3324 olivarum,
1750 3259 1805 3313 in
1833 3263 2055 3315 circuitu

480 3367 671 3406 meust:
701 3363 804 3405 tute
841 3353 860 3420 (
897 3349 1042 3404 Psal.
1103 3365 1304 3417 cxxvu,
1334 3352 1367 3405 5
1391 3352 1434 3423 ).
1475 3351 1541 3406 Et
1595 3351 1829 3408 iterum:
1868 3353 2054 3408 Videas

475 3444 613 3511 filios
639 3443 870 3511 ﬁliorum
902 3451 1111 3496 tuorum
1131 3441 1321 3512 (Ibid.,
1354 3443 1432 3514 ὓ).
1463 3441 1684 3514 Peperit
1704 3444 1871 3514 igitur
1899 3442 2053 3512 Sion,

483 3540 582 3590 hoc
619 3546 725 3599 est,
758 3536 1001 3605 reliquiae
1035 3551 1099 3589 ex
1125 3535 1296 3591 Israel
1335 3546 1388 3590 et
1417 3537 1786 3607 apostolorum
1829 3537 2054 3593 creden-

478 3627 608 3679 tium
659 3626 815 3691 lides,
864 3625 1167 3680 masculum
1218 3625 1508 3679 Dominum
1564 3626 1928 3691 Salvatorem,
1961 3627 2052 3698 qui

476 3716 531 3768 in
582 3726 697 3769 toto
753 3714 916 3792 simul
971 3714 1104 3768 orbe
1154 3722 1448 3785 generatus
1497 3725 1582 3770 est
1618 3716 1660 3782 ³,
1700 3718 1840 3786 quod
1874 3717 2054 3772 nullus

481 3807 714 3871 audivit,
754 3806 896 3875 quod
949 3805 1092 3858 nulla
1142 3815 1333 3858 narrat
1386 3803 1637 3870 historia,
1670 3815 1762 3860 aut
1826 3806 2054 3877 alicujus

473 3900 742 3962 doctrina,
801 3908 862 3951 ut
913 3912 1105 3952 omnes
1159 3897 1214 3950 in
1277 3897 1426 3951 brevi
1482 3905 1722 3967 tempore
1769 3902 2053 3954 crederent

477 3989 752 4042 nationes.
792 3985 861 4041 Et
903 3990 966 4042 de
999 3987 1270 4042 universis
1297 3987 1573 4056 gentibus,
1607 4005 1711 4042 una
1735 4005 1871 4060 gens
1900 3992 2056 4045 lieret

478 4081 948 4144 Christianorum,
991 4081 1058 4134 de
1108 4096 1212 4148 qua
1264 4090 1318 4133 et
1371 4080 1574 4136 Paulus
1633 4081 1925 4151 loquitur:
1989 4082 2053 4137 Si

471 4173 655 4239 quain
710 4171 916 4226 Christo
991 4188 1122 4226 nova
1173 4183 1418 4226 creatura
1474 4182 1644 4226 vetera
1689 4173 2054 4240 transierunt;

473 4278 584 4316 ecce
639 4263 783 4330 facta
821 4272 944 4316 sunt
973 4279 1104 4318 nova
1139 4263 1220 4334 (Il
1259 4263 1388 4320 Cor.
1441 4279 1495 4328 v,
1533 4263 1619 4334 ΓΙ)
1653 4280 1667 4316 :
1707 4265 1863 4334 juxta
1927 4266 2054 4320 illud

472 4375 614 4435 quod
653 4367 782 4418 alibi
820 4367 1087 4435 scriptum
1121 4375 1203 4420 est
1237 4381 1250 4419 :
1284 4365 1349 4416 Et
1376 4365 1680 4418 adorabunt
1715 4366 1767 4417 in
1833 4376 2050 4428 conspe-

472 4471 556 4513 ξω
598 4457 710 4525 ejus
765 4473 940 4510 omnes
971 4457 1197 4527 familia:
1237 4459 1470 4526 gentium
1521 4473 1541 4511 .'
1571 4458 1703 4526 quia
1733 4457 1947 4510 Domini
1969 4465 2046 4510 est
2078 4496 2127 4557 ο

471 4567 710 4622 regnum,
741 4561 788 4603 et
813 4552 922 4617 ipse
952 4550 1316 4602 dominabitur
1353 4551 1603 4620 gentium.
1639 4547 1832 4604 Omnes
1883 4550 2046 4616 enim,

471 4644 571 4704 ait,
635 4651 811 4711 gentes
846 4656 976 4709 quas
1004 4641 1196 4710 fecisti,
1231 4642 1458 4704 venient,
1489 4650 1536 4694 et
1560 4640 2052 4694 adorabuntcoram

472 4747 541 4798 te,
569 4744 617 4788 et
643 4733 1017 4805 glori/imbuat
1043 4747 1228 4785 nomen
1262 4741 1410 4785 tuum
1435 4731 1606 4804 (Psal.
1643 4733 1842 4796 xxt,28
1871 4732 2051 4802 seqq.)

475 4827 550 4882 De
580 4843 688 4896 quo
724 4828 856 4880 dicit
881 4823 1048 4880 Jacob
1097 4840 1112 4878 :
1169 4824 1302 4892 Ipse
1336 4834 1412 4878 est
1467 4825 1786 4893 exspectatio
1818 4826 2052 4893 gentium

475 4919 646 4989 (Gen.
679 4933 824 4980 XLIX,
864 4916 974 4986 10).
1029 4915 1098 4970 Ει
1129 4915 1414 4971 Psalmista
1449 4933 1464 4969 :
1501 4915 1629 4985 Spes
1689 4917 1925 4970 omnium
1988 4915 2088 4996 ﬁ-I

478 5012 623 5063 nium
681 5021 835 5064 terrte
867 5007 1063 5079 (Psal.
1099 5021 1246 5073 thv,
1283 5009 1362 5077 6).
1398 5007 1462 5062 Et
1514 5009 1655 5063 idem
1690 5008 1861 5063 Isaias
1891 5023 2053 5076 quem

478 5116 623 5155 nunc
657 5101 1010 5154 edisseritnus
1049 5114 1063 5155 :
1106 5098 1219 5152 Erit
1262 5099 1418 5153 radix
1445 5099 1614 5161 Jesse,
1647 5107 1696 5151 et
1728 5099 1820 5168 qui
1848 5105 2052 5165 surget,

479 5204 533 5244 ut
586 5192 824 5260 princeps
874 5191 938 5244 sit
982 5192 1236 5260 gentium,
1286 5191 1342 5244 in
1386 5191 1498 5258 ipso
1549 5200 1726 5259 gentes
1766 5197 2056 5258 speranunt

478 5281 620 5353 (lsa.
677 5296 754 5346 xl,
787 5280 853 5334 10
880 5280 936 5349 );
993 5281 1342 5350 implentibus
1379 5282 1640 5350 apostolis
1667 5282 1810 5349 quod
1848 5295 2051 5349 pra-ce-

476 5393 510 5446 p
543 5391 630 5429 um
661 5385 742 5428 est
780 5388 794 5426 :
831 5370 1024 5427 Docete
1057 5389 1234 5428 omnes
1268 5383 1463 5443 gentes,
1513 5375 1849 5443 baptizatttes
1870 5391 1960 5427 eas
2000 5375 2054 5426 in

553 5489 568 5517 ¹
593 5486 782 5540 Maluit
813 5484 1088 5540 Victorius
1129 5487 1348 5540 restitui
1389 5485 1772 5543 Brixianorum
1805 5491 2053 5543 codicum

553 5573 574 5610 e
598 5573 716 5611 eum
750 5570 847 5612 oro
881 5555 1070 5612 Deum.
1103 5571 1228 5609 eum
1258 5558 1471 5612 scilicet
1500 5557 1810 5612 Christum.

474 5573 574 5628 ope
598 5573 716 5611 eum
750 5570 847 5624 pro
881 5563 1070 5616 Deum,
1103 5571 1228 5609 eum
1258 5563 1471 5612 scilicet
1500 5563 1810 5613 Christum.

552 5631 571 5659 ⁸
605 5626 842 5681 Verbum
876 5633 955 5679 est
1006 5623 1278 5680 Victorius
1310 5641 1378 5680 ex
1406 5627 1730 5683 Florentinis
1770 5629 2054 5683 codicibus

479 5697 709 5759 sullecit,
742 5712 849 5765 quo
872 5698 990 5750 siue
1005 5696 1246 5768 mutilus,
1273 5706 1324 5749 et
1354 5698 1443 5765 qui
1480 5699 1702 5768 intelligi
1733 5715 1837 5752 non
1869 5710 2054 5766 posset

481 5773 628 5824 locus
659 5769 733 5822 illi
759 5769 904 5824 visus
932 5775 1033 5825 est.
1070 5766 1334 5824 Catlertttn
1354 5778 1404 5822 ct
1437 5778 1491 5821 ut
1515 5766 1746 5837 alicujus
1777 5770 2046 5837 doctrina,

2163 3164 2356 3211 octavo
2434 3156 2671 3222 Psalmo,
2721 3158 2808 3211 ubi
2863 3174 2960 3212 nos
3023 3159 3246 3229 legimus
3287 3177 3305 3213 :
3368 3158 3473 3212 νοις
3527 3157 3702 3211 Domini

2157 3249 2497 3300 concutientis
2551 3250 2818 3308 desertum
2861 3247 3036 3320 (Psal.
3070 3266 3262 3315 xxvttt,
3301 3251 3380 3322 8),
3413 3253 3464 3305 in
3512 3249 3702 3304 Hebrch

2157 3339 2416 3404 scriptum
2441 3347 2563 3391 est:
2611 3335 2720 3391 Vox
2770 3339 2986 3393 Domini
3031 3357 3216 3410 parere
3247 3341 3450 3410 faciens
3480 3341 3706 3394 desertum

2108 3459 2109 3462 η
2160 3426 2350 3500 (Juxta
2376 3425 2703 3500 Hebrteum),
2729 3438 2788 3484 ut
2811 3432 3020 3485 deserta
3055 3433 3204 3502 prius
3224 3433 3470 3490 Ecclesia
3498 3440 3704 3503 generet,

2157 3531 2211 3574 et
2242 3521 2590 3588 perﬁciantur
2621 3524 2766 3577 cervi
2797 3525 3005 3592 apertis
3031 3525 3259 3580 saltibus
3338 3538 3502 3597 atque
3538 3525 3707 3582 contri-

2159 3615 2248 3668 tis.
2297 3613 2469 3669 Porro
2513 3615 2665 3684 juxta
2709 3615 2853 3670 LXX
2897 3617 2984 3671 hic
3057 3633 3253 3672 sensus
3320 3631 3420 3684 est,
3445 3623 3575 3689 quod
3615 3632 3704 3671 uno

2158 3714 2400 3775 tempore
2457 3708 2525 3762 ad
2600 3709 3038 3778 prtedicatiouem
3108 3709 3542 3780 Erangeliorum,
3607 3725 3697 3764 una

2163 3814 2297 3870 gens
2350 3801 2518 3855 totius
2545 3803 2694 3858 orbis
2730 3803 2961 3858 oriatur.
3031 3801 3138 3857 Per
3200 3805 3406 3860 multos
3449 3804 3705 3875 prophetas

2156 3905 2298 3962 saepe
2323 3893 2568 3961 promisi,
2593 3901 2649 3948 et
2677 3909 2789 3949 non
2841 3893 3134 3949 meministi
3165 3897 3542 3965 promissionis
3573 3907 3703 3958 tuear,

2156 3999 2188 4040 ο
2261 3984 2394 4039 urbs
2458 4000 2578 4054 quas
2638 3987 2973 4042 clamoribus
3026 4002 3086 4042 es
3138 3989 3344 4057 plena:
3400 4007 3430 4044 υ
3477 3992 3703 4054 templum

2157 4075 2301 4144 quod
2338 4091 2368 4130 a
2395 4074 2627 4130 Domino
2645 4077 2967 4133 derelictum
2993 4085 3077 4133 est
3111 4094 3126 4132 :
3165 4093 3197 4132 ο
3238 4080 3466 4148 popule,
3505 4078 3584 4132 cui
3608 4077 3705 4130 rel-

2155 4171 2264 4226 didi
2300 4171 2731 4228 vicissitudinem
2774 4189 2927 4228 suam
2963 4190 2978 4228 :
3013 4171 3206 4229 Nonne
3235 4189 3361 4242 ego,
3403 4175 3588 4244 inquit,
3617 4170 3700 4226 ieci

2155 4264 2550 4334 parturientem
2603 4274 2658 4320 et
2723 4266 3015 4333 sterilem;
3086 4281 3207 4336 qua:
3264 4267 3286 4298 ⁸
3354 4268 3502 4337 prius
3557 4266 3705 4319 luerat

2155 4356 2384 4423 sterilis,
2446 4367 2632 4425 postea
2685 4357 2980 4427 parturivit
3039 4368 3093 4412 et
3141 4359 3495 4428 peperit?De
3533 4374 3626 4428 qua
3661 4357 3704 4406 in

2156 4454 2365 4509 l’saluio
2396 4455 2652 4508 scribitur
2691 4472 2704 4509 :
2764 4455 2869 4518 Qui
2925 4455 3165 4507 habitare
3195 4454 3363 4521 faciat
3413 4453 3629 4508 sterilem
3657 4449 3700 4499 in

2155 4549 2330 4615 domo,
2357 4558 2576 4601 matrem
2597 4547 2834 4615 ﬁliorum
2859 4546 3126 4600 la'tantem
3163 4545 3340 4615 (Psal.
3369 4561 3500 4608 cui,
3519 4545 3589 4611 9).
3626 4539 3702 4593 γει

2157 4653 2305 4696 certe
2353 4656 2533 4695 rerum
2579 4643 2712 4694 ordo
2748 4653 3043 4694 ('OIWCI'SUS
3070 4648 3152 4693 εει
3181 4655 3196 4698 ζ
3223 4637 3452 4694 Pariens
3481 4640 3608 4691 facta
3633 4637 3704 4686 εει

2157 4735 2381 4799 sterilis,
2417 4746 2471 4788 et
2501 4734 2774 4803 quondam
2800 4732 3002 4786 sterilis
3047 4733 3254 4802 peperit
3285 4731 3569 4802 plurimos,
3591 4725 3700 4796 quia

2156 4825 2369 4880 Domini
2403 4827 2505 4879 ieta
2537 4841 2630 4879 seu
2645 4825 2810 4878 tentia
2845 4832 2946 4878 est.

2230 4917 2406 4988 (Vers.
2440 4918 2550 4987 l0.)
2589 4934 2608 4968 ι
2646 4916 3070 4970 Lactantinicum
3115 4917 3441 4980 Jerusalem,
3473 4923 3523 4967 et
3547 4907 3706 4965 exsul-

2161 5018 2274 5064 tate
2315 5011 2369 5064 in
2401 5025 2462 5063 ea
2496 5022 2689 5063 omnes
2753 5009 2843 5076 qui
2878 5007 3102 5077 diligitis
3140 5023 3281 5061 eam.
3328 5005 3563 5061 Gaudete
3596 5012 3701 5055 cum

2159 5115 2221 5155 ea
2281 5102 2504 5170 gaudio,
2569 5100 2808 5153 universi
2869 5101 2960 5168 qui
3025 5100 3223 5169 lugetis
3287 5113 3452 5168 super
3489 5109 3621 5156 eam,
3657 5097 3704 5143 ut

2159 5193 2389 5263 sugatis,
2423 5203 2476 5245 et
2507 5191 2821 5260 repleamini
2849 5193 2917 5244 ab
2961 5192 3126 5246 ubere
3152 5187 3536 5244 consolationis
3572 5184 3698 5253 ejus,

2164 5300 2221 5338 ut
2277 5285 2580 5354 tnulgeatis,
2647 5294 2695 5334 et
2755 5281 2966 5336 deliciis
3010 5279 3261 5348 allluatis,
3297 5282 3364 5336 ab
3416 5272 3696 5334 omnimoda

2160 5373 2327 5442 gloria
2375 5376 2509 5442 ejus.
2546 5391 2562 5424 ι
2614 5371 2750 5425 LXX
2784 5388 2798 5424 :
2847 5389 2865 5422 ι
2903 5369 3133 5438 Laatare,
3159 5369 3482 5436 Jerusalem,
3507 5379 3558 5424 et
3585 5377 3700 5421 con-

2159 5502 2256 5561 pro
2290 5496 2380 5561 aut
2414 5503 2480 5561 ex
2510 5485 2701 5540 iisdem
2728 5503 2864 5561 mss.
2901 5488 3202 5561 substituit.
3242 5557 3255 5561 Α
3279 5557 3292 5561 _
3396 5556 3408 5561 _
3487 5556 3499 5561 _
3605 5549 3616 5561 ,
3684 5544 3696 5556 ,

2161 5555 2173 5638 ί
2237 5555 2259 5586 ³
2315 5555 2482 5610 vcrb"
2547 5573 2592 5609 θ’
2648 5559 2874 5627 φάνεσκε
2929 5558 3097 5611 millia
3157 5557 3316 5612 codd.
3383 5555 3696 5610 Ambrosiam

2161 5640 2434 5695 Ignorant.

2234 5696 2254 5726 ⁸
2287 5695 2487 5752 Victor.
2516 5697 2945 5752 interserendum
2978 5697 3255 5753 contendit
3289 5711 3351 5750 an
3383 5707 3565 5750 sensus
3595 5699 3699 5758 pef-

2161 5768 2504 5838 syicuitatcm
2539 5771 2590 5817 id
2619 5779 2714 5819 est.
