3950 6180
271 380 391 443 63-5

780 377 1270 443 COMMENTAR.
1317 376 1392 444 ΙΝ
1440 374 1695 442 ΙΞΑΙᾹΜ
1743 373 2202 439 PROPHE'I‘AM
2232 378 2376 439 LIB.
2422 372 2642 444 XVIII.
2668 376 2823 437 CAP.
2860 378 3058 443 LXVI.

3415 374 3521 437 686

272 501 501 548 ventum
559 491 720 546 facile
778 505 971 548 onmes
1016 495 1108 563 qui
1161 495 1387 565 diligitis
1417 510 1558 549 eam.
1607 493 1853 548 Gaudete
1887 499 1921 551 Α
1956 488 2238 543 codicibus
2291 486 2491 559 legitur
2529 495 2710 558 μόνιος
2744 492 2957 562 ἄγριος,
2999 490 3052 544 id
3086 497 3168 545 est
3200 506 3213 543 :
3243 490 3527 557 Singularis

272 584 480 654 gaudio
513 597 702 638 omnes
735 584 828 651 qui
887 585 1087 653 lugetis
1133 600 1295 655 super
1321 601 1438 641 eam
1465 626 1480 649 ,
1533 594 1592 640 ut
1646 586 1855 654 sugatis

271 684 332 728 et
361 674 691 743 impleamini
714 674 785 727 ab
826 674 991 729 ubere
1034 675 1420 731 consolationis
1445 680 1584 747 ejus,
1623 686 1681 728 ut
1704 685 1856 744 post-

270 776 441 831 quam
512 763 789 827 suxeritis,
853 763 1198 819 delectemini
1248 766 1317 821 ab
1378 766 1597 820 introitu
1659 765 1853 837 gloria:

271 852 419 920 eius.
445 870 465 902 ι
499 853 776 921 Apostolis
816 854 1126 925 praecipitur
1143 866 1197 911 et
1227 856 1544 925 apostolicis
1576 858 1731 922 viris,
1763 858 1855 928 qui

271 944 515 1014 diligunt
547 955 834 1015 utramque
854 944 1187 1015 Jerusalem,
1219 959 1279 1003 et
1314 963 1437 1004 eam
1489 965 1610 1019 qua:
1649 950 1859 1005 corruit

273 1039 661 1110 plangentibus
687 1049 850 1107 atque
878 1041 1221 1110 lugentibus,
1240 1052 1294 1098 et
1322 1043 1466 1098 illam
1487 1060 1609 1114 qua:
1669 1059 1855 1099 surre-

271 1139 434 1185 ctura
465 1139 554 1186 est
597 1131 750 1187 omni
784 1133 1057 1188 desiderio
1123 1136 1583 1205 prastolantibus,
1630 1146 1693 1197 nt
1728 1151 1861 1204 gau-

269 1220 443 1275 deant
464 1235 584 1276 cum
618 1237 682 1277 ea
699 1232 756 1278 et
786 1223 944 1289 inea,
975 1240 1096 1295 qua
1114 1226 1381 1284 aediﬁcata
1413 1229 1486 1283 sit
1511 1229 1646 1284 vivis
1670 1228 1861 1296 lapidi-

270 1313 421 1375 bus,
482 1312 651 1384 808
687 1316 779 1384 qui
848 1317 1141 1372 volvuntur
1205 1334 1372 1389 super
1434 1331 1671 1386 terram,
1711 1329 1767 1375 et
1805 1320 1860 1375 in

270 1416 522 1461 rotarum
537 1407 832 1463 Cherubim
851 1411 1277 1480 similitudinem,
1297 1424 1597 1484 sequuntur
1610 1416 1859 1485 spiritum

270 1498 721 1564 prtucedentcm:
761 1517 870 1556 non
922 1504 975 1557 in
1024 1504 1110 1560 bis
1141 1504 1234 1574 qui
1274 1505 1329 1559 in
1382 1517 1617 1562 aeternos
1647 1508 1860 1563 cineres

272 1586 539 1641 dissoluti
587 1599 739 1645 sunt.
797 1589 871 1645 De
905 1593 1104 1661 quibus
1151 1593 1420 1650 Dominus
1479 1596 1857 1666 loquebatur:

269 1677 469 1740 Amen,
497 1695 651 1733 aiuen
676 1680 792 1735 dico
822 1682 983 1746 vobis,
1022 1700 1127 1738 non
1149 1687 1470 1752 permanebit
1530 1688 1672 1756 lapis
1702 1704 1863 1757 super

271 1767 537 1835 capidem,
561 1769 727 1824 donec
747 1773 1113 1841 conipleantur
1140 1775 1318 1829 onmia
1333 1775 1445 1830 lues
1462 1774 1540 1847 (Η
1548 1778 1696 1832 (181]ιέ
1711 1793 1858 1843 nlv,

1958 580 2126 649 ferus,
2158 579 2212 632 iu
2246 578 2510 635 Hebraieo
2544 583 2807 652 scriptum
2823 592 2906 639 est
2948 600 3030 638 ΖιΖ
3055 597 3206 639 san.“
3237 582 3368 653 (rm
3394 586 3529 652 V1):

1958 667 2102 736 quod
2136 669 2329 737 Aquila
2394 672 2693 738 transtulit,
2748 673 3094 726 παντοδαπὸν
3122 673 3309 744 χώρας
3348 674 3391 740 ⁸,
3430 674 3531 728 hoc

1958 770 2062 825 est,
2098 761 2459 815 omnimodum
2481 764 2725 832 regionis,
2765 772 2823 818 ut
2856 766 3190 836 signiﬁcaret
3210 781 3315 821 non
3349 766 3526 821 solum

1960 864 1991 902 a
2017 848 2300 915 Romanis,
2341 852 2438 905 sed
2464 866 2492 904 a
2536 853 2751 906 cunctis
2778 854 3033 923 gentibus
3064 852 3321 907 lsraelem
3350 855 3379 886 ³
3412 868 3536 908 esse

1962 952 2256 997 vastatum.
2305 944 2565 999 lntroitus
2639 955 2819 1000 autem
2867 946 3136 1015 gloriosus
3167 944 3420 1001 Ecclesia:
3446 946 3536 1002 ille

1964 1034 2349 1105 intelligendus
2377 1045 2481 1100 est,
2511 1036 2579 1090 de
2607 1050 2716 1105 quo
2746 1035 3192 1093 scribitJoannes
3218 1037 3529 1106 apostolus:

1965 1123 2029 1177 Et
2057 1125 2108 1178 in
2136 1125 2410 1179 duodecim
2428 1127 2594 1193 portis
2649 1136 2803 1180 erant
2835 1126 3111 1180 duodecim
3141 1130 3466 1198 margaritte,
3483 1140 3535 1183 et

1962 1214 2153 1282 platea:
2182 1216 2416 1270 civitatis
2442 1233 2578 1271 auro
2605 1217 2802 1271 mundo
2828 1218 2963 1271 sicut
2986 1219 3175 1272 vitrum
3200 1221 3535 1287 perspicuum

1962 1307 2149 1377 (Apoc.
2177 1323 2294 1374 xxi,
2325 1308 2441 1378 2i).
2472 1307 2607 1364 istas
2638 1310 2965 1380 margaritas
3001 1311 3249 1379 prohibet
3276 1312 3536 1367 Dominus

1963 1399 2106 1453 mitti
2135 1408 2261 1454 ante
2282 1414 2479 1468 porcos
2516 1399 2729 1467 (Matth.
2764 1402 2884 1470 vn),
2920 1417 3057 1471 quas
3091 1404 3393 1472 negotiator
3437 1405 3535 1458 bo-

1962 1504 2065 1544 nus
2097 1504 2220 1545 cum
2258 1491 2310 1545 in
2350 1491 2520 1562 809
2561 1492 2838 1561 prophetis
2862 1492 3131 1549 invenerit
3160 1503 3219 1549 et
3256 1497 3537 1566 apostolis,

1965 1581 2138 1651 pergit
2188 1582 2260 1637 ad
2298 1597 2463 1636 unum
2490 1584 2958 1653 pretiosissimum
3002 1587 3380 1655 margaritum,
3433 1602 3537 1641 non

1964 1673 2178 1741 priores
2207 1673 2494 1741 abjiciens,
2526 1675 2626 1731 sed
2658 1690 2754 1746 per
2795 1676 2914 1733 illas
2962 1694 3212 1749 quaerens
3245 1680 3540 1750 pretiosius

1964 1762 2177 1835 (llattlt.
2215 1766 2360 1833 nn).

269 1829 350 1927 2).
394 1829 669 1931 Gaudete,
741 1829 934 1933 inquit,
965 1882 1090 1920 cum
1132 1882 1195 1922 ea
1221 1871 1440 1937 gaudio,
1465 1829 1858 1940 ‘universiqui

1972 1829 1985 1835 ‘
2033 1855 2217 1927 (Vers.
2251 1829 2362 1929 12.)
2400 1876 2423 1910 s
2453 1857 2588 1925 Quia
2619 1859 2733 1914 haec
2762 1861 2896 1916 dicit
2928 1861 3226 1918 Dominus:
3268 1865 3409 1919 Ecce
3436 1879 3537 1933 ego

276 1950 489 2020 lugetis
532 1968 679 2009 ean»
744 1954 948 2021 Quales
1008 1972 1171 2027 supra
1228 1958 1448 2015 Petrum
1501 1973 1559 2017 et
1622 1960 1857 2017 Paulum

270 2043 558 2112 apostolos
606 2046 910 2113 docuimus,
963 2060 1020 2105 et
1069 2065 1261 2105 omnes
1315 2053 1408 2122 qui
1450 2054 1852 2122 exspectabant

274 2137 713 2208 redemptionem
782 2138 992 2206 Israel,
1058 2151 1121 2198 ut
1170 2154 1363 2213 sugunt
1431 2155 1486 2198 et
1547 2147 1859 2215 repleantur

274 2228 545 2311 uberibus
584 2232 980 2288 consolationis
1034 2234 1181 2303 ejus.
1214 2233 1402 2305 Neque
1460 2237 1609 2290 enim
1647 2248 1860 2307 poterat

273 2320 426 2386 lieri,
478 2330 536 2374 ut
581 2336 705 2389 quas
739 2325 927 2394 genuit
953 2325 1278 2392 masculum,
1330 2337 1388 2381 et
1422 2338 1539 2382 erat
1567 2344 1855 2399 puerpera,

273 2423 499 2468 careret
547 2414 705 2469 lactis
758 2416 1092 2472 abundantia
1160 2420 1215 2472 in
1283 2420 1668 2476 educationem
1737 2423 1861 2494 ejus

272 2508 467 2573 gentis
517 2520 573 2561 et
623 2507 998 2576 parvulorum,
1049 2510 1141 2579 qui
1168 2510 1337 2564 simul
1369 2514 1481 2565 nati
1518 2513 1754 2577 fuerant,
1798 2525 1861 2568 ut

280 2601 556 2668 praeberet
590 2602 673 2655 eis
723 2603 830 2656 duo
885 2601 1073 2667 ubera,
1106 2618 1447 2673 nequaquam
1502 2616 1561 2658 ut
1613 2607 1765 2676 prius
1805 2608 1859 2661 in

273 2689 544 2760 Egypto,
581 2690 750 2749 fracta
780 2692 1113 2760 etjacentia.
1150 2696 1245 2748 sed
1281 2695 1497 2765 integra
1527 2707 1585 2750 et
1607 2697 1859 2763 virginali

276 2787 488 2839 decore
549 2787 773 2849 stantia,
825 2787 1027 2841 veteris
1068 2801 1135 2841 ac
1190 2788 1316 2842 navi
1366 2787 1745 2856 lustrumenti,
1790 2791 1860 2845 ad

278 2877 636 2946 [trahendum
682 2880 949 2934 rationale
997 2879 1103 2935 lac.
1143 2879 1219 2935 De
1279 2879 1479 2949 quibus
1524 2895 1756 2950 sponsus
1792 2882 1860 2936 ad

277 2985 407 3024 eam
443 2968 682 3037 loquitur
709 2987 726 3024 :
759 2970 910 3025 Bona
938 2973 1102 3026 ubera
1133 2981 1226 3025 tua
1268 2988 1427 3040 super
1455 2972 1631 3026 vinum
1674 2971 1858 3043 (Cant.

280 3076 321 3123 t,
359 3061 442 3127 1).
495 3060 592 3115 Isti
642 3071 821 3127 erant,
854 3066 920 3117 de
950 3063 1150 3132 quibus
1182 3065 1492 3134 Specialiter
1546 3067 1804 3120 dicebant
1843 3086 1857 3121 :

1957 1948 2171 2005 decline
2197 1950 2220 1982 ⁸
2245 1967 2411 2021 super
2439 1966 2557 2005 eam
2589 1952 2742 2021 quasi
2785 1952 3007 2007 ﬂuvium
3042 1955 3217 2024 pacis,
3269 1962 3324 2011 et
3371 1957 3533 2026 quasi

1961 2050 2256 2097 torrentem
2294 2042 2649 2097 inundantem
2690 2044 2917 2112 gloriam
2949 2046 3214 2113 gentium,
3244 2063 3404 2117 quam
3440 2064 3533 2103 sn-

1960 2133 2132 2202 getis:
2164 2132 2233 2186 ab
2261 2132 2425 2188 ubere
2455 2133 2826 2201 portabimiui,
2861 2142 2917 2188 et
2946 2147 3114 2203 super
3160 2150 3333 2205 genua
3381 2136 3539 2191 blan-

1961 2222 2177 2278 dientur
2193 2222 2552 2279 vobisaLXX
2577 2223 2772 2291 :tQuia
2791 2225 2905 2281 haec
2925 2226 3057 2282 dicit
3078 2224 3378 2287 Dominus:
3402 2229 3543 2287 Ecce

1956 2330 2059 2387 ego
2098 2317 2387 2373 decliuabo
2414 2320 2480 2373 ad
2509 2335 2605 2374 eos
2638 2321 2794 2390 quasi
2829 2320 3029 2377 ﬂuvius
3061 2324 3236 2390 pacis,
3291 2334 3345 2378 et
3386 2328 3540 2394 quasi

1962 2419 2176 2465 torrens
2208 2410 2480 2465 inundans
2510 2412 2740 2481 gloriam
2772 2415 3037 2484 gentium.
3097 2413 3318 2470 Parvuli
3349 2432 3539 2470 eorum

1963 2501 2017 2555 in
2064 2502 2303 2557 humeris
2353 2503 2817 2571 portabuntur,ct
2864 2520 3030 2574 super
3078 2520 3252 2576 genua
3288 2510 3542 2562 consola-

1961 2592 2183 2647 buntur.
2215 2611 2236 2644 ι
2295 2591 2583 2648 Exstructa
2631 2609 2729 2663 per
2805 2596 3077 2665 apostolos
3108 2596 3429 2663 Jerusalem,
3486 2615 3544 2655 et

1962 2681 2265 2738 instaurata
2304 2686 2356 2738 in
2391 2688 2632 2755 priorem
2663 2694 2889 2750 statum,
2924 2697 3209 2758 postquam
3242 2690 3333 2744 lilii
3360 2701 3413 2747 et
3449 2693 3543 2745 ba-

1962 2774 2221 2829 bitatores
2257 2775 2375 2845 ejus
2406 2775 2665 2831 uberibus
2713 2777 3229 2844 fuerintconsolati,
3275 2791 3330 2837 et
3384 2784 3541 2838 lactis

1961 2864 2294 2921 abundantia
2331 2868 2398 2921 ad
2445 2868 2670 2924 delicias
2719 2872 3065 2939 pervenerint
3114 2875 3385 2942 veritatis,
3440 2892 3541 2946 per

1963 2972 2098 3025 quas
2149 2958 2462 3026 pervenitur
2490 2961 2510 2991 ⁸
2544 2962 2611 3013 ad
2659 2961 2887 3030 gloriam
2927 2961 3021 3016 Dei
3057 2981 3072 3017 :
3114 2976 3243 3019 tunc.
3283 2964 3542 3023 Dominus

1964 3050 2255 3108 declinabit
2290 3064 2452 3119 super
2479 3068 2597 3104 eam
2635 3052 2856 3106 ﬂuvium
2892 3056 3061 3122 pacis,
3093 3060 3158 3111 de
3203 3073 3310 3128 quo
3341 3062 3537 3115 crebro

276 3151 437 3206 Bum-
468 3152 733 3221 ληρωεῇ
759 3152 1010 3223 φωκέων,
1061 3155 1164 3223 ἡ)δὶ
1198 3155 1860 3223 ευιηοιαὺηηων(ηαηι,,
1893 3169 1936 3228 c
1968 3142 2236 3197 diximus:
2302 3138 2527 3195 Flumen
2587 3142 2679 3197 Dei
2731 3146 2980 3213 repletum
3027 3158 3106 3202 est
3161 3153 3316 3219 aquis
3358 3153 3536 3222 (Psal.

284 3261 335 3308 ν,
363 3244 450 3309 5).
514 3243 582 3298 Ει
616 3246 721 3301 hoc
782 3250 1101 3313 notandum,
1145 3254 1290 3319 quod
1340 3251 1432 3318 qui
1467 3252 1678 3318 parvuli
1708 3262 1858 3314 sunt.

282 3336 691 3403 consolationis
748 3338 989 3409 indigent
1046 3339 1225 3404 lacte,
1249 3352 1305 3394 et
1342 3341 1519 3396 adhuc
1560 3344 1612 3395 in
1642 3343 1858 3396 mortali

283 3438 579 3484 versantur
609 3429 750 3483 loco.
781 3429 883 3496 Qui
918 3446 1044 3485 vero
1080 3440 1203 3500 post
1240 3433 1320 3487 lac
1349 3435 1739 3491 consolationis
1799 3435 1868 3491 ad

280 3521 522 3575 solidum
554 3521 879 3592 profecerim
900 3523 1101 3590 cibum,
1123 3526 1330 3580 deliciis
1361 3526 1578 3582 allluent
1601 3528 1864 3591 veritatis.

284 3627 334 3667 et
366 3614 605 3667 scientia
634 3614 963 3669 omnimodas
994 3616 1203 3684 gloriae,
1223 3633 1346 3686 qua:
1367 3617 1630 3676 Hebraice
1670 3621 1870 3675 dicitur

283 3696 365 3758 ιιι
407 3706 546 3773 (τη).
575 3702 681 3759 Pro
704 3721 810 3772 qua
840 3703 983 3759 ωιχ
1017 3707 1337 3773 introitum;
1365 3708 1727 3779 Symmachus
1751 3715 1868 3780 pin-

248 3866 253 3873 .
283 3797 589 3864 guedinem;
606 3795 929 3862 Theodotio,
950 3799 1341 3854 multitudinem
1355 3801 1694 3871 interpretati
1717 3814 1864 3859 sunt.

285 3888 407 3942 Hoc
434 3889 691 3953 diximus,
721 3900 777 3941 ut
802 3889 997 3944 Psalmi
1049 3892 1434 3962 septuagesimi
1485 3895 1612 3948 noui
1642 3896 1863 3950 verbum

287 3980 657 4050 panderemus
670 3981 1001 4052 ambiguum,
1018 3983 1070 4035 in
1085 4000 1192 4052 quo
1208 3986 1469 4054 scriptum
1483 3995 1567 4042 est
1588 4003 1603 4041 :
1632 3984 1865 4041 Vastscit

284 4089 409 4131 eam
431 4086 558 4140 aper
574 4074 638 4126 de
654 4072 804 4139 silua,
830 4083 882 4126 et
917 4073 1201 4144 singularis
1221 4075 1365 4141 [erus
1390 4077 1639 4145 depastus
1656 4088 1733 4133 est
1751 4095 1867 4134 eam

288 4161 783 4235 (PHILLSXIXJJ).
798 4163 904 4220 Pro
922 4178 987 4219 eo
999 4166 1261 4231 euim,ubi
1286 4168 1338 4221 in
1354 4167 1554 4222 nostris
1569 4181 1621 4223 et
1634 4170 1864 4226 Graecis‘

365 4282 387 4312 ⁸
419 4278 747 4346 Coeijuuctio
788 4291 862 4348 et,
909 4296 1030 4350 qua:
1072 4281 1257 4336 sensui
1296 4284 1520 4338 omnino
1554 4288 1863 4341 necessaria

336 4362 400 4404 il.
436 4354 642 4404 deerat.

336 4370 341 4377 ·
436 4362 642 4404 deerat.

285 4362 580 4471 aa’Auteu
617 4420 889 4491 legebatur
919 4419 1275 4491 παντοδαπήν
1313 4424 1664 4478 renuentibus
1728 4441 1859 4480 mss.

1971 3248 2115 3293 utv.
2148 3234 2258 3301 10).
2309 3232 2412 3289 Et:
2454 3233 2723 3290 Fluminis
2755 3239 2986 3308 impetus
3013 3241 3251 3311 laetiﬁcat
3269 3247 3539 3313 civitatein

1970 3325 2069 3380 Dei
2102 3323 2274 3395 (Psul.
2325 3342 2453 3391 xcv,
2476 3326 2576 3395 5);
2638 3339 2694 3382 ut
2724 3344 2859 3397 pace
2899 3336 3083 3386 OtttltlLI
3122 3338 3455 3405 possidente,
3490 3351 3545 3394 et

1970 3417 2251 3472 nationum
2307 3421 2647 3475 cessantibus
2689 3422 2867 3483 bellis,
2902 3425 2969 3479 de
3003 3429 3202 3495 quibus
3257 3432 3541 3501 Scriptura

1971 3512 2133 3566 dicit:
2175 3511 2388 3580 Dissipa
2417 3526 2592 3582 gentes
2623 3530 2739 3583 quia
2774 3514 2919 3570 bella
2955 3518 3133 3573 volunt
3166 3522 3341 3590 (Psal.
3373 3541 3539 3591 van,

1970 3604 2083 3672 52),
2147 3614 2360 3659 torrens
2381 3608 2747 3662 doctrinarum
2785 3609 2880 3664 Dei
2928 3611 3117 3682 irriget
3147 3630 3273 3669 arva
3307 3618 3544 3676 creden-

1973 3698 2126 3753 tium.
2166 3695 2319 3752 Tunc
2367 3699 2461 3752 lilii
2492 3699 2631 3769 ejus,
2666 3701 2786 3759 sive
2830 3703 3044 3771 paruuli
3074 3707 3156 3774 (ut
3185 3705 3330 3762 LXX
3365 3720 3544 3765 trans-

1973 3791 2229 3860 tulerunt)
2262 3793 2314 3844 in
2352 3792 2592 3846 humeris
2638 3795 3020 3862 portabuntur,
3060 3808 3115 3851 et
3145 3811 3308 3868 super
3360 3818 3537 3871 genua

1969 3871 2395 3937 consolationem
2431 3884 2717 3953 accipient.
2756 3886 2815 3939 in
2861 3888 3120 3951 humeris,
3151 3891 3217 3943 de
3248 3895 3444 3960 quibus
3487 3911 3544 3949 et

1968 3974 2024 4029 in
2053 3975 2219 4045 priori
2262 3976 2546 4045 prophetia
2616 3979 2816 4032 dictum
2839 3990 2942 4043 est,
2974 3992 3186 4051 etquos
3213 3982 3381 4039 Iacob
3435 3987 3542 4039 im-
3604 4020 3617 4033 κ

1969 4078 2222 4137 precatur
2253 4068 2275 4099 '
2302 4068 2412 4123 lilio
2439 4083 2538 4123 suo
2569 4067 2846 4125 lssacbar:
2882 4072 3021 4135 Quia
3057 4079 3321 4143 supposui:
3350 4086 3537 4132 nume-

1970 4176 2089 4215 rum
2121 4176 2273 4214 suum
2309 4161 2379 4214 ad
2427 4159 2781 4216 labm'amlum
2831 4163 2987 4233 (Gen.
3024 4180 3173 4231 uix,
3208 4167 3316 4240 15),
3354 4183 3409 4225 οι
3439 4190 3537 4227 νο.

1971 4277 2192 4357 minime
2239 4276 2578 4356 adversatur,
2607 4277 2749 4357 quod
2784 4287 2857 4339 13
2881 4283 3047 4357 latus,
3081 4297 3187 4337 non
3219 4285 3350 4339 uber
3376 4291 3542 4357 signi-

1969 4350 2114 4407 licet,
2174 4350 2371 4416 quippe
2416 4363 2542 4401 etim
2596 4352 2731 4403 uber
2762 4360 2834 4412 ’ω
2865 4351 3085 4416 dicitur,
3144 4367 3239 4407 aut
3281 4366 3372 4416 Tt.
3398 4350 3531 4415 Na...

1968 4418 2069 4472 etsi
2096 4431 2221 4492 non
2243 4418 2509 4492 ignorem,
2534 4416 2918 4492 literpnymutn
2947 4430 3020 4480 ’τε
3045 4422 3240 4492 ubique
3259 4445 3353 4492 pro
3370 4430 3538 4486 latum

288 4500 342 4544 et
386 4487 778 4569 Επειευὶοηῖιυὶ
808 4503 862 4569 et
909 4487 1256 4569 uuvrdﬁznov
1306 4492 1490 4563 χώραν
1524 4495 1860 4565 amnigenam

1970 4488 2241 4552 νιτιίεειις
2276 4496 2333 4539 ιιι
2365 4487 2502 4541 Gen.
2536 4503 2611 4550 vi,
2641 4487 2813 4569 om.
2851 4506 2978 4569 xxv,
3011 4487 3166 4561 sui,
3190 4487 3532 4569 et'l'liegunt

288 4574 495 4615 terram
519 4559 660 4627 apud
683 4562 931 4629 Aquilam
957 4561 1105 4628 legit.

357 4640 386 4670 ³
413 4636 562 4692 Unus
591 4640 963 4699 Ambrosiam.
988 4637 1289 4701 Jerusalem
1312 4659 1425 4697 esse
1459 4653 1747 4699 vastatam.

370 4723 393 4748 ³
417 4716 569 4786 Legit
608 4717 811 4792 Victor.
839 4718 1072 4792 decline,
1122 4732 1175 4775 et
1206 4737 1328 4776 mox
1353 4724 1433 4777 Ad
1464 4727 1644 4792 autem
1674 4740 1771 4792 pro
1796 4725 1861 4777 ab

290 4788 476 4848 ubere,
499 4802 605 4854 qua
637 4789 705 4842 de
729 4789 959 4843 lectione
995 4790 1110 4844 inec
1161 4792 1399 4846 diSserit.
1461 4790 1560 4846 llic
1591 4788 1739 4847 locus
1769 4794 1860 4847 diu

295 4877 387 4930 tm:
412 4858 596 4930 torsit,
629 4858 907 4930 legebatur
939 4858 1080 4912 enim
1110 4871 1268 4914 antea
1301 4876 1317 4915 :
1367 4861 1443 4915 Ab
1488 4860 1643 4915 ubere
1677 4873 1861 4930 porta-

291 4928 504 4981 bimini.
558 4924 729 4991 Quam
794 4928 1078 4982 lectionem
1114 4931 1264 4984 multi
1294 4946 1359 4984 ex
1394 4946 1526 4985 mss.
1566 4924 1858 4986 sacrorum

292 4998 589 5052 bibliurum
622 4998 838 5052 codices
863 5000 1122 5053 retinent.
1166 4998 1423 5066 [inpressi
1453 5011 1634 5055 autem
1670 5017 1863 5057 omnes

296 5076 514 5120 Vrlet'us
564 5076 878 5138 constanter
925 5070 1165 5138 legunt._
1190 5070 1272 5122 Ad
1307 5075 1465 5124 ubera
1489 5073 1859 5137 portabimini.

292 5138 544 5205 Augebat
574 5135 927 5201 dubietatem,
952 5135 1092 5205 q'uotl
1122 5135 1559 5210 l‘lieronymus'in
1581 5143 1867 5194 Commen-

297 5216 440 5258 tario
497 5219 744 5259 neutram
787 5211 999 5277 videtur
1042 5224 1344 5277 agnoscere
1397 5211 1713 5274 lectionem,
1767 5214 1863 5264 sed

297 5279 448 5330 illam
471 5276 649 5351 potius
672 5291 790 5344 qua:
818 5275 963 5330 LXX
990 5275 1099 5351 est,
1117 5289 1169 5332 et
1204 5280 1376 5348 magis
1409 5279 1686 5351 llebraica:
1722 5280 1864 5334 vcri-

298 5356 397 5399 tati
457 5346 719 5409 adhaeret,
777 5362 942 5416 quam
998 5346 1097 5401 nos
1175 5346 1394 5416 quoque
1453 5350 1630 5417 primo
1686 5352 1861 5403 secuti

295 5430 512 5480 Sumus,
541 5422 643 5469 huc
675 5426 779 5481 est,
810 5419 865 5469 in
892 5417 1125 5471 humeris
1168 5419 1544 5485 portubimini;
1600 5422 1752 5486 Quod
1784 5429 1868 5474 cst

298 5509 565 5584 Hebraiee
610 5517 797 5584 tamn
844 5521 918 5569 ws
948 5520 1021 5574 7?
1069 5522 1123 5564 tt
1153 5509 1339 5584 Gra:_ce
1368 5512 1454 5565 ἐπ’
1498 5510 1667 5582 ὤμων
1698 5514 1871 5584 ἀρθή-

297 5596 513 5645 σονται,
537 5582 590 5631 in
609 5580 838 5633 humeris
864 5583 1233 5640 portabuntur.
1255 5581 1490 5636 Tandem
1515 5580 1632 5650 post
1656 5580 1865 5650 Iungam

299 5656 496 5702 mentis
515 5664 1000 5714 concertationem,
1034 5651 1300 5721 vulgatam
1334 5650 1869 5722 llierunymieditiuL

299 5738 423 5772 nem
480 5722 714 5773 retinere
748 5735 920 5788 magis
947 5723 1166 5789 placuit.
1218 5722 1353 5774 Cum
1389 5724 1526 5775 l'orte
1561 5724 1742 5775 verius
1772 5725 1865 5785 sit,

300 5808 405 5841 ltuit
454 5793 583 5856 quid
648 5792 783 5856 ipse,
817 5795 909 5843 sed
944 5788 1069 5859 quid
1116 5788 1257 5843 LXX
1307 5793 1710 5853 transtulerint,
1743 5810 1864 5844 eum

306 5877 359 5911 ιιι
390 5861 789 5916 Limmnentario
850 5876 1118 5930 posuisse.
1167 5862 1304 5915 lluic
1365 5872 1545 5917 autem
1581 5866 1866 5917 sententia:

1975 4574 2067 4621 χι,
2125 4564 2214 4638 p3:
2253 4568 2430 4610 tamen
2478 4560 2791 4625 praecedens
2842 4562 3092 4628 verbum,
3150 4560 3292 4635 quod
3343 4560 3539 4640 δείξει-υ

1958 4651 2265 4719 signiﬁcat,
2301 4665 2520 4724 movere
2540 4652 3181 4724 ipotuit'sanCtissimum
3229 4661 3424 4724 virum,
3478 4675 3536 4717 ut

1970 4723 2131 4782 latus,
2162 4736 2260 4788 pro
2304 4719 2464 4773 ubere
2495 4721 2584 4775 hic
2616 4726 2915 4791 acciperet,
2954 4719 3421 4793 quemadmodum
3442 4748 3537 4784 ac-

1968 4803 2111 4871 cepit
2136 4815 2320 4871 supra,
2340 4816 2462 4870 cap.
2494 4816 2582 4867 u,
2618 4804 2707 4857 ubi
2736 4791 3017 4871 illaverba,
3034 4817 3238 4865 mnum
3262 4817 3335 4865 Ὧι
3351 4791 3421 4871 5y
3440 4813 3542 4863 hoc

1968 4869 2073 4946 est,
2127 4869 2373 4946 iit-latere
2399 4869 2682 4946 nutrietur,
2714 4875 2829 4943 ipse
2861 4869 3165 4940 transtulit,
3211 4878 3293 4929 lac
3331 4869 3540 4946 sugenl.

1969 4940 2187 4997 Portari
2220 4953 2405 4995 autem
2435 4942 2501 4994 ad
2531 4945 2696 4997 ubera
2736 4940 2908 5014 magis
2928 4956 3339 5015 pl'Opl‘lutll_eSl,
3375 4940 3539 5015 quam

1971 5020 2177 5092 portari
2213 5022 2280 5073 ab
2310 5022 2504 5092 ubere.’
2531 5022 2628 5076 Cui
2658 5011 3041 5092 signiﬁcationi
3081 5041 3181 5078 vox
3213 5011 3284 5090 ὃν
3321 5011 3544 5081 ιιιῑιιίιιιιε

1970 5090 2361 5164 contrariatur.
2391 5090 2528 5145 Nam
2566 5094 2653 5164 illa
2693 5090 2909 5161 quoque
2933 5097 3000 5148 ad
3037 5097 3307 5164 interdum
3336 5101 3545 5164 signiti—

1971 5174 2081 5233 cat,
2118 5170 2174 5215 ut
2211 5162 2943 5233 psal..X\’tI,_Clamavet'unt.
2980 5181 3071 5218 nec
3095 5162 3210 5218 erat
3244 5171 3331 5233 qui
3368 5162 3541 5222 salvis

1972 5214 2169 5301 faceret
2201 5214 2323 5293 ἦνιν
2355 5214 2425 5295 ³η
2464 5214 2532 5282 ad
2584 5230 2886 5298 Dominum,
2929 5214 3044 5288 ’προ
3111 5214 3379 5290 εωακᾍόυιι
3430 5256 3538 5292 eos.

1971 5305 2053 5356 Ab
2111 5307 2277 5356 ubere
2319 5314 2502 5354 autent
2556 5302 2776 5371 minime
2831 5306 2977 5357 illmu
3011 5311 3356 5362 transtulisse
3396 5326 3536 5371 reci,

1975 5372 2077 5425 nisi
2109 5372 2433 5446 praecedenti
2465 5370 2630 5446 verbo
2655 5370 2781 5446 uber
2800 5374 3097 5446 junxissct,
3126 5379 3349 5431 dicens:
3377 5370 3539 5446 quam

1971 5444 2168 5509 sugetis
2197 5445 2262 5493 ab
2296 5442 2476 5493 ubere.
2515 5440 2891 5505 Portabimiui,
2915 5458 3025 5501 etc.

2048 5512 2069 5542 ⁸
2107 5509 2253 5564 ldum
2308 5514 2402 5572 ait,
2450 5511 2721 5576 introitur,
2753 5514 2976 5568 sledzcci
3004 5516 3126 5568 «od.
3168 5516 3326 5568 lectio
3350 5517 3539 5570 melior

1971 5592 2056 5638 est
2072 5584 2553 5653 qu.m_rpervenitur
2576 5595 2595 5633 :
2618 5587 2838 5649 exponit
2858 5588 3001 5637 enim
3039 5590 3260 5653 tltystirc
3285 5588 3372 5639 illa
3398 5587 3484 5640 1.x
3500 5587 3540 5638 Χ

1974 5648 2158 5713 verba,
2210 5648 2277 5701 Ut
2317 5660 2594 5720 postquam
2647 5648 2912 5720 auxeritis,
2968 5648 3291 5709 delectemz'ni
3343 5662 3409 5709 ab
3454 5662 3540 5712 in-

1973 5723 2132 5774 troitu
2166 5722 2345 5787 gloria:
2361 5720 2499 5787 ejus.

2047 5798 2068 5829 ⁸
2119 5790 2210 5844 Sic
2277 5808 2410 5846 tuss.
2476 5794 2711 5849 retinent
2755 5806 2808 5849 et
2840 5797 3041 5864 vulgati
3075 5798 3221 5851 libri.
3273 5798 3540 5852 Victorius

1978 5870 2160 5917 tamet:
2208 5863 2589 5931 interpretatur
2641 5868 2831 5920 maluit
2862 5863 2958 5937 pro
2989 5871 3333 5939 impircnlztr,
3377 5884 3536 5937 quam
