3906 6172
358 337 476 399 ’687

1561 328 1621 386 S.
1664 326 1977 386 EUSEBII
2016 326 2066 385 ΙοΙ
2080 326 2100 383 Ι
2116 325 2463 384 ERONYMI

3501 325 3595 387 688

379 463 535 507 «atus
564 458 647 505 est
676 448 756 503 rir
794 444 1053 518 agricola.
1078 442 1296 500 Sudore
1324 437 1469 495 enim
1498 450 1552 494 et
1576 438 1763 493 labore
1789 438 1954 492 nimio
1985 443 2030 498 Α
2062 437 2276 493 labatur
2311 448 2558 503 crateras,
2606 438 2695 509 qui
2743 436 2863 506 ejus
2915 433 3257 490 sermonibus
3302 431 3608 503 indigebant,

379 552 446 601 ad
506 546 807 601 ubertatem
864 541 1138 596 fructuum
1182 536 1550 608 pervenimus.
1589 534 1749 591 Unde
1804 543 1856 587 et
1886 532 1954 585 ad

379 640 510 695 Sion
534 653 641 709 per
666 635 962 691 Jeretniam
1001 630 1233 687 dicitur:
1270 629 1350 682 Da
1383 643 1473 681 cor
1505 637 1653 679 tuum
1682 627 1735 679 in
1772 627 1958 679 Imme-

385 748 472 784 ros
500 740 618 784 tuos
669 724 889 797 (larem.
927 738 1082 783 xxiv,
1120 720 1194 789 Ἰ).
1232 728 1288 771 ιιι
1320 732 1349 771 a
1381 715 1653 771 mandatis
1688 714 1956 783 intelligat

382 823 691 884 Dominum,
729 819 951 872 imitans
972 830 1118 875 eum,
1149 814 1216 867 de
1239 826 1346 879 quo
1366 811 1625 878 scriptum
1658 805 1955 864 estzlesus

380 918 525 981 ..ανῆ
561 914 735 983 facere
763 919 811 965 et
840 909 1025 962 docere
1052 908 1192 978 (Act.
1214 904 1254 969 l,
1289 904 1363 973 l),
1392 913 1448 958 ut
1472 918 1574 956 non
1602 901 1955 971 Bloptiosa

380 1014 451 1063 sit
482 1010 633 1068 ﬁdes,
666 1003 758 1058 sed
790 1018 885 1071 per
918 1015 1083 1066 opera
1120 1008 1305 1052 currat
1337 997 1402 1050 ad
1425 996 1735 1066 praemium.
1774 992 1958 1048 Genua

381 1112 561 1155 autem
610 1107 664 1152 et
714 1097 869 1151 sinus
901 1090 1032 1163 quid
1077 1089 1409 1159 signiﬁcent.
1445 1097 1500 1140 et
1528 1100 1691 1154 supra
1724 1085 1961 1139 breviter

381 1188 629 1259 exposui,
670 1196 718 1240 cl
753 1198 896 1238 nunc
956 1180 1231 1235 Abraham
1261 1176 1570 1245 exemplum
1612 1176 1812 1229 docere
1862 1186 1961 1227 nos

383 1280 599 1349 poterit,
634 1279 686 1330 in
721 1274 880 1344 cujus
906 1273 1027 1326 sinu
1062 1270 1302 1323 Lazarus
1335 1264 1651 1335 requiescit,
1689 1273 1742 1318 ct
1770 1276 1960 1316 omnes

384 1370 449 1420 de
474 1367 693 1421 Oriente
713 1374 766 1418 et
797 1360 1091 1416 Occidente
1125 1356 1430 1420 venientes,
1489 1354 1583 1423 qui
1638 1354 1963 1407 accumbent

386 1473 507 1511 eum
527 1453 822 1517 Abraham,
852 1450 1004 1504 lsaac
1036 1456 1090 1502 et
1112 1446 1301 1500 lacob.

459 1524 755 1618 (Versum,
786 1542 898 1612 l4.)
934 1561 952 1594 ι
986 1540 1271 1607 Quomodo
1306 1537 1351 1592 si
1379 1537 1464 1592 cui
1497 1544 1673 1591 mater
1711 1534 1960 1590 blandia-

390 1652 500 1705 tur,
551 1640 621 1692 ita
674 1651 775 1706 ego
811 1633 1136 1688 consolabor
1166 1646 1285 1696 vos,
1317 1637 1371 1686 et
1403 1632 1456 1684 in
1493 1627 1797 1684 Jerusalem
1829 1640 1964 1682 con-

390 1728 720 1785 solabimini.
750 1722 1043 1786 Videbitis,
1074 1731 1127 1776 ct
1179 1720 1435 1792 gaudebit
1476 1735 1572 1775 cor
1608 1728 1872 1785 vestrum,
1908 1728 1965 1773 et

388 1837 515 1877 ossa
534 1829 711 1874 vestra
731 1813 1059 1871 sicutherba
1089 1813 1494 1882 germinabunt.
1525 1810 1589 1867 Et
1612 1817 1972 1881 cognoscetur

390 1928 587 1971 manus
626 1908 840 1965 Domini
865 1906 1043 1962 servis
1073 1905 1215 1972 ejus,
1245 1912 1302 1957 et
1331 1902 1707 1973 indignabitur
1731 1900 1969 1956 inimicis

389 2008 526 2063 suis.
576 2022 595 2056 ι
643 2000 788 2057 LXX
829 2016 928 2070 pro
962 1998 1146 2061 seruis,
1199 2002 1507 2065 posuerunt
1555 1995 1841 2058 timentes;
1871 2005 1971 2062 pro

389 2098 642 2158 inimicis,
668 2092 971 2151 incredulos
988 2107 1010 2147 :
1029 2098 1221 2146 caetera
1241 2088 1515 2143 similiter.
1536 2085 1969 2145 Misericordiam

389 2189 671 2245 Creatoris
702 2189 755 2242 in
786 2193 1070 2241 creaturas
1092 2196 1240 2246 suas,
1277 2179 1525 2248 exemplo
1542 2187 1777 2235 matrum
1805 2176 1971 2233 disci-

392 2297 533 2347 mus,
571 2296 690 2348 qme
720 2277 924 2332 liberos
948 2288 1134 2329 amore
1164 2275 1217 2327 itt
1247 2271 1371 2327 sinu
1402 2271 1725 2338 ntttrientes,
1753 2283 1971 2325 omnem

389 2380 658 2444 superant
703 2371 1058 2426 charitatem.
1094 2365 1341 2435 Denique
1388 2364 1577 2420 volens
1608 2362 1750 2418 Deus
1780 2372 1971 2417 osten-

390 2471 539 2533 dere,
566 2464 840 2536 quomudo
866 2463 1056 2531 diligat
1079 2474 1217 2529 quos
1249 2459 1494 2513 creavit:
1529 2455 1787 2526 Nunquid
1836 2454 1974 2510 obti-

389 2564 638 2624 uisceur,
662 2558 759 2622 ait,
784 2554 1000 2622 mulier,
1030 2565 1085 2605 ut
1110 2554 1430 2605 misereatur
1453 2550 1468 2580 ¹
1490 2549 1681 2604 sobolis
1705 2550 1842 2603 uteri
1861 2549 1976 2604 sui?

389 2658 479 2711 sed
518 2663 566 2707 et
595 2652 641 2706 si
668 2648 764 2705 illa
794 2647 955 2717 fuerit
998 2644 1186 2707 oblita,
1229 2658 1321 2713 ego
1365 2651 1542 2697 tamen
1574 2658 1675 2697 non
1699 2644 1977 2697 οθιευξεεαιι

393 2750 466 2803 tui
497 2745 638 2817 (lsa.
692 2759 844 2806 stus,
883 2740 995 2810 15).
1040 2738 1214 2805 Quem
1266 2752 1487 2792 sensum
1539 2748 1595 2791 et
1640 2737 1769 2792 illud
1810 2738 1974 2792 habet

392 2839 801 2910 Evangelicum,
838 2836 891 2890 in
936 2848 1046 2903 quo
1080 2832 1345 2886 Dominus
1379 2832 1617 2899 loquitur
1645 2831 1709 2883 ad
1750 2829 1974 2887 Jerusa-

395 2936 498 2989 lem
524 2950 540 2988 ε
561 2932 778 2997 Quoties
796 2926 939 2982 volui
960 2939 1277 2994 congregare
1293 2924 1433 2992 ﬁlios
1454 2933 1593 2984 tuos,
1616 2924 1752 2977 sicut
1774 2924 1975 2994 gallina

393 3033 676 3095 congregat
692 3020 866 3088 pullos
884 3035 1005 3073 suos
1027 3018 1122 3072 sub
1146 3017 1262 3069 alas
1280 3032 1426 3080 suas,
1447 3024 1495 3069 et
1517 3015 1733 3069 noluisti
1753 3015 1977 3085 (.llattlt.

2002 1779 2046 1839 Β

2061 530 2250 586 dicens
2291 548 2310 589 ;
2342 531 2653 585 Benedictus
2686 530 2849 594 Deus,
2889 527 3048 581 Pater
3086 527 3551 581 misericordiarum
3574 529 3611 593 ³,

2059 634 2104 678 et
2142 626 2279 678 Deus
2317 626 2487 678 omnis
2530 622 2930 685 consolationis,
2963 622 3053 688 qui
3098 620 3398 673 consolatur
3442 636 3526 673 nos
3567 622 3613 673 iu

2061 716 2203 770 omni
2248 715 2612 779 tribulatione,
2655 726 2711 768 ut
2747 724 2794 768 et
2830 731 2920 767 nos
2968 714 3227 783 possimus
3255 712 3510 766 consolari
3539 730 3614 768 eos

2058 809 2149 878 qui
2212 810 2265 861 in
2294 811 2462 863 omni
2496 819 2620 863 sunt
2654 810 3014 872 tribulatione,
3060 824 3152 876 per
3201 809 3614 871 consolationem.

2058 917 2162 967 qua
2188 902 2291 972 ipsi
2321 902 2659 955 consolamur
2689 920 2721 955 a
2746 901 2849 955 Deo
2868 898 2951 969 (Il
2975 899 3097 954 Cor.
3126 917 3164 958 ι.
3186 901 3239 966 3,
3260 900 3336 968 4).
3364 898 3459 965 Qui
3484 909 3619 969 post-

2061 1011 2222 1064 quam
2259 996 2461 1049 fuerint
2489 996 2777 1059 consolati,
2816 997 3029 1048 dicetur
3060 994 3128 1047 ad
3158 1007 3255 1047 eos
3284 1009 3300 1048 :
3337 989 3399 1045 Et
3435 994 3617 1046 videbi-

2062 1091 2150 1153 tis,
2181 1100 2229 1140 et
2275 1089 2523 1158 gaudebit
2568 1105 2659 1142 cor
2708 1097 2957 1152 restrain,
2990 1096 3039 1141 et
3096 1103 3217 1141 ossa
3273 1093 3443 1139 restra
3483 1086 3619 1156 quasi

2062 1180 2221 1233 herba
2274 1180 2664 1248 germinabunt,
2700 1180 2817 1233 sive
2849 1180 3109 1243 orientur,
3172 1186 3267 1232 aut
3291 1177 3442 1246 juxta
3483 1178 3621 1247 Sym-

2065 1273 2337 1337 machum,
2366 1272 2647 1341 ﬂorebunt.
2683 1270 2957 1327 Videbunt
3002 1280 3209 1332 autem.
3248 1268 3391 1324 haud
3420 1267 3618 1323 dubium

2064 1366 2193 1433 quin
2228 1364 2420 1428 Deum,
2460 1380 2581 1432 quin
2614 1378 2742 1418 vera
2775 1362 2959 1416 laetitia
2984 1371 3087 1416 est.
3137 1361 3210 1415 De
3241 1360 3435 1427 quibus
3458 1358 3619 1413 Domi-

2065 1470 2169 1509 nus
2192 1454 2514 1523 loquebatur
2545 1471 2561 1511 :
2597 1452 2748 1508 Beati
2782 1453 2976 1507 mundo
3010 1452 3164 1506 corde
3193 1466 3214 1517 ;
3244 1450 3490 1519 quoniam
3532 1449 3624 1519 ipsi

2071 1547 2247 1602 Deam
2282 1546 2831 1612 videbuntiuattbw,
2858 1546 2939 1616 8).
2968 1544 3139 1614 Cujus
3178 1543 3318 1599 visio
3349 1541 3623 1614 perfectum

2066 1650 2150 1696 est
2190 1640 2468 1710 gaudium,
2498 1640 2642 1710 quod
2675 1640 2726 1693 in
2766 1638 2939 1708 plenae
2972 1637 3097 1693 fidei
3140 1636 3311 1692 corde
3351 1646 3621 1690 versatur:

2073 1742 2128 1786 et
2161 1732 2368 1788 ossium
2419 1730 2747 1801 germinatio
2782 1729 3162 1799 subsequitur,
3192 1728 3261 1785 de
3302 1725 3495 1798 quibus
3519 1735 3627 1781 ante

2071 1823 2182 1895 jam
2215 1823 2479 1878 diximus.
2515 1823 2760 1889 Quorum
2788 1823 2834 1878 si
2860 1823 3034 1878 lector
3061 1822 3266 1877 oblitus
3285 1830 3390 1885 est,
3408 1828 3629 1876 recurrat

2071 1915 2139 1971 ad
2160 1914 2599 1985 explanationem
2628 1916 2940 1986 pristinam.
2969 1914 3161 1970 Melius
3199 1922 3288 1969 est
3314 1915 3457 1968 enim
3496 1911 3626 1967 illum

2073 2005 2277 2076 scripta
2308 2005 2570 2075 relegere,
2596 2023 2759 2076 quam
2785 2022 2887 2062 nos
2916 2008 3057 2062 dicta
3090 2005 3382 2076 replicare.
3410 2002 3477 2056 Et
3502 2013 3629 2067 nota,

2074 2098 2273 2167 inquit,
2295 2100 2392 2153 erit
2438 2114 2628 2154 ntanus
2660 2099 2869 2153 Domini
2890 2099 3056 2153 seruis
3074 2099 3213 2167 ejus,
3241 2098 3327 2152 vel
3355 2093 3629 2150 timentibus

2073 2206 2214 2254 eum,
2239 2202 2285 2245 et
2323 2193 2735 2246 comntinabitur
2762 2192 3021 2258 inimicis,
3054 2193 3173 2247 sive
3202 2190 3488 2245 incredulis
3513 2188 3626 2253 sttit.

2075 2278 2265 2335 Manus
2294 2289 2474 2334 autem
2510 2282 2592 2336 vel
2619 2296 2718 2352 pro
2741 2282 2985 2351 potentia
3030 2282 3323 2352 accipitur,
3357 2280 3494 2351 quod
3519 2293 3629 2348 pos-

2075 2371 2147 2426 sit
2185 2370 2329 2427 Deus
2358 2374 2542 2427 omnia
2592 2372 2795 2440 facere,
2847 2389 2969 2443 qua:
2996 2373 3294 2443 promittit,
3320 2372 3468 2440 juxta
3514 2368 3628 2424 illud

2076 2465 2222 2536 quod
2240 2480 2303 2520 es
2326 2480 2554 2534 persona
2579 2466 2671 2522 Dei
2698 2467 2910 2537 Moyses
2928 2465 3169 2534 loquitur
3185 2467 3256 2520 ad
3280 2466 3629 2521 Pharaonem:

2080 2558 2236 2629 Nunc
2276 2561 2482 2612 mittant
2528 2575 2767 2624 manum,
2799 2568 2847 2612 et
2882 2560 3174 2628 percutiant
3218 2568 3294 2622 te,
3333 2568 3380 2611 et
3405 2556 3630 2625 populant

2077 2658 2227 2702 tuum
2250 2648 2596 2716 interﬁciant,
2615 2658 2662 2703 et
2684 2648 2939 2703 deleberis
2961 2652 3023 2702 de
3041 2661 3182 2703 terra
3204 2647 3408 2717 (Exod.
3433 2660 3512 2711 nt,
3528 2645 3630 2713 20).

2081 2740 2143 2794 Et
2172 2756 2387 2795 rursum
2416 2743 2530 2811 ipse
2563 2741 2629 2794 ad
2652 2740 2902 2796 eumdem
2944 2754 3238 2812 tyrannum
3270 2758 3285 2795 :
3314 2739 3443 2795 Ecce
3467 2752 3631 2793 manus

2082 2833 2294 2887 Domini
2334 2833 2435 2887 erit
2488 2848 2647 2901 super
2685 2833 2931 2903 jumenta
2969 2844 3062 2886 tua
3097 2832 3302 2901 (Exod.
3345 2848 3422 2899 ts,
3452 2832 3541 2901 4);
3571 2829 3632 2884 de

2079 2941 2184 2995 qua
2222 2927 2288 2980 ad
2321 2925 2487 2981 Deum
2521 2924 2811 2979 Psaltnista
2835 2925 3053 2980 dicebat
3083 2943 3097 2979 :
3130 2925 3324 2980 Manus
3357 2935 3445 2978 tua
3481 2932 3632 2994 gentes

2079 3020 2366 3087 interfecit,
2411 3030 2459 3073 et
2490 3019 2745 3088 plantasti
2768 3033 2855 3071 eos
2879 3017 3052 3087 (Psal.
3088 3033 3242 3079 mu.
3272 3018 3351 3089 5).
3381 3018 3484 3072 Aut
3506 3026 3633 3072 certe

395 3138 551 3184 χχιιι,
583 3118 717 3191 37)?
742 3116 807 3171 Et
844 3114 1348 3178 Deuteronnmiutu',
1382 3112 1433 3165 in
1461 3126 1571 3182 quo
1596 3113 1703 3165 tale
1738 3113 1865 3181 quid
1895 3128 1979 3165 re-
2004 3141 2049 3202 Ο
2084 3127 2280 3167 manus
2320 3110 2532 3165 Domini
2575 3112 2828 3166 Christus
2872 3112 3265 3182 intelligendus
3307 3121 3411 3173 est,
3441 3111 3503 3164 de
3543 3122 3634 3177 quo

396 3223 554 3269 sonat
582 3228 602 3270 :
632 3210 779 3265 Sicut
809 3206 993 3276 aquila
1033 3204 1257 3274 protegit
1288 3206 1471 3257 nidum
1517 3220 1693 3269 suum,
1725 3214 1772 3258 et
1804 3204 1974 3274 pullos

396 3323 517 3360 διιιηε
559 3300 876 3355 desideravit
918 3314 937 3352 :
984 3296 1283 3367 expandens
1317 3296 1454 3357 alus,
1497 3297 1724 3359 suscepit
1772 3312 1879 3359 eos,
1929 3305 1978 3348 et

396 3399 622 3467 portavit
668 3396 722 3448 in
764 3390 995 3446 humeris
1042 3391 1155 3443 suis
1204 3387 1387 3460 (Dent.
1433 3403 1612 3453 xxxii,
1646 3388 1757 3458 ll).
1812 3388 1980 3443 Aiunt

397 3492 490 3562 qui
529 3493 593 3545 de
618 3484 980 3542 animantium
1013 3482 1290 3549 scripsere
1318 3479 1557 3545 naturis,
1584 3481 1825 3533 omnium
1858 3481 1981 3550 qui-

397 3586 521 3639 detn
547 3580 867 3643 bestiarum,
896 3574 1362 3644 etjumentorum.
1390 3582 1444 3625 et
1466 3576 1732 3640 pecudum
1763 3573 1977 3627 avium-

398 3694 501 3746 que
560 3673 859 3744 ingenitum
902 3684 1025 3724 esse
1076 3668 1131 3723 in
1166 3668 1305 3722 lilios
1348 3667 1636 3737 pullosque
1672 3682 1804 3722 suos
1844 3667 1978 3723 alie-

398 3781 571 3832 ctum,
608 3766 700 3819 sed
757 3761 1049 3817 maximum
1078 3775 1201 3814 esse
1229 3773 1471 3814 amorem
1498 3759 1829 3828 aquilarum,
1855 3774 1977 3829 qua:

400 3864 453 3917 in
486 3856 721 3914 excelsis
765 3865 821 3911 et
869 3851 1170 3909 inaccessis
1213 3851 1349 3906 locis
1382 3851 1541 3905 nidos
1585 3852 1877 3918 collocant,
1912 3866 1978 3907 ne

399 3953 623 4009 coluber
648 3950 788 4005 fetus
814 3948 1048 4004 violet’.
1073 3945 1413 4000 Antethisten
1442 3958 1656 4014 quoque
1691 3944 1836 3999 inter
1863 3945 1981 4015 pul-

399 4045 481 4100 los
521 4043 639 4111 ejus
670 4039 901 4112 lapidem
934 4039 1188 4108 reperiri,
1218 4051 1327 4107 quo
1360 4038 1542 4091 omnia
1571 4037 1733 4107 811
1767 4051 1978 4093 venena

398 4145 745 4207 superentur.
789 4133 844 4187 Si
892 4133 992 4187 hoc
1041 4144 1236 4184 verum
1286 4139 1391 4193 est,
1429 4137 1576 4183 recte
1621 4128 1850 4184 atiectus
1882 4127 1979 4185 Dei

402 4234 452 4285 in
486 4245 613 4285 Suas
643 4238 919 4283 creaturas
951 4224 1148 4293 aquilis
1178 4232 1527 4291 comparatus
1566 4231 1672 4286 est,
1703 4222 1797 4292 qui
1828 4224 1979 4279 omni

396 4324 649 4377 custodia
682 4321 915 4389 protegit
944 4318 1145 4370 libetos
1184 4331 1337 4378 suos,
1374 4329 1443 4368 ne
1472 4314 1639 4370 draco
1661 4325 1718 4370 et
1756 4315 1981 4370 coluber

402 4418 680 4482 antiquus,
711 4411 959 4466 diabolus
987 4418 1041 4464 et
1088 4408 1321 4483 Satanas
1356 4409 1586 4478 obrepat
1626 4408 1858 4463 novellis
1901 4407 1979 4462 fe-

406 4512 569 4576 tibus,
593 4516 648 4561 ut
670 4506 733 4561 ad
752 4520 947 4559 nomen
979 4504 1195 4571 lapidis,
1217 4504 1307 4571 qui
1337 4502 1554 4571 ponitur
1592 4499 1989 4556 infundantcn-

406 4604 473 4654 tis
507 4600 869 4657 Sion.omnes
900 4596 1340 4649 adversariorum
1374 4594 1694 4665 frangantur
1737 4595 1979 4650 insidiae.

404 4692 529 4746 llaec
559 4699 741 4745 autem
769 4686 1103 4752 Jerusalem,
1131 4688 1182 4741 in
1210 4704 1313 4756 qua
1345 4689 1774 4742 consolabuntur
1804 4705 1834 4742 a
1865 4703 1980 4741 ma-

409 4798 490 4840 tre
524 4786 644 4842 lilii.
670 4795 726 4837 et
757 4783 811 4836 in
846 4782 1075 4851 genibus
1110 4783 1497 4851 palpalntutur,
1530 4780 1617 4835 illa
1641 4790 1745 4845 est,
1776 4780 1843 4835 de
1876 4796 1979 4850 qus

406 4879 599 4932 seribit
626 4875 952 4946 Apostolus:
975 4873 1106 4940 Qua:
1124 4884 1301 4927 autem
1322 4890 1532 4927 sursum
1551 4883 1628 4928 est
1654 4872 1979 4939 Jerusalem,

403 4972 570 5025 libera
604 4982 706 5034 est,
751 4984 871 5039 qua:
918 4977 992 5021 est
1027 4976 1195 5021 mater
1226 4968 1458 5022 omnium
1493 4981 1730 5021 nostrum
1776 4966 1979 5037 (Galat.

404 5080 480 5127 tr,
518 5064 635 5133 96).
661 5061 829 5131 Cujus
863 5061 1258 5116 consolationis
1283 5062 1426 5116 lacte
1458 5068 1760 5125 saturatos,
1788 5074 1984 5116 conso-

406 5206 761 5274 imprnpriam
804 5207 1092 5263 lectionem
1136 5216 1315 5262 vocat.
1371 5207 1760 5277 interp’etitur
1798 5209 1939 5262 enim
1966 5247 1980 5272 ,

410 5279 605 5341 inquit.
646 5277 815 5331 Jacol)
855 5294 1011 5332 suum
1055 5279 1186 5332 illttd
1229 5279 1456 5341 dictum,
1494 5282 1761 5343 supposuit
1800 5280 1980 5331 hume-

407 5363 560 5409 rum,
603 5352 666 5401 ad
710 5350 924 5404 labores
958 5351 1188 5415 scilicet,
1232 5359 1285 5403 ut
1326 5350 1429 5403 late
1464 5350 1813 5417 procquilur
1855 5348 1981 5402 Ilie-

406 5430 685 5485 ronytnus.

468 5488 497 5569 θ’
539 5488 781 5558 Negantli
830 5488 1151 5569 papipulam
1195 5488 1403 5545 Victor.
1448 5491 1740 5556 interserit,
1782 5500 1835 5542 ut
1876 5507 1979 5544 non

408 5559 722 5613 misereatur
749 5576 769 5614 :
799 5561 933 5615 nihil
961 5559 1179 5614 diverso
1206 5574 1392 5614 sensu.

481 5633 499 5660 ²
538 5628 678 5681 Idem
719 5630 1066 5685 Ambrosiam
1102 5629 1274 5682 videat
1310 5645 1408 5699 pro
1443 5633 1614 5697 violet,
1669 5642 1723 5687 et
1765 5634 1979 5687 Anetlii-

403 5709 528 5820 ἔξω.
569 5715 665 5764 pro
703 5703 1043 5779 {ivncti-istan,
1087 5704 1233 5770 quod
1280 5702 1498 5771 quidem
1543 5705 1774 5773 positum
1827 5722 1874 5757 tu
1917 5720 1978 5755 tt-

440 5783 535 5820 osc
569 5785 628 5819 «ιι
668 5785 713 5820 ut
739 5788 831 5820 ur.

440 5783 535 5820 asc
569 5785 628 5819 stt
667 5785 713 5836 ιιι
739 5788 831 5826 ισιιο,

2080 3216 2313 3274 etsupra
2334 3206 2560 3275 legimus
2585 3221 2600 3260 :
2629 3204 2818 3260 Manus
2841 3222 2953 3260 mea
2979 3206 3104 3276 [erit
3129 3206 3244 3259 lucc
3266 3205 3462 3259 omnia.
3482 3202 3634 3269 Quam

2081 3308 2264 3353 notam
2300 3299 2463 3353 faciet
2495 3299 2754 3355 Dominus
2779 3301 2956 3354 servis
2987 3298 3103 3353 suis
3131 3308 3185 3353 et
3231 3298 3542 3352 timentibus
3564 3310 3632 3359 se,

2080 3394 2246 3464 812
2277 3404 2329 3448 et
2367 3394 2794 3448 comminabitur
2820 3392 3121 3447 incredulis
3158 3400 3218 3446 et
3242 3389 3489 3458 inimicis
3512 3388 3630 3453 suis,

2084 3498 2140 3541 tit
2166 3490 2287 3540 aliis
2332 3488 2615 3557 promittat
2656 3485 2901 3557 prtemia,
2954 3485 3080 3539 aliis
3113 3486 3385 3554 supplicia
3426 3482 3632 3539 commi-

2085 3589 2263 3634 netur.
2302 3580 2360 3633 ιιι
2397 3595 2507 3649 quo
2554 3579 2953 3634 consideranda
2998 3583 3293 3632 verborum
3320 3576 3631 3647 'proprietas,

2083 3675 2223 3743 quod
2266 3689 2373 3728 non
2404 3675 2605 3728 dixerit
2643 3690 2657 3728 :
2688 3674 2892 3728 luferet
2938 3671 3177 3727 ἱιιίιιίἰοίε
3214 3673 3367 3728 suis:
3396 3669 3487 3726 sed
3513 3684 3634 3722 com-

2084 3766 2391 3827 minabitur,
2430 3775 2487 3819 ut
2532 3781 2629 3833 per
2654 3764 3133 3819 comminationem
3170 3763 3444 3826 deterriti,
3468 3771 3518 3816 et
3547 3757 3633 3828 ipsi

2082 3861 2149 3912 ad
2175 3858 2389 3912 Domini
2431 3867 2712 3912 transeant
2737 3857 3086 3912 servitutem.

2153 3951 2627 4020 (Vers.15,i6.)_c
2661 3950 2798 4017 Quia
2851 3965 2980 4006 ecce
3028 3949 3295 4006 Dominus
3320 3950 3373 4004 in
3421 3949 3632 4017 ignave-

2085 4046 2196 4100 niet
2226 4062 2241 4102 :
2270 4054 2325 4099 ct
2352 4044 2505 4114 quasi
2528 4047 2686 4100 turbo
2703 4043 2982 4115 quadrigae
3010 4044 3151 4112 ejus,
3176 4042 3408 4097 reddere
3435 4041 3486 4095 in
3511 4039 3636 4094 indi-

2086 4139 2344 4211 gnatione
2384 4140 2625 4194 furorem
2656 4154 2837 4205 suum,
2878 4147 2933 4193 et
2961 4140 3389 4209 increpatiouem
3426 4151 3564 4192 suam
3588 4135 3631 4187 in

2085 4230 2298 4285 llanuna
2314 4229 2616 4300 iguis.Quia
2639 4229 2691 4282 in
2709 4229 2831 4298 igne
2846 4229 3109 4285 Dominus
3127 4227 3484 4300 dijudicatur[
3500 4226 3633 4294 Vulg.

2094 4324 2414 4392 dijudicabit
2434 4322 2534 4393 |,et
2563 4324 2613 4376 in
2648 4321 2826 4392 gladio
2848 4335 2949 4377 suo
2970 4323 3034 4375 ad
3059 4337 3275 4377 omnem
3304 4337 3514 4377 carnem
3547 4338 3561 4374 :
3588 4330 3636 4374 et

2088 4418 2598 4487 multiplicabuntur
2619 4414 2890 4470 interiecti
2912 4431 2940 4468 a
2965 4414 3215 4470 Domino.
3241 4434 3259 4466 ι
3284 4414 3423 4469 LXX
3444 4432 3486 4469 ει
3515 4413 3634 4467 Ecce

2022 4508 2062 4562 ι)
2093 4510 2354 4564 Dominus
2394 4509 2545 4577 quasi
2588 4508 2732 4576 ignis
2782 4507 2999 4569 veniet,
3044 4517 3101 4561 et
3147 4509 3307 4578 quasi
3366 4516 3635 4577 tempestas

2087 4618 2282 4657 currus
2302 4602 2443 4671 ejus,
2488 4599 2715 4654 reddere
2748 4600 2804 4652 in
2849 4599 3031 4656 furore
3075 4601 3339 4655 ultionem
3370 4615 3513 4656 suam
3547 4607 3632 4655 :et

2087 4696 2521 4763 increpationem
2550 4694 2603 4750 in
2627 4696 2845 4749 flamma
2878 4696 3035 4765 ignis.
3062 4694 3118 4748 ιιι
3137 4696 3260 4765 igne
3280 4694 3420 4750 enim
3444 4690 3630 4748 Domini

2081 4791 2416 4860 judicabitur
2448 4790 2627 4843 omnis
2658 4799 2801 4843 terra
2837 4804 2849 4845 :
2902 4804 2959 4843 et
3002 4790 3054 4842 in
3098 4790 3280 4859 gladio
3333 4789 3469 4843 illius
3492 4785 3632 4843 cadet

2092 4881 2341 4933 universa
2370 4892 2502 4931 Caro
2538 4897 2549 4929 :
2580 4879 2732 4932 tnnlti
2775 4880 3047 4933 vulnerati
3073 4890 3233 4933 erunt
3270 4894 3302 4934 a
3344 4877 3575 4932 Domino.
3609 4892 3625 4924 ι

2087 4971 2276 5025 Manus
2314 4970 2547 5034 Domini,
2579 4986 2696 5038 qua:
2738 4982 2862 5025 uota
2898 4973 2988 5026 tiet
3014 4973 3185 5026 servis
3216 4971 3356 5041 ejus,
3386 4978 3437 5025 et
3461 4971 3632 5022 timeu-

2090 5066 2230 5119 tihtts
2257 5080 2404 5124 cum.
2437 5066 2547 5133 ipsa
2582 5066 2952 5119 comminatur
2988 5066 3305 5131 incredulis,
3331 5065 3443 5121 sive
3467 5058 3631 5116 ittinti-

2160 5229 2179 5259 ³
2237 5225 2512 5280 Occursus
2563 5226 2806 5294 ejusdem
2871 5226 3103 5279 nominis
3154 5227 3321 5281 Pater
3375 5224 3631 5279 librarium

2088 5300 2247 5355 facile
2283 5299 2579 5363 deceperit,
2636 5306 2696 5349 ιιι
2743 5297 2901 5349 oculo
2934 5307 3282 5366 properante,
3337 5295 3450 5350 haec
3481 5296 3632 5366 inter-

2089 5370 2264 5424 tuedia
2325 5366 2444 5436 ejus
2499 5366 2791 5419 testimonii
2838 5364 2997 5421 verba
3037 5367 3457 5436 praetermiserit,
3487 5364 3631 5417 Pater

2090 5438 2302 5492 Domini
2355 5438 2521 5489 nostri
2552 5437 2682 5489 Jesu
2719 5438 2940 5500 Christi,
2973 5454 3094 5506 qua:
3145 5436 3411 5491 Victorius
3436 5437 3630 5503 quidem

2085 5527 2148 5565 ex
2204 5508 2445 5576 Apostolt
2503 5518 2653 5561 textu
2693 5508 2780 5560 hic
2814 5508 3029 5577 supplet
3061 5523 3077 5571 ;
3111 5508 3165 5560 in
3220 5509 3370 5561 ttullu
3406 5515 3566 5577 tamen
3595 5514 3629 5577 _e

2087 5572 2287 5633 nostris
2328 5593 2455 5630 mss.
2500 5579 2737 5645 reperire
2794 5572 3146 5632 esti—Statim
3204 5572 3629 5647 quoquesullicit

2089 5666 2271 5701 voci-tn
2308 5662 2485 5699 nostra
2521 5663 2585 5700 cx
2620 5653 2806 5703 rudem
2838 5657 3011 5715 textu,
3059 5649 3148 5704 ubi
3181 5650 3392 5711 tilt’iittl',
3419 5646 3468 5698 ἔοι
3503 5646 3628 5697 omni

2089 5722 2422 5773 tribulatione
2464 5736 2513 5767 ιιι
2535 5729 2669 5773 atra.
