3906 6172
225 210 328 272 689

734 212 1229 275 COMMENTAR.
1274 216 1353 275 IN
1399 217 1665 279 lSAIAb'l
1705 220 2168 287 ΡΒΟΡΗΕΤΛΜ
2207 224 2354 284 LIB.
2391 224 2608 296 Xi’lll',
2639 224 2794 287 CAP.
2847 225 3046 292 LXVI.

3369 229 3491 292 69W

227 323 300 377 eis
333 322 473 393 ejus,
511 331 570 378 ut
599 323 645 380 si
671 342 776 380 non
808 328 1015 393 egerint
1041 329 1444 398 pmnitentiam,
1481 341 1791 390 su’sttiieant
1824 341 1869 396 Δ
1900 327 2102 408 Παφίη,
2129 340 2241 410 12).
2263 339 2387 396 llaec.
2417 355 2598 396 autem
2628 343 2882 400 universa
2899 355 3216 410 narrantur,
3238 362 3345 403 non
3365 364 3473 419 quo

227 428 342 480 quae
369 423 677 483 sequuntur
703 432 718 471 :
742 415 880 473 Ecce
905 421 1068 486 enim,
1088 422 1286 490 inqttit,
1308 423 1564 480 Dominus
1597 428 1650 480 in
1681 430 1798 497 igne

226 507 404 571 veniet,
432 517 478 560 et
502 510 656 577 quasi
681 515 831 564 turbo
855 513 962 567 sive
982 523 1260 582 tempestas
1286 533 1471 572 currus
1493 519 1626 589 ejus.
1652 521 1798 593 Quas

227 597 480 653 debemus
527 600 834 672 intelligere
878 607 1157 675 angelicas
1211 621 1532 679 potestates,
1579 614 1798 681 quando

226 697 479 744 venturus
519 699 606 746 est
648 691 910 752 Dominus
938 698 992 751 in
1027 699 1198 766 gloria
1232 700 1408 755 Patris
1435 717 1559 756 eum
1592 703 1798 771 angelis
1851 717 1855 719 ·

223 781 358 846 suis,
383 781 632 850 judicare
659 787 813 842 vivos
840 799 896 843 et
930 799 1173 845 mortuos
1200 809 1216 850 :
1253 809 1358 848 non
1389 809 1500 864 quo
1539 795 1798 851 Dominus

226 874 363 945 ignis
383 875 473 938 sit,
496 879 599 933 sed
612 895 724 948 quo
739 885 1138 942 sustinentibus
1163 899 1372 954 poenas.
1396 905 1524 946 ecce
1554 891 1696 960 ignis
1721 893 1798 945 vi-

224 969 430 1023 deatur.
451 971 519 1026 Et
540 974 666 1029 licet
687 974 897 1047 Moyses
911 979 1110 1034 dixerit
1133 981 1313 1052 (Deut.
1329 1000 1402 1046 tv.
1422 984 1538 1053 24),
1562 986 1794 1054 idipsum

223 1062 478 1130 Apostolo
529 1069 892 1126 eonllrutante
939 1072 1135 1142 (llebr.
1189 1089 1290 1139 xu,
1317 1076 1410 1145 29)
1440 1097 1454 1132 :
1487 1077 1627 1132 Deus
1659 1082 1796 1150 ignis

224 1169 533 1212 consumens
578 1170 677 1225 est,
730 1170 970 1217 attamen
1004 1164 1278 1231 Salvatlttr,
1311 1170 1625 1236 exprimens
1654 1172 1794 1226 divi-

225 1247 408 1303 nitatis
433 1251 812 1319 substantiam,
863 1257 972 1310 ait:
1000 1256 1238 1325 Spiritus
1283 1270 1362 1314 est
1423 1261 1560 1316 Deus
1606 1262 1792 1334 (Joan.

223 1353 296 1403 tv,
325 1339 442 1410 24).
480 1344 630 1398 Inter
652 1345 904 1414 spiritum
947 1359 1128 1404 autem
1159 1360 1215 1405 et
1254 1350 1458 1422 ignem,
1491 1357 1794 1412 secundum

223 1430 637 1504 intelligentiam
699 1439 1065 1508 corporalem,
1123 1443 1290 1497 multa
1341 1445 1634 1502 diversitas
1687 1459 1793 1505 est.

221 1524 374 1591 Quod
423 1527 468 1583 si
520 1528 682 1599 ignis,
733 1539 828 1585 aut
875 1533 1106 1602 spiritus
1150 1543 1257 1604 est,
1288 1539 1559 1606 quomo-lo
1585 1541 1794 1607 oculos,

220 1627 268 1669 et
300 1632 485 1684 aures,
515 1629 571 1675 et
609 1637 824 1686 manus,
851 1635 905 1680 et
938 1627 1124 1695 pedes,
1157 1638 1212 1682 et
1244 1641 1490 1685 ventrem
1517 1639 1571 1686 et
1597 1641 1793 1688 cmtera

220 1710 464 1777 corporis
510 1715 750 1770 membra
807 1717 1009 1775 habere
1063 1721 1282 1788 dicitur,
1336 1738 1460 1778 eum
1493 1725 1608 1780 haec
1636 1725 1796 1792 spiri-
1829 1691 1868 1746 Β

221 1807 310 1854 tus
349 1801 599 1874 ignisque
646 1821 754 1862 non
803 1809 1090 1866 habeant?
1121 1815 1264 1883 ignis
1299 1830 1428 1887 ergo
1468 1831 1794 1874 consumens

221 1892 527 1959 appellatur
581 1897 749 1964 Deus,
812 1911 871 1954 ut
918 1903 1179 1974 quidquid
1231 1907 1283 1960 in
1345 1909 1503 1963 nobis
1538 1910 1792 1963 vitiorum

222 1989 328 2042 est,
356 1980 560 2050 fenum,
581 1985 751 2055 ligna.
781 1990 1147 2064 stipulamque
1173 2010 1481 2065 censumat,
1510 2009 1565 2055 et
1585 2001 1792 2070 spinas,

221 2073 271 2128 id
303 2084 414 2138 est,
446 2076 840 2137 sollicitudines
889 2088 1072 2143 saeculi
1129 2089 1306 2160 hujus,
1339 2107 1478 2162 quas
1525 2110 1623 2164 pro
1656 2095 1796 2151 bono

219 2170 430 2224 semine
469 2179 612 2227 terra
643 2176 824 2230 attulit
854 2177 1170 2246 infecunda,
1205 2183 1274 2239 de
1303 2200 1406 2252 qua
1439 2186 1506 2241 ad
1537 2185 1795 2244 Hebraeos

218 2259 424 2316 dicitur
451 2281 466 2320 :
496 2264 630 2330 Quae
663 2278 839 2322 autem
863 2272 1009 2341 aﬂ'ert
1031 2276 1209 2342 spinas
1232 2287 1280 2330 et
1309 2279 1548 2347 tribulos,
1575 2283 1797 2347 reprobo

219 2362 320 2421 est,
369 2367 420 2408 et
458 2359 738 2415 maledicto
761 2368 1003 2431 proxima
1033 2383 1051 2420 :
1083 2371 1235 2439 cujus
1289 2371 1413 2440 ﬁnis
1467 2378 1797 2446 consumptio

217 2459 293 2502 est
323 2448 514 2514 (Hebr.
567 2467 640 2518 vt,
676 2455 750 2522 l).
794 2456 870 2512 De
905 2459 1007 2513 hoc
1041 2461 1161 2530 igne
1203 2475 1256 2517 et
1290 2465 1342 2518 iu
1375 2465 1663 2536 Evangelia
1693 2470 1798 2525 Do—

219 2539 401 2594 minus
449 2543 769 2612 loquebatur
798 2563 812 2601 :
839 2548 1022 2619 Ignem
1053 2553 1166 2606 ueni
1196 2555 1397 2610 mittere
1442 2557 1605 2628 813
1644 2577 1800 2625 super

221 2639 422 2685 terram
457 2632 613 2702 (Luc.
639 2651 739 2699 stt,
788 2638 901 2708 49).
953 2641 1020 2695 Ει
1067 2657 1231 2711 supra
1279 2644 1551 2710 legimus:
1584 2648 1798 2704 Ardebit

219 2726 359 2778 sicut
392 2728 530 2797 ignis
553 2730 831 2800 iniquitas,
870 2741 920 2787 et
951 2736 1319 2806 sicutgramrn
1353 2741 1562 2794 aridum
1606 2759 1798 2797 consu-

220 2830 398 2873 metur
424 2822 536 2889 igni
558 2821 693 2886 (Isa.
726 2840 803 2888 ts.
839 2825 950 2894 18),
977 2837 1032 2882 et
1054 2831 1238 2883 omnia
1278 2831 1508 2900 zizania,
1542 2850 1662 2904 quae
1696 2835 1802 2890 lni-

219 2912 396 2966 minus
429 2913 594 2969 homo
631 2919 1108 2987 superseminavit,
1147 2919 1450 2977 dormiente
1485 2924 1798 2992 patrel'amio

1901 430 2043 486 Deus
2091 443 2184 487 aut
2217 449 2413 489 currus
2443 435 2662 502 habeat,
2697 447 2791 491 aut
2821 438 3140 508 quadrigas,
3180 447 3277 492 ant
3303 455 3468 508 equo-

1897 540 2015 578 rum
2046 526 2336 582 velocitate
2366 538 2614 598 portetur
2639 547 2653 595 ;
2681 531 2746 584 de
2770 547 2877 600 quo
2901 530 3028 586 alibi
3061 533 3325 603 scriptum
3349 545 3432 588 est
3457 554 3473 588 ς

1900 619 2263 684 Quiambulat
2289 639 2445 687 super
2474 640 2674 691 pennas
2700 633 2971 678 ventorum
3002 623 3180 690 (Psal.
3210 640 3327 692 cm,
3363 625 3418 691 5)
3454 644 3478 694 ;.

1897 711 1991 766 sed
2029 715 2298 780 quomodo
2333 714 2384 766 in
2415 713 2556 768 solio
2586 715 2779 770 sedere
2813 713 3036 780 dicitur,
3072 719 3291 784 quando
3319 731 3476 772 assu-

1899 801 1998 855 mit
2030 801 2272 856 hahitum
2308 802 2640 872 judicautis;
2678 805 2760 860 sic
2809 805 3033 876 quando
3079 808 3145 861 ad
3175 807 3471 862 vindictam

1897 894 2067 957 venit,
2090 902 2146 946 ut
2165 895 2396 949 debellet
2417 897 2759 953 adversarios
2780 913 2926 960 suos,
2951 898 3002 952 in
3037 898 3222 954 habitu
3248 900 3476 956 victoris

1897 991 1954 1036 et
1986 983 2374 1052 triumphantis
2405 987 2732 1042 ostenditur.
2781 987 2853 1041 De
2878 987 3060 1044 lurore
3092 987 3304 1043 Domini
3349 1005 3472 1045 cre-

1898 1072 1998 1128 bro
2023 1073 2284 1141 diximus,
2319 1079 2466 1145 quod
2488 1078 2570 1132 sic
2592 1079 2763 1148 accipi
2798 1079 2996 1133 debeat
3028 1079 3300 1149 quomodo
3339 1079 3472 1134 obli-

1900 1163 1988 1218 vio
2022 1164 2161 1233 ejus,
2195 1174 2249 1220 et
2277 1167 2619 1236 poenitentia,
2655 1179 2707 1223 et
2763 1171 3132 1238 contristatio,
3167 1181 3218 1226 et
3253 1173 3474 1229 aﬂ‘ectus

1898 1257 2104 1322 caeteri,
2131 1259 2224 1326 qui
2250 1258 2344 1313 Dei
2377 1273 2482 1313 non
2507 1263 2840 1316 conveniunt
2867 1264 3158 1331 maiestati.
3188 1263 3251 1318 Et
3282 1265 3336 1319 in
3370 1267 3473 1320 hoc

1899 1344 2070 1408 igitur
2097 1347 2224 1417 igne
2254 1358 2307 1403 et
2375 1348 2580 1411 lurore.
2616 1351 2666 1405 iu
2699 1352 2782 1408 his
2813 1354 3069 1410 Curribus
3098 1366 3150 1408 et
3177 1355 3232 1408 in
3258 1355 3470 1411 flamma

1898 1435 2040 1505 ignis
2084 1437 2424 1506 judiaabitur
2473 1442 2652 1496 omnis
2695 1458 2854 1510 caro,
2902 1445 3018 1499 sive
3051 1446 3166 1514 ipse
3214 1444 3476 1503 Dominus

1898 1542 2022 1583 cum
2048 1531 2316 1586 creaturis
2347 1533 2486 1596 suis,
2535 1543 2592 1588 ut
2641 1548 2747 1589 non
2780 1537 3043 1606 potentia,
3077 1539 3169 1591 sed
3202 1535 3370 1609 8”.
3389 1537 3474 1607 ju-

1899 1621 2027 1676 dicii
2067 1623 2297 1678 veritate
2327 1624 2577 1679 videatur
2617 1625 2762 1681 lerre
2807 1629 3135 1683 sententiam
3159 1629 3310 1698 juxta
3343 1629 3470 1684 illud

1897 1714 2042 1782 quod
2090 1716 2141 1770 iu
2192 1715 2414 1771 Miehtea
2466 1718 2767 1788 prolixius.
2818 1731 2874 1774 et
2917 1721 2969 1775 itt
3023 1721 3474 1791 quinquagesimo

1897 1805 2112 1862 Psalmo
2133 1808 2350 1864 brevius
2372 1809 2574 1864 dicitur
2598 1829 2610 1864 :
2643 1810 2711 1866 Ut
2731 1811 3040 1882 justiﬁceris
3062 1813 3118 1866 in
3147 1814 3476 1868 sermonibus

1897 1902 2044 1955 tuis:
2101 1911 2151 1956 et
2193 1903 2370 1956 vincas
2419 1919 2538 1956 cum
2600 1903 2765 1972 fueris
2781 1905 3062 1974 judicatus
3111 1903 3282 1966 (Psal.
3313 1904 3473 1977 1.,5).

1897 1992 2120 2050 Gladius
2155 2003 2335 2050 autem
2377 2012 2487 2065 quo
2521 1996 2700 2052 omnis
2739 2011 2871 2053 caro
2919 2007 3002 2052 est
3031 1997 3347 2067 judieauda,
3387 1999 3478 2054 ille

1900 2082 2252 2152 aceipiendus
2285 2095 2391 2149 est,
2427 2085 2493 2140 de
2523 2101 2634 2156 quo
2660 2095 2716 2142 et
2753 2086 2905 2157 prius
2938 2086 3197 2153 diximus,
3234 2096 3288 2142 et
3330 2103 3479 2144 nunc

1899 2176 2141 2231 dicemus
2169 2191 2236 2230 ex
2277 2187 2477 2248 parte:
2512 2179 2632 2232 Nisi
2677 2179 2918 2233 conversi
2965 2179 3199 2249 fueritis,
3242 2179 3477 2250 gladium

1898 2285 2053 2323 suum
2081 2270 2308 2324 vibrabit
2345 2269 2523 2342 (Psal.
2552 2287 2649 2336 vtt,
2687 2273 2795 2341 13).
2849 2270 3003 2327 Hune
3049 2270 3287 2342 gladium
3319 2273 3480 2342 puni-

1901 2369 2078 2414 torem
2141 2361 2326 2416 carnis
2390 2361 2720 2430 peccatricis
2780 2361 3138 2431 omniumque
3197 2361 3490 2425 vitiorum,

1898 2452 2161 2508 Israelita:
2183 2455 2238 2506 in
2287 2452 2816 2516 manusPharaonis
2877 2453 3068 2508 datum
3119 2462 3473 2522 queruntur;

1900 2543 2196 2613 dicuntque
2228 2543 2392 2616 Moysi
2419 2555 2473 2599 et
2506 2545 2684 2599 Aaron
2712 2544 2928 2600 :Yideat
2956 2545 3098 2600 Deus
3133 2561 3220 2599 eos
3249 2553 3300 2599 et
3320 2544 3478 2614 judi-

1902 2646 1980 2690 cet
2016 2651 2037 2691 :
2082 2637 2206 2706 quia
2241 2635 2652 2690 abominabilem
2707 2637 2907 2706 fecistis
2957 2638 3172 2692 odorem
3232 2647 3500 2691 nostratis

1901 2741 2078 2780 coram
2120 2725 2406 2781 Pharaone
2428 2743 2452 2782 :
2474 2737 2530 2780 ut
2561 2727 2782 2781 daretur
2809 2727 3020 2798 gladius
3057 2728 3113 2782 ia
3143 2743 3306 2781 manu
3337 2726 3475 2795 ejus,

1902 2824 1952 2869 et
1984 2815 2298 2886 interﬁceret
2329 2834 2424 2872 nos
2465 2817 2668 2888 (Exod.
2710 2835 2787 2885 IV,
2817 2820 2935 2889 21).
2969 2819 3044 2873 De
3072 2820 3186 2876 hoc-
3214 2820 3392 2891 gladio
3418 2829 3477 2874 et

1903 2907 1958 2960 in
2008 2909 2173 2964 Amos
2219 2909 2480 2978 scriptum
2543 2920 2680 2966 est:
2732 2911 2923 2967 Gladio
2971 2910 3257 2967 interibunt
3299 2926 3501 2967 omnes--

216 3008 321 3064 lias
347 3009 570 3079 (Matth.
603 3014 741 3082 sui).
774 3014 850 3069 De
877 3029 986 3083 quo
1020 3025 1074 3070 et
1097 3017 1150 3070 in
1185 3015 1420 3086 Epistola
1443 3016 1630 3073 Jacobi
1656 3021 1790 3076 scri-

1903 3008 2197 3067 peccatores
2228 3001 2408 3070 populi
2431 2999 2610 3072 (Amos
2647 3016 2725 3069 ta,
2753 3002 2847 3073 10)
2875 3019 2891 3057 :
2922 3018 3045 3058 cum
3081 3003 3270 3074 utique
3294 3012 3347 3058 et
3371 3003 3504 3058 alia.

217 3098 412 3157 bitur:
447 3101 648 3158 Parvus
671 3105 810 3174 ignis
847 3120 1004 3174 quam
1039 3106 1288 3176 grandem
1326 3110 1592 3177 succendit
1633 3122 1798 3166 mate-

218 3193 558 3263 riam!(.lac.
611 3210 693 3260 tu,
748 3194 828 3266 5.)
885 3196 950 3251 Et
1007 3199 1059 3252 in
1084 3197 1456 3256 Proverbiis:
1515 3201 1577 3256 In
1622 3204 1800 3260 multis

218 3285 381 3355 lignis
417 3287 550 3356 viget
580 3288 718 3358 ignis
787 3287 969 3355 (Prov.
1017 3307 1166 3354 XXVI,
1214 3291 1330 3362 20).
1377 3292 1694 3364 Quanquam
1743 3295 1798 3349 in

218 3391 284 3433 eo
307 3378 457 3448 quod
476 3380 824 3449 proverbium
847 3389 948 3446 est,
969 3381 1115 3437 aliud
1143 3385 1314 3452 possit
1334 3385 1561 3455 intelligi
1603 3389 1620 3444 l
1631 3387 1795 3443 Eccli.

217 3472 440 3536 xxviii).
491 3470 647 3528 Hunc
698 3483 828 3542 puto
875 3474 1058 3543 ignem
1113 3473 1322 3530 sedisse
1381 3489 1542 3545 super
1589 3475 1800 3546 linguas

218 3563 590 3632 apostolorum
613 3565 966 3635 omniumque
983 3566 1340 3630 credentium,
1361 3566 1577 3634 quando
1598 3568 1801 3636 linguis

217 3659 392 3712 variis
433 3657 811 3725 loquebantur,
845 3666 901 3712 et
928 3651 1119 3714 omnes
1150 3659 1357 3714 erroris
1387 3658 1612 3726 iugabat
1647 3669 1801 3715 tene-

219 3751 373 3814 bras,
407 3757 463 3805 et
493 3749 835 3804 illuminabat
869 3751 1035 3805 corda
1080 3763 1292 3817 eorum,
1339 3753 1430 3822 qui
1466 3753 1800 3822 recipiebant

220 3854 538 3896 sermonem
577 3838 790 3894 Domini
822 3841 964 3911 (Aet.
995 3841 1077 3912 ιι).
1113 3841 1273 3907 Quod
1300 3852 1480 3897 autem
1514 3844 1795 3912 sequitur:

221 3930 394 3997 Quasi
438 3939 716 3993 tempestas
756 3942 972 3994 currus,
1021 3931 1138 3985 sive
1169 3931 1444 4000 quadriga:
1477 3932 1618 4001 ejus,
1650 3931 1800 3988 Psal-

217 4037 438 4077 morum
481 4023 846 4076 edisseremus
876 4023 1169 4089 exemplis,
1199 4023 1250 4076 in
1296 4023 1495 4092 quibus
1539 4025 1797 4093 scriptum

218 4123 307 4167 est
329 4131 345 4168 :
368 4113 505 4168 Deus
523 4115 794 4184 manifeste
814 4115 996 4179 veniet,
1022 4113 1157 4167 Deus
1177 4129 1371 4178 noster,
1397 4125 1443 4169 et
1467 4133 1566 4170 non
1584 4117 1796 4174 tacebit.

219 4204 371 4276 Ignis
399 4216 522 4258 ante
546 4221 663 4260 eum
695 4205 900 4258 ardebit
924 4221 942 4260 :
977 4217 1023 4260 et
1051 4207 1106 4258 in
1136 4207 1355 4259 circuitu
1378 4207 1492 4271 eius
1519 4216 1800 4276 tempestas

217 4298 401 4351 ualida
433 4297 612 4367 (Prol.
642 4312 790 4362 xm,
828 4299 908 4367 ὅ).
945 4295 1008 4352 Ει
1047 4298 1178 4352 alibi
1216 4299 1454 4353 :Currus
1497 4299 1593 4354 Dei
1623 4303 1796 4355 decem

219 4389 456 4443 millibus
483 4388 758 4458 multiplex
779 4387 948 4442 millia
973 4388 1260 4442 laetantium
1283 4388 1454 4460 (Psal.
1483 4406 1649 4454 vau,
1688 4390 1798 4459 18).

220 4479 321 4536 liis
369 4483 630 4536 curribus
661 4489 716 4536 et
764 4481 924 4551 equis
972 4479 1202 4536 Etisteus
1233 4490 1355 4536 erat
1407 4483 1801 4550 circumdatus,

216 4585 360 4640 quos
386 4585 525 4640 puer
554 4571 674 4640 ejus
710 4570 898 4624 videre
931 4585 1037 4626 non
1071 4579 1310 4638 poterat.
1349 4572 1504 4628 Unde
1544 4574 1621 4627 ait
1651 4590 1666 4632 :
1701 4573 1804 4628 Do-

219 4663 386 4728 mine,
427 4661 573 4728 aperi
593 4660 770 4714 oculos
805 4661 954 4730 pueri
983 4662 1141 4730 hujus
1177 4671 1232 4715 ut
1263 4663 1453 4717 rideat.
1484 4663 1553 4717 Et
1587 4666 1802 4733 apertis,

217 4753 427 4822 inquit,
452 4752 637 4819 oculis,
663 4753 791 4806 vidit
815 4768 1023 4816 currus,
1050 4761 1100 4806 et
1120 4749 1430 4825 quadrigas,
1453 4765 1498 4807 et
1522 4771 1678 4825 equos
1717 4771 1807 4822 per

218 4845 503 4898 circuitum
531 4841 636 4914 (IV
665 4841 791 4912 Reg.
817 4858 894 4908 vt,
915 4843 1024 4912 17).
1053 4842 1165 4897 lloc
1193 4857 1353 4896 curru
1389 4843 1548 4914 igneo
1580 4852 1633 4896 et
1661 4842 1806 4897 Elias

219 4944 420 5001 raptus
471 4935 538 4988 ad
572 4934 768 4990 emittm
820 4943 926 4996 est,
978 4934 1194 5002 quando
1235 4932 1504 4988 clamabat
1541 4933 1802 4989 Elisauis:

224 5024 398 5081 Pater
424 5027 519 5092 nti,
559 5026 720 5081 Pater
749 5025 846 5092 mi,
867 5041 1053 5080 currus
1072 5022 1243 5078 Israel
1271 5035 1316 5078 et
1345 5027 1532 5095 auriga
1558 5026 1672 5094 ejus
1703 5023 1804 5092 (IV

305 5225 323 5256 ⁸
352 5222 698 5277 Martianaens
753 5224 843 5290 qui
894 5221 960 5276 ad
1003 5221 1280 5276 ranonem
1336 5221 1615 5278 llebraicm
1654 5223 1811 5279 Veri-

222 5295 364 5348 tatis
387 5303 770 5357 annotaverat,
803 5293 858 5346 iu
883 5292 1186 5346 emendatis
1211 5293 1464 5347 omnibus
1489 5293 1644 5349 libris
1667 5311 1803 5350 mss.

221 5361 760 5433 Commentariorum
793 5361 852 5418 S.
891 5361 1208 5433 Hieronymi
1240 5376 1403 5415 unam
1442 5377 1540 5431 pro
1575 5364 1805 5433 januant

226 5432 450 5497 haberi,
476 5432 702 5498 ianuam
728 5441 912 5486 tamen
945 5432 1032 5486 hic
1063 5430 1200 5484 satis
1228 5430 1528 5486 oscitanter
1557 5430 1804 5489 retinuit.

225 5499 350 5557 Nos
384 5516 416 5556 e
442 5503 722 5557 contrario
748 5502 962 5571 tametsi
998 5499 1145 5554 nullo
1167 5498 1332 5571 adiuti
1359 5516 1490 5558 mss.
1521 5503 1803 5571 sull'ragio,

229 5587 400 5625 unam
431 5571 776 5639 reposimus
795 5569 861 5640 ad
879 5568 1312 5640 Hieronymiante
1336 5571 1604 5626 versionis
1625 5568 1806 5627 tidem.

230 5641 378 5697 Nam
389 5649 446 5698 et
463 5642 707 5698 subnexa
723 5640 780 5698 S.
808 5639 988 5698 Patris
1009 5639 1278 5712 expositio
1297 5640 1374 5697 sic
1393 5643 1459 5699 ab
1486 5656 1550 5699 eo
1575 5643 1773 5698 lectum
1787 5681 1802 5710 ,

1904 3090 2014 3143 sint
2058 3103 2254 3160 genera
2303 3104 2610 3159 poenarum.
2643 3088 2920 3160 Quidquid
2966 3104 3100 3157 ergo
3159 3090 3368 3160 pungit,
3422 3099 3480 3145 et

1901 3179 2157 3247 percutit,
2185 3189 2239 3234 et
2269 3187 2506 3248 torquet,
2531 3191 2585 3235 et
2613 3180 2841 3244 cruciat,
2874 3180 2927 3236 io
2947 3179 3248 3252 Scripturis
3275 3177 3481 3235 sanctis

1902 3269 2115 3340 gladius
2167 3271 2491 3340 appellatur,
2520 3285 2631 3341 quo
2677 3271 2860 3342 gladio
2904 3271 3339 3328 vulnerabantur
3364 3271 3482 3327 sive

1904 3361 2329 3429 interﬁcientur,
2371 3362 2465 3431 qui
2502 3361 2596 3416 Dei
2654 3377 2766 3416 non
2813 3361 3048 3418 fecerint
3089 3363 3424 3419 voluntatem
3460 3377 3482 3430 ς

1901 3463 1965 3508 ει·
1985 3453 2188 3509 omisso
2223 3453 2426 3508 lumine
2458 3453 2729 3520 veritatis,
2767 3453 3008 3509 tenebris
3036 3465 3098 3508 se
3139 3453 3347 3508 erroris
3383 3453 3474 3508 in-

1904 3544 2194 3600 volverint.
2246 3545 2324 3600 De
2374 3546 2577 3616 quibus
2635 3546 2900 3616 scriptum
2950 3554 3038 3600 est
3073 3546 3126 3599 in
3176 3543 3416 3600 Jeremia
3461 3562 3479 3600 :

1905 3635 1969 3692 Si
1993 3636 2216 3691 mutabit
2245 3636 2495 3706 Ethiops
2525 3639 2712 3707 pellem
2753 3654 2906 3693 suam
2943 3636 3162 3708 (Jerem.
3198 3651 3320 3700 xm,
3361 3635 3480 3707 25).

1903 3727 1970 3783 Et
2003 3728 2058 3784 in
2088 3728 2364 3798 Sophonia
2403 3746 2417 3784 :
2459 3728 2532 3783 Et
2579 3747 2670 3784 eos
2704 3730 2987 3798 zEthiopes
3027 3729 3316 3796 uulnerati,
3365 3728 3494 3787 sive

1902 3821 2158 3892 interfecti
2175 3821 2354 3891 gladio
2384 3837 2496 3875 meo
2523 3823 2672 3876 eritis
2693 3820 2878 3891 (Soph.
2906 3838 2964 3887 u,
2989 3821 3102 3892 η).
3127 3819 3355 3876 Omnem
3377 3820 3485 3876 loci

1904 3913 2064 3970 istius
2095 3913 2510 3978 continentiam,
2535 3928 2646 3982 quo
2664 3929 2829 3970 sensu
2866 3912 3181 3980 accipienda
3205 3912 3298 3977 sit,
3338 3910 3485 3981 Apo-

1901 4007 2074 4062 stolus
2091 4003 2356 4074 prolixius
2371 4005 2894 4071 edisserit,scribens
2908 4005 2975 4058 ad
2990 4003 3294 4063 Romanos:
3314 4003 3510 4058 Juxta:

1902 4098 2156 4152 duritiam
2198 4108 2373 4152 autem
2398 4107 2545 4151 tuam
2568 4106 2618 4150 et
2641 4096 2970 4164 impunitam
3005 4111 3118 4163 cor,
3150 4096 3483 4150 thesaurisas

1905 4191 2000 4243 tibi
2033 4192 2171 4244 iram
2209 4192 2265 4244 in
2293 4190 2376 4244 die
2410 4191 2506 4244 ira!
2547 4199 2596 4242 et
2627 4189 2966 4243 reuelationis
2992 4190 3129 4257 justi
3145 4188 3334 4256 jttdicii
3361 4187 3485 4254 Dei,

1901 4282 1992 4352 qui
2025 4281 2204 4336 reddet
2221 4283 2498 4350 unicuique
2520 4281 2806 4336 secundum
2833 4297 2991 4350 opera
3011 4297 3132 4335 sua.
3163 4279 3260 4333 llis
3275 4281 3493 4350 quidem-

1825 4358 1880 4418 Ῑ)
1905 4376 1994 4446 qui
2011 4377 2172 4446 juxta
2199 4377 2513 4445 patientiam
2535 4377 2705 4444 operis
2738 4376 2880 4441 boni,
2908 4376 3139 4445 gloriam
3169 4383 3217 4428 et
3237 4373 3484 4429 honorem

1904 4480 1954 4523 et
1983 4471 2435 4537 incorruptionem
2479 4469 2830 4538 quarentibus
2859 4470 3016 4522 vitam
3070 4477 3345 4523 cateruam.
3382 4464 3488 4532 Qui

1906 4569 2083 4616 autem
2111 4576 2177 4615 ea:
2215 4561 2552 4614 contentione
2582 4570 2630 4614 et
2661 4561 2923 4615 increduli
2967 4568 3090 4614 sunt
3127 4560 3358 4625 raritati,
3399 4576 3486 4614 ac.-

1905 4654 2179 4722 quiescunt
2213 4663 2387 4706 autem
2420 4652 2716 4720 iniquitati,
2745 4653 2831 4705 ira
2864 4661 2912 4704 et
2938 4650 3110 4720 furor,
3132 4650 3405 4704 tribulatio
3438 4660 3487 4704 et

1907 4747 2153 4813 angustia
2179 4760 2337 4813 super
2359 4760 2538 4798 omnes
2575 4744 2809 4798 homines
2829 4745 2920 4813 qui
2948 4752 3235 4810 operantur
3260 4742 3486 4806 malum,

1905 4834 2082 4890 λείάωὶ
2109 4837 2342 4903 primum
2375 4846 2424 4890 et
2470 4837 2666 4891 ethnici
2705 4835 2884 4906 (Rom.
2921 4849 2982 4901 tt,
3023 4835 3056 4890 5
3083 4833 3274 4904 seqq.).

1979 4928 2009 5000 (.
2040 4927 2194 4984 Vers.
2230 4929 2345 4997 17.)
2390 4947 2410 4982 ι
2457 4929 2560 4994 Qui
2599 4926 3107 4991 sanetilicabautur,
3136 4934 3192 4982 et
3247 4924 3481 4980 mundos

1911 5035 1970 5075 se
2000 5022 2292 5091 (putabant
2348 5021 2402 5076 in
2451 5019 2630 5075 hortis
2686 5027 2808 5089 post
2856 5033 3019 5072 uuam
3048 5018 3496 5074 ‘intriuseeusz,

1908 5235 2002 5278 seu
2027 5221 2222 5276 Latine
2266 5221 2536 5276 redditum
2565 5218 2745 5283 docet,
2776 5215 2864 5272 ubi
2891 5217 3078 5274 statim
3131 5219 3199 5273 ad
3219 5217 3488 5289 Symma-

1909 5293 1997 5347 chi
2049 5301 2105 5346 et
2161 5290 2553 5345 Theodotiouis
2591 5303 2815 5360 sensum
2869 5290 3095 5358 expauit
3127 5291 3194 5343 de
3247 5289 3336 5360 his
3392 5289 3485 5360 qui

1908 5361 2313 5429 sanctiﬁcantur
2355 5360 2408 5412 in
2431 5360 2598 5413 hortis
2629 5359 2769 5413 alter
2794 5367 2914 5429 post
2962 5359 3210 5413 alterum.
3239 5359 3316 5414 Et
3369 5359 3489 5413 ma-

1910 5430 2164 5486 uilestius
2196 5430 2247 5482 iu
2282 5429 2388 5482 lino
2438 5429 2687 5498 capituli,
2726 5430 2818 5483 ubi
2887 5437 3004 5496 post
3045 5443 3202 5498 unam
3230 5429 3487 5484 intrinseo

1909 5516 2001 5554 cus
2048 5501 2116 5556 de
2166 5499 2387 5554 Christo
2443 5497 2703 5568 explicat,
2757 5500 2862 5567 Qui
2915 5515 3018 5568 non
3076 5497 3230 5566 foris,
3277 5503 3376 5554 sed
3418 5500 3493 5568 in

1909 5570 2066 5623 domo
2095 5585 2196 5625 una
2237 5578 2286 5623 et
2332 5583 2485 5623 lN’l'le
2518 5567 2844 5624 ’eomeditur.
2900 5567 3172 5623 Caeterum
3198 5575 3255 5620 et
3297 5569 3360 5624 in
3386 5567 3501 5627 ile-

1911 5641 2054 5699 brato
2081 5640 2372 5712 archetypo
2399 5638 2606 5697 scimus
2633 5639 2801 5697 scribi
2824 5646 2946 5702 τίκ
2977 5649 3115 5706 πμ,
3154 5647 3269 5704 post
3305 5649 3540 5701 utimr...
