  <div class='ocr_page' id='page_1' title='image "/cluster/home/n/w/nwhite01/storage/ocr_20150623/24/hvd.32044096580485/351.png"; bbox 0 0 3950 6180; ppageno 0'>
   <div class='ocr_carea' id='block_1_1' title="bbox 449 274 549 337">
    <p class='ocr_par' dir='ltr' id='par_1_1' title="bbox 449 274 549 337">
     <span class='ocr_line' id='line_1_1' title="bbox 449 274 549 337; baseline 0.02 -2"><span class='ocrx_word' id='word_1_1' title='bbox 449 274 549 337; x_wconf 74' lang='lat'><strong>€91</strong></span> 
     </span>
    </p>
   </div>
   <div class='ocr_carea' id='block_1_2' title="bbox 1654 284 3657 350">
    <p class='ocr_par' dir='ltr' id='par_1_2' title="bbox 1654 284 3657 350">
     <span class='ocr_line' id='line_1_2' title="bbox 1654 284 3657 350; baseline 0.004 -9"><span class='ocrx_word' id='word_1_2' title='bbox 1654 284 1710 348; x_wconf 89' lang='lat' dir='ltr'><strong>S.</strong></span> <span class='ocrx_word' id='word_1_3' title='bbox 1757 285 2065 344; x_wconf 60' lang='lat' dir='ltr'><strong>EUSEBII</strong></span> <span class='ocrx_word' id='word_1_4' title='bbox 2108 285 2540 345; x_wconf 78' lang='lat' dir='ltr'><strong>HlERONYMI</strong></span> <span class='ocrx_word' id='word_1_5' title='bbox 3568 286 3657 350; x_wconf 67' lang='lat' dir='ltr'><strong>ﬁll?</strong></span> 
     </span>
    </p>
   </div>
   <div class='ocr_carea' id='block_1_3' title="bbox 2766 215 2835 225">
    <p class='ocr_par' dir='ltr' id='par_1_3' title="bbox 2766 215 2835 225">
     <span class='ocr_line' id='line_1_3' title="bbox 2766 215 2835 225; baseline -0.029 0"><span class='ocrx_word' id='word_1_6' title='bbox 2766 215 2835 225; x_wconf 62' lang='grc' dir='ltr'><strong>..ροο</strong></span> 
     </span>
    </p>
   </div>
   <div class='ocr_carea' id='block_1_4' title="bbox 3088 225 3119 236">
    <p class='ocr_par' dir='ltr' id='par_1_4' title="bbox 3088 225 3119 236">
     <span class='ocr_line' id='line_1_4' title="bbox 3088 225 3119 236; baseline 0 0"><span class='ocrx_word' id='word_1_7' title='bbox 3088 225 3119 236; x_wconf 55' lang='grc' dir='ltr'><strong><em>ν</em></strong></span> 
     </span>
    </p>
   </div>
   <div class='ocr_carea' id='block_1_5' title="bbox 3604 337 3654 352">
    <p class='ocr_par' dir='ltr' id='par_1_5' title="bbox 3604 337 3654 352">
     <span class='ocr_line' id='line_1_5' title="bbox 3604 337 3654 352; baseline 0 -7"><span class='ocrx_word' id='word_1_8' title='bbox 3604 337 3654 352; x_wconf 55' lang='grc' dir='ltr'><strong>..α</strong></span> 
     </span>
    </p>
   </div>
   <div class='ocr_carea' id='block_1_6' title="bbox 449 389 3657 465">
    <p class='ocr_par' dir='ltr' id='par_1_6' title="bbox 449 389 3657 465">
     <span class='ocr_line' id='line_1_6' title="bbox 449 389 3657 465; baseline 0.002 -26"><span class='ocrx_word' id='word_1_9' title='bbox 449 391 540 458; x_wconf 67' lang='lat' dir='ltr'><strong>qui</strong></span> <span class='ocrx_word' id='word_1_10' title='bbox 597 389 954 447; x_wconf 74' lang='lat' dir='ltr'><strong>rometlebant</strong></span> <span class='ocrx_word' id='word_1_11' title='bbox 1007 406 1224 449; x_wconf 87' lang='lat' dir='ltr'><strong>carnem</strong></span> <span class='ocrx_word' id='word_1_12' title='bbox 1271 392 1505 457; x_wconf 84' lang='lat' dir='ltr'><strong>suillam,</strong></span> <span class='ocrx_word' id='word_1_13' title='bbox 1551 403 1607 448; x_wconf 74' lang='lat' dir='ltr'><strong>et</strong></span> <span class='ocrx_word' id='word_1_14' title='bbox 1636 396 1998 451; x_wconf 89' lang='lat' dir='ltr'><strong>ahominatio-</strong></span> <span class='ocrx_word' id='word_1_15' title='bbox 2029 397 2073 452; x_wconf 78' lang='grc' dir='ltr'><strong>Α</strong></span> <span class='ocrx_word' id='word_1_16' title='bbox 2100 394 2287 464; x_wconf 85' lang='lat' dir='ltr'><strong>glirem</strong></span> <span class='ocrx_word' id='word_1_17' title='bbox 2314 409 2588 459; x_wconf 83' lang='lat' dir='ltr'><strong>vocamus,</strong></span> <span class='ocrx_word' id='word_1_18' title='bbox 2625 392 2708 448; x_wconf 89' lang='lat' dir='ltr'><strong>vel</strong></span> <span class='ocrx_word' id='word_1_19' title='bbox 2743 392 2896 463; x_wconf 79' lang='lat' dir='ltr'><strong>juxta</strong></span> <span class='ocrx_word' id='word_1_20' title='bbox 2923 393 3162 447; x_wconf 79' lang='lat' dir='ltr'><strong>Orientis</strong></span> <span class='ocrx_word' id='word_1_21' title='bbox 3205 394 3506 462; x_wconf 74' lang='lat' dir='ltr'><strong>provincias</strong></span> <span class='ocrx_word' id='word_1_22' title='bbox 3530 415 3657 465; x_wconf 75' lang='grc' dir='ltr'><strong>μυω-</strong></span> 
     </span>
    </p>
   </div>
   <div class='ocr_carea' id='block_1_7' title="bbox 452 483 2017 552">
    <p class='ocr_par' dir='ltr' id='par_1_7' title="bbox 452 483 2017 552">
     <span class='ocr_line' id='line_1_7' title="bbox 452 483 2017 552; baseline 0.004 -16"><span class='ocrx_word' id='word_1_23' title='bbox 452 496 577 536; x_wconf 84' lang='lat' dir='ltr'><strong>nem</strong></span> <span class='ocrx_word' id='word_1_24' title='bbox 609 492 664 536; x_wconf 89' lang='lat' dir='ltr'><strong>et</strong></span> <span class='ocrx_word' id='word_1_25' title='bbox 697 497 929 547; x_wconf 90' lang='lat' dir='ltr'><strong>murem,</strong></span> <span class='ocrx_word' id='word_1_26' title='bbox 969 483 1129 539; x_wconf 82' lang='lat' dir='ltr'><strong>simul</strong></span> <span class='ocrx_word' id='word_1_27' title='bbox 1182 494 1594 552; x_wconf 89' lang='lat' dir='ltr'><strong>consumentur,</strong></span> <span class='ocrx_word' id='word_1_28' title='bbox 1653 487 1788 541; x_wconf 82' lang='lat' dir='ltr'><strong>dicit</strong></span> <span class='ocrx_word' id='word_1_29' title='bbox 1836 489 2017 543; x_wconf 83' lang='lat' dir='ltr'><strong>Domi-</strong></span> 
     </span>
    </p>
   </div>
   <div class='ocr_carea' id='block_1_8' title="bbox 451 571 2022 648">
    <p class='ocr_par' dir='ltr' id='par_1_8' title="bbox 451 571 2022 648">
     <span class='ocr_line' id='line_1_8' title="bbox 451 571 2022 648; baseline 0.004 -21"><span class='ocrx_word' id='word_1_30' title='bbox 451 588 578 627; x_wconf 88' lang='lat' dir='ltr'><strong>nus.</strong></span> <span class='ocrx_word' id='word_1_31' title='bbox 621 592 641 626; x_wconf 82' lang='grc' dir='ltr'><strong>ι</strong></span> <span class='ocrx_word' id='word_1_32' title='bbox 675 571 817 627; x_wconf 79' lang='lat' dir='ltr'><strong>LXX</strong></span> <span class='ocrx_word' id='word_1_33' title='bbox 848 590 864 628; x_wconf 92' lang='lat'><strong>:</strong></span> <span class='ocrx_word' id='word_1_34' title='bbox 896 593 915 625; x_wconf 71' lang='grc' dir='ltr'>ί</span> <span class='ocrx_word' id='word_1_35' title='bbox 949 574 1053 641; x_wconf 85' lang='lat' dir='ltr'><strong>Qui</strong></span> <span class='ocrx_word' id='word_1_36' title='bbox 1090 575 1508 632; x_wconf 83' lang='lat' dir='ltr'><strong>sanctiﬁcantur</strong></span> <span class='ocrx_word' id='word_1_37' title='bbox 1555 586 1611 631; x_wconf 91' lang='lat' dir='ltr'><strong>et</strong></span> <span class='ocrx_word' id='word_1_38' title='bbox 1662 579 2022 648; x_wconf 82' lang='lat' dir='ltr'><strong>puriﬁcantur</strong></span> 
     </span>
    </p>
   </div>
   <div class='ocr_carea' id='block_1_9' title="bbox 453 666 2021 746">
    <p class='ocr_par' dir='ltr' id='par_1_9' title="bbox 453 666 2021 746">
     <span class='ocr_line' id='line_1_9' title="bbox 453 666 2021 746; baseline 0.004 -27"><span class='ocrx_word' id='word_1_39' title='bbox 453 667 508 719; x_wconf 89' lang='lat' dir='ltr'><strong>in</strong></span> <span class='ocrx_word' id='word_1_40' title='bbox 534 666 718 746; x_wconf 81' lang='lat' dir='ltr'><strong>hortis</strong></span> <span class='ocrx_word' id='word_1_41' title='bbox 747 677 803 722; x_wconf 90' lang='lat' dir='ltr'><strong>et</strong></span> <span class='ocrx_word' id='word_1_42' title='bbox 844 667 1122 724; x_wconf 77' lang='lat' dir='ltr'><strong>Liminibus</strong></span> <span class='ocrx_word' id='word_1_43' title='bbox 1156 685 1171 722; x_wconf 90' lang='lat'><strong>:</strong></span> <span class='ocrx_word' id='word_1_44' title='bbox 1212 668 1382 739; x_wconf 81' lang='lat'><strong>815</strong></span> <span class='ocrx_word' id='word_1_45' title='bbox 1412 669 1762 726; x_wconf 88' lang='lat' dir='ltr'><strong>comedentes</strong></span> <span class='ocrx_word' id='word_1_46' title='bbox 1798 687 2021 727; x_wconf 85' lang='lat' dir='ltr'><strong>carnem</strong></span> 
     </span>
    </p>
   </div>
   <div class='ocr_carea' id='block_1_10' title="bbox 454 758 2024 827">
    <p class='ocr_par' dir='ltr' id='par_1_10' title="bbox 454 758 2024 827">
     <span class='ocr_line' id='line_1_10' title="bbox 454 758 2024 827; baseline 0.004 -16"><span class='ocrx_word' id='word_1_47' title='bbox 454 758 757 827; x_wconf 85' lang='lat' dir='ltr'><strong>porcinam,</strong></span> <span class='ocrx_word' id='word_1_48' title='bbox 780 767 833 813; x_wconf 92' lang='lat' dir='ltr'><strong>et</strong></span> <span class='ocrx_word' id='word_1_49' title='bbox 864 760 1317 826; x_wconf 84' lang='lat' dir='ltr'><strong>abominationes,</strong></span> <span class='ocrx_word' id='word_1_50' title='bbox 1345 770 1400 816; x_wconf 91' lang='lat' dir='ltr'><strong>et</strong></span> <span class='ocrx_word' id='word_1_51' title='bbox 1421 776 1630 816; x_wconf 89' lang='lat' dir='ltr'><strong>murem</strong></span> <span class='ocrx_word' id='word_1_52' title='bbox 1660 779 1674 815; x_wconf 89' lang='lat'><strong>:</strong></span> <span class='ocrx_word' id='word_1_53' title='bbox 1702 764 1863 818; x_wconf 88' lang='lat' dir='ltr'><strong>simul</strong></span> <span class='ocrx_word' id='word_1_54' title='bbox 1891 779 2024 818; x_wconf 82' lang='lat' dir='ltr'><strong>con-</strong></span> 
     </span>
    </p>
   </div>
   <div class='ocr_carea' id='block_1_11' title="bbox 454 851 2024 926">
    <p class='ocr_par' dir='ltr' id='par_1_11' title="bbox 454 851 2024 926">
     <span class='ocr_line' id='line_1_11' title="bbox 454 851 2024 926; baseline 0.006 -23"><span class='ocrx_word' id='word_1_55' title='bbox 454 860 763 914; x_wconf 87' lang='lat' dir='ltr'><strong>sumentur,</strong></span> <span class='ocrx_word' id='word_1_56' title='bbox 815 852 947 906; x_wconf 91' lang='lat' dir='ltr'><strong>dicit</strong></span> <span class='ocrx_word' id='word_1_57' title='bbox 989 852 1270 910; x_wconf 83' lang='lat' dir='ltr'><strong>Dominus.</strong></span> <span class='ocrx_word' id='word_1_58' title='bbox 1307 873 1329 906; x_wconf 55' lang='grc' dir='ltr'><strong>ιη</strong></span> <span class='ocrx_word' id='word_1_59' title='bbox 1364 851 1726 926; x_wconf 77' lang='lat' dir='ltr'><strong>Symmachus</strong></span> <span class='ocrx_word' id='word_1_60' title='bbox 1746 866 1798 912; x_wconf 91' lang='lat' dir='ltr'><strong>et</strong></span> <span class='ocrx_word' id='word_1_61' title='bbox 1846 856 2024 912; x_wconf 86' lang='lat' dir='ltr'><strong>Theo-</strong></span> 
     </span>
    </p>
   </div>
   <div class='ocr_carea' id='block_1_12' title="bbox 453 943 2025 1015">
    <p class='ocr_par' dir='ltr' id='par_1_12' title="bbox 453 943 2025 1015">
     <span class='ocr_line' id='line_1_12' title="bbox 453 943 2025 1015; baseline 0.004 -17"><span class='ocrx_word' id='word_1_62' title='bbox 453 943 769 999; x_wconf 88' lang='lat' dir='ltr'><strong>dntiohunc</strong></span> <span class='ocrx_word' id='word_1_63' title='bbox 812 945 991 1000; x_wconf 83' lang='lat' dir='ltr'><strong>locum</strong></span> <span class='ocrx_word' id='word_1_64' title='bbox 1045 947 1120 999; x_wconf 88' lang='lat' dir='ltr'><strong>ita</strong></span> <span class='ocrx_word' id='word_1_65' title='bbox 1157 948 1503 1015; x_wconf 87' lang='lat' dir='ltr'><strong>interpretati</strong></span> <span class='ocrx_word' id='word_1_66' title='bbox 1550 958 1696 1002; x_wconf 88' lang='lat' dir='ltr'><strong>sunt.</strong></span> <span class='ocrx_word' id='word_1_67' title='bbox 1750 949 1856 1013; x_wconf 82' lang='lat' dir='ltr'><strong>Qui</strong></span> <span class='ocrx_word' id='word_1_68' title='bbox 1896 966 2025 1004; x_wconf 81' lang='lat' dir='ltr'><strong>san-</strong></span> 
     </span>
    </p>
   </div>
   <div class='ocr_carea' id='block_1_13' title="bbox 452 1038 2024 1109">
    <p class='ocr_par' dir='ltr' id='par_1_13' title="bbox 452 1038 2024 1109">
     <span class='ocr_line' id='line_1_13' title="bbox 452 1038 2024 1109; baseline 0.004 -21"><span class='ocrx_word' id='word_1_69' title='bbox 452 1038 761 1105; x_wconf 81' lang='lat' dir='ltr'><strong>rtiﬁcamini</strong></span> <span class='ocrx_word' id='word_1_70' title='bbox 790 1047 839 1091; x_wconf 81' lang='lat' dir='ltr'><strong>et</strong></span> <span class='ocrx_word' id='word_1_71' title='bbox 876 1038 1180 1093; x_wconf 77' lang='lat' dir='ltr'><strong>Iustramini</strong></span> <span class='ocrx_word' id='word_1_72' title='bbox 1202 1041 1257 1094; x_wconf 76' lang='lat' dir='ltr'><strong>in</strong></span> <span class='ocrx_word' id='word_1_73' title='bbox 1283 1041 1452 1095; x_wconf 76' lang='lat' dir='ltr'><strong>hortis</strong></span> <span class='ocrx_word' id='word_1_74' title='bbox 1477 1040 1617 1094; x_wconf 85' lang='lat' dir='ltr'><strong>alter</strong></span> <span class='ocrx_word' id='word_1_75' title='bbox 1635 1053 1747 1109; x_wconf 82' lang='lat' dir='ltr'><strong>post</strong></span> <span class='ocrx_word' id='word_1_76' title='bbox 1773 1041 2024 1107; x_wconf 85' lang='lat' dir='ltr'><strong>alterum,</strong></span> 
     </span>
    </p>
   </div>
   <div class='ocr_carea' id='block_1_14' title="bbox 452 1133 2029 1201">
    <p class='ocr_par' dir='ltr' id='par_1_14' title="bbox 452 1133 2029 1201">
     <span class='ocr_line' id='line_1_14' title="bbox 452 1133 2029 1201; baseline 0.001 -15"><span class='ocrx_word' id='word_1_77' title='bbox 452 1133 590 1186; x_wconf 85' lang='lat' dir='ltr'><strong>inter</strong></span> <span class='ocrx_word' id='word_1_78' title='bbox 627 1147 711 1186; x_wconf 84' lang='lat' dir='ltr'><strong>eos</strong></span> <span class='ocrx_word' id='word_1_79' title='bbox 763 1134 854 1201; x_wconf 88' lang='lat' dir='ltr'><strong>qui</strong></span> <span class='ocrx_word' id='word_1_80' title='bbox 910 1135 1186 1186; x_wconf 86' lang='lat' dir='ltr'><strong>comedunt</strong></span> <span class='ocrx_word' id='word_1_81' title='bbox 1228 1150 1439 1187; x_wconf 82' lang='lat' dir='ltr'><strong>carnem</strong></span> <span class='ocrx_word' id='word_1_82' title='bbox 1488 1136 1727 1199; x_wconf 75' lang='lat' dir='ltr'><strong>suillam,</strong></span> <span class='ocrx_word' id='word_1_83' title='bbox 1788 1146 1836 1199; x_wconf 76' lang='lat' dir='ltr'><strong>et</strong></span> <span class='ocrx_word' id='word_1_84' title='bbox 1898 1134 2029 1189; x_wconf 82' lang='lat' dir='ltr'><strong>aba-</strong></span> 
     </span>
    </p>
   </div>
   <div class='ocr_carea' id='block_1_15' title="bbox 452 1221 2025 1290">
    <p class='ocr_par' dir='ltr' id='par_1_15' title="bbox 452 1221 2025 1290">
     <span class='ocr_line' id='line_1_15' title="bbox 452 1221 2025 1290; baseline 0.006 -21"><span class='ocrx_word' id='word_1_85' title='bbox 452 1221 811 1286; x_wconf 85' lang='lat' dir='ltr'><strong>minationem,</strong></span> <span class='ocrx_word' id='word_1_86' title='bbox 852 1232 895 1275; x_wconf 85' lang='lat' dir='ltr'><strong>et</strong></span> <span class='ocrx_word' id='word_1_87' title='bbox 930 1238 1153 1288; x_wconf 85' lang='lat' dir='ltr'><strong>murem,</strong></span> <span class='ocrx_word' id='word_1_88' title='bbox 1190 1224 1349 1275; x_wconf 82' lang='lat' dir='ltr'><strong>simul</strong></span> <span class='ocrx_word' id='word_1_89' title='bbox 1392 1222 1655 1290; x_wconf 77' lang='lat' dir='ltr'><strong>deﬁcient,</strong></span> <span class='ocrx_word' id='word_1_90' title='bbox 1682 1225 1808 1279; x_wconf 79' lang='lat' dir='ltr'><strong>dicit</strong></span> <span class='ocrx_word' id='word_1_91' title='bbox 1844 1223 2025 1281; x_wconf 82' lang='lat' dir='ltr'><strong>Domi-</strong></span> 
     </span>
    </p>
   </div>
   <div class='ocr_carea' id='block_1_16' title="bbox 454 1313 2029 1385">
    <p class='ocr_par' dir='ltr' id='par_1_16' title="bbox 454 1313 2029 1385">
     <span class='ocr_line' id='line_1_16' title="bbox 454 1313 2029 1385; baseline 0.003 -19"><span class='ocrx_word' id='word_1_92' title='bbox 454 1329 574 1377; x_wconf 82' lang='lat' dir='ltr'><strong>nus,</strong></span> <span class='ocrx_word' id='word_1_93' title='bbox 611 1313 855 1367; x_wconf 73' lang='lat' dir='ltr'><strong>wlentes</strong></span> <span class='ocrx_word' id='word_1_94' title='bbox 888 1316 1196 1378; x_wconf 86' lang='lat' dir='ltr'><strong>ostendere,</strong></span> <span class='ocrx_word' id='word_1_95' title='bbox 1233 1330 1341 1370; x_wconf 84' lang='lat' dir='ltr'><strong>non</strong></span> <span class='ocrx_word' id='word_1_96' title='bbox 1379 1316 1530 1385; x_wconf 78' lang='lat' dir='ltr'><strong>ipsos</strong></span> <span class='ocrx_word' id='word_1_97' title='bbox 1582 1318 1874 1372; x_wconf 81' lang='lat' dir='ltr'><strong>comedere</strong></span> <span class='ocrx_word' id='word_1_98' title='bbox 1908 1331 2029 1373; x_wconf 88' lang='lat' dir='ltr'><strong>car-</strong></span> 
     </span>
    </p>
   </div>
   <div class='ocr_carea' id='block_1_17' title="bbox 457 1403 2029 1477">
    <p class='ocr_par' dir='ltr' id='par_1_17' title="bbox 457 1403 2029 1477">
     <span class='ocr_line' id='line_1_17' title="bbox 457 1403 2029 1477; baseline 0.004 -21"><span class='ocrx_word' id='word_1_99' title='bbox 457 1419 584 1456; x_wconf 87' lang='lat' dir='ltr'><strong>nem</strong></span> <span class='ocrx_word' id='word_1_100' title='bbox 641 1403 881 1469; x_wconf 79' lang='lat' dir='ltr'><strong>suillam,</strong></span> <span class='ocrx_word' id='word_1_101' title='bbox 922 1412 977 1457; x_wconf 90' lang='lat' dir='ltr'><strong>ct</strong></span> <span class='ocrx_word' id='word_1_102' title='bbox 1030 1404 1519 1471; x_wconf 84' lang='lat' dir='ltr'><strong>abominationem,</strong></span> <span class='ocrx_word' id='word_1_103' title='bbox 1554 1417 1609 1461; x_wconf 90' lang='lat' dir='ltr'><strong>et</strong></span> <span class='ocrx_word' id='word_1_104' title='bbox 1644 1421 1877 1471; x_wconf 88' lang='lat' dir='ltr'><strong>murem,</strong></span> <span class='ocrx_word' id='word_1_105' title='bbox 1932 1409 2029 1477; x_wconf 83' lang='lat' dir='ltr'><strong>qui</strong></span> 
     </span>
    </p>
   </div>
   <div class='ocr_carea' id='block_1_18' title="bbox 457 1495 2027 1568">
    <p class='ocr_par' dir='ltr' id='par_1_18' title="bbox 457 1495 2027 1568">
     <span class='ocr_line' id='line_1_18' title="bbox 457 1495 2027 1568; baseline 0.004 -21"><span class='ocrx_word' id='word_1_106' title='bbox 457 1496 878 1549; x_wconf 44' lang='lat' dir='ltr'><strong>sam-tchantur</strong></span> <span class='ocrx_word' id='word_1_107' title='bbox 931 1495 984 1548; x_wconf 88' lang='lat' dir='ltr'><strong>in</strong></span> <span class='ocrx_word' id='word_1_108' title='bbox 1018 1495 1195 1552; x_wconf 79' lang='lat' dir='ltr'><strong>hortis</strong></span> <span class='ocrx_word' id='word_1_109' title='bbox 1256 1499 1396 1552; x_wconf 89' lang='lat' dir='ltr'><strong>alter</strong></span> <span class='ocrx_word' id='word_1_110' title='bbox 1428 1508 1551 1568; x_wconf 87' lang='lat' dir='ltr'><strong>post</strong></span> <span class='ocrx_word' id='word_1_111' title='bbox 1609 1499 1841 1554; x_wconf 88' lang='lat' dir='ltr'><strong>alterum</strong></span> <span class='ocrx_word' id='word_1_112' title='bbox 1874 1517 1893 1568; x_wconf 85' lang='lat'><strong>;</strong></span> <span class='ocrx_word' id='word_1_113' title='bbox 1932 1506 2027 1554; x_wconf 86' lang='lat' dir='ltr'><strong>sed</strong></span> 
     </span>
    </p>
   </div>
   <div class='ocr_carea' id='block_1_19' title="bbox 458 1588 2032 1660">
    <p class='ocr_par' dir='ltr' id='par_1_19' title="bbox 458 1588 2032 1660">
     <span class='ocr_line' id='line_1_19' title="bbox 458 1588 2032 1660; baseline 0.006 -21"><span class='ocrx_word' id='word_1_114' title='bbox 458 1603 553 1642; x_wconf 87' lang='lat' dir='ltr'><strong>eos</strong></span> <span class='ocrx_word' id='word_1_115' title='bbox 574 1588 666 1658; x_wconf 87' lang='lat' dir='ltr'><strong>qui</strong></span> <span class='ocrx_word' id='word_1_116' title='bbox 698 1591 1010 1643; x_wconf 82' lang='lat' dir='ltr'><strong>lustrantur</strong></span> <span class='ocrx_word' id='word_1_117' title='bbox 1042 1592 1248 1645; x_wconf 88' lang='lat' dir='ltr'><strong>versari</strong></span> <span class='ocrx_word' id='word_1_118' title='bbox 1296 1606 1418 1646; x_wconf 85' lang='lat' dir='ltr'><strong>cum</strong></span> <span class='ocrx_word' id='word_1_119' title='bbox 1451 1592 1551 1655; x_wconf 85' lang='lat' dir='ltr'><strong>eis,</strong></span> <span class='ocrx_word' id='word_1_120' title='bbox 1587 1594 1678 1660; x_wconf 89' lang='lat' dir='ltr'><strong>qui</strong></span> <span class='ocrx_word' id='word_1_121' title='bbox 1736 1593 2032 1649; x_wconf 62' lang='lat' dir='ltr'><strong>comedunt</strong></span> 
     </span>
    </p>
   </div>
   <div class='ocr_carea' id='block_1_20' title="bbox 460 1680 2028 1752">
    <p class='ocr_par' dir='ltr' id='par_1_20' title="bbox 460 1680 2028 1752">
     <span class='ocr_line' id='line_1_20' title="bbox 460 1680 2028 1752; baseline 0.004 -20"><span class='ocrx_word' id='word_1_122' title='bbox 460 1695 582 1748; x_wconf 57' lang='lat' dir='ltr'><strong>qua)</strong></span> <span class='ocrx_word' id='word_1_123' title='bbox 613 1680 882 1749; x_wconf 85' lang='lat' dir='ltr'><strong>prohibita</strong></span> <span class='ocrx_word' id='word_1_124' title='bbox 942 1692 1095 1736; x_wconf 90' lang='lat' dir='ltr'><strong>sunt.</strong></span> <span class='ocrx_word' id='word_1_125' title='bbox 1156 1683 1345 1752; x_wconf 86' lang='lat' dir='ltr'><strong>Arguit</strong></span> <span class='ocrx_word' id='word_1_126' title='bbox 1374 1694 1557 1738; x_wconf 87' lang='lat' dir='ltr'><strong>autem</strong></span> <span class='ocrx_word' id='word_1_127' title='bbox 1591 1700 1774 1739; x_wconf 86' lang='lat' dir='ltr'><strong>sermo</strong></span> <span class='ocrx_word' id='word_1_128' title='bbox 1811 1686 2028 1740; x_wconf 75' lang='lat' dir='ltr'><strong>divinus</strong></span> 
     </span>
    </p>
   </div>
   <div class='ocr_carea' id='block_1_21' title="bbox 462 1774 2027 1844">
    <p class='ocr_par' dir='ltr' id='par_1_21' title="bbox 462 1774 2027 1844">
     <span class='ocr_line' id='line_1_21' title="bbox 462 1774 2027 1844; baseline 0.003 -16"><span class='ocrx_word' id='word_1_129' title='bbox 462 1789 568 1844; x_wconf 84' lang='lat' dir='ltr'><strong>p0p</strong></span> <span class='ocrx_word' id='word_1_130' title='bbox 594 1778 695 1829; x_wconf 78' lang='lat' dir='ltr'><strong>.lns</strong></span> <span class='ocrx_word' id='word_1_131' title='bbox 727 1774 1197 1839; x_wconf 73' lang='lat' dir='ltr'><strong>Jatla-oruut,imo</strong></span> <span class='ocrx_word' id='word_1_132' title='bbox 1226 1775 1450 1831; x_wconf 85' lang='lat' dir='ltr'><strong>Scrihas</strong></span> <span class='ocrx_word' id='word_1_133' title='bbox 1502 1788 1556 1831; x_wconf 93' lang='lat' dir='ltr'><strong>et</strong></span> <span class='ocrx_word' id='word_1_134' title='bbox 1581 1776 1889 1832; x_wconf 72' lang='lat' dir='ltr'><strong>Pharismos</strong></span> <span class='ocrx_word' id='word_1_135' title='bbox 1938 1794 2027 1832; x_wconf 78' lang='lat' dir='ltr'><strong>ar—</strong></span> 
     </span>
    </p>
   </div>
   <div class='ocr_carea' id='block_1_22' title="bbox 458 1867 2030 1940">
    <p class='ocr_par' dir='ltr' id='par_1_22' title="bbox 458 1867 2030 1940">
     <span class='ocr_line' id='line_1_22' title="bbox 458 1867 2030 1940; baseline 0.003 -21"><span class='ocrx_word' id='word_1_136' title='bbox 458 1867 679 1934; x_wconf 77' lang='lat' dir='ltr'><strong>guebat,</strong></span> <span class='ocrx_word' id='word_1_137' title='bbox 717 1867 903 1921; x_wconf 86' lang='lat' dir='ltr'><strong>dicens</strong></span> <span class='ocrx_word' id='word_1_138' title='bbox 934 1884 955 1921; x_wconf 82' lang='lat'><strong>:</strong></span> <span class='ocrx_word' id='word_1_139' title='bbox 999 1868 1096 1921; x_wconf 86' lang='lat' dir='ltr'><strong>Vos</strong></span> <span class='ocrx_word' id='word_1_140' title='bbox 1152 1873 1279 1923; x_wconf 82' lang='lat' dir='ltr'><strong>estis</strong></span> <span class='ocrx_word' id='word_1_141' title='bbox 1320 1871 1409 1940; x_wconf 88' lang='lat' dir='ltr'><strong>qui</strong></span> <span class='ocrx_word' id='word_1_142' title='bbox 1431 1870 1750 1940; x_wconf 67' lang='lat' dir='ltr'><strong>pontiﬁcalis</strong></span> <span class='ocrx_word' id='word_1_143' title='bbox 1796 1881 2030 1924; x_wconf 70' lang='lat' dir='ltr'><strong>aestuet-</strong></span> 
     </span>
    </p>
   </div>
   <div class='ocr_carea' id='block_1_23' title="bbox 459 1959 2033 2024">
    <p class='ocr_par' dir='ltr' id='par_1_23' title="bbox 459 1959 2033 2024">
     <span class='ocr_line' id='line_1_23' title="bbox 459 1959 2033 2024; baseline 0.004 -14"><span class='ocrx_word' id='word_1_144' title='bbox 459 1959 600 2024; x_wconf 82' lang='lat' dir='ltr'><strong>ipsos</strong></span> <span class='ocrx_word' id='word_1_145' title='bbox 661 1974 838 2012; x_wconf 72' lang='lat' dir='ltr'><strong>eorum</strong></span> <span class='ocrx_word' id='word_1_146' title='bbox 878 1960 1234 2016; x_wconf 79' lang='lat' dir='ltr'><strong>hominibus:</strong></span> <span class='ocrx_word' id='word_1_147' title='bbox 1295 1961 1437 2015; x_wconf 82' lang='lat' dir='ltr'><strong>Deus</strong></span> <span class='ocrx_word' id='word_1_148' title='bbox 1497 1977 1672 2018; x_wconf 88' lang='lat' dir='ltr'><strong>autem</strong></span> <span class='ocrx_word' id='word_1_149' title='bbox 1714 1965 1813 2018; x_wconf 84' lang='lat' dir='ltr'><strong>scit</strong></span> <span class='ocrx_word' id='word_1_150' title='bbox 1870 1965 2033 2018; x_wconf 85' lang='lat' dir='ltr'><strong>corda</strong></span> 
     </span>
    </p>
   </div>
   <div class='ocr_carea' id='block_1_24' title="bbox 459 2053 2030 2122">
    <p class='ocr_par' dir='ltr' id='par_1_24' title="bbox 459 2053 2030 2122">
     <span class='ocr_line' id='line_1_24' title="bbox 459 2053 2030 2122; baseline 0.004 -17"><span class='ocrx_word' id='word_1_151' title='bbox 459 2061 659 2115; x_wconf 77' lang='lat' dir='ltr'><strong>uestra,</strong></span> <span class='ocrx_word' id='word_1_152' title='bbox 705 2053 956 2119; x_wconf 82' lang='lat' dir='ltr'><strong>quoniam</strong></span> <span class='ocrx_word' id='word_1_153' title='bbox 1004 2054 1143 2122; x_wconf 80' lang='lat' dir='ltr'><strong>quod</strong></span> <span class='ocrx_word' id='word_1_154' title='bbox 1207 2056 1262 2108; x_wconf 86' lang='lat' dir='ltr'><strong>in</strong></span> <span class='ocrx_word' id='word_1_155' title='bbox 1299 2057 1596 2111; x_wconf 80' lang='lat' dir='ltr'><strong>hominibus</strong></span> <span class='ocrx_word' id='word_1_156' title='bbox 1626 2059 1892 2112; x_wconf 79' lang='lat' dir='ltr'><strong>excelsum</strong></span> <span class='ocrx_word' id='word_1_157' title='bbox 1932 2067 2030 2122; x_wconf 83' lang='lat' dir='ltr'><strong>est,</strong></span> 
     </span>
    </p>
   </div>
   <div class='ocr_carea' id='block_1_25' title="bbox 462 2143 2034 2221">
    <p class='ocr_par' dir='ltr' id='par_1_25' title="bbox 462 2143 2034 2221">
     <span class='ocr_line' id='line_1_25' title="bbox 462 2143 2034 2221; baseline 0.005 -25"><span class='ocrx_word' id='word_1_158' title='bbox 462 2143 794 2198; x_wconf 80' lang='lat' dir='ltr'><strong>abcminatio</strong></span> <span class='ocrx_word' id='word_1_159' title='bbox 822 2154 898 2200; x_wconf 84' lang='lat' dir='ltr'><strong>est</strong></span> <span class='ocrx_word' id='word_1_160' title='bbox 925 2146 1069 2215; x_wconf 83' lang='lat' dir='ltr'><strong>apud</strong></span> <span class='ocrx_word' id='word_1_161' title='bbox 1105 2146 1265 2201; x_wconf 82' lang='lat' dir='ltr'><strong>Deum</strong></span> <span class='ocrx_word' id='word_1_162' title='bbox 1289 2148 1441 2219; x_wconf 75' lang='lat' dir='ltr'><strong>(Luc.</strong></span> <span class='ocrx_word' id='word_1_163' title='bbox 1477 2165 1587 2213; x_wconf 64' lang='grc' dir='ltr'><strong>ενι,</strong></span> <span class='ocrx_word' id='word_1_164' title='bbox 1616 2151 1729 2221; x_wconf 75' lang='grc'><strong>15).</strong></span> <span class='ocrx_word' id='word_1_165' title='bbox 1763 2151 1915 2205; x_wconf 84' lang='lat' dir='ltr'><strong>Unde</strong></span> <span class='ocrx_word' id='word_1_166' title='bbox 1950 2152 2034 2204; x_wconf 81' lang='lat' dir='ltr'><strong>in—</strong></span> 
     </span>
    </p>
   </div>
   <div class='ocr_carea' id='block_1_26' title="bbox 461 2238 2033 2308">
    <p class='ocr_par' dir='ltr' id='par_1_26' title="bbox 461 2238 2033 2308">
     <span class='ocr_line' id='line_1_26' title="bbox 461 2238 2033 2308; baseline 0.003 -16"><span class='ocrx_word' id='word_1_167' title='bbox 461 2238 719 2306; x_wconf 86' lang='lat' dir='ltr'><strong>crepabat</strong></span> <span class='ocrx_word' id='word_1_168' title='bbox 775 2252 869 2292; x_wconf 86' lang='lat' dir='ltr'><strong>eos</strong></span> <span class='ocrx_word' id='word_1_169' title='bbox 911 2249 1072 2308; x_wconf 87' lang='lat' dir='ltr'><strong>atque</strong></span> <span class='ocrx_word' id='word_1_170' title='bbox 1103 2241 1321 2294; x_wconf 84' lang='lat' dir='ltr'><strong>dicebat</strong></span> <span class='ocrx_word' id='word_1_171' title='bbox 1355 2259 1367 2295; x_wconf 90' lang='lat'><strong>:</strong></span> <span class='ocrx_word' id='word_1_172' title='bbox 1407 2239 1498 2295; x_wconf 68' lang='lat' dir='ltr'><strong>Va:</strong></span> <span class='ocrx_word' id='word_1_173' title='bbox 1548 2243 1711 2306; x_wconf 78' lang='lat' dir='ltr'><strong>vobis,</strong></span> <span class='ocrx_word' id='word_1_174' title='bbox 1749 2240 1949 2296; x_wconf 71' lang='lat' dir='ltr'><strong>Scriba:</strong></span> <span class='ocrx_word' id='word_1_175' title='bbox 1986 2253 2033 2296; x_wconf 90' lang='lat' dir='ltr'><strong>et</strong></span> 
     </span>
    </p>
   </div>
   <div class='ocr_carea' id='block_1_27' title="bbox 459 2330 2033 2405">
    <p class='ocr_par' dir='ltr' id='par_1_27' title="bbox 459 2330 2033 2405">
     <span class='ocr_line' id='line_1_27' title="bbox 459 2330 2033 2405; baseline 0.003 -20"><span class='ocrx_word' id='word_1_176' title='bbox 459 2330 1061 2402; x_wconf 69' lang='lat' dir='ltr'><strong>Pliarismiltypocritte,</strong></span> <span class='ocrx_word' id='word_1_177' title='bbox 1086 2334 1179 2405; x_wconf 87' lang='lat' dir='ltr'><strong>qui</strong></span> <span class='ocrx_word' id='word_1_178' title='bbox 1230 2334 1499 2388; x_wconf 81' lang='lat' dir='ltr'><strong>mundatis</strong></span> <span class='ocrx_word' id='word_1_179' title='bbox 1557 2335 1699 2405; x_wconf 80' lang='lat' dir='ltr'><strong>quod</strong></span> <span class='ocrx_word' id='word_1_180' title='bbox 1753 2335 1888 2404; x_wconf 84' lang='lat' dir='ltr'><strong>foris</strong></span> <span class='ocrx_word' id='word_1_181' title='bbox 1957 2345 2033 2390; x_wconf 83' lang='lat' dir='ltr'><strong>est</strong></span> 
     </span>
    </p>
   </div>
   <div class='ocr_carea' id='block_1_28' title="bbox 460 2426 2033 2496">
    <p class='ocr_par' dir='ltr' id='par_1_28' title="bbox 460 2426 2033 2496">
     <span class='ocr_line' id='line_1_28' title="bbox 460 2426 2033 2496; baseline -0.003 -13"><span class='ocrx_word' id='word_1_182' title='bbox 460 2428 643 2483; x_wconf 77' lang='lat' dir='ltr'><strong>calicis</strong></span> <span class='ocrx_word' id='word_1_183' title='bbox 683 2437 729 2481; x_wconf 85' lang='lat' dir='ltr'><strong>et</strong></span> <span class='ocrx_word' id='word_1_184' title='bbox 766 2428 1087 2496; x_wconf 72' lang='lat' dir='ltr'><strong>paropsidis,</strong></span> <span class='ocrx_word' id='word_1_185' title='bbox 1114 2437 1160 2479; x_wconf 88' lang='lat' dir='ltr'><strong>et</strong></span> <span class='ocrx_word' id='word_1_186' title='bbox 1200 2426 1341 2480; x_wconf 81' lang='lat' dir='ltr'><strong>intus</strong></span> <span class='ocrx_word' id='word_1_187' title='bbox 1380 2426 1519 2489; x_wconf 78' lang='lat' dir='ltr'><strong>pleni</strong></span> <span class='ocrx_word' id='word_1_188' title='bbox 1545 2428 1672 2479; x_wconf 79' lang='lat' dir='ltr'><strong>estis</strong></span> <span class='ocrx_word' id='word_1_189' title='bbox 1698 2427 2033 2480; x_wconf 80' lang='lat' dir='ltr'><strong>immunditia</strong></span> 
     </span>
    </p>
   </div>
   <div class='ocr_carea' id='block_1_29' title="bbox 461 2520 2032 2590">
    <p class='ocr_par' dir='ltr' id='par_1_29' title="bbox 461 2520 2032 2590">
     <span class='ocr_line' id='line_1_29' title="bbox 461 2520 2032 2590; baseline -0.001 -16"><span class='ocrx_word' id='word_1_190' title='bbox 461 2520 682 2590; x_wconf 75' lang='lat' dir='ltr'><strong>(Matth.</strong></span> <span class='ocrx_word' id='word_1_191' title='bbox 723 2536 875 2583; x_wconf 79' lang='lat' dir='ltr'><strong>mu,</strong></span> <span class='ocrx_word' id='word_1_192' title='bbox 914 2521 1033 2589; x_wconf 70' lang='lat'><strong>25).</strong></span> <span class='ocrx_word' id='word_1_193' title='bbox 1070 2520 1137 2574; x_wconf 90' lang='lat' dir='ltr'><strong>Et</strong></span> <span class='ocrx_word' id='word_1_194' title='bbox 1169 2521 1365 2574; x_wconf 85' lang='lat' dir='ltr'><strong>iterum</strong></span> <span class='ocrx_word' id='word_1_195' title='bbox 1402 2540 1414 2574; x_wconf 90' lang='lat'>:</span> <span class='ocrx_word' id='word_1_196' title='bbox 1452 2520 1559 2586; x_wconf 79' lang='lat' dir='ltr'><strong>Qui</strong></span> <span class='ocrx_word' id='word_1_197' title='bbox 1607 2522 1733 2575; x_wconf 85' lang='lat' dir='ltr'><strong>estis</strong></span> <span class='ocrx_word' id='word_1_198' title='bbox 1788 2520 2032 2590; x_wconf 81' lang='lat' dir='ltr'><strong>sepulcra</strong></span> 
     </span>
    </p>
   </div>
   <div class='ocr_carea' id='block_1_30' title="bbox 459 2613 2033 2675">
    <p class='ocr_par' dir='ltr' id='par_1_30' title="bbox 459 2613 2033 2675">
     <span class='ocr_line' id='line_1_30' title="bbox 459 2613 2033 2675; baseline -0.001 -9"><span class='ocrx_word' id='word_1_199' title='bbox 459 2614 709 2668; x_wconf 81' lang='lat' dir='ltr'><strong>dealbatn</strong></span> <span class='ocrx_word' id='word_1_200' title='bbox 734 2630 752 2667; x_wconf 90' lang='lat'><em>:</em></span> <span class='ocrx_word' id='word_1_201' title='bbox 779 2614 925 2666; x_wconf 83' lang='lat' dir='ltr'><strong>intus</strong></span> <span class='ocrx_word' id='word_1_202' title='bbox 965 2623 1142 2666; x_wconf 74' lang='lat' dir='ltr'><strong>autem</strong></span> <span class='ocrx_word' id='word_1_203' title='bbox 1196 2613 1338 2675; x_wconf 75' lang='lat' dir='ltr'><strong>pleni</strong></span> <span class='ocrx_word' id='word_1_204' title='bbox 1366 2614 1491 2667; x_wconf 81' lang='lat' dir='ltr'><strong>estis</strong></span> <span class='ocrx_word' id='word_1_205' title='bbox 1541 2613 1742 2667; x_wconf 76' lang='lat' dir='ltr'><strong>assibus</strong></span> <span class='ocrx_word' id='word_1_206' title='bbox 1791 2622 2033 2665; x_wconf 49' lang='lat' dir='ltr'><strong>mortuo-</strong></span> 
     </span>
    </p>
   </div>
   <div class='ocr_carea' id='block_1_31' title="bbox 461 2704 2037 2775">
    <p class='ocr_par' dir='ltr' id='par_1_31' title="bbox 461 2704 2037 2775">
     <span class='ocr_line' id='line_1_31' title="bbox 461 2704 2037 2775; baseline -0.001 -15"><span class='ocrx_word' id='word_1_207' title='bbox 461 2723 601 2769; x_wconf 78' lang='lat' dir='ltr'><strong>rum,</strong></span> <span class='ocrx_word' id='word_1_208' title='bbox 633 2720 682 2760; x_wconf 87' lang='lat' dir='ltr'><strong>et</strong></span> <span class='ocrx_word' id='word_1_209' title='bbox 718 2705 858 2759; x_wconf 75' lang='lat' dir='ltr'><strong>omni</strong></span> <span class='ocrx_word' id='word_1_210' title='bbox 903 2706 1159 2773; x_wconf 72' lang='lat' dir='ltr'><strong>spurcitia</strong></span> <span class='ocrx_word' id='word_1_211' title='bbox 1213 2707 1230 2773; x_wconf 95' lang='lat'><strong>(</strong></span> <span class='ocrx_word' id='word_1_212' title='bbox 1268 2704 1412 2759; x_wconf 88' lang='lat' dir='ltr'><strong>Ibid.</strong></span> <span class='ocrx_word' id='word_1_213' title='bbox 1452 2705 1545 2775; x_wconf 74' lang='grc'><strong>27)</strong></span> <span class='ocrx_word' id='word_1_214' title='bbox 1578 2722 1593 2758; x_wconf 92' lang='lat'>:</span> <span class='ocrx_word' id='word_1_215' title='bbox 1623 2707 1714 2775; x_wconf 89' lang='lat' dir='ltr'><strong>qui</strong></span> <span class='ocrx_word' id='word_1_216' title='bbox 1782 2720 1880 2760; x_wconf 92' lang='lat' dir='ltr'><strong>ore</strong></span> <span class='ocrx_word' id='word_1_217' title='bbox 1936 2718 2037 2759; x_wconf 89' lang='lat' dir='ltr'><strong>suo</strong></span> 
     </span>
    </p>
   </div>
   <div class='ocr_carea' id='block_1_32' title="bbox 460 2790 2031 2862">
    <p class='ocr_par' dir='ltr' id='par_1_32' title="bbox 460 2790 2031 2862">
     <span class='ocr_line' id='line_1_32' title="bbox 460 2790 2031 2862; baseline -0.006 -9"><span class='ocrx_word' id='word_1_218' title='bbox 460 2797 886 2861; x_wconf 83' lang='lat' dir='ltr'><strong>benedicebaut,</strong></span> <span class='ocrx_word' id='word_1_219' title='bbox 917 2804 973 2849; x_wconf 89' lang='lat' dir='ltr'><strong>et</strong></span> <span class='ocrx_word' id='word_1_220' title='bbox 1026 2792 1195 2847; x_wconf 90' lang='lat' dir='ltr'><strong>corde</strong></span> <span class='ocrx_word' id='word_1_221' title='bbox 1231 2808 1334 2848; x_wconf 92' lang='lat' dir='ltr'><strong>suo</strong></span> <span class='ocrx_word' id='word_1_222' title='bbox 1374 2793 1775 2848; x_wconf 82' lang='lat' dir='ltr'><strong>maledicebant</strong></span> <span class='ocrx_word' id='word_1_223' title='bbox 1829 2793 1847 2862; x_wconf 97' lang='lat'><strong>(</strong></span> <span class='ocrx_word' id='word_1_224' title='bbox 1879 2790 2031 2845; x_wconf 82' lang='lat' dir='ltr'><strong>Psal.</strong></span> 
     </span>
    </p>
   </div>
   <div class='ocr_carea' id='block_1_33' title="bbox 463 2881 2040 2961">
    <p class='ocr_par' dir='ltr' id='par_1_33' title="bbox 463 2881 2040 2961">
     <span class='ocr_line' id='line_1_33' title="bbox 463 2881 2040 2961; baseline -0.006 -16"><span class='ocrx_word' id='word_1_225' title='bbox 463 2892 579 2961; x_wconf 77' lang='lat' dir='ltr'><strong>ut)</strong></span> <span class='ocrx_word' id='word_1_226' title='bbox 615 2890 752 2959; x_wconf 87' lang='lat' dir='ltr'><strong>:qui</strong></span> <span class='ocrx_word' id='word_1_227' title='bbox 784 2888 1013 2942; x_wconf 88' lang='lat' dir='ltr'><strong>Domino</strong></span> <span class='ocrx_word' id='word_1_228' title='bbox 1060 2886 1419 2955; x_wconf 73' lang='lat' dir='ltr'><strong>loquebantur</strong></span> <span class='ocrx_word' id='word_1_229' title='bbox 1454 2884 1705 2954; x_wconf 79' lang='lat' dir='ltr'><strong>pacilica,</strong></span> <span class='ocrx_word' id='word_1_230' title='bbox 1745 2892 1799 2936; x_wconf 90' lang='lat' dir='ltr'><strong>et</strong></span> <span class='ocrx_word' id='word_1_231' title='bbox 1829 2881 2040 2936; x_wconf 65' lang='lat' dir='ltr'><strong>mollieo</strong></span> 
     </span>
    </p>
   </div>
   <div class='ocr_carea' id='block_1_34' title="bbox 464 2973 2039 3049">
    <p class='ocr_par' dir='ltr' id='par_1_34' title="bbox 464 2973 2039 3049">
     <span class='ocr_line' id='line_1_34' title="bbox 464 2973 2039 3049; baseline -0.008 -10"><span class='ocrx_word' id='word_1_232' title='bbox 464 2987 600 3039; x_wconf 82' lang='lat' dir='ltr'><strong>bant</strong></span> <span class='ocrx_word' id='word_1_233' title='bbox 632 2983 796 3037; x_wconf 82' lang='lat' dir='ltr'><strong>verba</strong></span> <span class='ocrx_word' id='word_1_234' title='bbox 824 2996 923 3036; x_wconf 86' lang='lat' dir='ltr'><strong>sua</strong></span> <span class='ocrx_word' id='word_1_235' title='bbox 958 2991 1123 3049; x_wconf 81' lang='lat' dir='ltr'><strong>super</strong></span> <span class='ocrx_word' id='word_1_236' title='bbox 1158 2978 1365 3044; x_wconf 88' lang='lat' dir='ltr'><strong>oleum,</strong></span> <span class='ocrx_word' id='word_1_237' title='bbox 1392 2979 1494 3047; x_wconf 79' lang='lat' dir='ltr'><strong>ipsi</strong></span> <span class='ocrx_word' id='word_1_238' title='bbox 1524 2986 1705 3029; x_wconf 87' lang='lat' dir='ltr'><strong>autem</strong></span> <span class='ocrx_word' id='word_1_239' title='bbox 1735 2982 1896 3028; x_wconf 87' lang='lat' dir='ltr'><strong>erant</strong></span> <span class='ocrx_word' id='word_1_240' title='bbox 1950 2973 2039 3042; x_wconf 75' lang='lat' dir='ltr'><strong>ja—</strong></span> 
     </span>
    </p>
   </div>
   <div class='ocr_carea' id='block_1_35' title="bbox 465 3069 1747 3142">
    <p class='ocr_par' dir='ltr' id='par_1_35' title="bbox 465 3069 1747 3142">
     <span class='ocr_line' id='line_1_35' title="bbox 465 3069 1747 3142; baseline -0.009 -10"><span class='ocrx_word' id='word_1_241' title='bbox 465 3078 608 3141; x_wconf 84' lang='lat' dir='ltr'><strong>eula,</strong></span> <span class='ocrx_word' id='word_1_242' title='bbox 661 3076 729 3130; x_wconf 87' lang='lat' dir='ltr'><strong>de</strong></span> <span class='ocrx_word' id='word_1_243' title='bbox 787 3074 988 3142; x_wconf 82' lang='lat' dir='ltr'><strong>quibus</strong></span> <span class='ocrx_word' id='word_1_244' title='bbox 1049 3071 1354 3127; x_wconf 83' lang='lat' dir='ltr'><strong>reetissime</strong></span> <span class='ocrx_word' id='word_1_245' title='bbox 1401 3069 1687 3125; x_wconf 83' lang='lat' dir='ltr'><strong>dicebatur</strong></span> <span class='ocrx_word' id='word_1_246' title='bbox 1734 3085 1747 3121; x_wconf 90' lang='lat'><strong>:</strong></span> 
     </span>
    </p>
   </div>
   <div class='ocr_carea' id='block_1_36' title="bbox 465 3159 2040 3229">
    <p class='ocr_par' dir='ltr' id='par_1_36' title="bbox 465 3159 2040 3229">
     <span class='ocr_line' id='line_1_36' title="bbox 465 3159 2040 3229; baseline -0.01 -5"><span class='ocrx_word' id='word_1_247' title='bbox 465 3171 548 3224; x_wconf 78' lang='lat' dir='ltr'><strong>hic</strong></span> <span class='ocrx_word' id='word_1_248' title='bbox 586 3168 744 3223; x_wconf 77' lang='lat' dir='ltr'><strong>labiis</strong></span> <span class='ocrx_word' id='word_1_249' title='bbox 776 3184 860 3220; x_wconf 90' lang='lat' dir='ltr'><strong>me</strong></span> <span class='ocrx_word' id='word_1_250' title='bbox 902 3168 1125 3220; x_wconf 83' lang='lat' dir='ltr'><strong>honorat</strong></span> <span class='ocrx_word' id='word_1_251' title='bbox 1162 3180 1183 3218; x_wconf 90' lang='lat'><strong><em>:</em></strong></span> <span class='ocrx_word' id='word_1_252' title='bbox 1232 3180 1324 3217; x_wconf 84' lang='lat' dir='ltr'><strong>cor</strong></span> <span class='ocrx_word' id='word_1_253' title='bbox 1357 3177 1474 3217; x_wconf 76' lang='lat' dir='ltr'><strong>vero</strong></span> <span class='ocrx_word' id='word_1_254' title='bbox 1507 3159 1622 3229; x_wconf 88' lang='lat' dir='ltr'><strong>ejus</strong></span> <span class='ocrx_word' id='word_1_255' title='bbox 1675 3159 1829 3229; x_wconf 82' lang='lat' dir='ltr'><strong>longe</strong></span> <span class='ocrx_word' id='word_1_256' title='bbox 1871 3164 1949 3210; x_wconf 82' lang='lat' dir='ltr'><strong>est</strong></span> <span class='ocrx_word' id='word_1_257' title='bbox 2005 3172 2040 3208; x_wconf 89' lang='lat' dir='ltr'><strong>a</strong></span> 
     </span>
    </p>
   </div>
   <div class='ocr_carea' id='block_1_37' title="bbox 466 3250 2040 3332">
    <p class='ocr_par' dir='ltr' id='par_1_37' title="bbox 466 3250 2040 3332">
     <span class='ocr_line' id='line_1_37' title="bbox 466 3250 2040 3332; baseline -0.008 -17"><span class='ocrx_word' id='word_1_258' title='bbox 466 3279 548 3317; x_wconf 74' lang='lat' dir='ltr'><strong>me</strong></span> <span class='ocrx_word' id='word_1_259' title='bbox 574 3264 710 3332; x_wconf 82' lang='lat' dir='ltr'><strong>(Isa.</strong></span> <span class='ocrx_word' id='word_1_260' title='bbox 736 3276 888 3326; x_wconf 75' lang='lat' dir='ltr'><strong>xxix,</strong></span> <span class='ocrx_word' id='word_1_261' title='bbox 926 3259 1038 3329; x_wconf 77' lang='lat' dir='ltr'><strong>l5).</strong></span> <span class='ocrx_word' id='word_1_262' title='bbox 1075 3257 1417 3325; x_wconf 68' lang='lat' dir='ltr'><strong>Praeceperat</strong></span> <span class='ocrx_word' id='word_1_263' title='bbox 1447 3263 1626 3307; x_wconf 87' lang='lat' dir='ltr'><strong>autem</strong></span> <span class='ocrx_word' id='word_1_264' title='bbox 1675 3267 1770 3321; x_wconf 92' lang='lat' dir='ltr'><strong>per</strong></span> <span class='ocrx_word' id='word_1_265' title='bbox 1819 3250 2040 3321; x_wconf 78' lang='lat' dir='ltr'><strong>Moysen</strong></span> 
     </span>
    </p>
   </div>
   <div class='ocr_carea' id='block_1_38' title="bbox 468 3341 2040 3423">
    <p class='ocr_par' dir='ltr' id='par_1_38' title="bbox 468 3341 2040 3423">
     <span class='ocr_line' id='line_1_38' title="bbox 468 3341 2040 3423; baseline -0.009 -14"><span class='ocrx_word' id='word_1_266' title='bbox 468 3356 615 3409; x_wconf 80' lang='lat' dir='ltr'><strong>Deus</strong></span> <span class='ocrx_word' id='word_1_267' title='bbox 642 3360 657 3423; x_wconf 90' lang='lat'><strong>(</strong></span> <span class='ocrx_word' id='word_1_268' title='bbox 684 3353 848 3408; x_wconf 80' lang='lat' dir='ltr'><strong>Num.</strong></span> <span class='ocrx_word' id='word_1_269' title='bbox 880 3353 1013 3420; x_wconf 73' lang='grc' dir='ltr'><strong>χιχ).</strong></span> <span class='ocrx_word' id='word_1_270' title='bbox 1048 3361 1105 3406; x_wconf 82' lang='grc' dir='ltr'><strong>ιιι</strong></span> <span class='ocrx_word' id='word_1_271' title='bbox 1136 3351 1182 3405; x_wconf 91' lang='lat' dir='ltr'><strong>si</strong></span> <span class='ocrx_word' id='word_1_272' title='bbox 1215 3350 1337 3419; x_wconf 85' lang='lat' dir='ltr'><strong>quis</strong></span> <span class='ocrx_word' id='word_1_273' title='bbox 1375 3356 1690 3417; x_wconf 72' lang='lat' dir='ltr'><strong>praeventus</strong></span> <span class='ocrx_word' id='word_1_274' title='bbox 1737 3344 1931 3398; x_wconf 78' lang='lat' dir='ltr'><strong>fuisset</strong></span> <span class='ocrx_word' id='word_1_275' title='bbox 1985 3341 2040 3396; x_wconf 90' lang='lat' dir='ltr'><strong>in</strong></span> 
     </span>
    </p>
   </div>
   <div class='ocr_carea' id='block_1_39' title="bbox 471 3434 2043 3516">
    <p class='ocr_par' dir='ltr' id='par_1_39' title="bbox 471 3434 2043 3516">
     <span class='ocr_line' id='line_1_39' title="bbox 471 3434 2043 3516; baseline -0.01 -17"><span class='ocrx_word' id='word_1_276' title='bbox 471 3457 719 3516; x_wconf 74' lang='lat' dir='ltr'><strong>peccato,</strong></span> <span class='ocrx_word' id='word_1_277' title='bbox 756 3457 935 3497; x_wconf 80' lang='lat' dir='ltr'><strong>vaccae</strong></span> <span class='ocrx_word' id='word_1_278' title='bbox 970 3442 1103 3497; x_wconf 59' lang='lat' dir='ltr'><strong>rulae</strong></span> <span class='ocrx_word' id='word_1_279' title='bbox 1136 3453 1395 3510; x_wconf 88' lang='lat' dir='ltr'><strong>aspersus</strong></span> <span class='ocrx_word' id='word_1_280' title='bbox 1441 3439 1649 3498; x_wconf 85' lang='lat' dir='ltr'><strong>cinere.</strong></span> <span class='ocrx_word' id='word_1_281' title='bbox 1699 3443 1754 3488; x_wconf 92' lang='lat' dir='ltr'><strong>et</strong></span> <span class='ocrx_word' id='word_1_282' title='bbox 1791 3434 1915 3488; x_wconf 89' lang='lat' dir='ltr'><strong>aliis</strong></span> <span class='ocrx_word' id='word_1_283' title='bbox 1947 3446 2043 3486; x_wconf 74' lang='lat' dir='ltr'><strong>es-</strong></span> 
     </span>
    </p>
   </div>
   <div class='ocr_carea' id='block_1_40' title="bbox 471 3526 2044 3606">
    <p class='ocr_par' dir='ltr' id='par_1_40' title="bbox 471 3526 2044 3606">
     <span class='ocr_line' id='line_1_40' title="bbox 471 3526 2044 3606; baseline -0.01 -12"><span class='ocrx_word' id='word_1_284' title='bbox 471 3539 729 3606; x_wconf 80' lang='lat' dir='ltr'><strong>piationis</strong></span> <span class='ocrx_word' id='word_1_285' title='bbox 770 3537 964 3603; x_wconf 85' lang='lat' dir='ltr'><strong>modis,</strong></span> <span class='ocrx_word' id='word_1_286' title='bbox 1016 3550 1114 3605; x_wconf 89' lang='lat' dir='ltr'><strong>per</strong></span> <span class='ocrx_word' id='word_1_287' title='bbox 1145 3531 1417 3589; x_wconf 79' lang='lat' dir='ltr'><strong>sacriﬁcia</strong></span> <span class='ocrx_word' id='word_1_288' title='bbox 1444 3540 1502 3584; x_wconf 89' lang='lat' dir='ltr'><strong>et</strong></span> <span class='ocrx_word' id='word_1_289' title='bbox 1538 3528 1792 3583; x_wconf 80' lang='lat' dir='ltr'><strong>victimas</strong></span> <span class='ocrx_word' id='word_1_290' title='bbox 1840 3526 2044 3579; x_wconf 86' lang='lat' dir='ltr'><strong>rediret</strong></span> 
     </span>
    </p>
   </div>
   <div class='ocr_carea' id='block_1_41' title="bbox 470 3614 2042 3698">
    <p class='ocr_par' dir='ltr' id='par_1_41' title="bbox 470 3614 2042 3698">
     <span class='ocr_line' id='line_1_41' title="bbox 470 3614 2042 3698; baseline -0.008 -17"><span class='ocrx_word' id='word_1_291' title='bbox 470 3633 541 3682; x_wconf 79' lang='lat' dir='ltr'><strong>ad</strong></span> <span class='ocrx_word' id='word_1_292' title='bbox 573 3629 851 3698; x_wconf 82' lang='lat' dir='ltr'><strong>templum,</strong></span> <span class='ocrx_word' id='word_1_293' title='bbox 906 3630 1049 3694; x_wconf 85' lang='lat' dir='ltr'><strong>quod</strong></span> <span class='ocrx_word' id='word_1_294' title='bbox 1081 3625 1157 3679; x_wconf 94' lang='lat' dir='ltr'><strong>illi</strong></span> <span class='ocrx_word' id='word_1_295' title='bbox 1200 3624 1555 3693; x_wconf 78' lang='lat' dir='ltr'><strong>negligentes,</strong></span> <span class='ocrx_word' id='word_1_296' title='bbox 1607 3620 1660 3673; x_wconf 91' lang='lat' dir='ltr'><strong>iu</strong></span> <span class='ocrx_word' id='word_1_297' title='bbox 1718 3616 1853 3672; x_wconf 90' lang='lat' dir='ltr'><strong>locis</strong></span> <span class='ocrx_word' id='word_1_298' title='bbox 1907 3614 2042 3669; x_wconf 45' lang='lat' dir='ltr'><strong>deli‘</strong></span> 
     </span>
    </p>
   </div>
   <div class='ocr_carea' id='block_1_42' title="bbox 471 3707 2046 3790">
    <p class='ocr_par' dir='ltr' id='par_1_42' title="bbox 471 3707 2046 3790">
     <span class='ocr_line' id='line_1_42' title="bbox 471 3707 2046 3790; baseline -0.011 -13"><span class='ocrx_word' id='word_1_299' title='bbox 471 3726 760 3777; x_wconf 75' lang='lat' dir='ltr'><strong>ciui-umet</strong></span> <span class='ocrx_word' id='word_1_300' title='bbox 787 3721 1153 3790; x_wconf 86' lang='lat' dir='ltr'><strong>voluptatum,</strong></span> <span class='ocrx_word' id='word_1_301' title='bbox 1202 3717 1305 3771; x_wconf 86' lang='lat' dir='ltr'><strong>hoc</strong></span> <span class='ocrx_word' id='word_1_302' title='bbox 1350 3721 1455 3776; x_wconf 81' lang='lat' dir='ltr'><strong>est,</strong></span> <span class='ocrx_word' id='word_1_303' title='bbox 1493 3714 1548 3767; x_wconf 91' lang='lat' dir='ltr'><strong>in</strong></span> <span class='ocrx_word' id='word_1_304' title='bbox 1579 3710 1752 3766; x_wconf 83' lang='lat' dir='ltr'><strong>hortis</strong></span> <span class='ocrx_word' id='word_1_305' title='bbox 1786 3707 2046 3763; x_wconf 64' lang='lat' dir='ltr'><strong>amoenis-</strong></span> 
     </span>
    </p>
   </div>
   <div class='ocr_carea' id='block_1_43' title="bbox 471 3798 2043 3884">
    <p class='ocr_par' dir='ltr' id='par_1_43' title="bbox 471 3798 2043 3884">
     <span class='ocr_line' id='line_1_43' title="bbox 471 3798 2043 3884; baseline -0.013 -11"><span class='ocrx_word' id='word_1_306' title='bbox 471 3820 650 3883; x_wconf 81' lang='lat' dir='ltr'><strong>simis,</strong></span> <span class='ocrx_word' id='word_1_307' title='bbox 685 3816 769 3870; x_wconf 86' lang='lat' dir='ltr'><strong>vel</strong></span> <span class='ocrx_word' id='word_1_308' title='bbox 806 3812 1118 3884; x_wconf 76' lang='lat' dir='ltr'><strong>baptisteria</strong></span> <span class='ocrx_word' id='word_1_309' title='bbox 1154 3808 1533 3872; x_wconf 77' lang='lat' dir='ltr'><strong>exstruebant,</strong></span> <span class='ocrx_word' id='word_1_310' title='bbox 1571 3804 1654 3860; x_wconf 84' lang='lat' dir='ltr'><strong>vel</strong></span> <span class='ocrx_word' id='word_1_311' title='bbox 1692 3803 1932 3874; x_wconf 84' lang='lat' dir='ltr'><strong>piscinas</strong></span> <span class='ocrx_word' id='word_1_312' title='bbox 1976 3798 2043 3854; x_wconf 84' lang='lat' dir='ltr'><strong>ad</strong></span> 
     </span>
    </p>
   </div>
   <div class='ocr_carea' id='block_1_44' title="bbox 473 3893 2043 3977">
    <p class='ocr_par' dir='ltr' id='par_1_44' title="bbox 473 3893 2043 3977">
     <span class='ocr_line' id='line_1_44' title="bbox 473 3893 2043 3977; baseline -0.013 -11"><span class='ocrx_word' id='word_1_313' title='bbox 473 3915 686 3968; x_wconf 78' lang='lat' dir='ltr'><strong>areolas</strong></span> <span class='ocrx_word' id='word_1_314' title='bbox 716 3907 1023 3977; x_wconf 78' lang='lat' dir='ltr'><strong>irrigandas</strong></span> <span class='ocrx_word' id='word_1_315' title='bbox 1053 3923 1067 3961; x_wconf 90' lang='lat'><strong>:</strong></span> <span class='ocrx_word' id='word_1_316' title='bbox 1106 3900 1378 3959; x_wconf 77' lang='lat' dir='ltr'><strong>adulteria</strong></span> <span class='ocrx_word' id='word_1_317' title='bbox 1403 3910 1459 3955; x_wconf 92' lang='lat' dir='ltr'><strong>et</strong></span> <span class='ocrx_word' id='word_1_318' title='bbox 1494 3912 1713 3952; x_wconf 80' lang='lat' dir='ltr'><strong>omnem</strong></span> <span class='ocrx_word' id='word_1_319' title='bbox 1741 3893 2043 3949; x_wconf 87' lang='lat' dir='ltr'><strong>libidinum</strong></span> 
     </span>
    </p>
   </div>
   <div class='ocr_carea' id='block_1_45' title="bbox 473 3990 2049 4075">
    <p class='ocr_par' dir='ltr' id='par_1_45' title="bbox 473 3990 2049 4075">
     <span class='ocr_line' id='line_1_45' title="bbox 473 3990 2049 4075; baseline -0.013 -15"><span class='ocrx_word' id='word_1_320' title='bbox 473 4003 888 4075; x_wconf 81' lang='lat' dir='ltr'><strong>turpitudinem,</strong></span> <span class='ocrx_word' id='word_1_321' title='bbox 917 3996 1262 4067; x_wconf 81' lang='lat' dir='ltr'><strong>simplicibus</strong></span> <span class='ocrx_word' id='word_1_322' title='bbox 1298 3992 1457 4063; x_wconf 87' lang='lat' dir='ltr'><strong>aquis</strong></span> <span class='ocrx_word' id='word_1_323' title='bbox 1508 3990 1731 4044; x_wconf 87' lang='lat' dir='ltr'><strong>abluere</strong></span> <span class='ocrx_word' id='word_1_324' title='bbox 1762 4002 1822 4042; x_wconf 86' lang='lat' dir='ltr'><strong>se</strong></span> <span class='ocrx_word' id='word_1_325' title='bbox 1847 3997 2049 4056; x_wconf 65' lang='lat' dir='ltr'><strong>putano</strong></span> 
     </span>
    </p>
   </div>
   <div class='ocr_carea' id='block_1_46' title="bbox 474 4080 2048 4167">
    <p class='ocr_par' dir='ltr' id='par_1_46' title="bbox 474 4080 2048 4167">
     <span class='ocr_line' id='line_1_46' title="bbox 474 4080 2048 4167; baseline -0.013 -15"><span class='ocrx_word' id='word_1_326' title='bbox 474 4108 581 4162; x_wconf 83' lang='lat' dir='ltr'><strong>tes,</strong></span> <span class='ocrx_word' id='word_1_327' title='bbox 623 4097 826 4167; x_wconf 83' lang='lat' dir='ltr'><strong>quibus</strong></span> <span class='ocrx_word' id='word_1_328' title='bbox 870 4091 1187 4147; x_wconf 73' lang='lat' dir='ltr'><strong>rectissime</strong></span> <span class='ocrx_word' id='word_1_329' title='bbox 1233 4087 1364 4141; x_wconf 88' lang='lat' dir='ltr'><strong>illud</strong></span> <span class='ocrx_word' id='word_1_330' title='bbox 1426 4084 1745 4167; x_wconf 72' lang='lat' dir='ltr'><strong>aptabitur:</strong></span> <span class='ocrx_word' id='word_1_331' title='bbox 1796 4080 1860 4134; x_wconf 83' lang='lat' dir='ltr'><strong>Et</strong></span> <span class='ocrx_word' id='word_1_332' title='bbox 1914 4095 2048 4133; x_wconf 82' lang='lat' dir='ltr'><strong>noc-</strong></span> 
     </span>
    </p>
   </div>
   <div class='ocr_carea' id='block_1_47' title="bbox 478 4160 2051 4260">
    <p class='ocr_par' dir='ltr' id='par_1_47' title="bbox 478 4160 2051 4260">
     <span class='ocr_line' id='line_1_47' title="bbox 478 4160 2051 4260; baseline -0.011 -17"><span class='ocrx_word' id='word_1_333' title='bbox 478 4160 580 4245; x_wconf 76' lang='lat' dir='ltr'><strong>tem</strong></span> <span class='ocrx_word' id='word_1_334' title='bbox 613 4160 830 4260; x_wconf 64' lang='lat' dir='ltr'><strong>[lentiae</strong></span> <span class='ocrx_word' id='word_1_335' title='bbox 873 4194 1107 4258; x_wconf 80' lang='lat' dir='ltr'><strong>purgant</strong></span> <span class='ocrx_word' id='word_1_336' title='bbox 1134 4181 1417 4253; x_wconf 51' lang='lat' dir='ltr'><strong>(Housm).</strong></span> <span class='ocrx_word' id='word_1_337' title='bbox 1463 4176 1574 4231; x_wconf 81' lang='lat' dir='ltr'><strong>Nec</strong></span> <span class='ocrx_word' id='word_1_338' title='bbox 1599 4160 1759 4231; x_wconf 76' lang='lat' dir='ltr'><strong>alicui</strong></span> <span class='ocrx_word' id='word_1_339' title='bbox 1795 4173 2051 4228; x_wconf 85' lang='lat' dir='ltr'><strong>videatur</strong></span> 
     </span>
    </p>
   </div>
   <div class='ocr_carea' id='block_1_48' title="bbox 478 4264 2052 4352">
    <p class='ocr_par' dir='ltr' id='par_1_48' title="bbox 478 4264 2052 4352">
     <span class='ocr_line' id='line_1_48' title="bbox 478 4264 2052 4352; baseline -0.012 -14"><span class='ocrx_word' id='word_1_340' title='bbox 478 4292 860 4352; x_wconf 78' lang='lat' dir='ltr'><strong>iuetmgruum,</strong></span> <span class='ocrx_word' id='word_1_341' title='bbox 897 4283 939 4337; x_wconf 89' lang='lat' dir='ltr'><strong>si</strong></span> <span class='ocrx_word' id='word_1_342' title='bbox 969 4296 1092 4350; x_wconf 71' lang='lat' dir='ltr'><strong>qua:</strong></span> <span class='ocrx_word' id='word_1_343' title='bbox 1121 4282 1386 4345; x_wconf 87' lang='lat' dir='ltr'><strong>gerttntur</strong></span> <span class='ocrx_word' id='word_1_344' title='bbox 1423 4270 1678 4340; x_wconf 85' lang='lat' dir='ltr'><strong>turpiter,</strong></span> <span class='ocrx_word' id='word_1_345' title='bbox 1708 4264 2052 4322; x_wconf 77' lang='lat' dir='ltr'><strong>manifestius</strong></span> 
     </span>
    </p>
   </div>
   <div class='ocr_carea' id='block_1_49' title="bbox 478 4359 2051 4444">
    <p class='ocr_par' dir='ltr' id='par_1_49' title="bbox 478 4359 2051 4444">
     <span class='ocr_line' id='line_1_49' title="bbox 478 4359 2051 4444; baseline -0.012 -17"><span class='ocrx_word' id='word_1_346' title='bbox 478 4401 491 4427; x_wconf 79' lang='grc' dir='ltr'><strong>ι</strong></span> <span class='ocrx_word' id='word_1_347' title='bbox 517 4379 818 4444; x_wconf 76' lang='lat' dir='ltr'><strong>xpliccntur</strong></span> <span class='ocrx_word' id='word_1_348' title='bbox 849 4375 901 4426; x_wconf 87' lang='lat' dir='ltr'><strong>in</strong></span> <span class='ocrx_word' id='word_1_349' title='bbox 933 4370 1333 4426; x_wconf 84' lang='lat' dir='ltr'><strong>correctionem</strong></span> <span class='ocrx_word' id='word_1_350' title='bbox 1365 4377 1581 4427; x_wconf 84' lang='lat' dir='ltr'><strong>eorum,</strong></span> <span class='ocrx_word' id='word_1_351' title='bbox 1613 4360 1704 4430; x_wconf 88' lang='lat' dir='ltr'><strong>qui</strong></span> <span class='ocrx_word' id='word_1_352' title='bbox 1747 4359 1874 4414; x_wconf 88' lang='lat' dir='ltr'><strong>talia</strong></span> <span class='ocrx_word' id='word_1_353' title='bbox 1897 4373 2051 4411; x_wconf 81' lang='lat' dir='ltr'><strong>com-</strong></span> 
     </span>
    </p>
   </div>
   <div class='ocr_carea' id='block_1_50' title="bbox 2124 484 3658 556">
    <p class='ocr_par' dir='ltr' id='par_1_50' title="bbox 2124 484 3658 556">
     <span class='ocr_line' id='line_1_50' title="bbox 2124 484 3658 556; baseline 0.002 -16"><span class='ocrx_word' id='word_1_354' title='bbox 2124 486 2269 551; x_wconf 81' lang='grc' dir='ltr'><strong>ξούς.</strong></span> <span class='ocrx_word' id='word_1_355' title='bbox 2293 484 2360 540; x_wconf 84' lang='grc' dir='ltr'><strong>Ει</strong></span> <span class='ocrx_word' id='word_1_356' title='bbox 2377 485 2452 540; x_wconf 92' lang='lat' dir='ltr'><strong>illi</strong></span> <span class='ocrx_word' id='word_1_357' title='bbox 2471 485 2634 556; x_wconf 81' lang='lat' dir='ltr'><strong>igitur</strong></span> <span class='ocrx_word' id='word_1_358' title='bbox 2653 484 2745 554; x_wconf 89' lang='lat' dir='ltr'><strong>qui</strong></span> <span class='ocrx_word' id='word_1_359' title='bbox 2763 485 2877 540; x_wconf 79' lang='lat' dir='ltr'><strong>htec</strong></span> <span class='ocrx_word' id='word_1_360' title='bbox 2896 486 3207 550; x_wconf 75' lang='lat' dir='ltr'><strong>comedunt,</strong></span> <span class='ocrx_word' id='word_1_361' title='bbox 3224 484 3281 539; x_wconf 79' lang='lat' dir='ltr'><strong>et</strong></span> <span class='ocrx_word' id='word_1_362' title='bbox 3306 486 3359 540; x_wconf 86' lang='lat' dir='ltr'><strong>hi</strong></span> <span class='ocrx_word' id='word_1_363' title='bbox 3376 499 3658 543; x_wconf 66' lang='lat' dir='ltr'><strong>exercentes</strong></span> 
     </span>
    </p>
   </div>
   <div class='ocr_carea' id='block_1_51' title="bbox 2122 574 3659 653">
    <p class='ocr_par' dir='ltr' id='par_1_51' title="bbox 2122 574 3659 653">
     <span class='ocr_line' id='line_1_51' title="bbox 2122 574 3659 653; baseline -0.001 -21"><span class='ocrx_word' id='word_1_364' title='bbox 2122 591 2338 653; x_wconf 87' lang='lat' dir='ltr'><strong>omnem</strong></span> <span class='ocrx_word' id='word_1_365' title='bbox 2402 578 2813 647; x_wconf 86' lang='lat' dir='ltr'><strong>turpitudinem,</strong></span> <span class='ocrx_word' id='word_1_366' title='bbox 2847 577 2978 631; x_wconf 89' lang='lat' dir='ltr'><strong>talia</strong></span> <span class='ocrx_word' id='word_1_367' title='bbox 3035 586 3203 646; x_wconf 81' lang='lat' dir='ltr'><strong>agunt</strong></span> <span class='ocrx_word' id='word_1_368' title='bbox 3231 593 3354 647; x_wconf 68' lang='lat' dir='ltr'><strong>qua:</strong></span> <span class='ocrx_word' id='word_1_369' title='bbox 3399 587 3452 631; x_wconf 91' lang='lat' dir='ltr'><strong>et</strong></span> <span class='ocrx_word' id='word_1_370' title='bbox 3481 574 3659 631; x_wconf 87' lang='lat' dir='ltr'><strong>ethnici</strong></span> 
     </span>
    </p>
   </div>
   <div class='ocr_carea' id='block_1_52' title="bbox 2123 667 3664 737">
    <p class='ocr_par' dir='ltr' id='par_1_52' title="bbox 2123 667 3664 737">
     <span class='ocr_line' id='line_1_52' title="bbox 2123 667 3664 737; baseline -0.001 -14"><span class='ocrx_word' id='word_1_371' title='bbox 2123 670 2262 724; x_wconf 71' lang='lat' dir='ltr'><strong>forte</strong></span> <span class='ocrx_word' id='word_1_372' title='bbox 2309 684 2416 725; x_wconf 91' lang='lat' dir='ltr'><strong>non</strong></span> <span class='ocrx_word' id='word_1_373' title='bbox 2480 668 2715 733; x_wconf 81' lang='lat' dir='ltr'><strong>faciunt,</strong></span> <span class='ocrx_word' id='word_1_374' title='bbox 2746 669 2956 737; x_wconf 82' lang='lat' dir='ltr'><strong>pariter</strong></span> <span class='ocrx_word' id='word_1_375' title='bbox 3001 677 3416 723; x_wconf 76' lang='lat' dir='ltr'><strong>consumantur.</strong></span> <span class='ocrx_word' id='word_1_376' title='bbox 3478 667 3664 723; x_wconf 73' lang='lat' dir='ltr'><strong>Secth</strong></span> 
     </span>
    </p>
   </div>
   <div class='ocr_carea' id='block_1_53' title="bbox 2125 756 3664 828">
    <p class='ocr_par' dir='ltr' id='par_1_53' title="bbox 2125 756 3664 828">
     <span class='ocr_line' id='line_1_53' title="bbox 2125 756 3664 828; baseline -0.003 -14"><span class='ocrx_word' id='word_1_377' title='bbox 2125 763 2253 815; x_wconf 89' lang='lat' dir='ltr'><strong>dum</strong></span> <span class='ocrx_word' id='word_1_378' title='bbox 2286 758 2645 828; x_wconf 83' lang='lat' dir='ltr'><strong>tropologiam</strong></span> <span class='ocrx_word' id='word_1_379' title='bbox 2691 771 2986 828; x_wconf 84' lang='lat' dir='ltr'><strong>possumus</strong></span> <span class='ocrx_word' id='word_1_380' title='bbox 3009 757 3195 811; x_wconf 83' lang='lat' dir='ltr'><strong>dicere</strong></span> <span class='ocrx_word' id='word_1_381' title='bbox 3227 775 3248 812; x_wconf 85' lang='lat'><strong>:</strong></span> <span class='ocrx_word' id='word_1_382' title='bbox 3278 756 3480 811; x_wconf 86' lang='lat' dir='ltr'><strong>Omnes</strong></span> <span class='ocrx_word' id='word_1_383' title='bbox 3534 759 3664 812; x_wconf 84' lang='lat' dir='ltr'><strong>volu-</strong></span> 
     </span>
    </p>
   </div>
   <div class='ocr_carea' id='block_1_54' title="bbox 2123 848 3665 921">
    <p class='ocr_par' dir='ltr' id='par_1_54' title="bbox 2123 848 3665 921">
     <span class='ocr_line' id='line_1_54' title="bbox 2123 848 3665 921; baseline -0.002 -18"><span class='ocrx_word' id='word_1_384' title='bbox 2123 851 2291 919; x_wconf 84' lang='lat' dir='ltr'><strong>ptatis</strong></span> <span class='ocrx_word' id='word_1_385' title='bbox 2322 851 2493 921; x_wconf 84' lang='lat' dir='ltr'><strong>magis</strong></span> <span class='ocrx_word' id='word_1_386' title='bbox 2547 860 2846 913; x_wconf 80' lang='lat' dir='ltr'><strong>amatores,</strong></span> <span class='ocrx_word' id='word_1_387' title='bbox 2876 864 3037 918; x_wconf 85' lang='lat' dir='ltr'><strong>quam</strong></span> <span class='ocrx_word' id='word_1_388' title='bbox 3089 859 3364 902; x_wconf 82' lang='lat' dir='ltr'><strong>amatores</strong></span> <span class='ocrx_word' id='word_1_389' title='bbox 3414 848 3524 907; x_wconf 71' lang='lat' dir='ltr'><strong>Dei.</strong></span> <span class='ocrx_word' id='word_1_390' title='bbox 3556 864 3665 902; x_wconf 80' lang='lat' dir='ltr'><strong>sau-</strong></span> 
     </span>
    </p>
   </div>
   <div class='ocr_carea' id='block_1_55' title="bbox 2124 940 3667 1010">
    <p class='ocr_par' dir='ltr' id='par_1_55' title="bbox 2124 940 3667 1010">
     <span class='ocr_line' id='line_1_55' title="bbox 2124 940 3667 1010; baseline -0.003 -12"><span class='ocrx_word' id='word_1_391' title='bbox 2124 942 2358 998; x_wconf 85' lang='lat' dir='ltr'><strong>ctilicari</strong></span> <span class='ocrx_word' id='word_1_392' title='bbox 2395 944 2447 997; x_wconf 90' lang='lat' dir='ltr'><strong>in</strong></span> <span class='ocrx_word' id='word_1_393' title='bbox 2490 942 2672 995; x_wconf 87' lang='lat' dir='ltr'><strong>hortis</strong></span> <span class='ocrx_word' id='word_1_394' title='bbox 2698 950 2754 996; x_wconf 91' lang='lat' dir='ltr'><strong>et</strong></span> <span class='ocrx_word' id='word_1_395' title='bbox 2822 940 2874 995; x_wconf 86' lang='lat' dir='ltr'><strong>in</strong></span> <span class='ocrx_word' id='word_1_396' title='bbox 2905 940 3211 1005; x_wconf 85' lang='lat' dir='ltr'><strong>liminibus,</strong></span> <span class='ocrx_word' id='word_1_397' title='bbox 3269 941 3396 1010; x_wconf 80' lang='lat' dir='ltr'><strong>quia</strong></span> <span class='ocrx_word' id='word_1_398' title='bbox 3436 942 3667 1010; x_wconf 80' lang='lat' dir='ltr'><strong>mysteria</strong></span> 
     </span>
    </p>
   </div>
   <div class='ocr_carea' id='block_1_56' title="bbox 2126 1029 3671 1092">
    <p class='ocr_par' dir='ltr' id='par_1_56' title="bbox 2126 1029 3671 1092">
     <span class='ocr_line' id='line_1_56' title="bbox 2126 1029 3671 1092; baseline -0.003 -6"><span class='ocrx_word' id='word_1_399' title='bbox 2126 1034 2374 1088; x_wconf 82' lang='lat' dir='ltr'><strong>veritatis</strong></span> <span class='ocrx_word' id='word_1_400' title='bbox 2429 1048 2536 1087; x_wconf 92' lang='lat' dir='ltr'><strong>non</strong></span> <span class='ocrx_word' id='word_1_401' title='bbox 2590 1031 2777 1086; x_wconf 88' lang='lat' dir='ltr'><strong>valent</strong></span> <span class='ocrx_word' id='word_1_402' title='bbox 2834 1030 3084 1092; x_wconf 87' lang='lat' dir='ltr'><strong>introire,</strong></span> <span class='ocrx_word' id='word_1_403' title='bbox 3116 1039 3172 1084; x_wconf 91' lang='lat' dir='ltr'><strong>et</strong></span> <span class='ocrx_word' id='word_1_404' title='bbox 3196 1029 3487 1085; x_wconf 86' lang='lat' dir='ltr'><strong>comedere</strong></span> <span class='ocrx_word' id='word_1_405' title='bbox 3537 1030 3671 1083; x_wconf 72' lang='lat' dir='ltr'><strong>eittos</strong></span> 
     </span>
    </p>
   </div>
   <div class='ocr_carea' id='block_1_57' title="bbox 2127 1117 3668 1197">
    <p class='ocr_par' dir='ltr' id='par_1_57' title="bbox 2127 1117 3668 1197">
     <span class='ocr_line' id='line_1_57' title="bbox 2127 1117 3668 1197; baseline -0.004 -16"><span class='ocrx_word' id='word_1_406' title='bbox 2127 1125 2447 1197; x_wconf 86' lang='lat' dir='ltr'><strong>impietatis,</strong></span> <span class='ocrx_word' id='word_1_407' title='bbox 2482 1126 2608 1179; x_wconf 89' lang='lat' dir='ltr'><strong>dmn</strong></span> <span class='ocrx_word' id='word_1_408' title='bbox 2639 1138 2745 1178; x_wconf 92' lang='lat' dir='ltr'><strong>non</strong></span> <span class='ocrx_word' id='word_1_409' title='bbox 2779 1133 2908 1178; x_wconf 90' lang='lat' dir='ltr'><strong>sunt</strong></span> <span class='ocrx_word' id='word_1_410' title='bbox 2926 1122 3103 1178; x_wconf 90' lang='lat' dir='ltr'><strong>sancti</strong></span> <span class='ocrx_word' id='word_1_411' title='bbox 3125 1136 3359 1190; x_wconf 84' lang='lat' dir='ltr'><strong>corpore</strong></span> <span class='ocrx_word' id='word_1_412' title='bbox 3378 1133 3431 1178; x_wconf 89' lang='lat' dir='ltr'><strong>et</strong></span> <span class='ocrx_word' id='word_1_413' title='bbox 3459 1117 3668 1190; x_wconf 82' lang='lat' dir='ltr'><strong>spiritu:</strong></span> 
     </span>
    </p>
   </div>
   <div class='ocr_carea' id='block_1_58' title="bbox 2132 1211 3670 1282">
    <p class='ocr_par' dir='ltr' id='par_1_58' title="bbox 2132 1211 3670 1282">
     <span class='ocr_line' id='line_1_58' title="bbox 2132 1211 3670 1282; baseline -0.005 -11"><span class='ocrx_word' id='word_1_414' title='bbox 2132 1232 2230 1271; x_wconf 91' lang='lat' dir='ltr'><strong>nec</strong></span> <span class='ocrx_word' id='word_1_415' title='bbox 2268 1215 2564 1272; x_wconf 85' lang='lat' dir='ltr'><strong>comedunt</strong></span> <span class='ocrx_word' id='word_1_416' title='bbox 2596 1228 2819 1269; x_wconf 84' lang='lat' dir='ltr'><strong>carnem</strong></span> <span class='ocrx_word' id='word_1_417' title='bbox 2851 1211 3003 1277; x_wconf 86' lang='lat' dir='ltr'><strong>Jesu,</strong></span> <span class='ocrx_word' id='word_1_418' title='bbox 3041 1228 3219 1282; x_wconf 88' lang='lat' dir='ltr'><strong>neque</strong></span> <span class='ocrx_word' id='word_1_419' title='bbox 3254 1213 3449 1268; x_wconf 87' lang='lat' dir='ltr'><strong>bibunt</strong></span> <span class='ocrx_word' id='word_1_420' title='bbox 3475 1214 3670 1280; x_wconf 75' lang='lat' dir='ltr'><strong>sangui.</strong></span> 
     </span>
    </p>
   </div>
   <div class='ocr_carea' id='block_1_59' title="bbox 2129 1300 3670 1376">
    <p class='ocr_par' dir='ltr' id='par_1_59' title="bbox 2129 1300 3670 1376">
     <span class='ocr_line' id='line_1_59' title="bbox 2129 1300 3670 1376; baseline -0.004 -15"><span class='ocrx_word' id='word_1_421' title='bbox 2129 1322 2253 1363; x_wconf 88' lang='lat' dir='ltr'><strong>nem</strong></span> <span class='ocrx_word' id='word_1_422' title='bbox 2305 1306 2447 1376; x_wconf 81' lang='lat' dir='ltr'><strong>eius.</strong></span> <span class='ocrx_word' id='word_1_423' title='bbox 2511 1304 2585 1360; x_wconf 86' lang='lat' dir='ltr'><strong>De</strong></span> <span class='ocrx_word' id='word_1_424' title='bbox 2629 1318 2741 1374; x_wconf 91' lang='lat' dir='ltr'><strong>quo</strong></span> <span class='ocrx_word' id='word_1_425' title='bbox 2789 1304 2908 1374; x_wconf 91' lang='lat' dir='ltr'><strong>ipse</strong></span> <span class='ocrx_word' id='word_1_426' title='bbox 2964 1303 3258 1373; x_wconf 88' lang='lat' dir='ltr'><strong>loquitur:</strong></span> <span class='ocrx_word' id='word_1_427' title='bbox 3314 1300 3419 1367; x_wconf 84' lang='lat' dir='ltr'><strong>Qui</strong></span> <span class='ocrx_word' id='word_1_428' title='bbox 3470 1305 3670 1356; x_wconf 70' lang='lat' dir='ltr'><strong>comedit</strong></span> 
     </span>
    </p>
   </div>
   <div class='ocr_carea' id='block_1_60' title="bbox 2129 1396 3674 1475">
    <p class='ocr_par' dir='ltr' id='par_1_60' title="bbox 2129 1396 3674 1475">
     <span class='ocr_line' id='line_1_60' title="bbox 2129 1396 3674 1475; baseline -0.002 -25"><span class='ocrx_word' id='word_1_429' title='bbox 2129 1416 2341 1454; x_wconf 69' lang='lat' dir='ltr'><strong>carnem</strong></span> <span class='ocrx_word' id='word_1_430' title='bbox 2375 1415 2565 1463; x_wconf 84' lang='lat' dir='ltr'><strong>meam,</strong></span> <span class='ocrx_word' id='word_1_431' title='bbox 2608 1407 2658 1452; x_wconf 89' lang='lat' dir='ltr'><strong>et</strong></span> <span class='ocrx_word' id='word_1_432' title='bbox 2708 1399 2832 1451; x_wconf 83' lang='lat' dir='ltr'><strong>bibit</strong></span> <span class='ocrx_word' id='word_1_433' title='bbox 2852 1398 3179 1475; x_wconf 44' lang='lat' dir='ltr'><strong>sanguinem</strong></span> <span class='ocrx_word' id='word_1_434' title='bbox 3228 1411 3422 1455; x_wconf 77' lang='lat' dir='ltr'><strong>meum.</strong></span> <span class='ocrx_word' id='word_1_435' title='bbox 3451 1396 3588 1449; x_wconf 80' lang='lat' dir='ltr'><strong>habet</strong></span> <span class='ocrx_word' id='word_1_436' title='bbox 3612 1398 3674 1448; x_wconf 82' lang='lat' dir='ltr'><strong>ri-</strong></span> 
     </span>
    </p>
   </div>
   <div class='ocr_carea' id='block_1_61' title="bbox 2132 1480 3674 1559">
    <p class='ocr_par' dir='ltr' id='par_1_61' title="bbox 2132 1480 3674 1559">
     <span class='ocr_line' id='line_1_61' title="bbox 2132 1480 3674 1559; baseline -0.005 -13"><span class='ocrx_word' id='word_1_437' title='bbox 2132 1502 2239 1548; x_wconf 85' lang='lat' dir='ltr'><strong>tam</strong></span> <span class='ocrx_word' id='word_1_438' title='bbox 2276 1500 2533 1545; x_wconf 66' lang='lat' dir='ltr'><strong>a’teruam</strong></span> <span class='ocrx_word' id='word_1_439' title='bbox 2597 1489 2814 1559; x_wconf 82' lang='lat' dir='ltr'><strong>(Joan.</strong></span> <span class='ocrx_word' id='word_1_440' title='bbox 2849 1504 2928 1557; x_wconf 77' lang='lat' dir='ltr'><strong>vr,</strong></span> <span class='ocrx_word' id='word_1_441' title='bbox 2962 1488 3075 1559; x_wconf 72' lang='lat'><strong>55).</strong></span> <span class='ocrx_word' id='word_1_442' title='bbox 3112 1488 3329 1542; x_wconf 85' lang='lat' dir='ltr'><strong>Etenim</strong></span> <span class='ocrx_word' id='word_1_443' title='bbox 3370 1490 3558 1556; x_wconf 84' lang='lat' dir='ltr'><strong>pascha</strong></span> <span class='ocrx_word' id='word_1_444' title='bbox 3576 1480 3674 1541; x_wconf 84' lang='lat' dir='ltr'><strong>nn-</strong></span> 
     </span>
    </p>
   </div>
   <div class='ocr_carea' id='block_1_62' title="bbox 2132 1580 3671 1653">
    <p class='ocr_par' dir='ltr' id='par_1_62' title="bbox 2132 1580 3671 1653">
     <span class='ocr_line' id='line_1_62' title="bbox 2132 1580 3671 1653; baseline -0.005 -13"><span class='ocrx_word' id='word_1_445' title='bbox 2132 1596 2302 1641; x_wconf 89' lang='lat' dir='ltr'><strong>strum</strong></span> <span class='ocrx_word' id='word_1_446' title='bbox 2340 1583 2653 1639; x_wconf 87' lang='lat' dir='ltr'><strong>immolatus</strong></span> <span class='ocrx_word' id='word_1_447' title='bbox 2688 1592 2772 1637; x_wconf 88' lang='lat' dir='ltr'><strong>est</strong></span> <span class='ocrx_word' id='word_1_448' title='bbox 2796 1580 3056 1637; x_wconf 87' lang='lat' dir='ltr'><strong>Christus</strong></span> <span class='ocrx_word' id='word_1_449' title='bbox 3087 1581 3138 1653; x_wconf 88' lang='grc' dir='ltr'><strong>(ι</strong></span> <span class='ocrx_word' id='word_1_450' title='bbox 3174 1580 3308 1636; x_wconf 85' lang='lat' dir='ltr'><strong>Cor.</strong></span> <span class='ocrx_word' id='word_1_451' title='bbox 3332 1581 3412 1650; x_wconf 84' lang='lat' dir='ltr'><strong>v).</strong></span> <span class='ocrx_word' id='word_1_452' title='bbox 3441 1580 3537 1646; x_wconf 85' lang='lat' dir='ltr'><strong>Qui</strong></span> <span class='ocrx_word' id='word_1_453' title='bbox 3580 1593 3671 1633; x_wconf 82' lang='lat' dir='ltr'><strong>non</strong></span> 
     </span>
    </p>
   </div>
   <div class='ocr_carea' id='block_1_63' title="bbox 2135 1671 3492 1740">
    <p class='ocr_par' dir='ltr' id='par_1_63' title="bbox 2135 1671 3492 1740">
     <span class='ocr_line' id='line_1_63' title="bbox 2135 1671 3492 1740; baseline -0.003 -13"><span class='ocrx_word' id='word_1_454' title='bbox 2135 1674 2290 1740; x_wconf 83' lang='lat' dir='ltr'><strong>foris,</strong></span> <span class='ocrx_word' id='word_1_455' title='bbox 2323 1673 2419 1729; x_wconf 88' lang='lat' dir='ltr'><strong>sed</strong></span> <span class='ocrx_word' id='word_1_456' title='bbox 2443 1673 2498 1727; x_wconf 91' lang='lat' dir='ltr'><strong>in</strong></span> <span class='ocrx_word' id='word_1_457' title='bbox 2531 1672 2696 1727; x_wconf 88' lang='lat' dir='ltr'><strong>domo</strong></span> <span class='ocrx_word' id='word_1_458' title='bbox 2726 1687 2837 1727; x_wconf 89' lang='lat' dir='ltr'><strong>una</strong></span> <span class='ocrx_word' id='word_1_459' title='bbox 2866 1681 2920 1725; x_wconf 91' lang='lat' dir='ltr'><strong>et</strong></span> <span class='ocrx_word' id='word_1_460' title='bbox 2948 1672 3095 1726; x_wconf 90' lang='lat' dir='ltr'><strong>intus</strong></span> <span class='ocrx_word' id='word_1_461' title='bbox 3163 1671 3492 1726; x_wconf 78' lang='lat' dir='ltr'><strong>comeditttr.</strong></span> 
     </span>
    </p>
   </div>
   <div class='ocr_carea' id='block_1_64' title="bbox 2204 1748 3676 1838">
    <p class='ocr_par' dir='ltr' id='par_1_64' title="bbox 2204 1748 3676 1838">
     <span class='ocr_line' id='line_1_64' title="bbox 2204 1748 3676 1838; baseline -0.004 -18"><span class='ocrx_word' id='word_1_462' title='bbox 2204 1766 2386 1838; x_wconf 78' lang='lat' dir='ltr'><strong>(Vera.</strong></span> <span class='ocrx_word' id='word_1_463' title='bbox 2427 1766 2519 1830; x_wconf 80' lang='lat' dir='ltr'><strong>l8,</strong></span> <span class='ocrx_word' id='word_1_464' title='bbox 2562 1764 2675 1835; x_wconf 79' lang='grc'><strong>19.)</strong></span> <span class='ocrx_word' id='word_1_465' title='bbox 2713 1781 2733 1815; x_wconf 78' lang='grc' dir='ltr'><strong>ι</strong></span> <span class='ocrx_word' id='word_1_466' title='bbox 2770 1764 2885 1833; x_wconf 81' lang='lat' dir='ltr'><strong>Ego</strong></span> <span class='ocrx_word' id='word_1_467' title='bbox 2912 1748 3095 1819; x_wconf 83' lang='lat' dir='ltr'><strong>autem</strong></span> <span class='ocrx_word' id='word_1_468' title='bbox 3117 1777 3283 1831; x_wconf 87' lang='lat' dir='ltr'><strong>opera</strong></span> <span class='ocrx_word' id='word_1_469' title='bbox 3320 1776 3505 1818; x_wconf 85' lang='lat' dir='ltr'><strong>eorum</strong></span> <span class='ocrx_word' id='word_1_470' title='bbox 3527 1770 3579 1816; x_wconf 89' lang='lat' dir='ltr'><strong>et</strong></span> <span class='ocrx_word' id='word_1_471' title='bbox 3600 1773 3676 1814; x_wconf 81' lang='lat' dir='ltr'><strong>co-</strong></span> 
     </span>
    </p>
   </div>
   <div class='ocr_carea' id='block_1_65' title="bbox 2134 1854 3675 1932">
    <p class='ocr_par' dir='ltr' id='par_1_65' title="bbox 2134 1854 3675 1932">
     <span class='ocr_line' id='line_1_65' title="bbox 2134 1854 3675 1932; baseline -0.005 -17"><span class='ocrx_word' id='word_1_472' title='bbox 2134 1862 2429 1932; x_wconf 88' lang='lat' dir='ltr'><strong>gitationes</strong></span> <span class='ocrx_word' id='word_1_473' title='bbox 2462 1873 2656 1914; x_wconf 90' lang='lat' dir='ltr'><strong>eorum</strong></span> <span class='ocrx_word' id='word_1_474' title='bbox 2680 1857 2839 1912; x_wconf 87' lang='lat' dir='ltr'><strong>venio</strong></span> <span class='ocrx_word' id='word_1_475' title='bbox 2867 1867 2927 1911; x_wconf 91' lang='lat' dir='ltr'><strong>ut</strong></span> <span class='ocrx_word' id='word_1_476' title='bbox 2950 1871 3285 1927; x_wconf 73' lang='lat' dir='ltr'><strong>congregem</strong></span> <span class='ocrx_word' id='word_1_477' title='bbox 3308 1868 3431 1910; x_wconf 88' lang='lat' dir='ltr'><strong>cum</strong></span> <span class='ocrx_word' id='word_1_478' title='bbox 3452 1854 3675 1909; x_wconf 81' lang='lat' dir='ltr'><strong>omnibus</strong></span> 
     </span>
    </p>
   </div>
   <div class='ocr_carea' id='block_1_66' title="bbox 2136 1947 3669 2025">
    <p class='ocr_par' dir='ltr' id='par_1_66' title="bbox 2136 1947 3669 2025">
     <span class='ocr_line' id='line_1_66' title="bbox 2136 1947 3669 2025; baseline -0.007 -15"><span class='ocrx_word' id='word_1_479' title='bbox 2136 1953 2387 2025; x_wconf 88' lang='lat' dir='ltr'><strong>gentibus</strong></span> <span class='ocrx_word' id='word_1_480' title='bbox 2435 1962 2492 2008; x_wconf 91' lang='lat' dir='ltr'><strong>et</strong></span> <span class='ocrx_word' id='word_1_481' title='bbox 2544 1952 2745 2023; x_wconf 84' lang='lat' dir='ltr'><strong>linguis</strong></span> <span class='ocrx_word' id='word_1_482' title='bbox 2774 1969 2788 2006; x_wconf 89' lang='lat'><strong>:</strong></span> <span class='ocrx_word' id='word_1_483' title='bbox 2818 1960 2872 2007; x_wconf 88' lang='lat' dir='ltr'><strong>et</strong></span> <span class='ocrx_word' id='word_1_484' title='bbox 2908 1951 3131 2004; x_wconf 87' lang='lat' dir='ltr'><strong>venient</strong></span> <span class='ocrx_word' id='word_1_485' title='bbox 3155 1959 3211 2004; x_wconf 90' lang='lat' dir='ltr'><strong>et</strong></span> <span class='ocrx_word' id='word_1_486' title='bbox 3254 1948 3516 2004; x_wconf 81' lang='lat' dir='ltr'><strong>videbunt</strong></span> <span class='ocrx_word' id='word_1_487' title='bbox 3570 1947 3669 2017; x_wconf 80' lang='lat' dir='ltr'><strong>glo-</strong></span> 
     </span>
    </p>
   </div>
   <div class='ocr_carea' id='block_1_67' title="bbox 2138 2040 3670 2112">
    <p class='ocr_par' dir='ltr' id='par_1_67' title="bbox 2138 2040 3670 2112">
     <span class='ocr_line' id='line_1_67' title="bbox 2138 2040 3670 2112; baseline -0.005 -12"><span class='ocrx_word' id='word_1_488' title='bbox 2138 2046 2274 2102; x_wconf 82' lang='lat' dir='ltr'><strong>riam</strong></span> <span class='ocrx_word' id='word_1_489' title='bbox 2299 2060 2499 2101; x_wconf 86' lang='lat' dir='ltr'><strong>meam.</strong></span> <span class='ocrx_word' id='word_1_490' title='bbox 2532 2044 2602 2099; x_wconf 85' lang='lat' dir='ltr'><strong>Et</strong></span> <span class='ocrx_word' id='word_1_491' title='bbox 2633 2058 2832 2112; x_wconf 89' lang='lat' dir='ltr'><strong>ponam</strong></span> <span class='ocrx_word' id='word_1_492' title='bbox 2887 2043 2941 2097; x_wconf 92' lang='lat' dir='ltr'><strong>in</strong></span> <span class='ocrx_word' id='word_1_493' title='bbox 2978 2043 3060 2097; x_wconf 90' lang='lat' dir='ltr'><strong>eis</strong></span> <span class='ocrx_word' id='word_1_494' title='bbox 3112 2041 3352 2110; x_wconf 86' lang='lat' dir='ltr'><strong>signum,</strong></span> <span class='ocrx_word' id='word_1_495' title='bbox 3387 2051 3442 2096; x_wconf 92' lang='lat' dir='ltr'><strong>et</strong></span> <span class='ocrx_word' id='word_1_496' title='bbox 3489 2040 3670 2095; x_wconf 80' lang='lat' dir='ltr'><strong>mittant</strong></span> 
     </span>
    </p>
   </div>
   <div class='ocr_carea' id='block_1_68' title="bbox 2137 2131 3677 2206">
    <p class='ocr_par' dir='ltr' id='par_1_68' title="bbox 2137 2131 3677 2206">
     <span class='ocr_line' id='line_1_68' title="bbox 2137 2131 3677 2206; baseline -0.006 -12"><span class='ocrx_word' id='word_1_497' title='bbox 2137 2154 2203 2194; x_wconf 83' lang='lat' dir='ltr'><strong>ex</strong></span> <span class='ocrx_word' id='word_1_498' title='bbox 2235 2139 2338 2203; x_wconf 91' lang='lat' dir='ltr'><strong>eis,</strong></span> <span class='ocrx_word' id='word_1_499' title='bbox 2365 2136 2455 2206; x_wconf 91' lang='lat' dir='ltr'><strong>qui</strong></span> <span class='ocrx_word' id='word_1_500' title='bbox 2487 2135 2679 2191; x_wconf 82' lang='lat' dir='ltr'><strong>salvati</strong></span> <span class='ocrx_word' id='word_1_501' title='bbox 2721 2133 2924 2189; x_wconf 83' lang='lat' dir='ltr'><strong>fuerint</strong></span> <span class='ocrx_word' id='word_1_502' title='bbox 2950 2134 3016 2188; x_wconf 89' lang='lat' dir='ltr'><strong>ad</strong></span> <span class='ocrx_word' id='word_1_503' title='bbox 3047 2145 3238 2203; x_wconf 80' lang='lat' dir='ltr'><strong>gentes</strong></span> <span class='ocrx_word' id='word_1_504' title='bbox 3277 2132 3332 2187; x_wconf 90' lang='lat' dir='ltr'><strong>in</strong></span> <span class='ocrx_word' id='word_1_505' title='bbox 3389 2146 3536 2187; x_wconf 84' lang='lat' dir='ltr'><strong>mare</strong></span> <span class='ocrx_word' id='word_1_506' title='bbox 3604 2131 3677 2186; x_wconf 78' lang='lat' dir='ltr'><strong>Al.</strong></span> 
     </span>
    </p>
   </div>
   <div class='ocr_carea' id='block_1_69' title="bbox 2138 2224 3676 2302">
    <p class='ocr_par' dir='ltr' id='par_1_69' title="bbox 2138 2224 3676 2302">
     <span class='ocr_line' id='line_1_69' title="bbox 2138 2224 3676 2302; baseline -0.005 -19"><span class='ocrx_word' id='word_1_507' title='bbox 2138 2229 2271 2283; x_wconf 84' lang='lat' dir='ltr'><strong>mari</strong></span> <span class='ocrx_word' id='word_1_508' title='bbox 2296 2228 2343 2302; x_wconf 88' lang='lat'><strong>].</strong></span> <span class='ocrx_word' id='word_1_509' title='bbox 2371 2230 2422 2282; x_wconf 91' lang='lat' dir='ltr'><strong>in</strong></span> <span class='ocrx_word' id='word_1_510' title='bbox 2454 2226 2716 2291; x_wconf 80' lang='lat' dir='ltr'><strong>Africam,</strong></span> <span class='ocrx_word' id='word_1_511' title='bbox 2742 2225 2797 2279; x_wconf 90' lang='lat' dir='ltr'><strong>in</strong></span> <span class='ocrx_word' id='word_1_512' title='bbox 2822 2225 3046 2297; x_wconf 85' lang='lat' dir='ltr'><strong>Lydiam</strong></span> <span class='ocrx_word' id='word_1_513' title='bbox 3071 2225 3361 2280; x_wconf 87' lang='lat' dir='ltr'><strong>tendentes</strong></span> <span class='ocrx_word' id='word_1_514' title='bbox 3393 2224 3676 2294; x_wconf 72' lang='lat' dir='ltr'><strong>‘sagittatn,</strong></span> 
     </span>
    </p>
   </div>
   <div class='ocr_carea' id='block_1_70' title="bbox 2138 2315 3679 2386">
    <p class='ocr_par' dir='ltr' id='par_1_70' title="bbox 2138 2315 3679 2386">
     <span class='ocr_line' id='line_1_70' title="bbox 2138 2315 3679 2386; baseline -0.002 -15"><span class='ocrx_word' id='word_1_515' title='bbox 2138 2318 2192 2372; x_wconf 91' lang='lat' dir='ltr'><strong>in</strong></span> <span class='ocrx_word' id='word_1_516' title='bbox 2231 2319 2437 2373; x_wconf 81' lang='lat' dir='ltr'><strong>Italiam</strong></span> <span class='ocrx_word' id='word_1_517' title='bbox 2465 2328 2519 2372; x_wconf 90' lang='lat' dir='ltr'><strong>et</strong></span> <span class='ocrx_word' id='word_1_518' title='bbox 2559 2317 2853 2382; x_wconf 69' lang='lat' dir='ltr'><strong>Graeciam,</strong></span> <span class='ocrx_word' id='word_1_519' title='bbox 2889 2317 2957 2370; x_wconf 91' lang='lat' dir='ltr'><strong>ad</strong></span> <span class='ocrx_word' id='word_1_520' title='bbox 3007 2315 3212 2371; x_wconf 87' lang='lat' dir='ltr'><strong>insulas</strong></span> <span class='ocrx_word' id='word_1_521' title='bbox 3279 2316 3439 2386; x_wconf 89' lang='lat' dir='ltr'><strong>longe</strong></span> <span class='ocrx_word' id='word_1_522' title='bbox 3465 2328 3481 2366; x_wconf 90' lang='lat'><strong>:</strong></span> <span class='ocrx_word' id='word_1_523' title='bbox 3507 2316 3569 2368; x_wconf 84' lang='lat' dir='ltr'><strong>ad</strong></span> <span class='ocrx_word' id='word_1_524' title='bbox 3600 2328 3679 2368; x_wconf 78' lang='lat' dir='ltr'><strong>eos</strong></span> 
     </span>
    </p>
   </div>
   <div class='ocr_carea' id='block_1_71' title="bbox 2136 2408 3679 2482">
    <p class='ocr_par' dir='ltr' id='par_1_71' title="bbox 2136 2408 3679 2482">
     <span class='ocr_line' id='line_1_71' title="bbox 2136 2408 3679 2482; baseline -0.003 -17"><span class='ocrx_word' id='word_1_525' title='bbox 2136 2411 2229 2482; x_wconf 90' lang='lat' dir='ltr'><strong>qui</strong></span> <span class='ocrx_word' id='word_1_526' title='bbox 2261 2426 2367 2465; x_wconf 89' lang='lat' dir='ltr'><strong>non</strong></span> <span class='ocrx_word' id='word_1_527' title='bbox 2399 2409 2689 2464; x_wconf 84' lang='lat' dir='ltr'><strong>audierunt</strong></span> <span class='ocrx_word' id='word_1_528' title='bbox 2719 2409 2787 2464; x_wconf 90' lang='lat' dir='ltr'><strong>de</strong></span> <span class='ocrx_word' id='word_1_529' title='bbox 2811 2424 2915 2475; x_wconf 89' lang='lat' dir='ltr'><strong>me,</strong></span> <span class='ocrx_word' id='word_1_530' title='bbox 2944 2418 2999 2463; x_wconf 90' lang='lat' dir='ltr'><strong>et</strong></span> <span class='ocrx_word' id='word_1_531' title='bbox 3031 2424 3136 2462; x_wconf 90' lang='lat' dir='ltr'><strong>non</strong></span> <span class='ocrx_word' id='word_1_532' title='bbox 3176 2408 3437 2464; x_wconf 87' lang='lat' dir='ltr'><strong>viderunt</strong></span> <span class='ocrx_word' id='word_1_533' title='bbox 3484 2408 3679 2478; x_wconf 65' lang='lat' dir='ltr'><strong>gloriati</strong></span> 
     </span>
    </p>
   </div>
   <div class='ocr_carea' id='block_1_72' title="bbox 2140 2498 3679 2569">
    <p class='ocr_par' dir='ltr' id='par_1_72' title="bbox 2140 2498 3679 2569">
     <span class='ocr_line' id='line_1_72' title="bbox 2140 2498 3679 2569; baseline -0.003 -13"><span class='ocrx_word' id='word_1_534' title='bbox 2140 2518 2342 2557; x_wconf 85' lang='lat' dir='ltr'><strong>meam.</strong></span> <span class='ocrx_word' id='word_1_535' title='bbox 2383 2520 2402 2554; x_wconf 76' lang='grc' dir='ltr'><strong>ι</strong></span> <span class='ocrx_word' id='word_1_536' title='bbox 2450 2499 2591 2555; x_wconf 76' lang='lat' dir='ltr'><strong>LXX</strong></span> <span class='ocrx_word' id='word_1_537' title='bbox 2627 2518 2688 2557; x_wconf 72' lang='lat' dir='ltr'><strong>:t</strong></span> <span class='ocrx_word' id='word_1_538' title='bbox 2727 2500 2793 2554; x_wconf 89' lang='lat' dir='ltr'><strong>Et</strong></span> <span class='ocrx_word' id='word_1_539' title='bbox 2820 2515 2919 2569; x_wconf 85' lang='lat' dir='ltr'><strong>ego</strong></span> <span class='ocrx_word' id='word_1_540' title='bbox 2945 2514 3111 2568; x_wconf 85' lang='lat' dir='ltr'><strong>opera</strong></span> <span class='ocrx_word' id='word_1_541' title='bbox 3141 2515 3360 2566; x_wconf 89' lang='lat' dir='ltr'><strong>eorum,</strong></span> <span class='ocrx_word' id='word_1_542' title='bbox 3397 2507 3453 2555; x_wconf 89' lang='lat' dir='ltr'><strong>et</strong></span> <span class='ocrx_word' id='word_1_543' title='bbox 3500 2498 3679 2567; x_wconf 77' lang='lat' dir='ltr'><strong>cogita-</strong></span> 
     </span>
    </p>
   </div>
   <div class='ocr_carea' id='block_1_73' title="bbox 2140 2596 3680 2665">
    <p class='ocr_par' dir='ltr' id='par_1_73' title="bbox 2140 2596 3680 2665">
     <span class='ocr_line' id='line_1_73' title="bbox 2140 2596 3680 2665; baseline -0.004 -14"><span class='ocrx_word' id='word_1_544' title='bbox 2140 2599 2314 2653; x_wconf 88' lang='lat' dir='ltr'><strong>tiones</strong></span> <span class='ocrx_word' id='word_1_545' title='bbox 2343 2614 2531 2653; x_wconf 90' lang='lat' dir='ltr'><strong>eorum</strong></span> <span class='ocrx_word' id='word_1_546' title='bbox 2597 2597 2745 2662; x_wconf 87' lang='lat' dir='ltr'><strong>novi,</strong></span> <span class='ocrx_word' id='word_1_547' title='bbox 2799 2606 2854 2651; x_wconf 90' lang='lat' dir='ltr'><strong>et</strong></span> <span class='ocrx_word' id='word_1_548' title='bbox 2906 2596 3065 2649; x_wconf 87' lang='lat' dir='ltr'><strong>venio</strong></span> <span class='ocrx_word' id='word_1_549' title='bbox 3124 2607 3466 2665; x_wconf 77' lang='lat' dir='ltr'><strong>congregare</strong></span> <span class='ocrx_word' id='word_1_550' title='bbox 3517 2605 3680 2647; x_wconf 82' lang='lat' dir='ltr'><strong>omnes</strong></span> 
     </span>
    </p>
   </div>
   <div class='ocr_carea' id='block_1_74' title="bbox 2138 2684 3680 2761">
    <p class='ocr_par' dir='ltr' id='par_1_74' title="bbox 2138 2684 3680 2761">
     <span class='ocr_line' id='line_1_74' title="bbox 2138 2684 3680 2761; baseline -0.007 -15"><span class='ocrx_word' id='word_1_551' title='bbox 2138 2701 2325 2761; x_wconf 85' lang='lat' dir='ltr'><strong>gentes</strong></span> <span class='ocrx_word' id='word_1_552' title='bbox 2367 2701 2421 2744; x_wconf 87' lang='lat' dir='ltr'><strong>et</strong></span> <span class='ocrx_word' id='word_1_553' title='bbox 2452 2705 2644 2744; x_wconf 85' lang='lat' dir='ltr'><strong>omnes</strong></span> <span class='ocrx_word' id='word_1_554' title='bbox 2687 2689 2945 2756; x_wconf 81' lang='lat' dir='ltr'><strong>linguas:</strong></span> <span class='ocrx_word' id='word_1_555' title='bbox 2982 2696 3037 2742; x_wconf 88' lang='lat' dir='ltr'><strong>et</strong></span> <span class='ocrx_word' id='word_1_556' title='bbox 3079 2687 3308 2741; x_wconf 81' lang='lat' dir='ltr'><strong>venient</strong></span> <span class='ocrx_word' id='word_1_557' title='bbox 3354 2697 3410 2740; x_wconf 88' lang='lat' dir='ltr'><strong>et</strong></span> <span class='ocrx_word' id='word_1_558' title='bbox 3459 2684 3680 2738; x_wconf 83' lang='lat' dir='ltr'><strong>videbunt</strong></span> 
     </span>
    </p>
   </div>
   <div class='ocr_carea' id='block_1_75' title="bbox 2138 2778 3683 2852">
    <p class='ocr_par' dir='ltr' id='par_1_75' title="bbox 2138 2778 3683 2852">
     <span class='ocr_line' id='line_1_75' title="bbox 2138 2778 3683 2852; baseline -0.005 -18"><span class='ocrx_word' id='word_1_559' title='bbox 2138 2781 2363 2852; x_wconf 87' lang='lat' dir='ltr'><strong>gloriam</strong></span> <span class='ocrx_word' id='word_1_560' title='bbox 2399 2796 2593 2847; x_wconf 86' lang='lat' dir='ltr'><strong>meam,</strong></span> <span class='ocrx_word' id='word_1_561' title='bbox 2628 2790 2682 2835; x_wconf 89' lang='lat' dir='ltr'><strong>et</strong></span> <span class='ocrx_word' id='word_1_562' title='bbox 2720 2778 2993 2835; x_wconf 87' lang='lat' dir='ltr'><strong>dimittam</strong></span> <span class='ocrx_word' id='word_1_563' title='bbox 3026 2793 3196 2848; x_wconf 66' lang='lat' dir='ltr'><strong>super</strong></span> <span class='ocrx_word' id='word_1_564' title='bbox 3230 2790 3335 2834; x_wconf 87' lang='lat' dir='ltr'><strong>eos</strong></span> <span class='ocrx_word' id='word_1_565' title='bbox 3373 2778 3573 2844; x_wconf 75' lang='lat' dir='ltr'><strong>signum</strong></span> <span class='ocrx_word' id='word_1_566' title='bbox 3597 2790 3614 2832; x_wconf 84' lang='lat'><strong>:</strong></span> <span class='ocrx_word' id='word_1_567' title='bbox 3637 2782 3683 2827; x_wconf 86' lang='lat' dir='ltr'><strong>et</strong></span> 
     </span>
    </p>
   </div>
   <div class='ocr_carea' id='block_1_76' title="bbox 2139 2866 3681 2943">
    <p class='ocr_par' dir='ltr' id='par_1_76' title="bbox 2139 2866 3681 2943">
     <span class='ocr_line' id='line_1_76' title="bbox 2139 2866 3681 2943; baseline -0.007 -13"><span class='ocrx_word' id='word_1_568' title='bbox 2139 2875 2382 2930; x_wconf 87' lang='lat' dir='ltr'><strong>emittam</strong></span> <span class='ocrx_word' id='word_1_569' title='bbox 2409 2888 2475 2928; x_wconf 78' lang='lat' dir='ltr'><strong>ex</strong></span> <span class='ocrx_word' id='word_1_570' title='bbox 2510 2874 2612 2939; x_wconf 89' lang='lat' dir='ltr'><strong>eis,</strong></span> <span class='ocrx_word' id='word_1_571' title='bbox 2654 2873 2745 2943; x_wconf 91' lang='lat' dir='ltr'><strong>qui</strong></span> <span class='ocrx_word' id='word_1_572' title='bbox 2786 2871 2981 2928; x_wconf 86' lang='lat' dir='ltr'><strong>salvati</strong></span> <span class='ocrx_word' id='word_1_573' title='bbox 3014 2870 3222 2927; x_wconf 78' lang='lat' dir='ltr'><strong>fuerint</strong></span> <span class='ocrx_word' id='word_1_574' title='bbox 3275 2869 3347 2925; x_wconf 82' lang='lat' dir='ltr'><strong>ad</strong></span> <span class='ocrx_word' id='word_1_575' title='bbox 3395 2880 3589 2941; x_wconf 84' lang='lat' dir='ltr'><strong>gentes,</strong></span> <span class='ocrx_word' id='word_1_576' title='bbox 3636 2866 3681 2919; x_wconf 89' lang='lat' dir='ltr'><strong>in</strong></span> 
     </span>
    </p>
   </div>
   <div class='ocr_carea' id='block_1_77' title="bbox 2141 2959 3684 3032">
    <p class='ocr_par' dir='ltr' id='par_1_77' title="bbox 2141 2959 3684 3032">
     <span class='ocr_line' id='line_1_77' title="bbox 2141 2959 3684 3032; baseline -0.007 -10"><span class='ocrx_word' id='word_1_577' title='bbox 2141 2967 2366 3022; x_wconf 81' lang='lat' dir='ltr'><strong>Tharsis</strong></span> <span class='ocrx_word' id='word_1_578' title='bbox 2411 2976 2465 3022; x_wconf 91' lang='lat' dir='ltr'><strong>et</strong></span> <span class='ocrx_word' id='word_1_579' title='bbox 2517 2966 2689 3032; x_wconf 88' lang='lat' dir='ltr'><strong>Phud,</strong></span> <span class='ocrx_word' id='word_1_580' title='bbox 2732 2975 2786 3020; x_wconf 93' lang='lat' dir='ltr'><strong>et</strong></span> <span class='ocrx_word' id='word_1_581' title='bbox 2819 2964 2930 3019; x_wconf 88' lang='lat' dir='ltr'><strong>Lud</strong></span> <span class='ocrx_word' id='word_1_582' title='bbox 2958 2974 3013 3020; x_wconf 91' lang='lat' dir='ltr'><strong>et</strong></span> <span class='ocrx_word' id='word_1_583' title='bbox 3051 2963 3272 3018; x_wconf 77' lang='lat' dir='ltr'><strong>Musocb</strong></span> <span class='ocrx_word' id='word_1_584' title='bbox 3311 2973 3367 3018; x_wconf 88' lang='lat' dir='ltr'><strong>et</strong></span> <span class='ocrx_word' id='word_1_585' title='bbox 3406 2959 3616 3021; x_wconf 78' lang='lat' dir='ltr'><strong>Tbobcl.</strong></span> <span class='ocrx_word' id='word_1_586' title='bbox 3637 2967 3684 3012; x_wconf 85' lang='lat' dir='ltr'><strong>et</strong></span> 
     </span>
    </p>
   </div>
   <div class='ocr_carea' id='block_1_78' title="bbox 1796 3055 3685 3151">
    <p class='ocr_par' dir='ltr' id='par_1_78' title="bbox 1796 3055 3685 3151">
     <span class='ocr_line' id='line_1_78' title="bbox 1796 3055 3685 3151; baseline -0.008 -33"><span class='ocrx_word' id='word_1_587' title='bbox 1796 3064 2037 3134; x_wconf 83' lang='lat' dir='ltr'><strong>Populus</strong></span> <span class='ocrx_word' id='word_1_588' title='bbox 2065 3088 2111 3151; x_wconf 66' lang='grc' dir='ltr'>ο</span> <span class='ocrx_word' id='word_1_589' title='bbox 2143 3060 2197 3113; x_wconf 83' lang='grc' dir='ltr'><strong>ἰιι</strong></span> <span class='ocrx_word' id='word_1_590' title='bbox 2224 3059 2517 3125; x_wconf 74' lang='lat' dir='ltr'><strong>Cra-ciam,</strong></span> <span class='ocrx_word' id='word_1_591' title='bbox 2551 3068 2608 3112; x_wconf 90' lang='lat' dir='ltr'><strong>et</strong></span> <span class='ocrx_word' id='word_1_592' title='bbox 2635 3059 2687 3112; x_wconf 93' lang='lat' dir='ltr'><strong>in</strong></span> <span class='ocrx_word' id='word_1_593' title='bbox 2719 3058 2927 3115; x_wconf 86' lang='lat' dir='ltr'><strong>insulas</strong></span> <span class='ocrx_word' id='word_1_594' title='bbox 2949 3056 3133 3127; x_wconf 86' lang='lat' dir='ltr'><strong>longe,</strong></span> <span class='ocrx_word' id='word_1_595' title='bbox 3156 3057 3252 3126; x_wconf 90' lang='lat' dir='ltr'><strong>qui</strong></span> <span class='ocrx_word' id='word_1_596' title='bbox 3290 3070 3399 3110; x_wconf 91' lang='lat' dir='ltr'><strong>non</strong></span> <span class='ocrx_word' id='word_1_597' title='bbox 3431 3055 3685 3109; x_wconf 78' lang='lat' dir='ltr'><strong>audierunt</strong></span> 
     </span>
    </p>
   </div>
   <div class='ocr_carea' id='block_1_79' title="bbox 2142 3150 3679 3221">
    <p class='ocr_par' dir='ltr' id='par_1_79' title="bbox 2142 3150 3679 3221">
     <span class='ocr_line' id='line_1_79' title="bbox 2142 3150 3679 3221; baseline -0.007 -15"><span class='ocrx_word' id='word_1_598' title='bbox 2142 3167 2340 3207; x_wconf 89' lang='lat' dir='ltr'><strong>nomen</strong></span> <span class='ocrx_word' id='word_1_599' title='bbox 2375 3166 2578 3214; x_wconf 88' lang='lat' dir='ltr'><strong>meum,</strong></span> <span class='ocrx_word' id='word_1_600' title='bbox 2638 3165 2816 3221; x_wconf 87' lang='lat' dir='ltr'><strong>neque</strong></span> <span class='ocrx_word' id='word_1_601' title='bbox 2852 3150 3108 3206; x_wconf 84' lang='lat' dir='ltr'><strong>viderunt</strong></span> <span class='ocrx_word' id='word_1_602' title='bbox 3158 3150 3392 3220; x_wconf 75' lang='lat' dir='ltr'><strong>gloriam</strong></span> <span class='ocrx_word' id='word_1_603' title='bbox 3447 3160 3679 3202; x_wconf 47' lang='lat' dir='ltr'><strong>nteant»</strong></span> 
     </span>
    </p>
   </div>
   <div class='ocr_carea' id='block_1_80' title="bbox 2144 3237 3685 3313">
    <p class='ocr_par' dir='ltr' id='par_1_80' title="bbox 2144 3237 3685 3313">
     <span class='ocr_line' id='line_1_80' title="bbox 2144 3237 3685 3313; baseline -0.008 -14"><span class='ocrx_word' id='word_1_604' title='bbox 2144 3245 2461 3313; x_wconf 81' lang='lat' dir='ltr'><strong>Priusquam</strong></span> <span class='ocrx_word' id='word_1_605' title='bbox 2526 3258 2795 3313; x_wconf 82' lang='lat' dir='ltr'><strong>exponam</strong></span> <span class='ocrx_word' id='word_1_606' title='bbox 2850 3243 2978 3313; x_wconf 87' lang='lat' dir='ltr'><strong>quid</strong></span> <span class='ocrx_word' id='word_1_607' title='bbox 3034 3241 3315 3313; x_wconf 79' lang='lat' dir='ltr'><strong>signiﬁcet</strong></span> <span class='ocrx_word' id='word_1_608' title='bbox 3373 3237 3685 3296; x_wconf 77' lang='lat' dir='ltr'><strong>enumeratio</strong></span> 
     </span>
    </p>
   </div>
   <div class='ocr_carea' id='block_1_81' title="bbox 2143 3326 3687 3409">
    <p class='ocr_par' dir='ltr' id='par_1_81' title="bbox 2143 3326 3687 3409">
     <span class='ocr_line' id='line_1_81' title="bbox 2143 3326 3687 3409; baseline -0.008 -18"><span class='ocrx_word' id='word_1_609' title='bbox 2143 3338 2386 3409; x_wconf 89' lang='lat' dir='ltr'><strong>gentium</strong></span> <span class='ocrx_word' id='word_1_610' title='bbox 2424 3336 2807 3406; x_wconf 84' lang='lat' dir='ltr'><strong>plurimarum,</strong></span> <span class='ocrx_word' id='word_1_611' title='bbox 2844 3334 3086 3390; x_wconf 83' lang='lat' dir='ltr'><strong>breviter</strong></span> <span class='ocrx_word' id='word_1_612' title='bbox 3149 3334 3219 3388; x_wconf 89' lang='lat' dir='ltr'><strong>de</strong></span> <span class='ocrx_word' id='word_1_613' title='bbox 3249 3326 3687 3401; x_wconf 83' lang='lat' dir='ltr'><strong>interpretationis</strong></span> 
     </span>
    </p>
   </div>
   <div class='ocr_carea' id='block_1_82' title="bbox 2145 3420 3687 3493">
    <p class='ocr_par' dir='ltr' id='par_1_82' title="bbox 2145 3420 3687 3493">
     <span class='ocr_line' id='line_1_82' title="bbox 2145 3420 3687 3493; baseline -0.004 -11"><span class='ocrx_word' id='word_1_614' title='bbox 2145 3429 2410 3484; x_wconf 76' lang='lat' dir='ltr'><strong>varietate</strong></span> <span class='ocrx_word' id='word_1_615' title='bbox 2450 3427 2741 3482; x_wconf 84' lang='lat' dir='ltr'><strong>dicendum</strong></span> <span class='ocrx_word' id='word_1_616' title='bbox 2773 3434 2875 3480; x_wconf 88' lang='lat' dir='ltr'><strong>est.</strong></span> <span class='ocrx_word' id='word_1_617' title='bbox 2919 3424 3149 3480; x_wconf 84' lang='lat' dir='ltr'><strong>Tharsis</strong></span> <span class='ocrx_word' id='word_1_618' title='bbox 3185 3424 3369 3493; x_wconf 84' lang='lat' dir='ltr'><strong>lingua</strong></span> <span class='ocrx_word' id='word_1_619' title='bbox 3402 3423 3606 3478; x_wconf 68' lang='lat' dir='ltr'><strong>Hebre:</strong></span> <span class='ocrx_word' id='word_1_620' title='bbox 3629 3420 3647 3449; x_wconf 79' lang='lat'>&#39;</span> <span class='ocrx_word' id='word_1_621' title='bbox 3673 3455 3687 3476; x_wconf 92' lang='lat'><strong>.</strong></span> 
     </span>
    </p>
   </div>
   <div class='ocr_carea' id='block_1_83' title="bbox 2148 3510 3690 3590">
    <p class='ocr_par' dir='ltr' id='par_1_83' title="bbox 2148 3510 3690 3590">
     <span class='ocr_line' id='line_1_83' title="bbox 2148 3510 3690 3590; baseline -0.01 -15"><span class='ocrx_word' id='word_1_622' title='bbox 2148 3536 2298 3575; x_wconf 86' lang='lat' dir='ltr'><strong>mare</strong></span> <span class='ocrx_word' id='word_1_623' title='bbox 2330 3520 2632 3590; x_wconf 59' lang='lat' dir='ltr'><strong>appellatur</strong></span> <span class='ocrx_word' id='word_1_624' title='bbox 2670 3528 2766 3586; x_wconf 88' lang='lat' dir='ltr'><strong>;et</strong></span> <span class='ocrx_word' id='word_1_625' title='bbox 2794 3519 2900 3587; x_wconf 84' lang='grc' dir='ltr'><strong>(ιιι</strong></span> <span class='ocrx_word' id='word_1_626' title='bbox 2937 3515 3112 3584; x_wconf 89' lang='lat' dir='ltr'><strong>aiunt)</strong></span> <span class='ocrx_word' id='word_1_627' title='bbox 3139 3515 3307 3570; x_wconf 66' lang='lat' dir='ltr'><strong>ludia:</strong></span> <span class='ocrx_word' id='word_1_628' title='bbox 3359 3515 3502 3585; x_wconf 83' lang='lat' dir='ltr'><strong>regio</strong></span> <span class='ocrx_word' id='word_1_629' title='bbox 3539 3510 3690 3572; x_wconf 85' lang='lat' dir='ltr'><strong>:licet</strong></span> 
     </span>
    </p>
   </div>
   <div class='ocr_carea' id='block_1_84' title="bbox 2146 3603 3688 3679">
    <p class='ocr_par' dir='ltr' id='par_1_84' title="bbox 2146 3603 3688 3679">
     <span class='ocr_line' id='line_1_84' title="bbox 2146 3603 3688 3679; baseline -0.011 -13"><span class='ocrx_word' id='word_1_630' title='bbox 2146 3611 2441 3679; x_wconf 64' lang='lat' dir='ltr'><strong>Iosephus,</strong></span> <span class='ocrx_word' id='word_1_631' title='bbox 2483 3608 2664 3663; x_wconf 87' lang='lat' dir='ltr'><strong>littera</strong></span> <span class='ocrx_word' id='word_1_632' title='bbox 2727 3613 3082 3671; x_wconf 85' lang='lat' dir='ltr'><strong>commutata,</strong></span> <span class='ocrx_word' id='word_1_633' title='bbox 3118 3603 3355 3660; x_wconf 87' lang='lat' dir='ltr'><strong>Tarsqu</strong></span> <span class='ocrx_word' id='word_1_634' title='bbox 3395 3610 3538 3673; x_wconf 88' lang='lat' dir='ltr'><strong>putet</strong></span> <span class='ocrx_word' id='word_1_635' title='bbox 3572 3613 3688 3653; x_wconf 86' lang='lat' dir='ltr'><strong>nun-</strong></span> 
     </span>
    </p>
   </div>
   <div class='ocr_carea' id='block_1_85' title="bbox 2148 3693 3690 3775">
    <p class='ocr_par' dir='ltr' id='par_1_85' title="bbox 2148 3693 3690 3775">
     <span class='ocr_line' id='line_1_85' title="bbox 2148 3693 3690 3775; baseline -0.006 -17"><span class='ocrx_word' id='word_1_636' title='bbox 2148 3703 2335 3772; x_wconf 85' lang='lat' dir='ltr'><strong>cupari</strong></span> <span class='ocrx_word' id='word_1_637' title='bbox 2362 3700 2730 3775; x_wconf 83' lang='lat' dir='ltr'><strong>pro&#39;l&#39;harsis,</strong></span> <span class='ocrx_word' id='word_1_638' title='bbox 2760 3701 2951 3754; x_wconf 89' lang='lat' dir='ltr'><strong>urbem</strong></span> <span class='ocrx_word' id='word_1_639' title='bbox 2980 3697 3207 3765; x_wconf 63' lang='lat' dir='ltr'><strong>Ciliciae,</strong></span> <span class='ocrx_word' id='word_1_640' title='bbox 3256 3699 3327 3753; x_wconf 81' lang='lat' dir='ltr'><strong>ad</strong></span> <span class='ocrx_word' id='word_1_641' title='bbox 3360 3711 3516 3768; x_wconf 76' lang='lat' dir='ltr'><strong>quam</strong></span> <span class='ocrx_word' id='word_1_642' title='bbox 3548 3693 3690 3750; x_wconf 72' lang='lat' dir='ltr'><strong>Jonas</strong></span> 
     </span>
    </p>
   </div>
   <div class='ocr_carea' id='block_1_86' title="bbox 2154 3788 3689 3866">
    <p class='ocr_par' dir='ltr' id='par_1_86' title="bbox 2154 3788 3689 3866">
     <span class='ocr_line' id='line_1_86' title="bbox 2154 3788 3689 3866; baseline -0.011 -14"><span class='ocrx_word' id='word_1_643' title='bbox 2154 3796 2222 3852; x_wconf 89' lang='lat' dir='ltr'><strong>de</strong></span> <span class='ocrx_word' id='word_1_644' title='bbox 2257 3795 2429 3866; x_wconf 82' lang='lat' dir='ltr'><strong>Juppe</strong></span> <span class='ocrx_word' id='word_1_645' title='bbox 2451 3793 2688 3861; x_wconf 80' lang='lat' dir='ltr'><strong>fugiens,</strong></span> <span class='ocrx_word' id='word_1_646' title='bbox 2728 3792 2811 3847; x_wconf 90' lang='lat' dir='ltr'><strong>ire</strong></span> <span class='ocrx_word' id='word_1_647' title='bbox 2839 3791 3097 3861; x_wconf 86' lang='lat' dir='ltr'><strong>cupiebat</strong></span> <span class='ocrx_word' id='word_1_648' title='bbox 3144 3790 3410 3862; x_wconf 69' lang='lat' dir='ltr'><strong>(JOMI).</strong></span> <span class='ocrx_word' id='word_1_649' title='bbox 3442 3788 3582 3845; x_wconf 78' lang='lat' dir='ltr'><strong>Pbutl</strong></span> <span class='ocrx_word' id='word_1_650' title='bbox 3609 3798 3689 3837; x_wconf 78' lang='lat' dir='ltr'><strong>au-</strong></span> 
     </span>
    </p>
   </div>
   <div class='ocr_carea' id='block_1_87' title="bbox 2153 3882 3686 3957">
    <p class='ocr_par' dir='ltr' id='par_1_87' title="bbox 2153 3882 3686 3957">
     <span class='ocr_line' id='line_1_87' title="bbox 2153 3882 3686 3957; baseline -0.009 -15"><span class='ocrx_word' id='word_1_651' title='bbox 2153 3898 2285 3954; x_wconf 89' lang='lat' dir='ltr'><strong>tem,</strong></span> <span class='ocrx_word' id='word_1_652' title='bbox 2345 3888 2460 3943; x_wconf 90' lang='lat' dir='ltr'><strong>sive</strong></span> <span class='ocrx_word' id='word_1_653' title='bbox 2503 3886 2662 3951; x_wconf 86' lang='lat' dir='ltr'><strong>Phul,</strong></span> <span class='ocrx_word' id='word_1_654' title='bbox 2694 3885 2916 3957; x_wconf 87' lang='lat' dir='ltr'><strong>Libyes,</strong></span> <span class='ocrx_word' id='word_1_655' title='bbox 2975 3882 3264 3952; x_wconf 89' lang='lat' dir='ltr'><strong>omnisque</strong></span> <span class='ocrx_word' id='word_1_656' title='bbox 3323 3882 3503 3950; x_wconf 63' lang='lat' dir='ltr'><strong>Africa</strong></span> <span class='ocrx_word' id='word_1_657' title='bbox 3538 3890 3686 3944; x_wconf 86' lang='lat' dir='ltr'><strong>usque</strong></span> 
     </span>
    </p>
   </div>
   <div class='ocr_carea' id='block_1_88' title="bbox 2152 3965 3690 4045">
    <p class='ocr_par' dir='ltr' id='par_1_88' title="bbox 2152 3965 3690 4045">
     <span class='ocr_line' id='line_1_88' title="bbox 2152 3965 3690 4045; baseline -0.01 -10"><span class='ocrx_word' id='word_1_658' title='bbox 2152 3982 2217 4035; x_wconf 85' lang='lat' dir='ltr'><strong>ad</strong></span> <span class='ocrx_word' id='word_1_659' title='bbox 2252 3995 2403 4035; x_wconf 89' lang='lat' dir='ltr'><strong>mare</strong></span> <span class='ocrx_word' id='word_1_660' title='bbox 2431 3977 2795 4043; x_wconf 62' lang='lat' dir='ltr'><strong>Mauritania,</strong></span> <span class='ocrx_word' id='word_1_661' title='bbox 2848 3977 2902 4031; x_wconf 91' lang='lat' dir='ltr'><strong>in</strong></span> <span class='ocrx_word' id='word_1_662' title='bbox 2963 3989 3070 4045; x_wconf 89' lang='lat' dir='ltr'><strong>qua</strong></span> <span class='ocrx_word' id='word_1_663' title='bbox 3114 3972 3283 4045; x_wconf 75' lang='lat'><strong>817</strong></span> <span class='ocrx_word' id='word_1_664' title='bbox 3312 3973 3505 4029; x_wconf 79' lang='lat' dir='ltr'><strong>ﬂuvius</strong></span> <span class='ocrx_word' id='word_1_665' title='bbox 3553 3965 3690 4024; x_wconf 82' lang='lat' dir='ltr'><strong>hodie</strong></span> 
     </span>
    </p>
   </div>
   <div class='ocr_carea' id='block_1_89' title="bbox 2153 4061 3690 4142">
    <p class='ocr_par' dir='ltr' id='par_1_89' title="bbox 2153 4061 3690 4142">
     <span class='ocr_line' id='line_1_89' title="bbox 2153 4061 3690 4142; baseline -0.008 -16"><span class='ocrx_word' id='word_1_666' title='bbox 2153 4073 2247 4142; x_wconf 91' lang='lat' dir='ltr'><strong>qui</strong></span> <span class='ocrx_word' id='word_1_667' title='bbox 2275 4070 2429 4126; x_wconf 86' lang='lat' dir='ltr'><strong>Phud</strong></span> <span class='ocrx_word' id='word_1_668' title='bbox 2459 4069 2680 4136; x_wconf 89' lang='lat' dir='ltr'><strong>dicitur,</strong></span> <span class='ocrx_word' id='word_1_669' title='bbox 2719 4079 2773 4123; x_wconf 83' lang='lat' dir='ltr'><strong>et</strong></span> <span class='ocrx_word' id='word_1_670' title='bbox 2807 4077 3005 4124; x_wconf 86' lang='lat' dir='ltr'><strong>cuncta</strong></span> <span class='ocrx_word' id='word_1_671' title='bbox 3031 4067 3184 4121; x_wconf 84' lang='lat' dir='ltr'><strong>circa</strong></span> <span class='ocrx_word' id='word_1_672' title='bbox 3215 4081 3343 4121; x_wconf 87' lang='lat' dir='ltr'><strong>eum</strong></span> <span class='ocrx_word' id='word_1_673' title='bbox 3395 4064 3538 4135; x_wconf 90' lang='lat' dir='ltr'><strong>regio</strong></span> <span class='ocrx_word' id='word_1_674' title='bbox 3568 4061 3690 4117; x_wconf 69' lang='lat' dir='ltr'><strong>Plau-</strong></span> 
     </span>
    </p>
   </div>
   <div class='ocr_carea' id='block_1_90' title="bbox 2159 4157 3692 4233">
    <p class='ocr_par' dir='ltr' id='par_1_90' title="bbox 2159 4157 3692 4233">
     <span class='ocr_line' id='line_1_90' title="bbox 2159 4157 3692 4233; baseline -0.01 -14"><span class='ocrx_word' id='word_1_675' title='bbox 2159 4166 2329 4219; x_wconf 90' lang='lat' dir='ltr'><strong>tensis</strong></span> <span class='ocrx_word' id='word_1_676' title='bbox 2353 4161 2683 4233; x_wconf 82' lang='lat' dir='ltr'><strong>appellatur.</strong></span> <span class='ocrx_word' id='word_1_677' title='bbox 2719 4158 2837 4214; x_wconf 88' lang='lat' dir='ltr'><strong>Lud</strong></span> <span class='ocrx_word' id='word_1_678' title='bbox 2875 4168 3064 4214; x_wconf 86' lang='lat' dir='ltr'><strong>autem</strong></span> <span class='ocrx_word' id='word_1_679' title='bbox 3099 4157 3280 4227; x_wconf 84' lang='lat' dir='ltr'><strong>Lydos</strong></span> <span class='ocrx_word' id='word_1_680' title='bbox 3343 4164 3552 4218; x_wconf 81' lang='lat' dir='ltr'><strong>vocant,</strong></span> <span class='ocrx_word' id='word_1_681' title='bbox 3581 4164 3692 4219; x_wconf 63' lang='lat' dir='ltr'><strong>queo</strong></span> 
     </span>
    </p>
   </div>
   <div class='ocr_carea' id='block_1_91' title="bbox 2157 4246 3690 4321">
    <p class='ocr_par' dir='ltr' id='par_1_91' title="bbox 2157 4246 3690 4321">
     <span class='ocr_line' id='line_1_91' title="bbox 2157 4246 3690 4321; baseline -0.013 -8"><span class='ocrx_word' id='word_1_682' title='bbox 2157 4273 2278 4313; x_wconf 89' lang='lat' dir='ltr'><strong>rum</strong></span> <span class='ocrx_word' id='word_1_683' title='bbox 2302 4255 2478 4312; x_wconf 87' lang='lat' dir='ltr'><strong>coloni</strong></span> <span class='ocrx_word' id='word_1_684' title='bbox 2505 4253 2777 4317; x_wconf 82' lang='lat' dir='ltr'><strong>Hetrusei,</strong></span> <span class='ocrx_word' id='word_1_685' title='bbox 2808 4252 2899 4321; x_wconf 90' lang='lat' dir='ltr'><strong>qui</strong></span> <span class='ocrx_word' id='word_1_686' title='bbox 2937 4265 3084 4307; x_wconf 88' lang='lat' dir='ltr'><strong>nunc</strong></span> <span class='ocrx_word' id='word_1_687' title='bbox 3115 4249 3323 4306; x_wconf 89' lang='lat' dir='ltr'><strong>Thusci</strong></span> <span class='ocrx_word' id='word_1_688' title='bbox 3367 4246 3690 4319; x_wconf 79' lang='lat' dir='ltr'><strong>appellantur,</strong></span> 
     </span>
    </p>
   </div>
   <div class='ocr_carea' id='block_1_92' title="bbox 2157 4338 3696 4419">
    <p class='ocr_par' dir='ltr' id='par_1_92' title="bbox 2157 4338 3696 4419">
     <span class='ocr_line' id='line_1_92' title="bbox 2157 4338 3696 4419; baseline -0.01 -16"><span class='ocrx_word' id='word_1_689' title='bbox 2157 4349 2434 4419; x_wconf 85' lang='lat' dir='ltr'><strong>quondam</strong></span> <span class='ocrx_word' id='word_1_690' title='bbox 2474 4345 2862 4401; x_wconf 88' lang='lat' dir='ltr'><strong>mittendarum</strong></span> <span class='ocrx_word' id='word_1_691' title='bbox 2890 4344 3216 4414; x_wconf 84' lang='lat' dir='ltr'><strong>sagittarum</strong></span> <span class='ocrx_word' id='word_1_692' title='bbox 3278 4338 3604 4413; x_wconf 83' lang='lat' dir='ltr'><strong>peritissimi,</strong></span> <span class='ocrx_word' id='word_1_693' title='bbox 3651 4342 3696 4384; x_wconf 79' lang='lat' dir='ltr'><strong>et</strong></span> 
     </span>
    </p>
   </div>
   <div class='ocr_carea' id='block_1_93' title="bbox 482 4421 3696 4527">
    <p class='ocr_par' dir='ltr' id='par_1_93' title="bbox 482 4421 3696 4527">
     <span class='ocr_line' id='line_1_93' title="bbox 482 4421 3696 4527; baseline -0.015 -4"><span class='ocrx_word' id='word_1_694' title='bbox 482 4421 702 4523; x_wconf 55' lang='lat' dir='ltr'><strong>mittere</strong></span> <span class='ocrx_word' id='word_1_695' title='bbox 746 4481 855 4519; x_wconf 87' lang='lat' dir='ltr'><strong>non</strong></span> <span class='ocrx_word' id='word_1_696' title='bbox 884 4466 1237 4524; x_wconf 88' lang='lat' dir='ltr'><strong>erubescunt,</strong></span> <span class='ocrx_word' id='word_1_697' title='bbox 1269 4472 1388 4527; x_wconf 67' lang='lat' dir='ltr'><strong>qua!</strong></span> <span class='ocrx_word' id='word_1_698' title='bbox 1423 4464 1596 4523; x_wconf 86' lang='lat' dir='ltr'><strong>.turpe</strong></span> <span class='ocrx_word' id='word_1_699' title='bbox 1633 4421 1731 4506; x_wconf 48' lang='grc' dir='ltr'><strong>ἐει</strong></span> <span class='ocrx_word' id='word_1_700' title='bbox 1760 4461 1814 4504; x_wconf 83' lang='lat' dir='ltr'><strong>et</strong></span> <span class='ocrx_word' id='word_1_701' title='bbox 1846 4450 2051 4511; x_wconf 88' lang='lat' dir='ltr'><strong>dicere,</strong></span> <span class='ocrx_word' id='word_1_702' title='bbox 2086 4431 2129 4485; x_wconf 72' lang='grc' dir='ltr'><strong>ι)</strong></span> <span class='ocrx_word' id='word_1_703' title='bbox 2164 4457 2307 4496; x_wconf 87' lang='lat' dir='ltr'><strong>nunc</strong></span> <span class='ocrx_word' id='word_1_704' title='bbox 2324 4421 2594 4496; x_wconf 75' lang='lat' dir='ltr'><strong>dicuntur</strong></span> <span class='ocrx_word' id='word_1_705' title='bbox 2643 4434 2909 4491; x_wconf 77' lang='lat' dir='ltr'><strong>tendentes</strong></span> <span class='ocrx_word' id='word_1_706' title='bbox 2954 4436 3224 4505; x_wconf 70' lang='lat' dir='ltr'><strong>sagittam.</strong></span> <span class='ocrx_word' id='word_1_707' title='bbox 3259 4433 3364 4487; x_wconf 90' lang='lat' dir='ltr'><strong>Pro</strong></span> <span class='ocrx_word' id='word_1_708' title='bbox 3392 4432 3568 4501; x_wconf 90' lang='lat' dir='ltr'><strong>quoin</strong></span> <span class='ocrx_word' id='word_1_709' title='bbox 3609 4422 3696 4527; x_wconf 59' lang='lat' dir='ltr'><strong>lle:</strong></span> 
     </span>
    </p>
   </div>
   <div class='ocr_carea' id='block_1_94' title="bbox 480 4551 2056 4621">
    <p class='ocr_par' dir='ltr' id='par_1_94' title="bbox 480 4551 2056 4621">
     <span class='ocr_line' id='line_1_94' title="bbox 480 4551 2056 4621; baseline -0.018 0"><span class='ocrx_word' id='word_1_710' title='bbox 480 4570 606 4621; x_wconf 83' lang='lat' dir='ltr'><strong>dum</strong></span> <span class='ocrx_word' id='word_1_711' title='bbox 636 4561 835 4617; x_wconf 78' lang='lat' dir='ltr'><strong>scortis</strong></span> <span class='ocrx_word' id='word_1_712' title='bbox 874 4560 1155 4612; x_wconf 82' lang='lat' dir='ltr'><strong>adhaerent</strong></span> <span class='ocrx_word' id='word_1_713' title='bbox 1185 4555 1239 4606; x_wconf 90' lang='lat' dir='ltr'><strong>in</strong></span> <span class='ocrx_word' id='word_1_714' title='bbox 1262 4552 1478 4605; x_wconf 82' lang='lat' dir='ltr'><strong>modum</strong></span> <span class='ocrx_word' id='word_1_715' title='bbox 1506 4560 1726 4607; x_wconf 86' lang='lat' dir='ltr'><strong>canum,</strong></span> <span class='ocrx_word' id='word_1_716' title='bbox 1754 4551 1807 4597; x_wconf 89' lang='lat' dir='ltr'><strong>et</strong></span> <span class='ocrx_word' id='word_1_717' title='bbox 1838 4555 2056 4597; x_wconf 84' lang='lat' dir='ltr'><strong>mascu-</strong></span> 
     </span>
    </p>
   </div>
   <div class='ocr_carea' id='block_1_95' title="bbox 481 4635 2053 4716">
    <p class='ocr_par' dir='ltr' id='par_1_95' title="bbox 481 4635 2053 4716">
     <span class='ocr_line' id='line_1_95' title="bbox 481 4635 2053 4716; baseline -0.02 -1"><span class='ocrx_word' id='word_1_718' title='bbox 481 4665 516 4716; x_wconf 80' lang='grc' dir='ltr'><strong>ιι</strong></span> <span class='ocrx_word' id='word_1_719' title='bbox 548 4660 600 4714; x_wconf 91' lang='lat' dir='ltr'><strong>in</strong></span> <span class='ocrx_word' id='word_1_720' title='bbox 628 4654 901 4711; x_wconf 84' lang='lat' dir='ltr'><strong>masculos</strong></span> <span class='ocrx_word' id='word_1_721' title='bbox 925 4658 1183 4704; x_wconf 76' lang='lat' dir='ltr'><strong>exercent</strong></span> <span class='ocrx_word' id='word_1_722' title='bbox 1209 4643 1622 4714; x_wconf 80' lang='lat' dir='ltr'><strong>turpitudinem,</strong></span> <span class='ocrx_word' id='word_1_723' title='bbox 1642 4635 2053 4692; x_wconf 87' lang='lat' dir='ltr'><strong>retributionem</strong></span> 
     </span>
    </p>
   </div>
   <div class='ocr_carea' id='block_1_96' title="bbox 481 4729 2055 4825">
    <p class='ocr_par' dir='ltr' id='par_1_96' title="bbox 481 4729 2055 4825">
     <span class='ocr_line' id='line_1_96' title="bbox 481 4729 2055 4825; baseline -0.02 -15"><span class='ocrx_word' id='word_1_724' title='bbox 481 4753 692 4825; x_wconf 76' lang='lat' dir='ltr'><strong>peccati</strong></span> <span class='ocrx_word' id='word_1_725' title='bbox 729 4751 782 4804; x_wconf 90' lang='lat' dir='ltr'><strong>in</strong></span> <span class='ocrx_word' id='word_1_726' title='bbox 812 4744 1139 4812; x_wconf 77' lang='lat' dir='ltr'><strong>aemelipsos</strong></span> <span class='ocrx_word' id='word_1_727' title='bbox 1192 4737 1543 4807; x_wconf 87' lang='lat' dir='ltr'><strong>recipientes.</strong></span> <span class='ocrx_word' id='word_1_728' title='bbox 1575 4731 1745 4803; x_wconf 75' lang='lat'><strong>816</strong></span> <span class='ocrx_word' id='word_1_729' title='bbox 1774 4730 1876 4795; x_wconf 87' lang='lat' dir='ltr'><strong>Qui</strong></span> <span class='ocrx_word' id='word_1_730' title='bbox 1936 4729 2055 4781; x_wconf 68' lang='lat' dir='ltr'><strong>haec</strong></span> 
     </span>
    </p>
   </div>
   <div class='ocr_carea' id='block_1_97' title="bbox 481 4820 2056 4917">
    <p class='ocr_par' dir='ltr' id='par_1_97' title="bbox 481 4820 2056 4917">
     <span class='ocr_line' id='line_1_97' title="bbox 481 4820 2056 4917; baseline -0.019 -15"><span class='ocrx_word' id='word_1_731' title='bbox 481 4820 652 4917; x_wconf 66' lang='lat' dir='ltr'><strong>npera</strong></span> <span class='ocrx_word' id='word_1_732' title='bbox 695 4846 923 4905; x_wconf 79' lang='lat' dir='ltr'><strong>faciunt,</strong></span> <span class='ocrx_word' id='word_1_733' title='bbox 986 4837 1267 4891; x_wconf 81' lang='lat' dir='ltr'><strong>voluntate</strong></span> <span class='ocrx_word' id='word_1_734' title='bbox 1322 4841 1377 4885; x_wconf 88' lang='lat' dir='ltr'><strong>et</strong></span> <span class='ocrx_word' id='word_1_735' title='bbox 1430 4827 1737 4884; x_wconf 81' lang='lat' dir='ltr'><strong>sceleribus</strong></span> <span class='ocrx_word' id='word_1_736' title='bbox 1792 4838 1914 4876; x_wconf 91' lang='lat' dir='ltr'><strong>cum</strong></span> <span class='ocrx_word' id='word_1_737' title='bbox 1969 4820 2056 4873; x_wconf 89' lang='lat' dir='ltr'><strong>his</strong></span> 
     </span>
    </p>
   </div>
   <div class='ocr_carea' id='block_1_98' title="bbox 484 4914 2055 5008">
    <p class='ocr_par' dir='ltr' id='par_1_98' title="bbox 484 4914 2055 5008">
     <span class='ocr_line' id='line_1_98' title="bbox 484 4914 2055 5008; baseline -0.02 -13"><span class='ocrx_word' id='word_1_738' title='bbox 484 4914 632 5005; x_wconf 71' lang='lat' dir='ltr'><strong>sunt,</strong></span> <span class='ocrx_word' id='word_1_739' title='bbox 663 4940 754 5008; x_wconf 86' lang='lat' dir='ltr'><strong>qui</strong></span> <span class='ocrx_word' id='word_1_740' title='bbox 782 4947 1002 4991; x_wconf 84' lang='lat' dir='ltr'><strong>carnem</strong></span> <span class='ocrx_word' id='word_1_741' title='bbox 1033 4928 1246 4985; x_wconf 85' lang='lat' dir='ltr'><strong>suillam</strong></span> <span class='ocrx_word' id='word_1_742' title='bbox 1277 4923 1593 4987; x_wconf 90' lang='lat' dir='ltr'><strong>comedunt,</strong></span> <span class='ocrx_word' id='word_1_743' title='bbox 1622 4929 1675 4972; x_wconf 92' lang='lat' dir='ltr'><strong>et</strong></span> <span class='ocrx_word' id='word_1_744' title='bbox 1712 4914 1896 4970; x_wconf 87' lang='lat' dir='ltr'><strong>omnia</strong></span> <span class='ocrx_word' id='word_1_745' title='bbox 1932 4926 2055 4982; x_wconf 66' lang='lat' dir='ltr'><strong>quae</strong></span> 
     </span>
    </p>
   </div>
   <div class='ocr_carea' id='block_1_99' title="bbox 483 5016 2058 5103">
    <p class='ocr_par' dir='ltr' id='par_1_99' title="bbox 483 5016 2058 5103">
     <span class='ocr_line' id='line_1_99' title="bbox 483 5016 2058 5103; baseline -0.021 -15"><span class='ocrx_word' id='word_1_746' title='bbox 483 5036 603 5103; x_wconf 74' lang='lat' dir='ltr'><strong>lnge</strong></span> <span class='ocrx_word' id='word_1_747' title='bbox 659 5031 1017 5099; x_wconf 84' lang='lat' dir='ltr'><strong>prohibentur</strong></span> <span class='ocrx_word' id='word_1_748' title='bbox 1046 5021 1237 5092; x_wconf 77' lang='lat' dir='ltr'><strong>(Lerit.</strong></span> <span class='ocrx_word' id='word_1_749' title='bbox 1270 5016 1366 5083; x_wconf 76' lang='lat' dir='ltr'><strong>XI),</strong></span> <span class='ocrx_word' id='word_1_750' title='bbox 1393 5024 1445 5069; x_wconf 88' lang='lat' dir='ltr'><strong>et</strong></span> <span class='ocrx_word' id='word_1_751' title='bbox 1479 5025 1704 5075; x_wconf 80' lang='lat' dir='ltr'><strong>murem,</strong></span> <span class='ocrx_word' id='word_1_752' title='bbox 1759 5020 1921 5077; x_wconf 83' lang='lat' dir='ltr'><strong>quem</strong></span> <span class='ocrx_word' id='word_1_753' title='bbox 1960 5017 2058 5057; x_wconf 84' lang='lat' dir='ltr'><strong>nos</strong></span> 
     </span>
    </p>
   </div>
   <div class='ocr_carea' id='block_1_100' title="bbox 485 5162 2055 5261">
    <p class='ocr_par' dir='ltr' id='par_1_100' title="bbox 485 5162 2055 5261">
     <span class='ocr_line' id='line_1_100' title="bbox 485 5162 2055 5261; baseline -0.026 -14"><span class='ocrx_word' id='word_1_754' title='bbox 485 5205 796 5261; x_wconf 74' lang='lat' dir='ltr'><strong>quanquam</strong></span> <span class='ocrx_word' id='word_1_755' title='bbox 830 5195 933 5261; x_wconf 54' lang='lat' dir='ltr'><strong>mp</strong></span> <span class='ocrx_word' id='word_1_756' title='bbox 966 5175 1440 5261; x_wconf 43' lang='lat' dir='ltr'><strong>MassorethicumJ</strong></span> <span class='ocrx_word' id='word_1_757' title='bbox 1469 5170 1535 5224; x_wconf 90' lang='lat' dir='ltr'><strong>ad</strong></span> <span class='ocrx_word' id='word_1_758' title='bbox 1568 5162 2055 5261; x_wconf 32' lang='lat' dir='ltr'><strong>liliri‘nnmacrgi‘niqm&quot;</strong></span> 
     </span>
    </p>
   </div>
   <div class='ocr_carea' id='block_1_101' title="bbox 486 5237 2057 5327">
    <p class='ocr_par' dir='ltr' id='par_1_101' title="bbox 486 5237 2057 5327">
     <span class='ocr_line' id='line_1_101' title="bbox 486 5237 2057 5327; baseline -0.019 -12"><span class='ocrx_word' id='word_1_759' title='bbox 884 5237 1049 5325; x_wconf 40' lang='grc' dir='ltr'><strong>’τίμιοά</strong></span> <span class='ocrx_word' id='word_1_760' title='bbox 1100 5252 1281 5303; x_wconf 84' lang='lat' dir='ltr'><strong>minus</strong></span> <span class='ocrx_word' id='word_1_761' title='bbox 1313 5241 1533 5312; x_wconf 89' lang='lat' dir='ltr'><strong>quidem</strong></span> <span class='ocrx_word' id='word_1_762' title='bbox 1592 5237 1995 5327; x_wconf 50' lang='lat' dir='ltr'><strong>idoneohsepsu</strong></span> 
     </span>
    </p>
   </div>
   <div class='ocr_carea' id='block_1_102' title="bbox 487 5302 2058 5395">
    <p class='ocr_par' dir='ltr' id='par_1_102' title="bbox 487 5302 2058 5395">
     <span class='ocr_line' id='line_1_102' title="bbox 487 5302 2058 5395; baseline -0.024 -5"><span class='ocrx_word' id='word_1_763' title='bbox 487 5302 1109 5395; x_wconf 45' lang='lat' dir='ltr'><strong>Evsed</strong></span> <span class='ocrx_word' id='word_1_764' title='bbox 1135 5330 1312 5371; x_wconf 85' lang='lat' dir='ltr'><strong>tamen</strong></span> <span class='ocrx_word' id='word_1_765' title='bbox 1331 5302 1518 5367; x_wconf 50' lang='lat' dir='ltr'><strong>&#39;unam</strong></span> <span class='ocrx_word' id='word_1_766' title='bbox 1569 5320 1768 5378; x_wconf 80' lang='lat' dir='ltr'><strong>genere.</strong></span> <span class='ocrx_word' id='word_1_767' title='bbox 1795 5302 2058 5354; x_wconf 72' lang='lat' dir='ltr'><strong>fetutinino</strong></span> 
     </span>
    </p>
   </div>
   <div class='ocr_carea' id='block_1_103' title="bbox 488 5408 2028 5475">
    <p class='ocr_par' dir='ltr' id='par_1_103' title="bbox 488 5408 2028 5475">
     <span class='ocr_line' id='line_1_103' title="bbox 488 5408 2028 5462; baseline -0.001 -7"><span class='ocrx_word' id='word_1_768' title='bbox 488 5408 777 5462; x_wconf 51' lang='grc' dir='ltr'><strong>θεσιιῆίίωηο</strong></span> <span class='ocrx_word' id='word_1_769' title='bbox 2018 5443 2028 5454; x_wconf 92' lang='grc'><strong>.</strong></span> 
     </span>
     <span class='ocr_line' id='line_1_104' title="bbox 538 5450 2028 5475; baseline 0 0"><span class='ocrx_word' id='word_1_770' title='bbox 538 5450 568 5475; x_wconf 66' lang='grc'><strong>1⁸</strong></span> <span class='ocrx_word' id='word_1_771' title='bbox 814 5468 824 5475; x_wconf 93' lang='grc'><strong>.</strong></span> <span class='ocrx_word' id='word_1_772' title='bbox 1010 5474 1015 5475; x_wconf 61' lang='lat'><strong><em>,</em></strong></span> <span class='ocrx_word' id='word_1_773' title='bbox 1142 5471 1152 5475; x_wconf 89' lang='lat'><strong>-</strong></span> <span class='ocrx_word' id='word_1_774' title='bbox 1299 5469 1363 5475; x_wconf 26' lang='grc' dir='ltr'><strong>-.κ</strong></span> <span class='ocrx_word' id='word_1_775' title='bbox 1414 5470 1508 5475; x_wconf 49' lang='grc' dir='ltr'><strong>-..Α</strong></span> <span class='ocrx_word' id='word_1_776' title='bbox 1580 5452 1844 5475; x_wconf 61' lang='grc' dir='ltr'><strong>.-κληιιορρ</strong></span> <span class='ocrx_word' id='word_1_777' title='bbox 1888 5458 2028 5475; x_wconf 71' lang='lat' dir='ltr'><strong>nanus</strong></span> 
     </span>
    </p>
   </div>
   <div class='ocr_carea' id='block_1_104' title="bbox 566 5452 2060 5530">
    <p class='ocr_par' dir='ltr' id='par_1_104' title="bbox 566 5452 2060 5530">
     <span class='ocr_line' id='line_1_105' title="bbox 566 5452 2060 5530; baseline -0.027 1"><span class='ocrx_word' id='word_1_778' title='bbox 566 5452 901 5530; x_wconf 41' lang='lat' dir='ltr'><strong>Veientum</strong></span> <span class='ocrx_word' id='word_1_779' title='bbox 932 5474 1088 5516; x_wconf 85' lang='lat' dir='ltr'><strong>antea</strong></span> <span class='ocrx_word' id='word_1_780' title='bbox 1137 5469 1367 5530; x_wconf 85' lang='lat' dir='ltr'><strong>tenentes</strong></span> <span class='ocrx_word' id='word_1_781' title='bbox 1414 5470 1511 5523; x_wconf 88' lang='lat' dir='ltr'><strong>pro</strong></span> <span class='ocrx_word' id='word_1_782' title='bbox 1577 5452 1844 5504; x_wconf 80' lang='lat' dir='ltr'><strong>tendentes</strong></span> <span class='ocrx_word' id='word_1_783' title='bbox 1888 5452 2060 5530; x_wconf 62' lang='lat' dir='ltr'><strong>matti-</strong></span> 
     </span>
    </p>
   </div>
   <div class='ocr_carea' id='block_1_105' title="bbox 493 5512 2062 5602">
    <p class='ocr_par' dir='ltr' id='par_1_105' title="bbox 493 5512 2062 5602">
     <span class='ocr_line' id='line_1_106' title="bbox 493 5512 2062 5602; baseline -0.024 -3"><span class='ocrx_word' id='word_1_784' title='bbox 493 5512 894 5602; x_wconf 42' lang='lat' dir='ltr'><strong>it‘sttili&#39;leieiuttt</strong></span> <span class='ocrx_word' id='word_1_785' title='bbox 938 5532 1282 5602; x_wconf 73' lang='lat' dir='ltr'><strong>librariorum</strong></span> <span class='ocrx_word' id='word_1_786' title='bbox 1324 5512 1712 5602; x_wconf 72' lang='lat' dir='ltr'><strong>Iapstt,_qucttt</strong></span> <span class='ocrx_word' id='word_1_787' title='bbox 1769 5523 1927 5602; x_wconf 69' lang='lat' dir='ltr'><strong>cavet</strong></span> 
     </span>
    </p>
   </div>
   <div class='ocr_carea' id='block_1_106' title="bbox 492 5595 2061 5673">
    <p class='ocr_par' dir='ltr' id='par_1_106' title="bbox 492 5595 2061 5673">
     <span class='ocr_line' id='line_1_107' title="bbox 492 5595 2061 5673; baseline -0.024 -2"><span class='ocrx_word' id='word_1_788' title='bbox 492 5595 739 5671; x_wconf 27' lang='lat' dir='ltr'><strong>intui-culti</strong></span> <span class='ocrx_word' id='word_1_789' title='bbox 796 5607 1100 5673; x_wconf 68' lang='lat' dir='ltr'><strong>CXt‘lIlliiatr,</strong></span> <span class='ocrx_word' id='word_1_790' title='bbox 1138 5611 1194 5673; x_wconf 76' lang='lat' dir='ltr'><strong>et</strong></span> <span class='ocrx_word' id='word_1_791' title='bbox 1218 5595 1638 5673; x_wconf 65' lang='lat' dir='ltr'><strong>Hiemttytniuttzt</strong></span> <span class='ocrx_word' id='word_1_792' title='bbox 1698 5600 1903 5673; x_wconf 53' lang='lat' dir='ltr'><strong>versi-0,</strong></span> <span class='ocrx_word' id='word_1_793' title='bbox 1957 5598 2061 5673; x_wconf 77' lang='lat' dir='ltr'><strong>nec</strong></span> 
     </span>
    </p>
   </div>
   <div class='ocr_carea' id='block_1_107' title="bbox 496 5658 2059 5755">
    <p class='ocr_par' dir='ltr' id='par_1_107' title="bbox 496 5658 2059 5755">
     <span class='ocr_line' id='line_1_108' title="bbox 496 5658 2059 5755; baseline -0.021 -21"><span class='ocrx_word' id='word_1_794' title='bbox 994 5658 1153 5742; x_wconf 76' lang='lat' dir='ltr'><strong>httjits</strong></span> <span class='ocrx_word' id='word_1_795' title='bbox 1185 5658 1591 5755; x_wconf 49' lang='lat' dir='ltr'><strong>loci.e\_pqsitio</strong></span> <span class='ocrx_word' id='word_1_796' title='bbox 1626 5679 1639 5713; x_wconf 86' lang='lat'><strong>:</strong></span> <span class='ocrx_word' id='word_1_797' title='bbox 1728 5658 1861 5737; x_wconf 58' lang='lat' dir='ltr'><strong>Ltttl</strong></span> <span class='ocrx_word' id='word_1_798' title='bbox 1882 5664 2059 5755; x_wconf 60' lang='lat' dir='ltr'><strong>auten:</strong></span> 
     </span>
    </p>
   </div>
   <div class='ocr_carea' id='block_1_108' title="bbox 499 5734 2063 5826">
    <p class='ocr_par' dir='ltr' id='par_1_108' title="bbox 499 5734 2063 5826">
     <span class='ocr_line' id='line_1_109' title="bbox 499 5734 2063 5826; baseline -0.014 -23"><span class='ocrx_word' id='word_1_799' title='bbox 709 5762 925 5806; x_wconf 71' lang='lat' dir='ltr'><strong>VOCutll,</strong></span> <span class='ocrx_word' id='word_1_800' title='bbox 958 5734 1185 5813; x_wconf 65' lang='grc' dir='ltr'><strong>«μιιιῗυιιι</strong></span> <span class='ocrx_word' id='word_1_801' title='bbox 1218 5738 1395 5791; x_wconf 74' lang='lat' dir='ltr'><strong>Coloni</strong></span> <span class='ocrx_word' id='word_1_802' title='bbox 1445 5734 1712 5794; x_wconf 69' lang='lat' dir='ltr'><strong>llrtrusei,</strong></span> <span class='ocrx_word' id='word_1_803' title='bbox 1772 5734 1863 5795; x_wconf 76' lang='lat' dir='ltr'><strong>qui</strong></span> <span class='ocrx_word' id='word_1_804' title='bbox 1920 5737 2063 5777; x_wconf 53' lang='grc' dir='ltr'><strong>ιιυιμε</strong></span> 
     </span>
    </p>
   </div>
   <div class='ocr_carea' id='block_1_109' title="bbox 648 6010 723 6041">
    <p class='ocr_par' dir='ltr' id='par_1_109' title="bbox 648 6010 723 6041">
     <span class='ocr_line' id='line_1_110' title="bbox 648 6010 723 6041; baseline 0 0"><span class='ocrx_word' id='word_1_805' title='bbox 648 6010 723 6041; x_wconf 52' lang='lat'><strong>’5.</strong></span> 
     </span>
    </p>
   </div>
   <div class='ocr_carea' id='block_1_110' title="bbox 2163 4514 3694 4614">
    <p class='ocr_par' dir='ltr' id='par_1_110' title="bbox 2163 4514 3694 4614">
     <span class='ocr_line' id='line_1_111' title="bbox 2163 4514 3694 4614; baseline -0.015 -25"><span class='ocrx_word' id='word_1_806' title='bbox 2163 4535 2347 4589; x_wconf 89' lang='lat' dir='ltr'><strong>braico</strong></span> <span class='ocrx_word' id='word_1_807' title='bbox 2407 4531 2600 4601; x_wconf 88' lang='lat' dir='ltr'><strong>legitur</strong></span> <span class='ocrx_word' id='word_1_808' title='bbox 2656 4544 2858 4585; x_wconf 68' lang='lat' dir='ltr'><strong>noscas</strong></span> <span class='ocrx_word' id='word_1_809' title='bbox 2910 4541 3117 4583; x_wconf 71' lang='lat' dir='ltr'><strong>casura</strong></span> <span class='ocrx_word' id='word_1_810' title='bbox 3146 4525 3536 4614; x_wconf 62' lang='lat' dir='ltr'><strong>(mam)</strong></span> <span class='ocrx_word' id='word_1_811' title='bbox 3574 4514 3694 4588; x_wconf 78' lang='lat' dir='ltr'><strong>quod</strong></span> 
     </span>
    </p>
   </div>
   <div class='ocr_carea' id='block_1_111' title="bbox 2163 4616 3694 4696">
    <p class='ocr_par' dir='ltr' id='par_1_111' title="bbox 2163 4616 3694 4696">
     <span class='ocr_line' id='line_1_112' title="bbox 2163 4616 3694 4696; baseline -0.015 -15"><span class='ocrx_word' id='word_1_812' title='bbox 2163 4630 2368 4696; x_wconf 85' lang='lat' dir='ltr'><strong>absque</strong></span> <span class='ocrx_word' id='word_1_813' title='bbox 2402 4623 2784 4692; x_wconf 83' lang='lat' dir='ltr'><strong>Septuaginta,</strong></span> <span class='ocrx_word' id='word_1_814' title='bbox 2817 4635 3008 4674; x_wconf 87' lang='lat' dir='ltr'><strong>omnes</strong></span> <span class='ocrx_word' id='word_1_815' title='bbox 3025 4618 3281 4674; x_wconf 90' lang='lat' dir='ltr'><strong>similiter</strong></span> <span class='ocrx_word' id='word_1_816' title='bbox 3314 4616 3694 4672; x_wconf 78' lang='lat' dir='ltr'><strong>transmlerunt,</strong></span> 
     </span>
    </p>
   </div>
   <div class='ocr_carea' id='block_1_112' title="bbox 2162 4702 3692 4784">
    <p class='ocr_par' dir='ltr' id='par_1_112' title="bbox 2162 4702 3692 4784">
     <span class='ocr_line' id='line_1_113' title="bbox 2162 4702 3692 4784; baseline -0.01 -11"><span class='ocrx_word' id='word_1_817' title='bbox 2162 4721 2434 4775; x_wconf 79' lang='lat' dir='ltr'><strong>tendentes</strong></span> <span class='ocrx_word' id='word_1_818' title='bbox 2459 4733 2638 4771; x_wconf 84' lang='lat' dir='ltr'><strong>arcum</strong></span> <span class='ocrx_word' id='word_1_819' title='bbox 2665 4732 2685 4770; x_wconf 81' lang='lat'><strong>.&#39;</strong></span> <span class='ocrx_word' id='word_1_820' title='bbox 2718 4725 2771 4770; x_wconf 91' lang='lat' dir='ltr'><strong>et</strong></span> <span class='ocrx_word' id='word_1_821' title='bbox 2800 4713 3154 4784; x_wconf 84' lang='lat' dir='ltr'><strong>Septuaginta</strong></span> <span class='ocrx_word' id='word_1_822' title='bbox 3188 4718 3483 4782; x_wconf 88' lang='lat' dir='ltr'><strong>posuerunt</strong></span> <span class='ocrx_word' id='word_1_823' title='bbox 3532 4702 3692 4775; x_wconf 67' lang='grc' dir='ltr'><strong>μοσ4χ.</strong></span> 
     </span>
    </p>
   </div>
   <div class='ocr_carea' id='block_1_113' title="bbox 2165 4799 3693 4879">
    <p class='ocr_par' dir='ltr' id='par_1_113' title="bbox 2165 4799 3693 4879">
     <span class='ocr_line' id='line_1_114' title="bbox 2165 4799 3693 4879; baseline -0.009 -12"><span class='ocrx_word' id='word_1_824' title='bbox 2165 4827 2363 4867; x_wconf 89' lang='lat' dir='ltr'><strong>nomen</strong></span> <span class='ocrx_word' id='word_1_825' title='bbox 2388 4826 2485 4879; x_wconf 88' lang='lat' dir='ltr'><strong>pro</strong></span> <span class='ocrx_word' id='word_1_826' title='bbox 2506 4810 2670 4879; x_wconf 85' lang='lat' dir='ltr'><strong>verbo</strong></span> <span class='ocrx_word' id='word_1_827' title='bbox 2692 4810 3139 4875; x_wconf 84' lang='lat' dir='ltr'><strong>interpretantes.</strong></span> <span class='ocrx_word' id='word_1_828' title='bbox 3162 4804 3315 4868; x_wconf 85' lang='lat' dir='ltr'><strong>Quod</strong></span> <span class='ocrx_word' id='word_1_829' title='bbox 3334 4805 3379 4857; x_wconf 90' lang='lat' dir='ltr'><strong>si</strong></span> <span class='ocrx_word' id='word_1_830' title='bbox 3408 4799 3693 4867; x_wconf 79' lang='lat' dir='ltr'><strong>accipiatur.</strong></span> 
     </span>
    </p>
   </div>
   <div class='ocr_carea' id='block_1_114' title="bbox 2165 4888 3693 4974">
    <p class='ocr_par' dir='ltr' id='par_1_114' title="bbox 2165 4888 3693 4974">
     <span class='ocr_line' id='line_1_115' title="bbox 2165 4888 3693 4974; baseline -0.014 -13"><span class='ocrx_word' id='word_1_831' title='bbox 2165 4904 2520 4974; x_wconf 84' lang='lat' dir='ltr'><strong>Cappadocas</strong></span> <span class='ocrx_word' id='word_1_832' title='bbox 2546 4902 2567 4933; x_wconf 88' lang='grc'><em>³</em></span> <span class='ocrx_word' id='word_1_833' title='bbox 2595 4900 2868 4968; x_wconf 79' lang='lat' dir='ltr'><strong>signiﬁcat</strong></span> <span class='ocrx_word' id='word_1_834' title='bbox 2902 4915 2917 4955; x_wconf 86' lang='lat'><strong>:</strong></span> <span class='ocrx_word' id='word_1_835' title='bbox 2951 4912 3181 4968; x_wconf 90' lang='lat' dir='ltr'><strong>quorum</strong></span> <span class='ocrx_word' id='word_1_836' title='bbox 3208 4893 3517 4963; x_wconf 88' lang='lat' dir='ltr'><strong>metropolis</strong></span> <span class='ocrx_word' id='word_1_837' title='bbox 3543 4888 3693 4943; x_wconf 72' lang='lat' dir='ltr'><strong>Iau-</strong></span> 
     </span>
    </p>
   </div>
   <div class='ocr_carea' id='block_1_115' title="bbox 2164 4986 3692 5065">
    <p class='ocr_par' dir='ltr' id='par_1_115' title="bbox 2164 4986 3692 5065">
     <span class='ocr_line' id='line_1_116' title="bbox 2164 4986 3692 5065; baseline -0.014 -13"><span class='ocrx_word' id='word_1_838' title='bbox 2164 5016 2254 5063; x_wconf 86' lang='lat' dir='ltr'><strong>ea,</strong></span> <span class='ocrx_word' id='word_1_839' title='bbox 2278 5012 2400 5065; x_wconf 72' lang='lat' dir='ltr'><strong>qua:</strong></span> <span class='ocrx_word' id='word_1_840' title='bbox 2431 5003 2618 5063; x_wconf 85' lang='lat' dir='ltr'><strong>postea</strong></span> <span class='ocrx_word' id='word_1_841' title='bbox 2650 5008 2678 5044; x_wconf 90' lang='lat' dir='ltr'><strong>a</strong></span> <span class='ocrx_word' id='word_1_842' title='bbox 2705 4993 2915 5045; x_wconf 70' lang='lat' dir='ltr'><strong>Caesare</strong></span> <span class='ocrx_word' id='word_1_843' title='bbox 2944 4992 3218 5057; x_wconf 81' lang='lat' dir='ltr'><strong>Augusto,</strong></span> <span class='ocrx_word' id='word_1_844' title='bbox 3256 4986 3495 5042; x_wconf 66' lang='lat' dir='ltr'><strong>Omna</strong></span> <span class='ocrx_word' id='word_1_845' title='bbox 3526 4987 3692 5033; x_wconf 76' lang='lat' dir='ltr'><strong>nomen</strong></span> 
     </span>
    </p>
   </div>
   <div class='ocr_carea' id='block_1_116' title="bbox 2168 5132 3692 5221">
    <p class='ocr_par' dir='ltr' id='par_1_116' title="bbox 2168 5132 3692 5221">
     <span class='ocr_line' id='line_1_117' title="bbox 2168 5132 3692 5221; baseline -0.017 -10"><span class='ocrx_word' id='word_1_846' title='bbox 2168 5154 2372 5211; x_wconf 82' lang='lat' dir='ltr'><strong>Thusei</strong></span> <span class='ocrx_word' id='word_1_847' title='bbox 2428 5132 2792 5221; x_wconf 82' lang='lat' dir='ltr'><strong>appellantur,</strong></span> <span class='ocrx_word' id='word_1_848' title='bbox 2824 5147 3093 5221; x_wconf 82' lang='lat' dir='ltr'><strong>quondam</strong></span> <span class='ocrx_word' id='word_1_849' title='bbox 3137 5145 3515 5221; x_wconf 73' lang='lat' dir='ltr'><strong>mittendarnm</strong></span> <span class='ocrx_word' id='word_1_850' title='bbox 3545 5132 3692 5221; x_wconf 75' lang='lat' dir='ltr'><strong>sagit-</strong></span> 
     </span>
    </p>
   </div>
   <div class='ocr_carea' id='block_1_117' title="bbox 2170 5212 3692 5293">
    <p class='ocr_par' dir='ltr' id='par_1_117' title="bbox 2170 5212 3692 5293">
     <span class='ocr_line' id='line_1_118' title="bbox 2170 5212 3692 5293; baseline -0.016 -12"><span class='ocrx_word' id='word_1_851' title='bbox 2170 5244 2344 5282; x_wconf 81' lang='lat' dir='ltr'><strong>tarum</strong></span> <span class='ocrx_word' id='word_1_852' title='bbox 2379 5212 2717 5293; x_wconf 69' lang='lat' dir='ltr'><strong>peritissiutti,</strong></span> <span class='ocrx_word' id='word_1_853' title='bbox 2752 5212 2804 5274; x_wconf 82' lang='lat' dir='ltr'><strong>et</strong></span> <span class='ocrx_word' id='word_1_854' title='bbox 2831 5212 2971 5273; x_wconf 81' lang='lat' dir='ltr'><strong>nunc</strong></span> <span class='ocrx_word' id='word_1_855' title='bbox 3004 5218 3264 5271; x_wconf 82' lang='lat' dir='ltr'><strong>dicuntur</strong></span> <span class='ocrx_word' id='word_1_856' title='bbox 3319 5212 3581 5268; x_wconf 87' lang='lat' dir='ltr'><strong>tendentes</strong></span> <span class='ocrx_word' id='word_1_857' title='bbox 3618 5219 3692 5257; x_wconf 76' lang='lat' dir='ltr'><strong>sa-</strong></span> 
     </span>
    </p>
   </div>
   <div class='ocr_carea' id='block_1_118' title="bbox 2182 5310 2424 5350">
    <p class='ocr_par' dir='ltr' id='par_1_118' title="bbox 2182 5310 2424 5350">
     <span class='ocr_line' id='line_1_119' title="bbox 2182 5310 2424 5350; baseline -0.021 0"><span class='ocrx_word' id='word_1_858' title='bbox 2182 5310 2376 5350; x_wconf 68' lang='lat' dir='ltr'><strong>tillum.</strong></span> <span class='ocrx_word' id='word_1_859' title='bbox 2405 5314 2424 5345; x_wconf 65' lang='grc' dir='ltr'><strong>ι</strong></span> 
     </span>
    </p>
   </div>
   <div class='ocr_carea' id='block_1_119' title="bbox 2167 5319 3691 5429">
    <p class='ocr_par' dir='ltr' id='par_1_119' title="bbox 2167 5319 3691 5429">
     <span class='ocr_line' id='line_1_120' title="bbox 2182 5319 2424 5349; baseline 0.054 -10"><span class='ocrx_word' id='word_1_860' title='bbox 2182 5319 2214 5346; x_wconf 78' lang='grc' dir='ltr'><strong>ιι</strong></span> <span class='ocrx_word' id='word_1_861' title='bbox 2249 5319 2279 5346; x_wconf 86' lang='lat' dir='ltr'><strong>l‘</strong></span> <span class='ocrx_word' id='word_1_862' title='bbox 2363 5336 2376 5349; x_wconf 73' lang='grc' dir='ltr'><strong>ι</strong></span> <span class='ocrx_word' id='word_1_863' title='bbox 2405 5319 2424 5345; x_wconf 73' lang='grc'><strong><em>⁹</em></strong></span> 
     </span>
     <span class='ocr_line' id='line_1_121' title="bbox 2167 5319 3691 5429; baseline 0.037 -37"><span class='ocrx_word' id='word_1_864' title='bbox 2167 5319 2195 5369; x_wconf 63' lang='grc' dir='ltr'>δ</span> <span class='ocrx_word' id='word_1_865' title='bbox 2225 5319 2489 5420; x_wconf 52' lang='grc' dir='ltr'><strong>ιιᾶἓιιηιῖρΐ</strong></span> <span class='ocrx_word' id='word_1_866' title='bbox 2516 5360 2809 5429; x_wconf 72' lang='lat' dir='ltr'><strong>Epistulam</strong></span> <span class='ocrx_word' id='word_1_867' title='bbox 2852 5359 2905 5411; x_wconf 92' lang='lat' dir='ltr'><strong>in</strong></span> <span class='ocrx_word' id='word_1_868' title='bbox 2935 5364 3116 5410; x_wconf 84' lang='lat' dir='ltr'><strong>nostra</strong></span> <span class='ocrx_word' id='word_1_869' title='bbox 3160 5353 3468 5429; x_wconf 54' lang='lat' dir='ltr'><strong>recensi?me</strong></span> <span class='ocrx_word' id='word_1_870' title='bbox 3511 5338 3691 5429; x_wconf 30' lang='lat'><strong>37*?!</strong></span> 
     </span>
    </p>
   </div>
   <div class='ocr_carea' id='block_1_120' title="bbox 2171 5424 3689 5497">
    <p class='ocr_par' dir='ltr' id='par_1_120' title="bbox 2171 5424 3689 5497">
     <span class='ocr_line' id='line_1_122' title="bbox 2171 5424 3689 5497; baseline -0.013 -6"><span class='ocrx_word' id='word_1_871' title='bbox 2171 5436 2481 5492; x_wconf 74' lang='lat' dir='ltr'><strong>Mareellam</strong></span> <span class='ocrx_word' id='word_1_872' title='bbox 2526 5424 2772 5497; x_wconf 82' lang='lat' dir='ltr'><strong>:lmsqne</strong></span> <span class='ocrx_word' id='word_1_873' title='bbox 2828 5430 2974 5495; x_wconf 72' lang='lat' dir='ltr'><strong>ipsos</strong></span> <span class='ocrx_word' id='word_1_874' title='bbox 3020 5424 3469 5497; x_wconf 72' lang='lat' dir='ltr'><strong>Commentarios,</strong></span> <span class='ocrx_word' id='word_1_875' title='bbox 3507 5425 3689 5497; x_wconf 49' lang='lat' dir='ltr'><strong>_3‘&quot;P&#39;:a-r</strong></span> 
     </span>
    </p>
   </div>
   <div class='ocr_carea' id='block_1_121' title="bbox 2170 5486 3688 5572">
    <p class='ocr_par' dir='ltr' id='par_1_121' title="bbox 2170 5486 3688 5572">
     <span class='ocr_line' id='line_1_123' title="bbox 2170 5486 3688 5572; baseline -0.004 -25"><span class='ocrx_word' id='word_1_876' title='bbox 2358 5486 2497 5572; x_wconf 13' lang='lat' dir='ltr'><strong>cupi.</strong></span> <span class='ocrx_word' id='word_1_877' title='bbox 2532 5486 2589 5563; x_wconf 62' lang='grc'><strong>2,</strong></span> <span class='ocrx_word' id='word_1_878' title='bbox 2619 5512 2671 5552; x_wconf 83' lang='lat' dir='ltr'><strong>et</strong></span> <span class='ocrx_word' id='word_1_879' title='bbox 2684 5486 2821 5572; x_wconf 52' lang='lat' dir='ltr'><strong>:qttae</strong></span> <span class='ocrx_word' id='word_1_880' title='bbox 2850 5486 2916 5551; x_wconf 79' lang='lat' dir='ltr'><strong>ihi</strong></span> <span class='ocrx_word' id='word_1_881' title='bbox 2947 5497 3293 5572; x_wconf 74' lang='lat' dir='ltr'><strong>adnotamus.</strong></span> <span class='ocrx_word' id='word_1_882' title='bbox 3323 5491 3464 5572; x_wconf 68' lang='lat' dir='ltr'><strong>Adde</strong></span> <span class='ocrx_word' id='word_1_883' title='bbox 3481 5488 3521 5541; x_wconf 90' lang='lat' dir='ltr'><strong>si</strong></span> 
     </span>
    </p>
   </div>
   <div class='ocr_carea' id='block_1_122' title="bbox 2170 5547 3687 5635">
    <p class='ocr_par' dir='ltr' id='par_1_122' title="bbox 2170 5547 3687 5635">
     <span class='ocr_line' id='line_1_124' title="bbox 2170 5547 3687 5635; baseline -0.019 -5"><span class='ocrx_word' id='word_1_884' title='bbox 3056 5547 3187 5627; x_wconf 21' lang='lat' dir='ltr'><strong>Lyci</strong></span> <span class='ocrx_word' id='word_1_885' title='bbox 3214 5547 3687 5635; x_wconf 12' lang='lat' dir='ltr'><strong>tlergcnlitttnttuttti-</strong></span> 
     </span>
    </p>
   </div>
   <div class='ocr_carea' id='block_1_123' title="bbox 2174 5633 3607 5706">
    <p class='ocr_par' dir='ltr' id='par_1_123' title="bbox 2174 5633 3607 5706">
     <span class='ocr_line' id='line_1_125' title="bbox 2174 5633 3607 5706; baseline -0.015 -3"><span class='ocrx_word' id='word_1_886' title='bbox 2174 5668 2207 5704; x_wconf 82' lang='grc' dir='ltr'><strong>ιι</strong></span> <span class='ocrx_word' id='word_1_887' title='bbox 2236 5652 2337 5701; x_wconf 79' lang='lat' dir='ltr'><strong>bus</strong></span> <span class='ocrx_word' id='word_1_888' title='bbox 2375 5644 2714 5706; x_wconf 72' lang='lat' dir='ltr'><strong>Quaestiones</strong></span> <span class='ocrx_word' id='word_1_889' title='bbox 2750 5646 2801 5691; x_wconf 83' lang='lat' dir='ltr'><strong>in</strong></span> <span class='ocrx_word' id='word_1_890' title='bbox 2833 5633 3110 5698; x_wconf 75' lang='lat' dir='ltr'><strong>Genesim,</strong></span> <span class='ocrx_word' id='word_1_891' title='bbox 3141 5650 3266 5704; x_wconf 86' lang='lat' dir='ltr'><strong>cap.</strong></span> <span class='ocrx_word' id='word_1_892' title='bbox 3294 5633 3377 5685; x_wconf 77' lang='grc'><strong>10.</strong></span> <span class='ocrx_word' id='word_1_893' title='bbox 3598 5691 3607 5706; x_wconf 25' lang='grc' dir='ltr'><strong>ξ</strong></span> 
     </span>
    </p>
   </div>
   <div class='ocr_carea' id='block_1_124' title="bbox 2246 5701 3686 5776">
    <p class='ocr_par' dir='ltr' id='par_1_124' title="bbox 2246 5701 3686 5776">
     <span class='ocr_line' id='line_1_126' title="bbox 2246 5701 3686 5776; baseline -0.017 -5"><span class='ocrx_word' id='word_1_894' title='bbox 2246 5719 2267 5749; x_wconf 85' lang='grc'>⁸</span> <span class='ocrx_word' id='word_1_895' title='bbox 2314 5701 2573 5770; x_wconf 70' lang='lat' dir='ltr'><strong>Coitferas</strong></span> <span class='ocrx_word' id='word_1_896' title='bbox 2621 5709 2735 5765; x_wconf 58' lang='lat' dir='ltr'><strong>haec</strong></span> <span class='ocrx_word' id='word_1_897' title='bbox 2804 5718 3136 5763; x_wconf 80' lang='lat' dir='ltr'><strong>vetustarqu</strong></span> <span class='ocrx_word' id='word_1_898' title='bbox 3193 5701 3427 5776; x_wconf 76' lang='lat' dir='ltr'><strong>gentium</strong></span> <span class='ocrx_word' id='word_1_899' title='bbox 3479 5701 3686 5757; x_wconf 73' lang='lat' dir='ltr'><strong>nomina.</strong></span> 
     </span>
    </p>
   </div>
  </div>
