3950 6180
278 279 395 345 693

781 276 1274 340 COMMENTAR.
1333 279 1413 340 IN
1455 274 1721 338 ISAIAM
1767 271 2230 335 PBUPHETAM
2268 245 2416 335 LIB.
2443 224 2664 333 XVIlI.
2697 269 2854 331 CAP.
2897 269 3100 331 LXVI.

3429 263 3536 327 694

277 401 506 470 accepit.
539 400 642 467 Qui
673 401 862 456 nescio
890 398 1022 468 quid
1057 398 1322 461 volentes,
1359 397 1522 452 etiam
1563 396 1618 450 in
1646 393 1848 450 Genesi
1882 401 1923 454 Α
1951 390 2194 448 Joannes
2227 392 2420 448 scribit
2451 407 2466 448 :
2505 390 2624 460 Ipse
2657 401 2833 445 autem
2865 391 3026 446 Iesus
3056 403 3158 444 non
3179 384 3421 441 credebat
3479 397 3533 435 se

280 493 423 560 (cap.
451 491 802 559 xjultimnm
865 488 1034 542 lilium
1101 488 1292 554 Aram,
1338 487 1390 540 id
1419 495 1525 551 est,
1581 485 1842 555 Syrorum

279 581 551 648 Damasci,
606 581 700 652 qui
754 579 1058 650 appellatur
1116 578 1249 641 Mes,
1301 577 1648 645 interpretati
1721 585 1851 629 sunt

283 673 452 743 μοσόχ
484 689 499 730 :
527 688 622 741 pro
650 688 758 742 quo
785 687 884 726 nos
915 671 1120 726 rectius
1150 669 1393 726 Mmonas
1441 667 1850 724 transierimus.

280 763 492 817 Thubal
521 774 696 818 autem
722 764 837 819 sive
865 762 1096 827 Tbohel,
1127 773 1220 816 ant
1252 761 1400 815 Italia
1436 761 1851 829 interpretatur,

283 865 379 908 ant
410 853 605 921 Iberia,
642 855 744 910 hoc
771 865 875 920 est,
906 855 1164 925 Hispania
1187 895 1204 920 ,
1263 854 1333 908 ab
1388 852 1543 907 Ibero
1607 850 1856 915 ﬂumine,

283 947 425 1000 unde
468 957 524 1000 et
571 947 732 1000 hodie
758 945 1148 1016 Hispaniarqu
1181 947 1329 1014 regio
1385 944 1692 1014 appellatur
1739 939 1860 995 Cel-

285 1037 502 1093 ‘ibetia.
528 1039 602 1092 De
632 1024 828 1107 qnibus
844 1037 1068 1107 pulchre
1101 1037 1354 1091 Lucanus
1381 1035 1605 1106 (Lucan.
1628 1031 1723 1086 lib.
1741 1031 1814 1099 tv)
1845 1046 1862 1086 :

469 1221 719 1273 Gallorum
749 1221 906 1274 Cella
937 1223 1211 1271 miscentes
1235 1231 1416 1269 nomen
1437 1217 1616 1276 lberis;

283 1411 428 1466 quos
477 1410 581 1452 nos
625 1409 921 1465 possumus
969 1393 1397 1462 Gallohispanos
1442 1391 1649 1445 dicere.
1688 1386 1864 1443 Graeci

288 1499 500 1551 autem,
560 1488 649 1555 qui
688 1500 942 1542 sermone
968 1485 1238 1541 Hebraico
1270 1483 1616 1554 appellantur
1671 1481 1867 1546 lavan,

285 1578 460 1634 Jonas
504 1578 816 1648 signiﬁcant
863 1618 878 1632 .
916 1577 1066 1632 unde
1095 1576 1349 1632 etGraeci
1392 1573 1582 1639 Jones,
1618 1582 1674 1628 et
1720 1585 1874 1626 mare

284 1671 528 1725 Joninm.
591 1670 655 1723 Et
709 1671 810 1724 hoc
860 1669 1352 1732 considerandum,
1407 1667 1552 1736 quod
1633 1665 1873 1718 maxime

1952 483 2049 543 eis,
2083 482 2208 550 quia
2238 481 2432 535 sciebat
2480 497 2683 544 omnes,
2726 490 2772 534 et
2802 496 2904 535 non
2932 479 3152 534 habebat
3204 491 3429 538 necesse,
3478 483 3535 526 ut

1956 573 2150 640 aliquis
2180 573 2538 626 testimoniunt
2573 573 2719 625 daret
2764 573 2813 625 ei
2845 573 2908 625 de
2935 572 3148 624 homine
3179 584 3197 623 :
3233 569 3341 635 ipse
3389 566 3524 618 enim

1958 674 2168 720 noverat
2198 664 2323 735 quid
2344 673 2474 718 esset
2507 664 2560 718 in
2596 664 2806 718 homine
2834 663 3018 733 (Joan.
3051 677 3114 729 tt,
3145 659 3237 726 2!,
3292 657 3408 716 25).
3442 655 3539 710 Cui

1957 764 2011 811 et
2034 756 2165 811 illud
2217 756 2470 824 congruit
2508 774 2521 811 :
2560 755 2743 810 Sciens
2795 765 2971 810 autem
3007 751 3543 821 Jesuscogitationes

1960 863 2146 902 eorum
2178 846 2333 915 (Luc.
2369 862 2446 910 vt,
2484 847 2560 916 8).
2600 847 2663 900 Et
2707 848 2759 900 in
2791 847 2901 901 alio
2953 846 3071 900 loco
3104 843 3322 900 :Sciens
3365 851 3543 894 autem

1964 938 2121 992 Jesus
2151 939 2419 992 malitiam
2474 955 2660 992 eorum
2718 937 2935 1009 (Matth.
2995 953 3137 999 nit,
3183 935 3298 1004 l8).
3354 932 3429 987 Ac
3479 947 3546 986 ne

1964 1030 2142 1099 aliqua
2177 1031 2246 1084 sit
2285 1031 2578 1095 dubitatio,
2604 1031 2879 1088 litereticis
2927 1029 3256 1085 calumniam
3295 1021 3545 1080 facienti;

1964 1121 2068 1176 bus
2090 1121 2157 1174 de
2193 1119 2372 1176 Verbo
2411 1122 2529 1188 Dei,
2557 1122 2702 1190 quod
2731 1122 2946 1178 noverit
2964 1121 3170 1184 omnia,
3219 1121 3272 1174 in
3306 1117 3546 1189 Epistula

1965 1225 2089 1281 quae
2151 1212 2219 1265 ad
2274 1210 2560 1267 Hebraeos
2620 1213 2904 1279 scribitur,
2969 1213 3238 1284 prolixius
3305 1213 3548 1266 dicitur:

1978 1302 2164 1358 Vivens
2192 1313 2271 1358 est
2301 1307 2439 1359 enint
2471 1321 2643 1359 sermo
2675 1305 2793 1370 Dei,
2825 1315 2876 1360 et
2919 1306 3130 1361 evidens
3157 1317 3203 1360 et
3231 1315 3420 1360 acutus
3456 1321 3548 1358 su-

1970 1409 2065 1462 per
2094 1410 2298 1447 omnem
2331 1394 2570 1464 gladium
2624 1395 2916 1465 bicipitem,
2949 1405 3000 1451 et
3024 1396 3264 1452 dividens
3289 1412 3450 1466 usque
3483 1393 3552 1449 ad

1971 1487 2312 1555 partitionem
2355 1488 2552 1543 animo:
2585 1500 2634 1544 et
2685 1491 2928 1560 spiritus,
2983 1500 3200 1545 artuum
3241 1506 3446 1560 quoque
3506 1499 3553 1541 et

1974 1579 2352 1646 medullarum,
2387 1590 2436 1634 et
2459 1582 2633 1650 judea:
2663 1584 3047 1654 cogitationum
3074 1593 3123 1636 et
3154 1598 3403 1636 sensuum
3439 1597 3556 1634 σοι-ο

1976 1671 2078 1724 dis.
2118 1670 2392 1740 Nullaque
2448 1682 2529 1727 est
2571 1686 2820 1731 creatura
2860 1676 3143 1730 invisibilis
3173 1676 3227 1728 in
3277 1682 3557 1740 conspectu

287 1762 595 1818 Orientales
625 1764 690 1816 de
743 1761 946 1831 Japhet
981 1762 1228 1830 posuerit
1260 1733 1533 1816 nationes.
1573 1772 1680 1812 uno
1724 1756 1865 1810 iilio-
1897 1733 1943 1792 Β
1971 1761 2108 1825 eius.
2147 1733 2345 1817 Omnia
2375 1775 2554 1819 autem
2588 1766 2731 1819 nuda
2758 1777 2804 1820 et
2841 1780 3024 1834 aperta
3058 1779 3176 1821 sunt
3203 1766 3370 1820 oculis
3387 1733 3555 1830 illius,

288 1873 411 1912 rum
460 1855 573 1910 Noe
607 1872 621 1910 :
657 1856 787 1910 licet
815 1856 868 1909 in
896 1856 1122 1909 Tharsis
1168 1865 1222 1908 et
1248 1853 1423 1916 Pbud,
1455 1852 1580 1906 Sent
1635 1864 1856 1920 quoque

291 1947 570 2014 ctCham,
620 1947 673 2000 id
719 1956 824 2012 est,
853 1947 1020 2002 India;
1055 1955 1109 2001 et
1151 1945 1352 2000 Africa:
1385 1945 1664 1999 nominum
1704 1943 1868 1998 fuerit

289 2040 631 2104 recordatus,
666 2049 730 2094 ut
754 2049 924 2092 totum
950 2040 1136 2093 orbem
1170 2037 1507 2093 ostenderet.
1540 2035 1703 2092 Venit
1737 2051 1868 2107 ergo

292 2129 580 2195 Dominus,
618 2140 674 2184 nt
709 2144 877 2200 opera
924 2140 981 2184 et
1014 2128 1374 2196 cogitationes
1409 2139 1704 2198 congreget
1753 2127 1868 2181 sin-

291 2222 567 2290 gulorum.
621 2221 694 2275 Ex
733 2235 844 2292 quo
886 2221 1150 2275 discimus
1180 2237 1286 2274 non
1324 2219 1499 2275 solum
1531 2234 1722 2288 Opera,
1773 2217 1868 2273 sed

293 2323 350 2368 et
375 2313 735 2382 cogitationes
769 2326 893 2368 esse
928 2312 982 2366 in
1030 2311 1329 2381 diejudicii
1367 2311 1711 2380 iudicandas.
1765 2310 1870 2377 Qui

295 2408 442 2462 enim
471 2407 671 2461 viderit
722 2406 1006 2461 mulierem
1055 2405 1123 2460 ad
1183 2403 1704 2474 concupiscendum,
1757 2403 1869 2473 jam

298 2501 608 2554 moechatus
662 2508 748 2555 est
789 2513 926 2552 eam-
955 2501 1009 2552 itt
1044 2497 1208 2552 corde
1255 2511 1356 2550 suo
1410 2498 1625 2566 (Matth.
1685 2494 1760 2564 v).
1797 2495 1872 2551 De

297 2593 496 2662 quibus
527 2591 762 2646 dicitur:
791 2590 947 2644 Nunc
973 2590 1434 2643 circumdederunt
1466 2604 1554 2642 eos
1591 2588 1872 2657 cogitatio-

297 2700 391 2738 nes
439 2699 592 2736 sum:
627 2682 845 2752 quando
897 2680 1166 2749 judicabit
1223 2681 1486 2735 Dominus
1545 2680 1872 2735 abscondita

302 2776 579 2829 hominum
631 2773 926 2828 secundum
997 2771 1346 2843 Evangelinm
1411 2771 1544 2827 Jesu
1618 2773 1872 2839 Christi;

300 2876 362 2918 ιιι
398 2865 530 2919 illud
599 2867 740 2934 quod
799 2863 1092 2933 Apostolus
1133 2865 1348 2929 scribit,
1409 2867 1641 2921 veritate
1680 2865 1874 2933 iudicii

302 2957 711 3027 cntnprobetnr,
755 2957 978 3010 invicem
1024 2957 1434 3026 cogitationibus
1469 2959 1873 3022 accusantibus,

301 3056 353 3100 et
374 3048 846 3115 satisfacientibus,
870 3050 924 3102 in
967 3050 1051 3103 die
1069 3066 1172 3118 qua
1193 3048 1460 3118 judicabt't
1486 3050 1622 3104 Deus
1651 3052 1876 3104 abscon-

303 3141 418 3192 dita
436 3138 917 3209 hominum(Rom.
947 3156 1008 3203 tt,
1039 3141 1128 3210 15)
1161 3158 1176 3197 :
1210 3143 1645 3210 ntcogitationes
1676 3154 1879 3197 nostra:

304 3244 498 3285 omnes
532 3244 638 3284 uno
671 3239 914 3299 tempore
941 3243 1285 3300 congregata:
1313 3232 1459 3301 justo
1491 3232 1674 3302 judice
1699 3233 1715 3264 ¹
1755 3248 1884 3302 pro-

306 3323 526 3388 bentur,
579 3323 707 3376 dum
750 3335 843 3376 aut
899 3333 1125 3378 accusat
1155 3325 1325 3394 818
1367 3341 1466 3380 nos
1504 3336 1687 3380 nostra
1747 3340 1881 3379 con-

305 3416 561 3482 scientia,
627 3423 726 3469 aut
777 3415 1050 3471 satisfacit
1084 3433 1184 3487 pro
1232 3420 1453 3483 delicto,
1505 3430 1682 3472 utrum
1725 3421 1878 3490 plura

287 3508 420 3562 .sint
457 3517 705 3577 peccata,
728 3523 795 3560 an
822 3509 960 3561 bona
991 3523 1158 3578 Opera
1193 3521 1290 3566 :et
1313 3520 1492 3564 utrum
1553 3522 1758 3578 vetera,
1810 3529 1878 3566 an

309 3613 444 3652 nova
483 3611 708 3653 :utrum
739 3600 912 3656 deleta
959 3601 1310 3671 ptrnitentia,
1343 3617 1412 3655 an
1451 3604 1607 3656 novis
1658 3603 1884 3659 sci-leri-

307 3693 411 3748 ltus
437 3693 761 3752 instaurata.
789 3697 1007 3763 quando
1038 3695 1170 3749 dicit
1204 3695 1468 3750 Dominus
1506 3711 1519 3750 :
1556 3694 1680 3749 Vias
1699 3712 1880 3750 eorum

311 3783 433 3837 dedi
472 3785 528 3837 in
552 3787 726 3854 capita
755 3801 938 3840 eorum
962 3796 1045 3841 :et
1073 3788 1418 3857 cogitationes
1449 3803 1632 3840 eorum
1664 3787 1881 3841 reddam

305 3875 381 3929 eis
408 3875 566 3935 (Osee
596 3891 669 3940 tv,
699 3877 778 3948 9).
807 3877 911 3942 Qui
952 3877 1108 3946 ﬁnxit
1136 3879 1415 3947 siqillatim
1465 3881 1626 3933 corda
1676 3897 1881 3946 eorum,

309 3975 357 4020 et
385 3967 634 4038 intelligit
686 3970 863 4023 omnia
894 3987 1052 4040 opera
1110 3988 1289 4026 eorum
1331 3970 1502 4042 (Psal.
1546 3982 1716 4037 xxxii,
1770 3973 1882 4039 l5.)

313 4054 390 4109 De
420 4055 620 4123 quibus
678 4055 814 4110 etin
847 4056 954 4112 alio
996 4057 1114 4112 loco
1167 4060 1392 4125 legimus
1430 4077 1444 4116 :
1488 4065 1560 4114 Tu
1613 4065 1884 4132 cognoscis

309 4147 470 4200 corda
493 4145 762 4200 hominum
779 4149 923 4202 solus
947 4149 1031 4219 (Il
1059 4149 1244 4204 Paral.
1280 4167 1351 4214 vt,
1389 4153 1500 4223 50).
1537 4153 1705 4208 Nemo
1736 4157 1882 4210 enim

310 4237 418 4294 st'il
445 4253 566 4305 qua:
597 4239 706 4292 sint
736 4239 789 4292 in
827 4241 1072 4304 homine,
1106 4241 1208 4295 nisi
1247 4243 1473 4310 spiritus
1522 4243 1757 4298 hominis
1789 4246 1882 4314 qui

307 4338 391 4384 est
427 4330 481 4383 in
505 4344 568 4382 eo
595 4327 650 4396 (Ι
691 4328 817 4383 Cor.
841 4331 925 4398 ιι).
947 4330 1099 4386 Unde
1129 4342 1183 4384 et
1204 4347 1300 4400 per
1323 4331 1612 4386 Jeremiam
1645 4333 1888 4401 loquitur

1971 1856 2038 1908 de
2071 1872 2174 1925 quo
2212 1855 2366 1911 nobis
2407 1873 2579 1912 sermo
2607 1867 2686 1913 est
2717 1857 2926 1929 (Hebr.
2981 1874 3058 1924 tv,
3103 1858 3192 1922 i2,
3233 1856 3347 1927 15).
3400 1858 3562 1911 Post-

1973 1961 2139 2016 quam
2198 1957 2380 2002 autem
2417 1963 2609 2003 omnes
2643 1949 3006 2019 cogitationes
3038 1950 3093 2004 in
3132 1965 3297 2004 unum
3343 1948 3560 2003 iuerint

1975 2048 2340 2110 congregatae,
2381 2049 2709 2095 accusantes
2741 2056 2840 2095 nos
2868 2040 2952 2095 vcl
2983 2041 3352 2096 defendentes
3389 2057 3402 2093 ε
3437 2051 3564 2093 tunc

1975 2143 2166 2184 omnes
2213 2137 2402 2199 gentes
2453 2137 2508 2185 et
2558 2130 2756 2199 linguae
2787 2146 2911 2185 cum
2971 2131 3401 2199 cogitationibus
3440 2129 3563 2184 suis

1977 2221 2183 2288 pariter
2227 2222 2572 2277 adducentur
2626 2223 2677 2276 itt
2727 2223 2990 2278 medium.
3059 2222 3298 2292 Lingttas
3367 2229 3548 2276 autem

1973 2313 2128 2383 juxta
2169 2315 2473 2383 apostolum
2507 2313 2759 2379 Paulum,
2807 2315 2977 2385 819
3010 2330 3118 2368 non
3163 2315 3340 2370 solum
3378 2314 3564 2367 homi-

1979 2420 2105 2460 num
2137 2405 2390 2475 legimus,
2419 2408 2514 2461 sed
2543 2416 2597 2462 et
2628 2407 2950 2477 angelorum
3003 2403 3057 2475 (ι
3090 2404 3216 2461 Cor.
3259 2421 3355 2460 Xllt
3381 2403 3423 2475 ).
3484 2403 3565 2459 Es

1982 2512 2092 2567 quo
2153 2497 2382 2568 intelligi
2429 2499 2634 2564 datur,
2671 2513 2866 2554 omnes
2914 2508 3198 2553 creaturas
3247 2513 3277 2552 a
3336 2496 3566 2551 Domino

1975 2587 2316 2660 judicandas,
2347 2603 2453 2642 non
2483 2588 2659 2644 solum
2695 2603 2862 2658 super
2894 2597 3115 2651 terram,
3137 2574 3318 2642 sedin
3353 2598 3480 2640 aere
3509 2595 3566 2640 et

1983 2680 2037 2734 in
2065 2679 2406 2745 cmicstibus,
2439 2679 2595 2754 justa
2633 2681 2775 2748 quod
2811 2678 2928 2748 ipse
2981 2678 3035 2733 in
3069 2676 3450 2748 superioribus
3481 2677 3566 2731 di-

1982 2781 2176 2826 xerat:
2208 2770 2511 2826 Inebriatus
2557 2780 2632 2825 est
2668 2770 2879 2840 gladius
2909 2785 3054 2824 meus
3106 2770 3162 2823 in
3196 2769 3348 2836 ctelo,
3369 2771 3441 2822 ad
3463 2779 3570 2822 ter-

1984 2878 2200 2934 ramque
2223 2863 2496 2918 descendet
2523 2862 2657 2933 (Isa.
2683 2879 2867 2929 sutv,
2895 2859 3216 2933 5).Venient
3236 2872 3420 2917 autem
3451 2877 3572 2916 om-

1985 2969 2100 3019 nes,
2135 2965 2191 3010 ιιι
2227 2956 2440 3011 videant
2466 2956 2694 3026 gloriam
2720 2956 2813 3012 Dei
2839 2964 2925 3011 :et
2952 2964 3116 3026 ponet
3134 2954 3187 3010 in
3215 2954 3296 3010 eis
3325 2956 3567 3024 signum,

1985 3045 2129 3114 quod
2160 3045 2213 3100 in
2239 3045 2541 3102 Ezechielis
2584 3046 2854 3117 principio
2901 3045 3003 3100 sub
3048 3060 3190 3100 'rttsv
3235 3044 3430 3099 littera:
3463 3044 3573 3098 lie-

1982 3135 2182 3191 braicae
2225 3139 2674 3207 interpretatione
2704 3146 3041 3194 monstratur
3061 3138 3080 3209 (
3100 3136 3291 3191 Ezech.
3320 3137 3417 3208 ix).
3447 3135 3569 3202 Quo

1982 3227 2138 3296 signo
2199 3228 2294 3296 qui
2339 3228 2502 3283 fuerit
2558 3230 2880 3300 impressus,
2936 3229 3560 3301 manus-percutientis

1982 3319 2225 3390 eﬂugiet,
2261 3319 2373 3374 Hoc
2403 3329 2460 3374 et
2480 3330 2669 3391 postes
2695 3319 2982 3377 domorum
3023 3323 3079 3377 in
3110 3321 3348 3394 Egypto
3374 3323 3564 3393 signa-

1985 3412 2204 3479 bantur,
2258 3415 2479 3482 quando
2547 3424 2814 3483 pereunte
2870 3413 3126 3484 Egypto,
3179 3416 3330 3471 solus
3397 3415 3568 3471 lsrael

1985 3508 2192 3559 mansit
2256 3505 2457 3560 illmsus
2509 3505 2730 3578 (Exod.
2768 3507 2909 3578 Ill).
2950 3507 3026 3562 De
3053 3508 3158 3562 hoc
3192 3507 3348 3578 signo
3408 3510 3556 3574 quod

1985 3597 2166 3652 Acbaz
2203 3612 2295 3652 rex
2328 3596 2463 3651 Juda
2499 3597 2716 3654 nolebat
2741 3598 3024 3670 accipere,
3060 3600 3236 3655 Isaias
3298 3600 3565 3669 propheta

1988 3696 2256 3745 testatur:
2283 3688 2575 3759 Propterea
2594 3689 2741 3743 dabit
2779 3690 3039 3744 Dominus
3091 3690 3236 3744 vobis
3293 3691 3503 3759 signum
3543 3706 3563 3745 :

1986 3779 2123 3835 Ecce
2156 3782 2300 3852 virgo
2323 3781 2377 3834 in
2401 3790 2548 3836 utero
2587 3782 2910 3850 concipietet
2937 3783 3106 3850 pariet
3144 3779 3284 3852 (Isa.
3322 3797 3418 3844 vn,
3455 3783 3566 3851 ib).

1991 3871 2144 3928 Unde
2164 3881 2218 3927 et
2260 3872 2529 3942 Propheta
2562 3874 2708 3943 quod
2740 3873 3075 3943 promissutn
3114 3871 3318 3935 fuerat,
3374 3873 3572 3941 depre-

1989 3978 2143 4018 catur
2173 3981 2187 4022 :
2226 3962 2341 4020 Fac
2369 3980 2570 4018 mecum
2601 3966 2811 4036 signum
2841 3966 2896 4018 in
2930 3963 3122 4018 bonum
3160 3963 3330 4033 (Psal.
3369 3979 3568 4027 Lxxxv,

1991 4059 2104 4130 i7).
2139 4057 2205 4113 Et
2231 4059 2284 4114 in
2313 4060 2417 4114 alio
2448 4059 2568 4114 loco
2603 4075 2619 4116 ;
2657 4059 2865 4113 Dedisti
2917 4059 3265 4112 metuentibus
3297 4069 3346 4112 te
3396 4059 3565 4127 signi-

1990 4151 2313 4218 ﬁcationem,
2343 4161 2400 4204 ut
2433 4150 2673 4222 fugerent
2695 4169 2728 4205 a
2755 4152 2892 4221 facie
2927 4168 3086 4205 arcus
3119 4151 3295 4222 (Psal.
3327 4166 3440 4218 LII,
3483 4151 3564 4220 4),

1991 4243 2104 4298 Hoc
2139 4243 2294 4297 nobis
2329 4244 2395 4296 ad
2447 4244 2665 4298 Patrem
2718 4245 3026 4300 ascendens
3079 4243 3344 4299 Dominus
3371 4242 3572 4298 dereli—

1991 4332 2130 4401 quit,
2173 4331 2288 4386 sive
2342 4331 2398 4386 in
2451 4333 2655 4388 nostris
2713 4332 2986 4389 frontibus
3035 4335 3268 4403 posuit,
3298 4344 3357 4388 ut
3406 4334 3574 4387 libere

311 4423 454 4476 Deus
497 4435 511 4474 :
545 4421 654 4490 Ego
707 4420 847 4474 Deus
905 4423 1356 4491 appropinquans,
1389 4433 1438 4476 et
1472 4441 1576 4477 non
1601 4424 1666 4476 de
1709 4423 1880 4497 longe,
1913 4430 1970 4492 ι)
1997 4424 2302 4478 diceremus
2345 4437 2361 4478 :
2392 4421 2670 4494 Signatum
2723 4433 2796 4478 est
2844 4440 3003 4495 super
3032 4441 3124 4479 nos
3157 4424 3332 4479 lunten
3386 4424 3568 4478 vultus

310 4515 437 4565 dicit
461 4512 719 4566 Dominus
756 4529 774 4566 :
803 4511 1058 4580 Nunquid
1102 4515 1389 4568 abscondet
1409 4531 1463 4568 se
1482 4517 1534 4568 in
1557 4515 1885 4571 absconditis

311 4604 560 4666 homo,et
597 4619 688 4672 ego
728 4603 984 4673 ignorabo
1007 4603 1230 4674 (Jerent.
1270 4621 1431 4671 χχιιι,
1459 4606 1599 4675 ΞὸΗ
1643 4606 1888 4676 Denique

313 4695 376 4746 ad
415 4695 635 4748 Scribas
663 4694 861 4748 dicitur
887 4703 941 4748 et
967 4696 1032 4750 ad
1082 4695 1390 4752 Pharisaeos
1424 4716 1438 4753 ε
1484 4698 1584 4752 Vos
1626 4705 1748 4759 estis
1797 4703 1888 4776 qui

308 4784 618 4852 justi/iratis
670 4785 1012 4848 vasmetipso's
1093 4802 1273 4839 coram
1350 4789 1646 4844 hominibus
1677 4810 1696 4847 :
1750 4794 1887 4850 Deus

312 4883 490 4926 autem
515 4875 779 4944 cognoscit
827 4874 992 4928 corda
1019 4889 1192 4928 vestra
1221 4875 1372 4946 (Luc.
1395 4896 1506 4944 xvi,
1533 4882 1641 4951 15).
1683 4884 1738 4938 1η
1782 4901 1890 4953 quo

317 4966 804 5029 considerandum,
860 4969 1008 5038 quod
1073 4985 1179 5024 non
1229 4970 1450 5033 dixerit,
1499 4971 1681 5039 Pater,
1731 4977 1888 5046 juxta

318 5053 695 5109 haereticorum
772 5056 1167 5127 blasphemias,
1226 5074 1296 5111 ne
1345 5059 1540 5113 Filium
1600 5064 1878 5118 videretur

315 5145 624 5213 excludere,
663 5148 757 5201 sed
801 5148 940 5202 Deus
978 5161 996 5199 :
1029 5148 1172 5217 quod
1195 5147 1341 5203 Patri
1371 5148 1619 5220 Filioque
1646 5168 1889 5209 commuv

316 5251 380 5290 ne
416 5244 520 5291 est.
580 5235 646 5290 In
669 5239 927 5308 principio
959 5238 1108 5293 enim
1150 5246 1265 5292 erat
1322 5239 1564 5304 Verbum,
1589 5252 1636 5294 et
1667 5241 1889 5298 Verbum

311 5336 422 5381 erat
455 5328 600 5396 apud
630 5327 816 5396 Deum,
852 5343 900 5384 ct
932 5331 1077 5385 Deus
1105 5339 1220 5383 erat
1256 5329 1482 5384 Verbum
1517 5349 1534 5386 :
1563 5335 1660 5387 hoc
1687 5345 1803 5389 erat
1833 5337 1890 5391 in

309 5419 571 5488 principio
597 5424 741 5490 apud
777 5421 940 5476 Deum
969 5424 1150 5495 (luant.
1190 5438 1224 5487 ι,
1265 5411 1314 5487 f,
1362 5423 1442 5496 2).
1487 5425 1560 5480 Dc
1601 5444 1706 5496 quo
1743 5428 1886 5484 idem

317 5631 482 5696 atque
504 5621 895 5696 originescnm
923 5625 1008 5679 his
1035 5642 1174 5696 quas
1201 5637 1430 5683 enarrat
1461 5638 1605 5682 mmo
1641 5635 1802 5689 tertio
1834 5638 1887 5692 in

317 5687 714 5754 Qumstionibus
746 5691 911 5750 Hebr.
957 5696 1007 5750 in
1040 5687 1236 5755 Cenes.
1282 5714 1398 5769 cap.
1435 5716 1486 5766 ι,
1518 5700 1550 5752 2
1582 5711 1634 5758 ct
1661 5687 1816 5776 seqq.

1995 4515 2094 4582 tui,
2136 4513 2358 4569 Domine
2405 4513 2575 4585 (Psal.
2609 4529 2682 4579 tv,
2720 4517 2798 4585 7).
2833 4516 2987 4582 Quod
3043 4529 3225 4573 autem
3279 4519 3571 4585 sequitur:

1993 4605 2063 4659 Et
2091 4608 2296 4660 mittam
2323 4623 2387 4661 ea:
2409 4608 2489 4660 eis
2512 4609 2602 4677 qui
2634 4607 2828 4661 saluati
2884 4608 3082 4677 fuerint
3143 4610 3213 4663 ad
3256 4619 3434 4680 gentes
3459 4623 3478 4661 :
3514 4617 3570 4662 et

1993 4697 2235 4767 singulas
2264 4707 2576 4764 enumerat,
2616 4698 2833 4754 videtur
2868 4702 3200 4771 expositioni
3231 4711 3429 4756 nostra:
3450 4714 3572 4754 esse

1992 4789 2357 4844 contrarium.
2419 4791 2476 4846 Si
2510 4792 2657 4846 enim
2697 4795 2763 4848 de
2795 4793 2883 4847 die
2915 4793 3107 4864 judicii
3162 4794 3366 4846 dicitur
3397 4809 3411 4847 :
3438 4806 3574 4861 quo-

1995 4882 2155 4935 modo
2205 4896 2425 4937 rursum
2455 4885 2520 4938 ad
2579 4884 2812 4952 primum
2857 4885 3097 4940 recurrit
3140 4883 3446 4938 Salt'atoris
3476 4884 3572 4938 ad»
3623 4883 3629 4890 ’

1993 4983 2239 5041 ventum,
2271 4975 2490 5043 quando
2536 4977 2768 5046 apostoli
2805 4976 3115 5046 diriguntur
3142 4975 3208 5030 ad
3248 4986 3463 5045 gentes,
3515 4987 3572 5031 et

1995 5065 2228 5120 audiunt
2257 5080 2286 5119 a
2315 5066 2544 5120 Domino
2571 5085 2586 5120 ε
2617 5065 2720 5133 lte,
2746 5066 2925 5120 docete
2961 5081 3140 5120 omnes
3155 5076 3358 5136 gentes,
3389 5066 3568 5137 bapti-

1993 5165 2185 5212 zantes
2210 5173 2300 5211 eas
2325 5159 2379 5212 in
2406 5159 2616 5213 nomine
2642 5156 2906 5212 Patriset
2935 5155 3066 5211 Filii
3101 5167 3149 5212 et
3170 5157 3404 5227 Spiritus
3446 5177 3572 5214 satu

1995 5251 2070 5304 cli
2094 5248 2308 5317 (Matth.
2350 5265 2550 5314 xxvm,
2579 5250 2702 5320 i9.)
2751 5249 2906 5315 Quod
2956 5250 3030 5303 ita
3067 5251 3296 5306 solvitur
3327 5251 3568 5306 :Judicii

1995 5341 2324 5410 praedicatur
2361 5341 2498 5405 dies,
2539 5341 2648 5396 imo
2708 5342 3096 5407 comminatur,
3159 5353 3220 5398 ut
3286 5352 3434 5398 metu
3480 5343 3569 5398 iu-

1998 5441 2132 5484 turat
2189 5443 2385 5499 patum,
2455 5431 2726 5500 recipiant
2793 5431 3100 5489 Salvatoris
3165 5433 3460 5489 adventum
3510 5442 3568 5491 et

2068 5637 2084 5667 ¹
2125 5635 2368 5708 \’ic_tor.,
2412 5633 2635 5708 justum
2659 5633 2900 5705 judicem
2957 5635 3228 5708 probent,_
3252 5650 3320 5708 gs
3355 5635 3564 5708 aliquot

1995 5721 2124 5765 mss.
2151 5705 2240 5765 cui
2265 5715 2319 5765 et
2339 5704 2491 5763 Pauli
2514 5704 2888 5764 testimonium
2906 5706 3150 5765 concinit
3165 5706 3232 5764 ad
3251 5704 3480 5764 Roman.
3495 5722 3580 5768 n..
