3906 6172
435 274 550 338 695

1604 282 1664 344 S.
1710 283 2023 344 EUSEBH
2065 282 2509 344 HIEliONi’MI

3533 294 3625 353 696

438 385 812 458 apostolorum
843 390 1210 462 Evangelium,
1247 395 1344 464 qui
1384 406 1510 449 ante
1552 397 1798 451 mittendi
1846 405 1994 450 sunt.
2028 407 2070 463 Α
2096 397 2255 466 821
2290 398 2539 467 gentibus
2562 398 2605 460 ⁸,
2627 404 2682 452 et
2711 398 2979 453 adducent
3003 413 3193 454 omnes
3219 399 3411 457 fratres
3440 416 3623 460 vestros

442 482 671 539 Pulchre
702 492 882 539 autem
919 485 1056 541 dixit
1091 505 1103 541 :
1134 488 1201 541 Et
1231 491 1431 541 mittant
1473 504 1539 542 ea:
1575 488 1652 542 eis
1686 489 1776 557 qui
1805 489 1996 542 saluati

432 578 629 647 fuerint
664 579 801 652 (lsa.
850 596 995 646 ut't,
1038 582 1147 651 18).
1195 582 1307 636 Nisi
1343 583 1487 637 enim
1539 582 1800 637 Dominus
1837 582 1995 636 nobis

436 670 750 740 reliquisset
820 687 1028 737 semen,
1095 675 1248 741 quasi
1313 674 1546 729 Sodoma
1610 690 1880 739 essemus,
1939 681 1995 727 et

433 761 637 818 similes
671 762 989 819 Gomorrhm
1020 764 1334 823 fuissemus.
1392 766 1458 820 Et
1486 767 1779 835 Apostolus
1810 783 1825 821 :
1852 766 1995 821 Reli-

431 851 592 922 quite,
624 854 825 921 inquit,
881 854 1037 910 salt-te
1067 856 1224 924 facta:
1275 866 1397 910 sunt
1429 858 1607 928 (Rom.
1634 875 1711 925 tx,
1740 858 1852 927 27).
1903 857 1994 911 Isti

431 944 720 999 mittuntur
764 944 830 1000 ad
861 956 1050 1013 gentes
1085 948 1137 1001 in
1181 948 1429 1013 Tbarsis,
1458 959 1513 1003 et
1554 948 1731 1014 Pbud,
1768 964 1819 1004 et
1852 949 1991 1013 Lud,

431 1042 486 1089 et
512 1033 756 1097 Mosoch,
782 1045 837 1089 et
867 1034 1098 1100 Tltobel,
1134 1047 1187 1092 et
1217 1038 1503 1104 Graeciam,
1547 1050 1602 1094 et
1640 1039 1843 1093 insulas
1872 1039 1993 1105 plu-

428 1125 595 1180 rimas
625 1141 742 1194 quae
766 1126 923 1198 longe
952 1137 1099 1193 eunt,
1133 1140 1183 1181 et
1218 1145 1337 1199 qua:
1372 1146 1475 1183 non
1506 1130 1794 1184 audierunt
1824 1130 1993 1199 820

432 1231 625 1275 nomen
684 1216 920 1281 Domini,
972 1234 1144 1287 neque
1180 1220 1428 1274 viderunt
1478 1220 1703 1288 gloriam
1737 1220 1877 1287 ejus.
1923 1221 1997 1274 De

427 1307 625 1374 quibus
660 1307 809 1376 juxta
856 1309 1135 1364 historiam
1188 1326 1348 1379 supra
1386 1312 1620 1367 diximus
1669 1312 1806 1381 (cap.
1868 1310 1993 1377 ιιι).

425 1393 578 1451 Nune
600 1399 913 1468 stringcuda
940 1410 1021 1454 est
1047 1415 1309 1470 auagoge.
1341 1401 1555 1456 Tharsis
1582 1402 1991 1471 interpretatur,

432 1486 725 1548 exploratio
772 1489 793 1520 ‘
824 1490 1056 1559 gaudii:
1090 1500 1145 1545 ut
1170 1494 1580 1547 consideremus
1640 1510 1747 1547 non
1783 1510 1845 1547 ea
1878 1509 1999 1561 qua;

434 1576 489 1631 itt
554 1580 803 1648 praesenti
840 1590 991 1644 sunt,
1053 1582 1147 1635 sed
1187 1598 1308 1651 qua:
1362 1584 1413 1636 itt
1453 1585 1635 1636 futuro
1670 1593 1758 1650 ;et
1809 1586 1999 1641 audire

432 1685 791 1727 mereamur:
847 1671 984 1738 Quia
1052 1674 1109 1726 in
1191 1675 1374 1741 paucis
1441 1674 1621 1743 fuistis
1676 1675 1882 1743 ﬁdeles,
1918 1676 2001 1729 in-

2098 492 2163 541 de
2187 489 2396 543 cunctis
2420 487 2667 556 gentibus
2714 490 2911 544 donum
2937 489 3189 555 Domino.
3221 493 3270 546 in
3301 496 3469 563 equis,
3508 508 3554 549 et
3578 499 3629 551 iu.

2098 580 2405 648 quadrigis,
2434 591 2488 636 et
2518 581 2571 634 in
2607 583 2917 648 lecticis,.et
2939 583 2990 637 in
3029 583 3209 648 mulis,
3236 594 3289 640 et
3313 586 3364 639 iu
3396 591 3624 654 carrucis,

2098 671 2165 727 ad
2207 683 2444 727 montem
2485 683 2737 730 sanctum
2785 690 2963 731 meum
3009 676 3334 743 Jerusalem,
3378 679 3501 735 dicit
3535 683 3625 737 Du-

2101 766 2301 818 niinus.
2341 784 2361 818 s
2397 764 2541 820 LXX
2572 783 2585 821 :
2632 785 2651 819 ι
2694 768 2761 821 Et
2789 769 3190 825 annuutiabunt
3224 770 3438 839 gloriam
3478 789 3625 829 meant

2100 855 2152 909 in
2181 856 2439 925 gentibus
2469 874 2482 910 :
2512 866 2568 913 et
2592 858 2868 913 adducent
2901 859 3098 914 fratres
3130 871 3337 916 vestros
3367 862 3430 916 de
3445 868 3628 917 cunctis

2101 945 2413 999 nationibus
2443 946 2647 1001 donum
2698 946 2951 1013 Domino,
3001 964 3123 1002 cum
3157 950 3334 1013 equis,
3371 962 3421 1004 et
3452 954 3627 1015 rhedis,

2098 1034 2153 1087 in
2190 1035 2457 1101 lampenis
2484 1037 2777 1101 mulorum,
2811 1053 2933 1092 cum
2965 1040 3298 1094 umbraculis
3325 1040 3376 1094 in
3416 1051 3627 1097 sam-tant

2099 1125 2376 1179 civitatem
2434 1126 2759 1195 Jerusalem,
2821 1129 2953 1183 dicit
3007 1130 3289 1184 Dominus.
3358 1149 3378 1182 ι
3439 1130 3495 1184 ili
3554 1136 3628 1201 qui

2099 1216 2233 1271 Salvi
2267 1216 2491 1281 iuerint.
2517 1228 2574 1281 et
2600 1219 2753 1275 missi
2781 1220 2849 1273 ad
2882 1222 3062 1276 varias
3100 1223 3371 1285 nationes,
3398 1232 3449 1277 et
3474 1224 3531 1275 ad
3553 1242 3631 1276 rus

2099 1305 2190 1373 qui
2221 1321 2324 1360 non
2356 1308 2643 1363 audierant
2669 1310 2926 1377 priutum,
2960 1327 3136 1381 neque
3163 1313 3408 1365 viderunt
3435 1313 3630 1381 gloriam

2101 1396 2334 1461 Domini,
2392 1400 2799 1455 annuntiabunt
2851 1416 2971 1455 eam
3024 1405 3239 1456 cunctis
3287 1405 3543 1471 gentibus,
3589 1414 3637 1458 et

2099 1488 2371 1543 adducent
2412 1490 2612 1545 fratres
2646 1493 2831 1562 populi
2860 1493 3097 1556 Iudaici,
3145 1510 3375 1564 quorum
3426 1497 3636 1566 reliquist

2098 1577 2259 1633 salvas
2286 1577 2443 1635 factm
2471 1591 2617 1645 sunt,
2653 1598 2851 1639 munus
2874 1584 3106 1639 Domine
3148 1588 3218 1639 de
3248 1587 3507 1641 universis
3528 1602 3639 1656 gen-

2100 1668 2247 1724 tibus
2279 1687 2293 1723 :
2331 1671 2415 1725 vel
2460 1672 2608 1740 ipsos
2640 1673 2734 1741 qui
2773 1674 3089 1729 idololatriae
3120 1690 3313 1730 errore
3340 1686 3637 1746 contempto.

429 1764 739 1833 gredientini
792 1765 844 1817 in
871 1766 1127 1834 gaudium
1182 1764 1399 1821 Domini
1425 1770 1584 1822 uestri
1616 1765 1835 1836 (Matth.
1866 1783 1997 1832 xxv,
2033 1746 2074 1806 Β
2104 1759 2217 1813 veri
2252 1758 2345 1815 Dei
2382 1763 2635 1817 n0titiam
2661 1774 2791 1819 sunt
2815 1765 3012 1830 secuti,
3046 1767 3130 1821 vel
3168 1768 3261 1835 qui
3293 1767 3359 1821 de
3400 1776 3507 1821 toto
3529 1774 3641 1822 orbe

430 1856 546 1921 2|).
606 1855 680 1912 De
710 1872 817 1927 quo
845 1867 898 1910 et
932 1859 1125 1913 Petrus
1150 1861 1429 1929 apostolus
1450 1861 1641 1915 scribit
1675 1878 1689 1915 :
1720 1859 2000 1913 Exsultat:

431 1946 633 2029 gaudio
680 1948 933 2018 ineffabili
954 1960 1002 2004 et
1047 1952 1278 2021 glorioso
1330 1951 1408 2022 (1
1442 1951 1592 2006 Petr.
1650 1969 1689 2018 t,
1752 1952 1878 2016 8);
1943 1958 2001 2005 ut

431 2037 715 2093 laudemus
747 2039 912 2095 Deum
943 2042 1185 2110 dieenles
1217 2059 1232 2097 :
1272 2040 1552 2109 Implelum
1575 2054 1652 2096 est
1692 2045 1888 2112 gaudio
1945 2058 2001 2093 os

432 2140 754 2195 uostrum,et
791 2130 973 2201 lingua
996 2140 1183 2184 nostra
1222 2132 1576 2187 exsultatione
1608 2131 1785 2200 (Psal.
1838 2147 1998 2196 cxxv,

432 2222 511 2291 2).
570 2222 832 2291 Quodque
865 2222 1129 2292 sequitur,
1179 2224 1328 2277 Phud
1363 2225 1824 2293 ’interpretatur,
1896 2226 2001 2278 oris

437 2312 667 2366 exrlusio
696 2330 715 2367 :
748 2325 805 2367 ut
828 2329 1043 2368 omnem
1079 2315 1428 2371 excludentes
1478 2316 1894 2385 blasphemiam,
1938 2332 2001 2369 ea

437 2403 725 2473 loquamur
757 2420 876 2473 quae
910 2405 1048 2459 bona
1103 2414 1251 2471 sunt,
1312 2416 1474 2475 atque
1533 2406 1781 2461 dicamus
1840 2424 1856 2458 :
1928 2404 2001 2460 0s

435 2510 609 2549 meum
659 2496 990 2549 annuntiabit
1033 2496 1306 2565 justitiam
1360 2508 1552 2563 tuam,
1592 2496 1862 2551 Domine:
1892 2508 2001 2551 tota

432 2588 517 2641 die
571 2588 807 2643 salutare
862 2599 1007 2642 tuum
1049 2589 1223 2657 (Psal.
1276 2605 1403 2655 ιιι,
1464 2589 1572 2651 15).
1608 2588 1674 2643 Ει
1729 2608 1945 2647 rursum
1988 2612 2002 2647 :

437 2680 558 2734 Non
622 2681 876 2735 abscondi
941 2684 995 2734 in
1046 2684 1202 2735 corde
1251 2698 1362 2736 meo
1413 2684 1682 2737 reritatem
1732 2695 1899 2749 luant,
1955 2694 2003 2738 et

437 2774 673 2825 salutare
708 2781 856 2823 tuum
896 2770 1009 2824 dixi
1041 2770 1213 2841 (Psnl.
1248 2788 1430 2837 xxxtx,
1475 2773 1582 2843 il).
1628 2772 1741 2826 Lud
1795 2790 2006 2849 quoque

436 2866 488 2918 itt
544 2864 727 2931 lingua
783 2875 993 2928 nostra,
1052 2865 1253 2918 utilitas
1323 2866 1571 2932 vertitur,
1643 2876 1699 2920 et
1766 2865 2004 2931 ΜυεοιΙι,

433 2956 674 3008 extensio
695 2955 735 3019 ³,
759 2967 810 3009 et
844 2954 1066 3018 Thubal,
1092 2956 1207 3011 sive
1230 2955 1443 3023 T/tobel,
1469 2958 1657 3010 ductus
1688 2958 1755 3010 ad
1780 2958 2002 3019 luctum,

436 3046 523 3100 vel
547 3062 846 3109 conversus,
876 3057 969 3101 aut
1009 3048 1293 3102 universa‘
1324 3064 1342 3103 :
1367 3064 1488 3118 qua:
1516 3052 1699 3104 omnia
1733 3050 2007 3105 vocationi
2034 3075 2078 3134 ο

436 3138 689 3211 gentium
733 3148 1063 3208 congruunt,
1096 3148 1154 3193 ut
1208 3140 1496 3196 utilitatem
1553 3154 1850 3211 sequantur
1910 3157 2009 3211 per

443 3229 846 3299 confessionem
888 3231 1086 3285 anima:
1122 3246 1257 3297 suae,
1290 3241 1346 3288 et
1379 3234 1781 3302 praeteritorum
1823 3236 2007 3299 obliti,

444 3324 511 3375 ad
564 3319 745 3375 futura
785 3321 1165 3376 extendantur.
1208 3321 1557 3394 Lugeantque
1607 3324 1826 3395 antiqua
1882 3341 2009 3394 pec-

444 3422 588 3476 cata,
617 3423 671 3467 et
701 3412 983 3467 trahantur
1015 3416 1079 3467 ad
1126 3414 1331 3468 luctum
1364 3424 1524 3485 atque
1556 3416 1854 3481 tristitiam,
1890 3433 2013 3487 quas

444 3502 593 3556 ducit
642 3501 707 3556 ad
761 3502 950 3556 vitam.
1011 3500 1161 3555 Beati
1214 3503 1412 3571 quippe
1451 3502 1720 3570 lugentes,
1758 3503 2013 3571 quoniam

442 3596 545 3663 ipsi
580 3594 831 3661 ridebunt
884 3592 1126 3663 (Matth.
1154 3594 1231 3664 v).
1288 3593 1351 3648 Et
1384 3603 1772 3649 convertantur
1823 3609 2015 3649 omnes

445 3690 511 3740 nd
572 3688 890 3753 Dominum,
927 3697 985 3740 ιιι
1015 3697 1201 3755 postea
1230 3696 1509 3743 transeant
1543 3689 1609 3742 ad
1656 3688 1912 3759 gratiam,
1959 3698 2014 3743 et

446 3778 621 3835 sciant
677 3780 877 3834 dictum
910 3780 977 3834 ab
1023 3779 1278 3853 Apostolo
1338 3798 1353 3835 :
1410 3778 1620 3843 Gloria,
1658 3788 1707 3833 et
1750 3780 1937 3844 honor,
1965 3791 2014 3835 et

448 3888 554 3939 pas:
579 3873 723 3926 omni
767 3874 1004 3939 aperanti
1028 3872 1239 3935 bonum,
1263 3868 1453 3927 Juda'o
1497 3873 1728 3941 primunt
1755 3881 1802 3926 et
1832 3871 2015 3927 Graeco

451 3967 651 4036 (Rom.
687 3982 747 4031 ti,
810 3967 902 4035 10)
944 3982 958 4023 ;
1000 3966 1255 4036 quoniam
1310 3981 1415 4020 non
1479 3966 1653 4021 solum
1705 3964 2015 4022 Judaorum

452 4058 616 4122 Dens,
645 4055 736 4110 sed
768 4065 823 4111 et
870 4055 1130 4123 gentium.
1170 4055 1343 4111 l’orro
1403 4056 1535 4110 illud
1569 4054 1712 4125 quod
1773 4055 2017 4110 dicitur:

453 4150 521 4207 Et
551 4149 740 4203 insulis
760 4149 1099 4217 procul,qua:
1141 4163 1242 4201 non
1271 4138 1551 4201 audierunt
1599 4162 1787 4201 nomen
1826 4162 2017 4212 meum,

451 4259 616 4311 neque
656 4242 896 4295 viderunt
950 4240 1176 4309 glorians
1230 4258 1424 4304 meum,
1485 4239 1590 4294 illis
1637 4238 1912 4304 convenit,
1956 4239 2022 4293 de

449 4337 654 4404 quibus
686 4350 846 4403 supra
891 4334 1118 4403 legimus
1156 4350 1171 4389 :
1204 4332 1403 4398 Quibus
1446 4349 1547 4387 non
1586 4342 1659 4385 est
1712 4333 2017 4385 nuntiatunt

2104 1863 2170 1905 ex
2219 1848 2382 1905 lsrael
2434 1854 2636 1921 populo
2668 1855 3043 1911 crediderunt.
3083 1857 3165 1910 Ad
3200 1872 3340 1925 quos
3385 1858 3559 1913 scribit
3595 1868 3642 1911 et

2102 1941 2378 2009 apostolus
2412 1942 2607 1999 Petrus
2666 1942 2721 2015 (I
2754 1943 2902 2001 Petr.
2960 1950 3021 2016 t).
3072 1948 3359 2003 Adducent
3395 1957 3556 2009 autem
3597 1949 3643 2001 in

2103 2033 2278 2101 equis,
2314 2043 2368 2087 et
2406 2035 2458 2089 in
2493 2037 2797 2107 quadrigis,
2839 2049 2895 2094 et
2944 2040 2998 2095 in
3032 2040 3267 2107 lecticis,
3307 2052 3362 2095 et
3405 2041 3454 2095 itt
3485 2040 3643 2104 mulis,

2104 2127 2234 2180 etin
2267 2128 2537 2184 carrucis.
2586 2128 2692 2184 Pro
2719 2132 2980 2198 carrucis,
3024 2148 3160 2201 quas
3217 2134 3367 2188 solus
3414 2134 3646 2201 interpre-

2109 2226 2247 2270 tatus
2268 2227 2351 2271 est
2395 2217 2772 2289 Symmachus,
2811 2238 2972 2292 quem
3003 2239 3099 2280 nos
3131 2227 3180 2278 in
3218 2226 3320 2279 hoc
3350 2227 3473 2281 loco
3501 2225 3645 2278 senui

2106 2321 2318 2371 sumus,
2346 2309 2563 2377 Aquila,
2591 2308 2968 2383 Septuaginta,
3014 2325 3069 2368 et
3120 2315 3441 2380 'l‘heodotio,
3484 2315 3649 2379 mulos,

2109 2398 2528 2455 transtulerunt.
2574 2399 2641 2453 Et
2700 2402 2788 2455 ubi
2847 2418 3079 2472 posuere
3129 2404 3504 2474 Septuaginta,
3549 2422 3648 2459 sunt

2108 2489 2454 2558 umbraculis,
2491 2507 2610 2560 qua:
2656 2507 2755 2547 nos
2794 2494 3107 2549 dormitoria
3163 2496 3505 2567 interpretari
3546 2510 3649 2565 pos-

2109 2596 2318 2646 sumus,
2366 2582 2450 2636 vel
2488 2583 2780 2650 basternas,
2814 2584 2906 2639 alii
2938 2601 3067 2641 voce
3104 2602 3349 2643 consona
3389 2588 3647 2641 transtule-

2109 2682 2233 2727 runt
2265 2676 2459 2744 φορεῖα
2500 2675 2519 2705 ⁸
2549 2690 2671 2744 qua:
2704 2692 2804 2731 nos
2838 2678 2973 2730 varii
3006 2679 3228 2746 generis
3266 2678 3651 2747 interpretamur

2108 2764 2359 2821 vehicula
2408 2782 2423 2819 :
2479 2766 2570 2820 ubi
2620 2777 2804 2821 autent
2860 2766 3213 2838 Septuaginta
3268 2780 3323 2825 et
3383 2768 3652 2823 Tlieodotio

2112 2854 2382 2922 dixerunt,
2419 2858 2717 2926 lampsnas,
2754 2874 2855 2928 pro
2885 2859 3085 2929 quibus
3123 2859 3498 2930 Symmachus,
3522 2859 3650 2912 lecti-

2112 2964 2203 3003 cas
2264 2950 2650 3020 interpretatus
2704 2961 2808 3015 est,
2862 2950 3084 3019 Aquila,
3136 2952 3423 3006 σκεπαστά
3475 2951 3649 3019 posuit,

2115 3039 2255 3109 quod
2292 3051 2347 3094 et
2377 3042 2549 3111 ipsum
2598 3042 2820 3098 lecticas
2866 3056 3091 3112 opertas
3131 3044 3366 3112 pellibus
3393 3043 3650 3112 signiﬁcat.

2115 3132 2226 3188 lloe
2263 3136 2329 3188 de
2358 3137 2621 3190 varietate
2673 3138 3085 3193 translationum
3121 3139 3326 3195 dictant
3371 3140 3459 3194 sit.
3499 3140 3654 3206 Equus

2113 3237 2317 3290 autetn,
2348 3234 2403 3281 et
2450 3229 2766 3296 quadrigas,
2823 3238 2880 3284 et
2929 3228 3182 3292 lecticas,
3224 3240 3280 3284 et
3319 3232 3487 3285 titulos
3515 3241 3653 3293 atque

2114 3332 2395 3382 carrucas,
2455 3330 2508 3373 et
2561 3321 2761 3374 divorsi
2817 3321 3035 3392 generis
3092 3322 3368 3381 vehicula.
3428 3322 3653 3389 Angclna

2113 3424 2400 3478 possumus
2436 3410 2736 3479 intelligere
2765 3412 3093 3476 ministeria,
3117 3414 3185 3466 de
3214 3414 3417 3483 quibus
3448 3413 3567 3466 alibi
3599 3411 3655 3464 ad

2114 3505 2281 3559 Deum
2318 3506 2559 3561 dicitur:
2596 3506 2830 3561 Ascende
2863 3524 3050 3576 supera
3093 3524 3231 3577 quos
3285 3519 3424 3573 tuos,
3447 3518 3489 3561 et
3533 3508 3657 3578 equi-

2115 3600 2249 3651 tutio
2289 3608 2380 3651 tua
2418 3599 2564 3652 salus
2602 3599 2834 3668 (llabac.
2873 3615 2951 3665 ιιι,
2983 3600 3059 3670 8).
3095 3599 3192 3654 llis
3218 3602 3401 3669 equis,
3439 3598 3660 3654 curribus

2116 3698 2170 3747 et
2199 3692 2478 3759 quadrigis
2507 3692 2656 3746 Elius
2686 3703 2875 3762 raptus
2915 3695 2980 3746 ad
3007 3693 3212 3748 ciuium
3250 3706 3356 3756 est,
3388 3691 3659 3748 ctEliscus

2119 3779 2449 3841 circumdari
2486 3795 2544 3835 se
2578 3790 2741 3848 atque
2785 3781 3017 3846 servari,
3066 3782 3333 3837 nescienti
3382 3795 3538 3849 puero
3581 3777 3659 3829 de-

2120 3873 2438 3929 monstravit
2464 3872 2515 3940 (1
2537 3871 2573 3925 V
2594 3872 2722 3942 Reg.
2748 3872 2829 3943 ιι).
2851 3873 2915 3927 Et
2937 3872 3232 3928 Zacharias
3262 3872 3396 3926 vidit
3421 3872 3468 3924 in
3490 3878 3657 3922 nocte:

2121 3962 2256 4019 Ecce
2317 3966 2396 4019 uir
2449 3966 2731 4018 ascendens
2778 3980 2937 4033 super
2994 3980 3182 4028 equum
3230 3964 3410 4032 rufum
3442 3977 3460 4015 :
3489 3971 3533 4012 et
3578 3960 3662 4010 ists

2119 4059 2295 4111 stabat
2316 4057 2371 4110 in
2393 4056 2562 4109 medio
2582 4057 2808 4110 duorum
2833 4057 3084 4109 montium
3105 4055 3279 4124 323
3299 4054 3660 4107 umbrosaruut:

2122 4157 2308 4215 etpost
2337 4164 2456 4202 eum
2500 4148 2616 4214 equi
2655 4147 2779 4215 rufi,
2810 4157 2857 4200 et
2912 4146 3165 4206 sturnini,
3202 4155 3251 4199 et
3286 4144 3442 4205 uarii,
3469 4155 3513 4196 et
3550 4140 3659 4200 albi.

2122 4249 2169 4295 et
2227 4240 2359 4303 disci,
2410 4238 2609 4304 inquit,
2641 4238 2764 4306 quid
2795 4248 2916 4291 sunt
2944 4237 3057 4299 isti,
3096 4234 3367 4288 Domine?
3412 4231 3479 4286 Et
3508 4234 3573 4284 ait
3604 4229 3660 4282 ad

2126 4344 2207 4381 me
2271 4325 2487 4397 angelus
2532 4327 2620 4395 qui
2666 4325 2979 4396 loquebatur
3038 4325 3091 4377 in
3128 4340 3247 4378 me:
3276 4323 3388 4391 Ege
3419 4322 3661 4375 ostendam

453 4437 517 4480 de
552 4443 633 4489 eo,
668 4426 955 4478 ridebunt:
989 4437 1034 4478 et
1066 4427 1155 4493 qui
1192 4441 1293 4478 non
1354 4424 1663 4487 audierunt,
1724 4424 2013 4493 intelligent
2052 4410 2094 4469 ί)
2126 4422 2219 4473 tibi
2260 4420 2387 4488 quid
2442 4420 2546 4471 sint
2592 4418 2701 4473 isti.
2751 4417 2816 4471 Et
2868 4415 3130 4484 respondit
3163 4416 3242 4467 t'ir
3281 4416 3372 4485 qui
3401 4413 3565 4468 stabat
3618 4411 3663 4459 iu

455 4518 473 4587 (
507 4515 621 4571 Isa.
653 4532 739 4579 ιν,
779 4516 856 4583 5).
912 4514 979 4568 Et
1020 4517 1217 4569 iterum
1256 4515 1532 4582 :Apparui
1563 4514 1643 4565 his
1674 4515 1764 4581 qui
1808 4530 1885 4566 me
1920 4529 2021 4566 non

454 4607 911 4678 interrogabant:
952 4608 1184 4661 inventus
1234 4623 1348 4659 sum
1402 4606 1465 4657 ab
1533 4606 1613 4659 his
1647 4606 1737 4675 qui
1786 4620 1867 4657 nte
1920 4620 2023 4655 non

455 4700 761 4769 qumrebant
798 4698 931 4768 (lsa.
964 4713 1087 4765 ων,
1134 4698 1212 4765 1).
1257 4696 1376 4751 υἱιιί
1414 4714 1428 4752 ;
1468 4695 1605 4751 Ecce
1669 4698 1881 4758 adsum,
1942 4694 2025 4749 his

457 4795 548 4861 qui
586 4808 692 4846 non
727 4790 1054 4845 invocabant
1098 4805 1290 4843 nomen
1343 4804 1543 4843 meum.
1605 4786 1814 4840 Insulas
1844 4796 2023 4840 autem

457 4884 774 4953 significari,
806 4883 888 4937 vel
941 4881 1104 4936 totius
1133 4882 1283 4935 orbis
1315 4891 1523 4949 gentes,
1558 4878 1638 4931 vel
1670 4876 1941 4933 Ecclesias
1973 4878 2023 4932 itt

462 4987 573 5030 toto
604 4976 734 5029 orbe
767 4975 1040 5043 dispersas
1070 4973 1260 5027 crebro
1308 4972 1569 5025 diximus.

533 5064 712 5136 (Vet's.
757 5063 873 5137 20.)
908 5083 927 5117 s
964 5066 1031 5119 Et
1061 5066 1461 5117 animutiabunt
1498 5059 1720 5131 gloriam
1769 5076 1941 5114 meam
1974 5060 2025 5114 in

537 5204 553 5235 ⁸
614 5200 768 5255 Unus
817 5201 1184 5266 Ambrosiam,
1247 5198 1537 5268 plantaria
1570 5197 1770 5268 gaudii.
1828 5196 1882 5248 Ιιι
1935 5196 2026 5248 lib.

462 5270 678 5327 Nnmiu.
708 5270 1095 5325 llebraicorum
1124 5287 1187 5325 ex
1236 5266 1461 5331 Genes.,
1499 5266 1738 5327 Titanis,
1785 5268 2029 5334 explora-

464 5357 597 5395 tores
642 5341 865 5407 Ia’titite,
901 5344 1008 5395 sire
1054 5342 1327 5409 gaudium.

539 5417 558 5444 ³
590 5408 643 5464 lu
673 5405 859 5466 eodem
890 5405 1175 5465 Numinum
1208 5413 1364 5471 libro,
1402 5408 1540 5472 Fud,
1571 5405 1757 5477 Libya,
1787 5407 1895 5459 sive
1926 5407 2029 5458 oris

463 5482 763 5538 declinatio.

539 5554 559 5584 ³
586 5554 972 5620 interpretatur
1007 5551 1061 5604 in
1098 5551 1191 5604 lib.
1222 5550 1537 5613 Numinum,
1578 5547 1780 5601 Mesech
1814 5545 2031 5613 prolon-

467 5622 653 5696 galio,_
673 5626 778 5696 sive
809 5622 1051 5691 defectio,
1090 5633 1177 5696 aut
1209 5631 1344 5696 certe
1373 5636 1720 5696 compressus.
1894 5688 1904 5696 _
1984 5686 1995 5696 ‘

545 5696 567 5722 ⁸
618 5690 818 5748 Vitiuse
876 5688 1033 5749 antea
1090 5693 1363 5760 legi-batur
1414 5694 1511 5745 sub
1568 5705 1669 5744 una
1706 5688 2031 5759 etymologia

2127 4511 2300 4565 medio
2349 4512 2624 4576 montium,
2662 4520 2711 4563 et
2750 4510 2825 4563 ait
2874 4510 2943 4563 ad
2968 4525 3046 4563 me
3076 4525 3095 4562 :
3124 4508 3225 4562 lsti
3245 4519 3369 4561 sunt
3394 4523 3516 4577 quos
3543 4501 3664 4556 misit

2125 4602 2381 4657 Dominus
2426 4611 2481 4652 ut
2530 4599 2888 4667 perambulent
2943 4611 3138 4652 terram
3202 4596 3392 4667 (Zach.
3431 4618 3467 4657 ι,
3515 4592 3664 4655 8-10).

2124 4692 2363 4748 Joannes
2388 4707 2605 4761 quoque
2663 4693 2717 4746 in
2750 4692 3073 4761 Apocalypsi
3111 4691 3227 4746 bace
3272 4706 3333 4747 se
3376 4688 3566 4744 vidiSse
3604 4695 3667 4735 te-

2127 4794 2302 4841 Statur
2335 4802 2349 4838 :
2408 4782 2527 4836 Vidi
2558 4783 2745 4836 coelum
2778 4793 3039 4851 apertum,
3069 4792 3118 4835 et
3151 4796 3267 4835 ecce
3312 4794 3469 4847 equus
3493 4776 3664 4830 albus:

2126 4885 2174 4930 et
2207 4875 2297 4940 qui
2338 4874 2550 4926 sedebat
2598 4888 2753 4943 super
2780 4887 2897 4926 eum
2926 4869 3209 4924 vocabatur
3236 4870 3408 4937 fidelis
3439 4875 3483 4921 et
3515 4877 3665 4925 uerus,

2127 4976 2175 5020 ct
2212 4967 2429 5033 justitia
2466 4965 2740 5033 judicans,
2765 4972 2814 5017 et
2860 4963 3102 5017 bellator.
3152 4960 3309 5015 Oculi
3352 4970 3522 5014 autent
3570 4952 3667 5021 ejus

2127 5056 2279 5126 quasi
2302 5057 2519 5126 flamma
2563 5056 2698 5122 ignis
2736 5071 2754 5108 :
2791 5063 2839 5106 et
2884 5070 3041 5123 super
3075 5060 3231 5121 caput
3260 5052 3372 5120 ejus
3395 5049 3667 5101 diademata

2131 5207 2404 5244 conversus
2433 5190 2501 5243 ad
2554 5191 2817 5242 universa.
2850 5188 3049 5241 Eadem
3086 5202 3206 5254 qum
3233 5199 3330 5239 nos
3358 5180 3666 5255 restituimus

2133 5260 2442 5329 llietunynti
2499 5267 2659 5312 verba
2716 5270 2840 5313 sunt
2896 5261 2989 5310 lin.
3042 5258 3327 5329 hominum
3362 5258 3427 5306 de
3475 5254 3666 5329 Genesi.

2135 5321 2364 5392 'l‘hubcl',
2398 5334 2510 5382 sive
2562 5330 2771 5382 'l‘hubal
2818 5334 3006 5380 ductus
3047 5329 3115 5381 ad
3171 5328 3393 5390 luctum,
3449 5321 3527 5375 vel
3565 5333 3667 5370 ceu-

2134 5418 2335 5461 t'ersus,
2369 5411 2458 5450 aut
2500 5400 2766 5453 universa.
3452 5460 3459 5462 A
3632 5451 3642 5462 ,

2208 5473 2229 5500 ⁸
2260 5460 2396 5538 Vulg
2426 5506 2440 5523 .
2471 5470 2691 5538 gloriam
2717 5482 2881 5521 meant
2908 5465 3164 5538 gentibus,
3192 5462 3394 5533 absque
3443 5460 3494 5512 in
3520 5460 3669 5526 parti-

2135 5546 2275 5595 Cuia.

2210 5610 2228 5639 ⁸
2283 5610 2625 5663 Ambrosinn.
2690 5610 2945 5678 φορξους;
3015 5606 3104 5662 alii
3175 5619 3306 5660 mss.

2139 5682 2362 5751 inspecti
2408 5678 2633 5750 φορίσις.

3384 5597 3669 5655 Martiano
