3950 6180
300 295 403 360 657

806 297 1308 361 COMMENTAR.
1354 298 1435 358 ΙΝ
1472 299 1736 360 ῙΞΑΙΛΜ
1782 301 1892 360 PBt

2000 304 2243 366 ἱΙΕΤΛΜ
2301 307 2444 367 LIB.
2495 306 2894 375 X\'Ill,CAP.
2932 307 3112 368 LXVI

3457 307 3569 369 698

293 418 524 486 plurima
564 431 584 471 :
619 415 812 470 habent
845 432 1033 471 nomen
1067 418 1346 481 scriptum.
1374 418 1516 487 quod
1561 435 1713 472 nemo
1747 420 1885 473 nouit
1910 427 1955 494 ,Α
1991 422 2110 491 fieri
2137 427 2276 476 sicut
2304 439 2467 492 equus
2496 433 2545 477 et
2587 424 2785 491 mulus,
2820 425 3011 495 quibus
3035 439 3138 476 non
3163 430 3243 477 est
3273 421 3568 477 intellectus

295 510 400 564 nisi
427 510 578 578 ipse;
629 517 682 563 ct
715 509 940 562 amictus
973 519 1088 561 erat
1132 517 1273 563 ceste
1317 524 1534 575 aspersa
1569 514 1829 580 sanguine
1857 526 1878 566 .'

295 613 342 656 et
367 602 660 656 uocabatur
695 613 886 654 nomen
919 601 1036 668 eius
1076 600 1293 655 Verbum
1341 601 1438 655 Dei
1473 619 1492 656 :
1523 613 1571 656 et
1618 605 1880 659 exercitus

296 695 352 748 in
381 694 510 749 coelo
539 695 856 762 sequebatur
880 709 998 746 eum
1029 694 1084 746 iu
1108 695 1252 762 equis
1277 694 1434 756 albis.
1467 697 1688 748 vestitus
1724 696 1878 765 bysso

297 785 418 839 albo
464 795 621 855 atque
648 785 1024 846 mundissimo,
1055 795 1106 838 et
1134 785 1196 838 de
1225 801 1314 838 ore
1353 785 1468 851 ejus
1512 787 1881 854 egrediebatur

294 880 508 950 gladius
541 888 749 943 acutus,
783 886 840 928 ut
882 878 936 928 in
983 877 1095 943 ipso
1140 887 1431 945 percuteret
1465 890 1641 946 gentes
1691 878 1876 945 (Apoc.

294 987 408 1033 xu,
447 971 507 1024 il
559 970 750 1040 seqq).
793 969 944 1038 Equo
993 970 1112 1023 rufo
1165 971 1384 1024 sedebat
1427 970 1686 1025 Dominus
1718 983 1880 1041 atque

296 1061 566 1127 Salvator,
611 1061 907 1115 humanum
939 1076 1138 1130 corpus
1185 1077 1491 1127 assumens,
1519 1063 1604 1114 cui
1637 1063 1833 1116 dicitur
1863 1082 1877 1116 :

296 1153 478 1218 Quare
499 1153 659 1207 rubra
690 1165 812 1207 sunt
852 1155 1157 1207 vestimenta
1189 1154 1326 1208 tua?
1361 1153 1425 1208 Et
1459 1171 1474 1210 :
1509 1153 1642 1219 Quis
1675 1169 1754 1208 est
1783 1157 1880 1209 iste

297 1250 384 1318 qui
405 1247 641 1300 ascendit
662 1245 727 1299 de
754 1246 944 1310 Edoni,
972 1247 1118 1314 [ulva
1136 1248 1449 1300 uestimenta
1476 1248 1591 1315 ejus
1618 1247 1684 1299 de
1707 1247 1878 1300 Bosra

296 1341 442 1412 (lsa.
482 1354 638 1404 Latii,
668 1338 747 1407 2).
776 1337 840 1392 Et
873 1339 1248 1408 sequebantur
1275 1353 1396 1392 eum
1425 1340 1702 1393 variorum
1735 1341 1882 1392 colo-

297 1448 416 1486 rum
455 1431 606 1499 equi,
647 1432 728 1484 vel
765 1431 817 1482 in
871 1431 1134 1499 martyrio
1168 1429 1342 1494 rubri,
1398 1428 1480 1482 vel
1533 1430 1772 1484 sturnini
1827 1431 1880 1483 iit

299 1526 507 1586 volatu,
540 1526 623 1576 νισι
659 1523 796 1576 varii
835 1525 888 1575 in
923 1521 1237 1588 virtutibus,
1262 1523 1350 1574 vel
1383 1521 1600 1574 candidi
1628 1521 1680 1574 iu
1711 1520 1880 1590 virgi-

297 1617 490 1672 nitate.
551 1615 701 1683 Equo
755 1625 940 1668 autem
995 1615 1222 1668 sedebat
1279 1613 1425 1677 albo,
1484 1614 1702 1681 quando
1758 1621 1882 1682 post

296 1710 768 1763 resurrectionem
802 1706 1112 1760 immortale
1159 1713 1215 1760 et
1270 1705 1644 1774 incorruptum
1681 1717 1883 1773 corpus

296 1800 618 1868 assumpsit.
657 1798 722 1852 Et
758 1799 1071 1868 quicunque
1137 1811 1262 1852 eum
1306 1797 1700 1865 sequebantur,
1751 1813 1882 1851 can-

297 1893 446 1948 didis
474 1893 770 1947 utebantur
799 1889 974 1960 equis,
1001 1891 1338 1959 incorruptis
1379 1890 1632 1946 videlicet
1663 1891 1884 1943 immor-

300 1985 608 2053 talibusque
661 1985 1006 2054 corporibus.
1059 1983 1307 2054 Longum
1363 1995 1467 2047 est,
1518 1983 1568 2038 si
1629 1984 1882 2048 velimus,

303 2087 597 2146 utrumque
633 2076 930 2146 esplanare
979 2076 1386 2142 testimonium;
1439 2075 1540 2129 hoc
1593 2075 1770 2127 solum
1805 2075 1885 2127 di-

301 2185 449 2236 cam,
479 2171 620 2240 quod
657 2171 872 2226 diversa
899 2169 1177 2234 vehicula,
1208 2167 1405 2238 quibus
1437 2169 1689 2222 homines
1718 2171 1886 2219 addu-

302 2271 507 2317 cuntur
533 2265 600 2317 ad
627 2263 810 2329 iidem,
843 2263 1020 2331 angeli
1055 2266 1186 2324 sint,
1220 2262 1301 2314 vel
1343 2263 1518 2314 sancti
1563 2261 1664 2313 viri
1691 2260 1780 2328 qui
1819 2259 1886 2312 de

303 2357 623 2412 hominibus
673 2359 726 2410 in
778 2358 1001 2425 angelos
1043 2354 1061 2384 ⁸
1107 2355 1476 2422 profecerunt.
1511 2352 1666 2418 Quod
1703 2361 1884 2404 autem

304 2451 680 2520 unusquisque
709 2465 958 2506 n05trum
994 2449 1192 2501 habeat
1237 2447 1484 2516 angelos,
1515 2448 1700 2498 multa:
1741 2443 1889 2497 Scri-

305 2555 483 2616 ptura:
515 2547 782 2604 docent.e
812 2541 1012 2609 quibus
1039 2540 1170 2594 illud
1203 2548 1281 2592 est
1307 2555 1322 2592 :
1355 2536 1532 2590 Nolite
1560 2547 1888 2589 contemnere

302 2651 470 2689 unum
514 2635 580 2688 de
627 2634 857 2687 minimis
891 2633 1006 2686 istis
1041 2647 1060 2685 :
1089 2631 1215 2700 quia
1254 2630 1430 2700 angeli
1485 2643 1668 2682 eorum
1711 2629 1887 2680 vident

303 2730 540 2798 quotidie
603 2729 794 2796 faciem
857 2726 1063 2790 Patris,
1105 2725 1300 2794 quiest
1353 2725 1408 2776 in
1471 2722 1612 2775 catis
1663 2719 1888 2790 (Matth.

305 2836 466 2886 xvui,
506 2820 617 2888 10).
648 2818 715 2872 Ει
751 2817 926 2888 puella
960 2815 1115 2869 Rodo
1147 2816 1369 2868 Petrum
1403 2813 1712 2880 apostolum
1748 2828 1890 2864 ttuli-

307 2917 502 2979 tiante,
526 2914 616 2968 alii
641 2914 890 2984 angelum
913 2911 1084 2980 ipsius
1117 2924 1242 2963 esse
1267 2907 1568 2961 credebant
1596 2908 1734 2977 (Act.
1767 2905 1890 2972 xu).

308 3009 408 3061 Sin
439 3019 621 3060 autem
652 3005 753 3058 hoc
783 3007 848 3056 dc
897 2999 1141 3055 minimis
1172 2999 1391 3061 dicitur,
1424 3006 1480 3050 ct
1524 2998 1589 3050 de
1637 3009 1746 3050 uno
1794 2995 1892 3048 ho-

309 3102 480 3159 mine,
506 3107 711 3169 quanto
737 3095 911 3165 magis
931 3095 996 3148 de
1019 3091 1272 3146 omnibus
1293 3090 1519 3154 sanctis,
1537 3099 1590 3142 et
1623 3089 1892 3156 prtecipue

309 3196 376 3248 de
427 3192 688 3260 apostolis
713 3188 1059 3244 sentiendum
1093 3186 1213 3241 est?
1248 3183 1416 3254 823
1449 3198 1682 3250 quorum
1711 3179 1889 3249 angeli

311 3285 554 3352 quotidie
607 3284 794 3335 vident
842 3280 1037 3334 faciem
1100 3276 1302 3337 Patris,
1353 3278 1508 3344 juxta
1566 3274 1696 3326 illud
1749 3270 1892 3340 quod

311 3380 573 3446 scriptum
592 3387 675 3430 est
695 3374 718 3426 ‘l
739 3372 1052 3427 Circumtlat
1084 3369 1302 3439 angelus
1337 3367 1552 3420 Domini
1579 3367 1632 3418 in
1664 3365 1893 3417 circuitu

312 3471 610 3525 timentium
655 3483 772 3520 eum
829 3462 1004 3534 (Psal.
1049 3476 1246 3520 xxxiii.
1294 3459 1372 3526 8).
1409 3457 1468 3510 Et
1522 3455 1696 3510 Jacob
1730 3458 1796 3508 de
1836 3470 1895 3508 se

316 3563 556 3630 loquitur
595 3577 608 3613 :
654 3557 890 3627 Angelus
916 3556 1007 3626 qui
1038 3552 1286 3607 liberauit
1330 3567 1432 3604 me.
1487 3547 1582 3603 Isti
1639 3558 1770 3602 sunt
1801 3545 1894 3613 qui

315 3652 614 3707 ascendunt
672 3662 726 3704 et
781 3647 1124 3703 descendunt
1189 3657 1356 3712 super
1413 3641 1582 3694 lilium
1635 3639 1893 3693 hominis.

315 3746 420 3813 Qui
443 3744 654 3798 veloces
675 3752 803 3795 sunt
833 3740 888 3794 in
915 3737 1041 3801 lide,
1070 3735 1229 3805 equis
1259 3733 1536 3788 vehuntur
1572 3745 1588 3784 :
1624 3733 1715 3800 qui
1755 3731 1897 3783 mul-

321 3843 529 3909 ttpiices
565 3841 616 3891 in
645 3837 838 3904 gratia,
871 3831 1150 3903 quadrigis
1198 3846 1214 3886 ;
1256 3830 1352 3898 qui
1393 3826 1776 3884 consolatione
1811 3824 1898 3876 itt-

318 3935 526 4001 digcnt,
578 3931 739 3984 tectis
794 3924 1004 3979 lecticis
1056 3932 1114 3977 et
1163 3920 1522 3986 umbraculis,
1587 3929 1646 3973 ut
1706 3918 1899 3970 audire

318 4035 636 4080 mereantur
675 4037 690 4075 :
739 4017 844 4072 Per
869 4018 1008 4070 diem
1035 4016 1114 4069 sol
1145 4031 1251 4069 non
1284 4023 1398 4067 uret
1431 4023 1505 4076 te,
1559 4027 1726 4080 neque
1771 4011 1900 4062 luna

315 4135 416 4190 per
457 4130 654 4169 noctem
695 4111 875 4185 (Psal.
927 4123 1053 4171 cxx,
1090 4107 1168 4178 6).
1198 4105 1374 4160 Malos
1415 4113 1595 4158 autem
1632 4104 1684 4156 in
1749 4102 1902 4155 Scri-

318 4211 496 4282 pturis
515 4211 723 4264 sanctis
745 4202 1035 4272 dupliciter
1058 4200 1357 4266 accipimus
1383 4216 1396 4252 :
1419 4199 1502 4251 vel
1530 4197 1584 4249 in
1616 4195 1902 4248 sterilitate

317 4315 376 4362 et
417 4303 774 4364 continentia,
815 4297 1070 4367 qualibus
1119 4294 1257 4349 sedit
1301 4291 1474 4346 David
1517 4300 1569 4345 et
1622 4290 1900 4350 Salomon,

317 4412 550 4471 quorum
605 4395 743 4449 alter
795 4392 1210 4458 interpretatur,
1277 4385 1434 4456 fortis
1493 4399 1657 4440 ntanu
1691 4401 1708 4437 :
1739 4385 1898 4448 alter,

318 4490 611 4564 pacificus;
649 4485 731 4541 vel
780 4483 834 4538 in
871 4481 1012 4536 mala
1068 4487 1244 4550 parte,
1286 4477 1352 4532 dc
1399 4477 1598 4547 tiuibus

400 4657 417 4686 ¹
454 4651 529 4708 Ne
563 4649 890 4714 Origeniano
929 4657 1094 4698 sensu
1146 4639 1256 4714 dici
1307 4648 1483 4706 putes.
1523 4647 1580 4691 ιιι
1623 4635 1902 4714 hominum

322 4705 728 4783 exnta'natnr'a,
763 4715 1060 4786 angelicam
1090 4705 1339 4786 induant,
1375 4724 1544 4786 quam
1574 4723 1732 4786 sape.
1752 4705 1902 4786 llier.

321 4777 650 4852 sententiam
675 4777 951 4856 reprobat,
982 4796 1046 4856 ac
1073 4780 1506 4856 sibiio_explodit
1537 4795 1552 4831 :
1589 4777 1906 4856 luculentis-

324 4846 494 4924 simei
518 4869 698 4916 autent
737 4846 897 4923 'epist
937 4846 1050 4912 ‘75.
1099 4852 1165 4904 ad
1220 4846 1601 4924 Theodoram,
1631 4863 1783 4924 num.
1890 4864 1904 4902 :

265 4923 281 4944 ’
325 4919 353 4990 ἶ
397 4930 764 5000 Quando,ait,
790 4919 1017 5000 dicitur,
1049 4931 1211 5000 erunt
1241 4923 1384 4975 sicut
1409 4919 1690 5000 Angeliniu
1727 4920 1903 5000 malis,

327 4989 442 5063 non
487 4989 678 5058 natura
727 4989 783 5050 et
815 4995 1118 5051 substantia
1175 5006 1469 5057 corporum
1519 4989 1750 5063 tollitur,
1811 4992 1904 5042 sed

329 5061 513 5147 gloria:
537 5069 856 5147 magnitudo
879 5073 1239 5147 monstratur.
1265 5063 1450 5147 Neque
1472 5061 1620 5147 enim
1639 5061 1904 5147 scriptum

329 5129 438 5209 est,
467 5129 834 5209 erunt'angeli
863 5137 996 5209 :sed
1029 5133 1170 5188 sicut
1213 5132 1387 5209 angeli
1435 5145 1450 5186 :
1484 5130 1572 5209 ubi
1607 5129 1909 5208 similitudo

329 5199 691 5286 promittitur,
724 5199 1274 5286 veritasndenegalnr.
1292 5199 1516 5265 'Erunt,
1541 5199 1738 5286 inquit,
1769 5201 1906 5280 sicut

331 5270 528 5355 angeli,
581 5281 639 5355 id
677 5270 764 5355 est
819 5277 1027 5355 similes
1074 5277 1391 5355 angelorum
1436 5290 1452 5328 :
1499 5287 1628 5355 ergo
1662 5270 1908 5355 homines

332 5340 456 5412 esé'e
484 5340 588 5408 non
611 5350 882 5404 desinent.
910 5344 1098 5415 Inclyti
1125 5340 1344 5413 quidem
1377 5355 1429 5395 et
1453 5343 1696 5411 angelico
1721 5340 1908 5415 splen-

334 5430 468 5480 dore
494 5419 763 5484 decorati;
798 5420 891 5472 sed
926 5412 1104 5468 ιιιηὶυιι
1137 5412 1409 5477 homines,
1449 5423 1506 5464 ut
1547 5421 1599 5465 et
1629 5412 1909 5484 apostolus

333 5495 618 5564 apostolus
660 5481 864 5564 slt._et
920 5486 1087 5564 μανία
1161 5485 1327 5538 Maria
1368 5501 1382 5538 :
1439 5492 1496 5537 ιιι
1541 5481 1911 5564 confundatur

331 5552 580 5624 hinresis.
625 5574 748 5632 quae
778 5558 898 5632 ideo
935 5559 1141 5611 incerta
1187 5566 1236 5610 et
1270 5571 1464 5632 magna
1520 5552 1809 5622 promittit,
1853 5561 1912 5605 ut

332 5627 708 5707 quaecerta'tt
738 5628 1014 5707 moderata
1049 5636 1196 5707 sunt,
1224 5627 1455 5679 aule:at.
1485 5643 1513 5707 ι»

404 5711 424 5740 ⁸
467 5704 601 5758 Vide
642 5715 762 5770 quae
815 5698 1074 5770 superius
1117 5699 1169 5750 in
1222 5706 1387 5770 caput
1435 5712 1446 5748 i
1485 5694 1632 5750 lenite
1670 5708 1794 5750 vers
1875 5692 1908 5747 ’5

336 5766 687 5835 observamus
719 5770 791 5828 de
821 5768 1196 5826 Ebiouitarum
1241 5766 1479 5822 nomine.

1984 512 2162 584 (Psnl.
2227 530 2380 578 xxxi,
2439 515 2530 583 9);
2588 516 2786 583 quibus
2861 519 3182 585 przrposltns
3247 525 3367 568 erat
3420 515 3566 569 Doce

1903 673 1907 676 ι
1983 604 2037 673 (l
2064 605 2188 676 Reg.
2219 607 2356 671 xxi).
2380 606 2636 662 Carruca:
2683 618 2888 673 autem,
2923 624 3022 674 pro
3061 609 3264 678 quibus
3293 606 3371 676 (ut
3403 622 3566 670 supra

1981 699 2246 766 diximus)
2276 699 2657 769 Septuaginta,
2686 709 2822 754 tecta
2845 699 3106 765 vehicula,
3127 699 3308 752 centeri
3333 698 3568 752 vehicula

1981 791 2310 858 simpliciter
2330 794 2748 854 transtulerunt,
2782 793 2860 847 illi
2890 792 3248 860 intelligendi,
3277 792 3344 845 de
3371 792 3570 860 quibus

1983 884 2280 951 Apostolus
2331 885 2574 954 loquitur
2623 904 2638 940 :
2679 884 2909 940 Invicem
2942 901 3103 940 onera
3147 893 3321 938 castra
3366 894 3573 950 portate

1985 976 2188 1044 (Colat.
2220 994 2295 1040 vi,
2327 979 2408 1046 2).
2443 977 2616 1032 Porro
2647 979 2928 1046 lainpeme,
2963 977 3306 1046 splendentia
3328 984 3569 1045 sancto-

1986 1086 2103 1124 rum
2145 1070 2495 1138 intelligenda
2532 1083 2660 1126 sunt
2701 1087 2957 1141 corpora,
2993 1081 3047 1124 et
3091 1070 3290 1124 animae
3326 1069 3431 1123 lide
3466 1069 3572 1122 Do-

1986 1162 2115 1216 mini
2155 1164 2491 1224 illnminatm,
2527 1165 2728 1232 quibus
2763 1164 2868 1217 dici
2899 1173 3073 1231 potest
3110 1177 3127 1216 :
3157 1161 3263 1216 Vos
3310 1163 3436 1216 estis
3478 1161 3572 1214 lita:

1987 1255 2171 1306 mundi
2205 1252 2426 1323 (Matth.
2478 1272 2533 1318 v,
2571 1256 2683 1325 Η).
2717 1255 2814 1310 llic
2843 1265 3026 1309 autem
3057 1254 3240 1308 omnis
3271 1261 3572 1322 apparatus

1984 1345 2077 1399 illo
2108 1346 2346 1413 prolicit,
2372 1355 2430 1398 ut
2457 1347 2830 1416 ingrediantur
2855 1357 3101 1400 sanctam
3131 1345 3410 1399 civitatein
3450 1341 3567 1402 Dei.

1985 1441 2102 1493 sive
2158 1450 2407 1492 sanctum
2460 1450 2698 1494 montem
2756 1441 2966 1494 Domitii
3036 1437 3339 1492 Jerusalem
3397 1455 3412 1493 :
3463 1451 3568 1489 non

1987 1529 2132 1583 illam
2164 1544 2285 1598 qua:
2309 1529 2514 1584 occidit
2553 1532 2872 1600 prophetas,
2904 1542 2959 1585 et
2989 1545 3110 1600 quae
3139 1530 3348 1596 lapitlat
3373 1527 3571 1582 missos

1987 1623 2054 1676 ad
2105 1637 2202 1689 se;
2271 1624 2365 1678 sed
2421 1621 2724 1678 Jerusalem
2757 1625 3063 1686 caelestem,
3122 1626 3188 1676 de
3218 1639 3322 1690 qua
3378 1622 3573 1675 crebro

1989 1715 2226 1769 diximus
2258 1733 2273 1768 :
2309 1715 2442 1781 Qua:
2485 1726 2659 1770 autem
2688 1733 2898 1768 sursum
2943 1727 3015 1770 est
3043 1715 3363 1775 Jerusalem.
3407 1717 3573 1768 libera

1984 1816 2084 1871 est,
2106 1823 2226 1878 qum
2255 1818 2330 1861 est
2354 1816 2524 1860 mater
2549 1818 2730 1860 nostra
2760 1806 2970 1877 (Colat.
2994 1823 3069 1870 iv,
3100 1807 3212 1875 ευ).
3237 1807 3300 1860 Ει
3331 1808 3524 1860 iterum
3552 1820 3568 1860 :

1987 1899 2091 1953 Sed
2146 1899 2440 1954 accessistis
2493 1900 2564 1953 ad
2611 1898 2742 1953 Sion
2796 1908 3024 1952 montent
3077 1907 3127 1950 et
3159 1898 3427 1951 civitatem
3477 1896 3572 1950 Dei

1985 1989 2202 2042 virentis
2245 1987 2550 2042 Jerusalem
2595 1989 2850 2043 cmlestem
2887 1987 3075 2059 (lleb'r.
3110 2003 3210 2052 xu,
3255 1988 3372 2056 22).
3419 1987 3573 2054 Quod

1984 2082 2070 2136 vel
2104 2083 2169 2135 de
2199 2083 2452 2151 prteseuti
2490 2082 2734 2136 Ecclesia
2773 2096 3064 2150 possumus
3094 2081 3421 2152 intelligere.
3453 2097 3576 2148 qua:

1986 2182 2104 2229 toto
2157 2176 2291 2229 orbe
2343 2189 2440 2245 per
2494 2174 2773 2243 apostolos
2823 2182 3154 2243 congregata
3212 2183 3316 2239 est,
3370 2173 3454 2227 vel
3508 2173 3578 2226 de

1987 2265 2172 2320 lutura
2208 2283 2223 2320 :
2269 2273 2328 2318 ιιι
2363 2266 2653 2334 impleatur
2698 2265 2826 2317 illud
2863 2265 3009 2334 quod
3045 2264 3347 2330 Apostolus
3372 2273 3567 2318 sancto

1991 2357 2197 2424 Spiritu
2245 2356 2592 2425 prophetavit
2627 2373 2639 2408 :
2673 2353 2962 2421 Rnpiemur
3007 2353 3064 2406 in
3104 2353 3325 2406 nubibus
3369 2353 3576 2407 obviam

1995 2449 2214 2502 Domino
2245 2450 2298 2501 in
2343 2465 2483 2503 aere.
2514 2459 2562 2500 et
2586 2449 2660 2501 sic
2684 2462 2886 2514 semper
2943 2461 3063 2498 cum
3113 2445 3336 2498 Domino
3377 2448 3576 2498 erimus

1991 2540 2045 2610 (ι
2078 2541 2252 2595 Thess.
2286 2555 2361 2602 tv,
2407 2539 2518 2606 16).
2552 2536 2726 2592 Judaei
2759 2548 2815 2591 et
2843 2536 3059 2591 .ludaici
3091 2537 3302 2590 etroris
3331 2536 3575 2592 lucredcs

1992 2635 2279 2696 Ebiouittc,
2311 2633 2398 2699 qui
2426 2647 2522 2700 pro
2551 2631 2858 2684 humilitate
2880 2645 3073 2685 sensus
3096 2630 3117 2659 ¹
3143 2644 3344 2684 nomen
3371 2645 3577 2697 paupe-

1995 2741 2113 2779 rum
2144 2733 2519 2790 snscepcrunt.
2545 2739 2850 2789 omnesque
2880 2721 3027 2775 mille
3058 2737 3326 2776 annorum
3356 2721 3582 2776 delicias

1995 2819 2392 2887 praestolantes,
2454 2833 2624 2882 equos
2663 2827 2713 2869 ct
2769 2816 3085 2886 quadrigas,
3143 2826 3199 2870 et
3255 2816 3479 2878 rltedas,
3525 2825 3583 2868 et

1995 2911 2240 2974 lecticas,
2279 2911 2400 2964 sive
2439 2909 2752 2972 basternas,
2787 2919 2842 2962 et
2891 2909 3233 2974 dormitorio,
3293 2908 3583 2976 tnulosqne

1995 3001 2164 3074 824
2211 3014 2264 3056 et
2309 3005 2505 3066 mulas,
2561 3013 2616 3056 et
2666 3017 2952 3061 carrucas.
3000 3011 3053 3055 et
3106 2999 3312 3054 diversi
3367 2999 3585 3068 generis

1919 3112 1964 3173 α
2000 3095 2243 3150 vehicula
2305 3098 2388 3150 sic
2448 3095 2779 3163 intelligunt,
2847 3103 2907 3148 ut
2969 3095 3174 3161 scripta
3232 3101 3383 3146 sunt.
3425 3091 3583 3157 Quod

1995 3188 2246 3242 videlicet
2273 3187 2325 3240 iit
2348 3187 2824 3241 consummatione
2851 3185 3061 3250 mundi,
3087 3185 3308 3254 quando
3331 3184 3587 3239 Christus

1994 3275 2301 3332 Jeruszilem
2354 3289 2684 3347 regnaturus
2715 3279 3018 3340 advenerit,
3043 3287 3096 3330 et
3133 3277 3391 3345 templum
3421 3274 3587 3330 fuerit

1998 3370 2388 3432 instauratum,
2419 3379 2471 3422 ct
2501 3368 2792 3422 immolatae
2823 3365 3064 3421 .Iudaica:
3095 3367 3442 3432 victinuc,de
3471 3375 3586 3419 toto

1997 3459 2134 3514 orbe
2196 3460 2527 3514 reducantur
2584 3459 2675 3511 lilii
2733 3459 2943 3520 Israel,
3009 3473 3350 3527 nequaquam
3418 3472 3584 3524 Super

1998 3565 2190 3619 equos,
2224 3551 2318 3604 sed
2344 3566 2510 3616 super
2542 3549 2718 3604 mulos
2752 3549 3018 3602 Nomich
3050 3555 3092 3604 ³.
3125 3548 3229 3614 Qui
3272 3559 3456 3602 autem
3495 3564 3579 3602 sc-

2001 3642 2226 3696 natoria:
2255 3639 2459 3694 iuerint
2479 3640 2784 3710 dignitatis,
2819 3651 2872 3694 et
2899 3640 3079 3694 locum
3109 3641 3414 3708 principum
3447 3639 3584 3692 obti-

2001 3734 2242 3797 nuerint,
2275 3736 2340 3787 de
2365 3732 2657 3794 Britannis,
2693 3731 2974 3801 “spanis,
3011 3731 3295 3799 Gallisque
3322 3733 3587 3784 extremis

2004 3825 2283 3879 hominum
2339 3824 2562 3878 Morinis
2608 3823 2824 3895 (Virgil.
2881 3841 2976 3879 viti
3033 3822 3252 3876 ﬁneid.
3305 3825 3378 3876 sic
3425 3835 3578 3876 vocat

2016 3919 2302 3989 Morinos),
2332 3927 2388 3972 et
2419 3917 2508 3971 ubi
2549 3917 2788 3972 bicornis
2822 3917 3045 3972 finditur
3086 3915 3332 3977 Rhenus,
3376 3916 3430 3970 in
3466 3930 3589 3970 ear-

2005 4013 2150 4066 rucis
2178 4012 2415 4076 veniant,
2450 4008 2872 4064 occurrentibus
2918 4009 3023 4062 sibi
3068 4007 3280 4060 cunctis
3311 4005 3591 4076 gentibus,

2003 4120 2124 4174 qum
2153 4119 2337 4157 corum
2367 4103 2615 4157 servituti
2657 4101 2856 4154 iuerint
2889 4109 3227 4167 prteparattn.

2077 4194 2258 4263 (νει-ε.
2289 4195 2404 4265 2|.)
2437 4212 2454 4245 t
2487 4193 2770 4259 Quomodo
2795 4193 2842 4245 si
2869 4191 3115 4246 inferant
3148 4190 3241 4244 filii
3276 4189 3444 4243 Israel
3475 4205 3592 4242 ntu-

2005 4303 2111 4342 nus
2142 4289 2194 4341 iit
2219 4303 2344 4342 vase
2372 4289 2576 4340 mundo
2609 4287 2662 4338 in
2690 4285 2913 4340 domum
2945 4284 3182 4338 Domini.
3219 4282 3277 4336 Et
3309 4298 3590 4338 assumant

2007 4395 2070 4435 ex
2103 4381 2185 4435 eis
2222 4381 2274 4434 in
2313 4382 2629 4434 sacerdotes
2675 4389 2729 4432 et
2771 4379 3014 4445 Levitas,
3067 4378 3200 4432 dicit
3242 4379 3526 4431 Damintis.
3565 4394 3586 4426 ι

1654 4493 1670 4533 ;
1724 4474 1906 4529 Nolite
1938 4462 1982 4518 Ῐ)
2011 4474 2158 4531 LXX
2191 4492 2207 4530 :
2249 4492 2267 4530 t
2302 4474 2590 4540 Quomodo
2639 4471 2686 4526 si
2716 4470 2947 4526 oll’erant
2999 4469 3092 4524 lilii
3125 4468 3296 4524 lsrael
3341 4468 3595 4524 victimas

2082 4633 2103 4666 ⁸
2136 4633 2483 4702 Nequaquam
2515 4645 2672 4693 super
2695 4643 2876 4692 equos,
2911 4634 3016 4702 elc_.
3058 4625 3283 4702 Addunt
3305 4623 3434 4702 editi
3465 4635 3595 4674 ante

2012 4694 2276 4762 noslibri,
2311 4694 2347 4750 ι’
2366 4714 2710 4768 nequaquam
2747 4697 3042 4766 assumptis
3066 4697 3164 4768 alia
3191 4712 3208 4748 :
3240 4697 3331 4768 sed
3359 4694 3595 4768 Sarrano

2011 4774 2241 4838 Gallico,
2286 4764 2606 4838 t-ovittisquc
2656 4768 2889 4837 Belgicis
2922 4764 2978 4824 et
3021 4767 3177 4834 equis
3229 4764 3592 4830 Cappadocia:

2011 4857 2174 4914 atque
2201 4843 2499 4914 Hispaniae,
2524 4856 2586 4894 ac
2609 4842 2796 4914 rhedis
2820 4839 3007 4914 Italiae,
3032 4847 3082 4890 et
3109 4846 3370 4914 matrona:
3397 4847 3590 4912 eorum

2011 4904 2225 4970 lecticis
2249 4904 2558 4965 referantur
2583 4922 2744 4978 atque
2771 4909 3064 4961 basternis.
3103 4923 3121 4955 ι
3169 4904 3300 4968 Quae
3334 4904 3590 4978 pci'icopo

2013 4985 2066 5038 in
2095 4984 2245 5038 nullo
2272 4983 2468 5050 legitur
2495 4972 2790 5044 exetttplari
2821 4978 3231 5050 tuatiuscrip_to,_
3255 4972 3589 5050 uttde_adul-

2013 5057 2190 5110 ierina
2219 5039 2374 5107 nobis
2400 5052 2634 5105 videtur.
2661 5039 2878 5103 Putavit
2899 5053 3078 5098 autem
3102 5039 3379 5098 Marianos
3412 5039 3591 5095 Victo-

2013 5127 2128 5181 rius
2162 5125 2213 5178 iu
2258 5122 2495 5178 Seltoliis
2541 5121 2836 5174 Sarracnm
2867 5127 2918 5168 et
2945 5114 3230 5176 Covinum,
3266 5129 3386 5168 esse
3423 5129 3590 5182 equo-

2014 5213 2135 5250 rum
2189 5195 2418 5265 species,
2462 5208 2584 5245 cum
2625 5189 2917 5265 §arrucum
2963 5186 3034 5241 sit
3083 5186 3297 5265 species
3331 5183 3586 5240 vehiculi.

2011 5257 2321 5321 Gallice-un
2348 5262 2580 5332 Ilaquet,
2617 5259 2859 5332 Coviitus
2903 5269 3097 5332 autent
3123 5258 3194 5311 sit
3226 5257 3392 5332 etiam
3416 5267 3592 5332 genus

2010 5335 2248 5389 vehiculi
2298 5323 2488 5386 notum
2546 5346 2652 5385 non
2689 5327 2965 5382 Britannis
3019 5328 3218 5389 solum,
3269 5325 3366 5379 sed
3413 5323 3594 5387 Belgis

2011 5419 2231 5478 quoque
2265 5402 2656 5478 ct__(_;ern_tanis.
2705 5397 2838 5478 blrat
2883 5413 3054 5478 porro
3098 5398 3338 5478 (Iovinus
3387 5406 3592 5478 currus

2015 5465 2268 5530 falcatus.
2310 5473 2439 5526 Vide
2485 5469 2845 5544 Pomponium
2880 5465 3070 5544 lilclam
3095 5479 3148 5522 et
3176 5466 3383 5544 bucca.
3421 5465 3514 5544 lib.
3551 5477 3590 5544 ι.

2012 5549 2139 5600 Haec
2159 5558 2356 5613 genera
2375 5538 2749 5596 vehiculorum
2774 5539 3000 5594 minimc
3015 5538 3202 5593 sensui
3233 5538 3594 5613 conveniunt,

2013 5607 2188 5686 probe
2207 5617 2587 5686 detinenstrant
2630 5612 2928 5667 adventitia
2964 5624 3090 5666 esse
3135 5623 3200 5663 ac
3241 5607 3596 5678 supposititia

2013 5683 2096 5745 vet
2111 5687 2199 5742 ba.
2233 5683 2500 5741 ultimm.
