  <div class='ocr_page' id='page_1' title='image "/cluster/home/n/w/nwhite01/storage/ocr_20150623/24/hvd.32044096580485/355.png"; bbox 0 0 3906 6172; ppageno 0'>
   <div class='ocr_carea' id='block_1_1' title="bbox 436 287 544 364">
    <p class='ocr_par' dir='ltr' id='par_1_1' title="bbox 436 287 544 364">
     <span class='ocr_line' id='line_1_1' title="bbox 436 287 544 364; baseline 0 -12"><span class='ocrx_word' id='word_1_1' title='bbox 436 287 544 364; x_wconf 72' lang='lat'><strong>699</strong></span> 
     </span>
    </p>
   </div>
   <div class='ocr_carea' id='block_1_2' title="bbox 1621 276 2526 346">
    <p class='ocr_par' dir='ltr' id='par_1_2' title="bbox 1621 276 2526 346">
     <span class='ocr_line' id='line_1_2' title="bbox 1621 276 2526 346; baseline -0.006 -1"><span class='ocrx_word' id='word_1_2' title='bbox 1621 281 1681 346; x_wconf 85' lang='lat' dir='ltr'><strong>S.</strong></span> <span class='ocrx_word' id='word_1_3' title='bbox 1725 276 2037 341; x_wconf 83' lang='lat' dir='ltr'><strong>EUSEBII</strong></span> <span class='ocrx_word' id='word_1_4' title='bbox 2081 277 2526 341; x_wconf 71' lang='lat' dir='ltr'><strong>HIERONYMI</strong></span> 
     </span>
    </p>
   </div>
   <div class='ocr_carea' id='block_1_3' title="bbox 3539 278 3620 341">
    <p class='ocr_par' dir='ltr' id='par_1_3' title="bbox 3539 278 3620 341">
     <span class='ocr_line' id='line_1_3' title="bbox 3539 278 3620 341; baseline 0.025 -2"><span class='ocrx_word' id='word_1_5' title='bbox 3539 278 3620 341; x_wconf 78' lang='lat'><strong>700</strong></span> 
     </span>
    </p>
   </div>
   <div class='ocr_carea' id='block_1_4' title="bbox 437 391 3627 462">
    <p class='ocr_par' dir='ltr' id='par_1_4' title="bbox 437 391 3627 462">
     <span class='ocr_line' id='line_1_4' title="bbox 437 391 3627 462; baseline -0.005 0"><span class='ocrx_word' id='word_1_6' title='bbox 437 425 562 462; x_wconf 84' lang='lat' dir='ltr'><strong>snas</strong></span> <span class='ocrx_word' id='word_1_7' title='bbox 592 403 870 460; x_wconf 88' lang='lat' dir='ltr'><strong>mihicum</strong></span> <span class='ocrx_word' id='word_1_8' title='bbox 911 401 1141 456; x_wconf 83' lang='lat' dir='ltr'><strong>l—‘salmls</strong></span> <span class='ocrx_word' id='word_1_9' title='bbox 1171 399 1223 452; x_wconf 85' lang='lat' dir='ltr'><strong>in</strong></span> <span class='ocrx_word' id='word_1_10' title='bbox 1251 398 1412 451; x_wconf 85' lang='lat' dir='ltr'><strong>domn</strong></span> <span class='ocrx_word' id='word_1_11' title='bbox 1454 397 1665 450; x_wconf 83' lang='lat' dir='ltr'><strong>Domini</strong></span> <span class='ocrx_word' id='word_1_12' title='bbox 1702 415 1715 450; x_wconf 89' lang='lat'>:</span> <span class='ocrx_word' id='word_1_13' title='bbox 1746 406 1800 451; x_wconf 88' lang='lat' dir='ltr'><strong>et</strong></span> <span class='ocrx_word' id='word_1_14' title='bbox 1839 411 1902 449; x_wconf 79' lang='lat' dir='ltr'><strong>es</strong></span> <span class='ocrx_word' id='word_1_15' title='bbox 1940 395 2019 448; x_wconf 66' lang='lat' dir='ltr'><strong>eis</strong></span> <span class='ocrx_word' id='word_1_16' title='bbox 2051 397 2093 451; x_wconf 82' lang='lat' dir='ltr'><strong>A</strong></span> <span class='ocrx_word' id='word_1_17' title='bbox 2124 404 2206 447; x_wconf 88' lang='lat' dir='ltr'><strong>est</strong></span> <span class='ocrx_word' id='word_1_18' title='bbox 2242 395 2456 460; x_wconf 87' lang='lat' dir='ltr'><strong>electio,</strong></span> <span class='ocrx_word' id='word_1_19' title='bbox 2495 396 2588 448; x_wconf 85' lang='lat' dir='ltr'><strong>sed</strong></span> <span class='ocrx_word' id='word_1_20' title='bbox 2612 392 2750 448; x_wconf 84' lang='lat' dir='ltr'><strong>ordo</strong></span> <span class='ocrx_word' id='word_1_21' title='bbox 2788 400 3021 452; x_wconf 76' lang='lat' dir='ltr'><strong>naturm,</strong></span> <span class='ocrx_word' id='word_1_22' title='bbox 3069 398 3124 444; x_wconf 87' lang='lat' dir='ltr'><strong>et</strong></span> <span class='ocrx_word' id='word_1_23' title='bbox 3162 391 3326 446; x_wconf 77' lang='lat' dir='ltr'><strong>series</strong></span> <span class='ocrx_word' id='word_1_24' title='bbox 3353 403 3421 446; x_wconf 85' lang='lat' dir='ltr'><strong>est</strong></span> <span class='ocrx_word' id='word_1_25' title='bbox 3454 393 3627 450; x_wconf 58' lang='lat' dir='ltr'><strong>familiai</strong></span> 
     </span>
    </p>
   </div>
   <div class='ocr_carea' id='block_1_5' title="bbox 438 489 2010 556">
    <p class='ocr_par' dir='ltr' id='par_1_5' title="bbox 438 489 2010 556">
     <span class='ocr_line' id='line_1_5' title="bbox 438 489 2010 556; baseline -0.01 0"><span class='ocrx_word' id='word_1_26' title='bbox 438 515 651 556; x_wconf 84' lang='lat' dir='ltr'><strong>sumam</strong></span> <span class='ocrx_word' id='word_1_27' title='bbox 681 496 995 552; x_wconf 85' lang='lat' dir='ltr'><strong>sacerdotes</strong></span> <span class='ocrx_word' id='word_1_28' title='bbox 1023 504 1078 548; x_wconf 82' lang='lat' dir='ltr'><strong>ct</strong></span> <span class='ocrx_word' id='word_1_29' title='bbox 1107 492 1342 554; x_wconf 82' lang='lat' dir='ltr'><strong>chitas,</strong></span> <span class='ocrx_word' id='word_1_30' title='bbox 1377 491 1515 546; x_wconf 89' lang='lat' dir='ltr'><strong>dicit</strong></span> <span class='ocrx_word' id='word_1_31' title='bbox 1540 491 1821 544; x_wconf 79' lang='lat' dir='ltr'><strong>Dominus.</strong></span> <span class='ocrx_word' id='word_1_32' title='bbox 1852 509 1870 540; x_wconf 74' lang='grc' dir='ltr'><strong>ι</strong></span> <span class='ocrx_word' id='word_1_33' title='bbox 1912 489 2010 553; x_wconf 84' lang='lat' dir='ltr'><strong>Qui</strong></span> 
     </span>
    </p>
   </div>
   <div class='ocr_carea' id='block_1_6' title="bbox 439 583 2012 660">
    <p class='ocr_par' dir='ltr' id='par_1_6' title="bbox 439 583 2012 660">
     <span class='ocr_line' id='line_1_6' title="bbox 439 583 2012 660; baseline -0.006 -18"><span class='ocrx_word' id='word_1_34' title='bbox 439 591 504 645; x_wconf 86' lang='lat' dir='ltr'><strong>ad</strong></span> <span class='ocrx_word' id='word_1_35' title='bbox 535 599 747 660; x_wconf 76' lang='lat' dir='ltr'><strong>gentes,</strong></span> <span class='ocrx_word' id='word_1_36' title='bbox 792 587 888 650; x_wconf 89' lang='lat' dir='ltr'><strong>ait,</strong></span> <span class='ocrx_word' id='word_1_37' title='bbox 925 585 1120 639; x_wconf 89' lang='lat' dir='ltr'><strong>directi</strong></span> <span class='ocrx_word' id='word_1_38' title='bbox 1165 583 1392 644; x_wconf 90' lang='lat' dir='ltr'><strong>fuerint,</strong></span> <span class='ocrx_word' id='word_1_39' title='bbox 1449 590 1503 636; x_wconf 89' lang='lat' dir='ltr'><strong>ct</strong></span> <span class='ocrx_word' id='word_1_40' title='bbox 1557 583 2012 636; x_wconf 85' lang='lat' dir='ltr'><strong>annnntiaverint</strong></span> 
     </span>
    </p>
   </div>
   <div class='ocr_carea' id='block_1_7' title="bbox 438 673 2014 751">
    <p class='ocr_par' dir='ltr' id='par_1_7' title="bbox 438 673 2014 751">
     <span class='ocr_line' id='line_1_7' title="bbox 438 673 2014 751; baseline -0.008 -13"><span class='ocrx_word' id='word_1_41' title='bbox 438 683 521 738; x_wconf 84' lang='lat' dir='ltr'><strong>eis</strong></span> <span class='ocrx_word' id='word_1_42' title='bbox 548 681 777 751; x_wconf 76' lang='lat' dir='ltr'><strong>gloriam</strong></span> <span class='ocrx_word' id='word_1_43' title='bbox 811 691 1010 740; x_wconf 84' lang='lat' dir='ltr'><strong>meam,</strong></span> <span class='ocrx_word' id='word_1_44' title='bbox 1043 675 1122 728; x_wconf 89' lang='lat' dir='ltr'><strong>sic</strong></span> <span class='ocrx_word' id='word_1_45' title='bbox 1151 674 1425 728; x_wconf 90' lang='lat' dir='ltr'><strong>adducent</strong></span> <span class='ocrx_word' id='word_1_46' title='bbox 1467 673 1666 727; x_wconf 87' lang='lat' dir='ltr'><strong>fratres</strong></span> <span class='ocrx_word' id='word_1_47' title='bbox 1701 683 1912 726; x_wconf 87' lang='lat' dir='ltr'><strong>vestros</strong></span> <span class='ocrx_word' id='word_1_48' title='bbox 1947 673 2014 726; x_wconf 91' lang='lat' dir='ltr'><strong>dc</strong></span> 
     </span>
    </p>
   </div>
   <div class='ocr_carea' id='block_1_8' title="bbox 442 764 2016 833">
    <p class='ocr_par' dir='ltr' id='par_1_8' title="bbox 442 764 2016 833">
     <span class='ocr_line' id='line_1_8' title="bbox 442 764 2016 833; baseline -0.005 -7"><span class='ocrx_word' id='word_1_49' title='bbox 442 774 713 826; x_wconf 60' lang='lat' dir='ltr'><strong>universis</strong></span> <span class='ocrx_word' id='word_1_50' title='bbox 739 769 1050 824; x_wconf 89' lang='lat' dir='ltr'><strong>nationibus</strong></span> <span class='ocrx_word' id='word_1_51' title='bbox 1076 781 1271 820; x_wconf 89' lang='lat' dir='ltr'><strong>munus</strong></span> <span class='ocrx_word' id='word_1_52' title='bbox 1298 765 1549 829; x_wconf 88' lang='lat' dir='ltr'><strong>Domino,</strong></span> <span class='ocrx_word' id='word_1_53' title='bbox 1583 780 1706 818; x_wconf 91' lang='lat' dir='ltr'><strong>cum</strong></span> <span class='ocrx_word' id='word_1_54' title='bbox 1751 764 1933 833; x_wconf 89' lang='lat' dir='ltr'><strong>equis,</strong></span> <span class='ocrx_word' id='word_1_55' title='bbox 1961 772 2016 818; x_wconf 85' lang='lat' dir='ltr'><strong>et</strong></span> 
     </span>
    </p>
   </div>
   <div class='ocr_carea' id='block_1_9' title="bbox 442 860 2015 934">
    <p class='ocr_par' dir='ltr' id='par_1_9' title="bbox 442 860 2015 934">
     <span class='ocr_line' id='line_1_9' title="bbox 442 860 2015 934; baseline -0.001 -20"><span class='ocrx_word' id='word_1_56' title='bbox 442 864 740 934; x_wconf 72' lang='lat' dir='ltr'><strong>quadrigis,</strong></span> <span class='ocrx_word' id='word_1_57' title='bbox 799 872 853 916; x_wconf 89' lang='lat' dir='ltr'><strong>et</strong></span> <span class='ocrx_word' id='word_1_58' title='bbox 911 860 1143 924; x_wconf 90' lang='lat' dir='ltr'><strong>lecticis,</strong></span> <span class='ocrx_word' id='word_1_59' title='bbox 1186 871 1235 914; x_wconf 92' lang='lat' dir='ltr'><strong>et</strong></span> <span class='ocrx_word' id='word_1_60' title='bbox 1287 860 1466 924; x_wconf 91' lang='lat' dir='ltr'><strong>mulis,</strong></span> <span class='ocrx_word' id='word_1_61' title='bbox 1526 868 1580 913; x_wconf 92' lang='lat' dir='ltr'><strong>et</strong></span> <span class='ocrx_word' id='word_1_62' title='bbox 1640 861 1908 917; x_wconf 75' lang='lat' dir='ltr'><strong>carrucis.</strong></span> <span class='ocrx_word' id='word_1_63' title='bbox 1961 868 2015 912; x_wconf 92' lang='lat' dir='ltr'><strong>et</strong></span> 
     </span>
    </p>
   </div>
   <div class='ocr_carea' id='block_1_10' title="bbox 443 947 2011 1012">
    <p class='ocr_par' dir='ltr' id='par_1_10' title="bbox 443 947 2011 1012">
     <span class='ocr_line' id='line_1_10' title="bbox 443 947 2011 1012; baseline -0.007 0"><span class='ocrx_word' id='word_1_64' title='bbox 443 960 674 1012; x_wconf 54' lang='lat' dir='ltr'><strong>diversis</strong></span> <span class='ocrx_word' id='word_1_65' title='bbox 707 954 971 1009; x_wconf 81' lang='lat' dir='ltr'><strong>vehiculis</strong></span> <span class='ocrx_word' id='word_1_66' title='bbox 1019 953 1070 1006; x_wconf 92' lang='lat' dir='ltr'><strong>in</strong></span> <span class='ocrx_word' id='word_1_67' title='bbox 1131 960 1368 1005; x_wconf 84' lang='lat' dir='ltr'><strong>montem</strong></span> <span class='ocrx_word' id='word_1_68' title='bbox 1406 960 1655 1005; x_wconf 88' lang='lat' dir='ltr'><strong>sanctum</strong></span> <span class='ocrx_word' id='word_1_69' title='bbox 1687 947 2011 1010; x_wconf 83' lang='lat' dir='ltr'><strong>Jerusalem,</strong></span> 
     </span>
    </p>
   </div>
   <div class='ocr_carea' id='block_1_11' title="bbox 441 1040 2016 1112">
    <p class='ocr_par' dir='ltr' id='par_1_11' title="bbox 441 1040 2016 1112">
     <span class='ocr_line' id='line_1_11' title="bbox 441 1040 2016 1112; baseline -0.004 -14"><span class='ocrx_word' id='word_1_70' title='bbox 441 1046 710 1112; x_wconf 82' lang='lat' dir='ltr'><strong>quomodo</strong></span> <span class='ocrx_word' id='word_1_71' title='bbox 763 1043 1010 1096; x_wconf 74' lang='lat' dir='ltr'><strong>solebant</strong></span> <span class='ocrx_word' id='word_1_72' title='bbox 1042 1041 1134 1094; x_wconf 83' lang='lat' dir='ltr'><strong>lilii</strong></span> <span class='ocrx_word' id='word_1_73' title='bbox 1197 1040 1388 1102; x_wconf 87' lang='lat' dir='ltr'><strong>Israel,</strong></span> <span class='ocrx_word' id='word_1_74' title='bbox 1448 1040 1573 1093; x_wconf 83' lang='lat' dir='ltr'><strong>dunt</strong></span> <span class='ocrx_word' id='word_1_75' title='bbox 1625 1055 1815 1093; x_wconf 90' lang='lat' dir='ltr'><strong>eorum</strong></span> <span class='ocrx_word' id='word_1_76' title='bbox 1843 1047 2016 1094; x_wconf 88' lang='lat' dir='ltr'><strong>staret</strong></span> 
     </span>
    </p>
   </div>
   <div class='ocr_carea' id='block_1_12' title="bbox 441 1130 2016 1208">
    <p class='ocr_par' dir='ltr' id='par_1_12' title="bbox 441 1130 2016 1208">
     <span class='ocr_line' id='line_1_12' title="bbox 441 1130 2016 1208; baseline -0.005 -15"><span class='ocrx_word' id='word_1_77' title='bbox 441 1140 658 1208; x_wconf 69' lang='lat' dir='ltr'><strong>religio,</strong></span> <span class='ocrx_word' id='word_1_78' title='bbox 688 1147 741 1189; x_wconf 89' lang='lat' dir='ltr'><strong>ct</strong></span> <span class='ocrx_word' id='word_1_79' title='bbox 776 1136 962 1204; x_wconf 81' lang='lat' dir='ltr'><strong>templi</strong></span> <span class='ocrx_word' id='word_1_80' title='bbox 1024 1135 1361 1187; x_wconf 55' lang='lat' dir='ltr'><strong>caeremoniis:</strong></span> <span class='ocrx_word' id='word_1_81' title='bbox 1411 1130 1782 1196; x_wconf 79' lang='lat' dir='ltr'><strong>servarentu‘r,</strong></span> <span class='ocrx_word' id='word_1_82' title='bbox 1821 1131 2016 1186; x_wconf 74' lang='lat' dir='ltr'><strong>oll‘erre</strong></span> 
     </span>
    </p>
   </div>
   <div class='ocr_carea' id='block_1_13' title="bbox 441 1222 2016 1295">
    <p class='ocr_par' dir='ltr' id='par_1_13' title="bbox 441 1222 2016 1295">
     <span class='ocr_line' id='line_1_13' title="bbox 441 1222 2016 1295; baseline -0.003 -14"><span class='ocrx_word' id='word_1_83' title='bbox 441 1233 690 1283; x_wconf 71' lang='lat' dir='ltr'><strong>victimas</strong></span> <span class='ocrx_word' id='word_1_84' title='bbox 729 1245 853 1282; x_wconf 92' lang='lat' dir='ltr'><strong>cum</strong></span> <span class='ocrx_word' id='word_1_85' title='bbox 926 1227 1151 1295; x_wconf 77' lang='lat' dir='ltr'><strong>psalmis</strong></span> <span class='ocrx_word' id='word_1_86' title='bbox 1194 1225 1248 1278; x_wconf 93' lang='lat' dir='ltr'><strong>in</strong></span> <span class='ocrx_word' id='word_1_87' title='bbox 1293 1225 1456 1279; x_wconf 90' lang='lat' dir='ltr'><strong>domo</strong></span> <span class='ocrx_word' id='word_1_88' title='bbox 1512 1225 1745 1278; x_wconf 87' lang='lat' dir='ltr'><strong>Domini.</strong></span> <span class='ocrx_word' id='word_1_89' title='bbox 1795 1222 1922 1277; x_wconf 91' lang='lat' dir='ltr'><strong>Sive</strong></span> <span class='ocrx_word' id='word_1_90' title='bbox 1959 1234 2016 1277; x_wconf 91' lang='lat' dir='ltr'><strong>ut</strong></span> 
     </span>
    </p>
   </div>
   <div class='ocr_carea' id='block_1_14' title="bbox 444 1319 2018 1382">
    <p class='ocr_par' dir='ltr' id='par_1_14' title="bbox 444 1319 2018 1382">
     <span class='ocr_line' id='line_1_14' title="bbox 444 1319 2018 1382; baseline -0.003 -6"><span class='ocrx_word' id='word_1_91' title='bbox 444 1324 672 1376; x_wconf 76' lang='lat' dir='ltr'><strong>habt-tur</strong></span> <span class='ocrx_word' id='word_1_92' title='bbox 724 1321 774 1372; x_wconf 89' lang='lat' dir='ltr'><strong>in</strong></span> <span class='ocrx_word' id='word_1_93' title='bbox 808 1319 1055 1382; x_wconf 73' lang='lat' dir='ltr'><strong>llebra&#39;o,</strong></span> <span class='ocrx_word' id='word_1_94' title='bbox 1085 1328 1137 1373; x_wconf 83' lang='lat' dir='ltr'><strong>et</strong></span> <span class='ocrx_word' id='word_1_95' title='bbox 1173 1333 1365 1373; x_wconf 84' lang='lat' dir='ltr'><strong>omnes</strong></span> <span class='ocrx_word' id='word_1_96' title='bbox 1411 1332 1542 1372; x_wconf 76' lang='lat' dir='ltr'><strong>voce</strong></span> <span class='ocrx_word' id='word_1_97' title='bbox 1571 1332 1807 1372; x_wconf 80' lang='lat' dir='ltr'><strong>consona</strong></span> <span class='ocrx_word' id='word_1_98' title='bbox 1838 1329 2018 1371; x_wconf 82' lang='lat' dir='ltr'><strong>trans-</strong></span> 
     </span>
    </p>
   </div>
   <div class='ocr_carea' id='block_1_15' title="bbox 445 1411 2017 1480">
    <p class='ocr_par' dir='ltr' id='par_1_15' title="bbox 445 1411 2017 1480">
     <span class='ocr_line' id='line_1_15' title="bbox 445 1411 2017 1480; baseline 0 -14"><span class='ocrx_word' id='word_1_99' title='bbox 445 1415 707 1478; x_wconf 84' lang='lat' dir='ltr'><strong>tulerunt,</strong></span> <span class='ocrx_word' id='word_1_100' title='bbox 778 1415 831 1465; x_wconf 92' lang='lat' dir='ltr'><strong>in</strong></span> <span class='ocrx_word' id='word_1_101' title='bbox 890 1429 1009 1466; x_wconf 78' lang='lat' dir='ltr'><strong>ease</strong></span> <span class='ocrx_word' id='word_1_102' title='bbox 1061 1412 1257 1464; x_wconf 87' lang='lat' dir='ltr'><strong>mundo</strong></span> <span class='ocrx_word' id='word_1_103' title='bbox 1293 1427 1310 1465; x_wconf 92' lang='lat'><strong><em>:</em></strong></span> <span class='ocrx_word' id='word_1_104' title='bbox 1345 1411 1490 1480; x_wconf 91' lang='lat' dir='ltr'><strong>quod</strong></span> <span class='ocrx_word' id='word_1_105' title='bbox 1533 1419 1587 1465; x_wconf 89' lang='lat' dir='ltr'><strong>et</strong></span> <span class='ocrx_word' id='word_1_106' title='bbox 1640 1425 1810 1479; x_wconf 88' lang='lat' dir='ltr'><strong>usque</strong></span> <span class='ocrx_word' id='word_1_107' title='bbox 1858 1411 2017 1466; x_wconf 82' lang='lat' dir='ltr'><strong>hodie</strong></span> 
     </span>
    </p>
   </div>
   <div class='ocr_carea' id='block_1_16' title="bbox 443 1501 2016 1569">
    <p class='ocr_par' dir='ltr' id='par_1_16' title="bbox 443 1501 2016 1569">
     <span class='ocr_line' id='line_1_16' title="bbox 443 1501 2016 1569; baseline -0.003 -11"><span class='ocrx_word' id='word_1_108' title='bbox 443 1506 683 1559; x_wconf 85' lang='lat' dir='ltr'><strong>olfernnt</strong></span> <span class='ocrx_word' id='word_1_109' title='bbox 716 1506 766 1558; x_wconf 92' lang='lat' dir='ltr'><strong>in</strong></span> <span class='ocrx_word' id='word_1_110' title='bbox 801 1506 964 1558; x_wconf 90' lang='lat' dir='ltr'><strong>domo</strong></span> <span class='ocrx_word' id='word_1_111' title='bbox 994 1504 1111 1565; x_wconf 89' lang='lat' dir='ltr'><strong>Dei,</strong></span> <span class='ocrx_word' id='word_1_112' title='bbox 1145 1519 1262 1569; x_wconf 66' lang='lat' dir='ltr'><strong>quae</strong></span> <span class='ocrx_word' id='word_1_113' title='bbox 1295 1516 1376 1557; x_wconf 89' lang='lat' dir='ltr'><strong>cst</strong></span> <span class='ocrx_word' id='word_1_114' title='bbox 1408 1503 1673 1568; x_wconf 78' lang='lat' dir='ltr'><strong>Ecclesia,</strong></span> <span class='ocrx_word' id='word_1_115' title='bbox 1711 1502 1802 1554; x_wconf 86' lang='lat' dir='ltr'><strong>lilii</strong></span> <span class='ocrx_word' id='word_1_116' title='bbox 1851 1501 2016 1554; x_wconf 73' lang='lat' dir='ltr'><strong>Israel</strong></span> 
     </span>
    </p>
   </div>
   <div class='ocr_carea' id='block_1_17' title="bbox 444 1594 2019 1667">
    <p class='ocr_par' dir='ltr' id='par_1_17' title="bbox 444 1594 2019 1667">
     <span class='ocr_line' id='line_1_17' title="bbox 444 1594 2019 1667; baseline -0.003 -15"><span class='ocrx_word' id='word_1_117' title='bbox 444 1601 538 1667; x_wconf 90' lang='lat' dir='ltr'><strong>qui</strong></span> <span class='ocrx_word' id='word_1_118' title='bbox 595 1605 777 1650; x_wconf 87' lang='lat' dir='ltr'><strong>mcnte</strong></span> <span class='ocrx_word' id='word_1_119' title='bbox 815 1598 1154 1665; x_wconf 64' lang='lat' dir='ltr'><strong>conspiciunt</strong></span> <span class='ocrx_word' id='word_1_120' title='bbox 1206 1595 1396 1657; x_wconf 91' lang='lat' dir='ltr'><strong>Deum,</strong></span> <span class='ocrx_word' id='word_1_121' title='bbox 1449 1595 1660 1648; x_wconf 82' lang='lat' dir='ltr'><strong>hostias</strong></span> <span class='ocrx_word' id='word_1_122' title='bbox 1708 1594 2019 1663; x_wconf 75' lang='lat' dir='ltr'><strong>spiritunles</strong></span> 
     </span>
    </p>
   </div>
   <div class='ocr_carea' id='block_1_18' title="bbox 445 1687 2018 1757">
    <p class='ocr_par' dir='ltr' id='par_1_18' title="bbox 445 1687 2018 1757">
     <span class='ocr_line' id='line_1_18' title="bbox 445 1687 2018 1757; baseline -0.003 -15"><span class='ocrx_word' id='word_1_123' title='bbox 445 1707 570 1742; x_wconf 88' lang='lat' dir='ltr'><strong>cum</strong></span> <span class='ocrx_word' id='word_1_124' title='bbox 613 1689 879 1744; x_wconf 83' lang='lat' dir='ltr'><strong>fructibus</strong></span> <span class='ocrx_word' id='word_1_125' title='bbox 913 1700 1075 1757; x_wconf 85' lang='lat' dir='ltr'><strong>atque</strong></span> <span class='ocrx_word' id='word_1_126' title='bbox 1104 1688 1399 1741; x_wconf 91' lang='lat' dir='ltr'><strong>virtutibus</strong></span> <span class='ocrx_word' id='word_1_127' title='bbox 1427 1689 1622 1741; x_wconf 71' lang='lat' dir='ltr'><strong>aditure</strong></span> <span class='ocrx_word' id='word_1_128' title='bbox 1651 1703 1764 1740; x_wconf 76' lang='lat' dir='ltr'><strong>sua:</strong></span> <span class='ocrx_word' id='word_1_129' title='bbox 1792 1689 1845 1740; x_wconf 91' lang='lat' dir='ltr'><strong>in</strong></span> <span class='ocrx_word' id='word_1_130' title='bbox 1873 1687 2018 1740; x_wconf 82' lang='lat' dir='ltr'><strong>vasis</strong></span> 
     </span>
    </p>
   </div>
   <div class='ocr_carea' id='block_1_19' title="bbox 2120 479 3629 560">
    <p class='ocr_par' dir='ltr' id='par_1_19' title="bbox 2120 479 3629 560">
     <span class='ocr_line' id='line_1_19' title="bbox 2120 479 3629 560; baseline 0 -16"><span class='ocrx_word' id='word_1_131' title='bbox 2120 504 2214 560; x_wconf 89' lang='lat' dir='ltr'><strong>per</strong></span> <span class='ocrx_word' id='word_1_132' title='bbox 2244 498 2498 558; x_wconf 86' lang='lat' dir='ltr'><strong>posteros</strong></span> <span class='ocrx_word' id='word_1_133' title='bbox 2530 487 2890 542; x_wconf 85' lang='lat' dir='ltr'><strong>descendens.</strong></span> <span class='ocrx_word' id='word_1_134' title='bbox 2933 479 3225 540; x_wconf 76' lang='lat' dir='ltr'><strong>Translata</strong></span> <span class='ocrx_word' id='word_1_135' title='bbox 3262 483 3394 538; x_wconf 89' lang='lat' dir='ltr'><strong>enim</strong></span> <span class='ocrx_word' id='word_1_136' title='bbox 3419 488 3629 544; x_wconf 65' lang='lat' dir='ltr'><strong>sacerdot-</strong></span> 
     </span>
    </p>
   </div>
   <div class='ocr_carea' id='block_1_20' title="bbox 2123 573 3630 645">
    <p class='ocr_par' dir='ltr' id='par_1_20' title="bbox 2123 573 3630 645">
     <span class='ocr_line' id='line_1_20' title="bbox 2123 573 3630 645; baseline 0 -11"><span class='ocrx_word' id='word_1_137' title='bbox 2123 581 2196 634; x_wconf 90' lang='lat' dir='ltr'><strong>tio</strong></span> <span class='ocrx_word' id='word_1_138' title='bbox 2230 595 2458 635; x_wconf 88' lang='lat' dir='ltr'><strong>necesse</strong></span> <span class='ocrx_word' id='word_1_139' title='bbox 2490 588 2596 645; x_wconf 89' lang='lat' dir='ltr'><strong>est,</strong></span> <span class='ocrx_word' id='word_1_140' title='bbox 2624 585 2683 632; x_wconf 91' lang='lat' dir='ltr'><strong>ut</strong></span> <span class='ocrx_word' id='word_1_141' title='bbox 2706 586 2760 632; x_wconf 92' lang='lat' dir='ltr'><strong>et</strong></span> <span class='ocrx_word' id='word_1_142' title='bbox 2789 576 2922 645; x_wconf 90' lang='lat' dir='ltr'><strong>legis</strong></span> <span class='ocrx_word' id='word_1_143' title='bbox 2954 574 3235 630; x_wconf 87' lang='lat' dir='ltr'><strong>translatio</strong></span> <span class='ocrx_word' id='word_1_144' title='bbox 3258 573 3365 640; x_wconf 79' lang='lat' dir='ltr'><strong>dat,</strong></span> <span class='ocrx_word' id='word_1_145' title='bbox 3402 586 3450 630; x_wconf 88' lang='lat' dir='ltr'><strong>et</strong></span> <span class='ocrx_word' id='word_1_146' title='bbox 3472 576 3630 635; x_wconf 81' lang='lat' dir='ltr'><strong>electio</strong></span> 
     </span>
    </p>
   </div>
   <div class='ocr_carea' id='block_1_21' title="bbox 2121 667 3633 743">
    <p class='ocr_par' dir='ltr' id='par_1_21' title="bbox 2121 667 3633 743">
     <span class='ocr_line' id='line_1_21' title="bbox 2121 667 3633 743; baseline -0.001 -18"><span class='ocrx_word' id='word_1_147' title='bbox 2121 676 2187 727; x_wconf 87' lang='lat' dir='ltr'><strong>ad</strong></span> <span class='ocrx_word' id='word_1_148' title='bbox 2211 687 2308 728; x_wconf 89' lang='lat' dir='ltr'><strong>eos</strong></span> <span class='ocrx_word' id='word_1_149' title='bbox 2332 672 2631 743; x_wconf 84' lang='lat' dir='ltr'><strong>pertineat,</strong></span> <span class='ocrx_word' id='word_1_150' title='bbox 2667 671 2867 740; x_wconf 88' lang='lat' dir='ltr'><strong>quibus</strong></span> <span class='ocrx_word' id='word_1_151' title='bbox 2926 682 3262 736; x_wconf 83' lang='lat' dir='ltr'><strong>nequaquam</strong></span> <span class='ocrx_word' id='word_1_152' title='bbox 3294 667 3430 738; x_wconf 77' lang='lat' dir='ltr'><strong>juxta</strong></span> <span class='ocrx_word' id='word_1_153' title='bbox 3456 670 3633 738; x_wconf 83' lang='lat' dir='ltr'><strong>sangui-</strong></span> 
     </span>
    </p>
   </div>
   <div class='ocr_carea' id='block_1_22' title="bbox 2123 759 3632 833">
    <p class='ocr_par' dir='ltr' id='par_1_22' title="bbox 2123 759 3632 833">
     <span class='ocr_line' id='line_1_22' title="bbox 2123 759 3632 833; baseline -0.003 -15"><span class='ocrx_word' id='word_1_154' title='bbox 2123 779 2270 830; x_wconf 89' lang='lat' dir='ltr'><strong>nem,</strong></span> <span class='ocrx_word' id='word_1_155' title='bbox 2296 765 2389 818; x_wconf 87' lang='lat' dir='ltr'><strong>sed</strong></span> <span class='ocrx_word' id='word_1_156' title='bbox 2415 764 2568 833; x_wconf 81' lang='lat' dir='ltr'><strong>juxta</strong></span> <span class='ocrx_word' id='word_1_157' title='bbox 2599 761 2794 817; x_wconf 87' lang='lat' dir='ltr'><strong>merita</strong></span> <span class='ocrx_word' id='word_1_158' title='bbox 2851 768 3014 830; x_wconf 87' lang='lat' dir='ltr'><strong>atque</strong></span> <span class='ocrx_word' id='word_1_159' title='bbox 3072 759 3295 812; x_wconf 82' lang='lat' dir='ltr'><strong>virtutes</strong></span> <span class='ocrx_word' id='word_1_160' title='bbox 3327 761 3632 814; x_wconf 84' lang='lat' dir='ltr'><strong>sacerdotium</strong></span> 
     </span>
    </p>
   </div>
   <div class='ocr_carea' id='block_1_23' title="bbox 2122 849 3632 923">
    <p class='ocr_par' dir='ltr' id='par_1_23' title="bbox 2122 849 3632 923">
     <span class='ocr_line' id='line_1_23' title="bbox 2122 849 3632 923; baseline -0.004 -14"><span class='ocrx_word' id='word_1_161' title='bbox 2122 855 2390 921; x_wconf 81' lang='lat' dir='ltr'><strong>defertur,</strong></span> <span class='ocrx_word' id='word_1_162' title='bbox 2426 854 2518 923; x_wconf 88' lang='lat' dir='ltr'><strong>qui</strong></span> <span class='ocrx_word' id='word_1_163' title='bbox 2547 854 2762 908; x_wconf 85' lang='lat' dir='ltr'><strong>venient</strong></span> <span class='ocrx_word' id='word_1_164' title='bbox 2781 855 2847 906; x_wconf 89' lang='lat' dir='ltr'><strong>de</strong></span> <span class='ocrx_word' id='word_1_165' title='bbox 2878 849 3070 906; x_wconf 88' lang='lat' dir='ltr'><strong>insulis</strong></span> <span class='ocrx_word' id='word_1_166' title='bbox 3099 849 3356 919; x_wconf 87' lang='lat' dir='ltr'><strong>gentium,</strong></span> <span class='ocrx_word' id='word_1_167' title='bbox 3381 860 3430 903; x_wconf 91' lang='lat' dir='ltr'><strong>et</strong></span> <span class='ocrx_word' id='word_1_168' title='bbox 3451 851 3632 919; x_wconf 78' lang='lat' dir='ltr'><strong>gloriam</strong></span> 
     </span>
    </p>
   </div>
   <div class='ocr_carea' id='block_1_24' title="bbox 2123 945 3636 1012">
    <p class='ocr_par' dir='ltr' id='par_1_24' title="bbox 2123 945 3636 1012">
     <span class='ocr_line' id='line_1_24' title="bbox 2123 945 3636 1012; baseline -0.003 -12"><span class='ocrx_word' id='word_1_169' title='bbox 2123 947 2336 1002; x_wconf 89' lang='lat' dir='ltr'><strong>Domini</strong></span> <span class='ocrx_word' id='word_1_170' title='bbox 2370 947 2724 1002; x_wconf 89' lang='lat' dir='ltr'><strong>nuntiabunt.</strong></span> <span class='ocrx_word' id='word_1_171' title='bbox 2770 945 2840 999; x_wconf 88' lang='lat' dir='ltr'><strong>Et</strong></span> <span class='ocrx_word' id='word_1_172' title='bbox 2871 945 3203 998; x_wconf 80' lang='lat' dir='ltr'><strong>adducentur</strong></span> <span class='ocrx_word' id='word_1_173' title='bbox 3258 945 3311 997; x_wconf 90' lang='lat' dir='ltr'><strong>in</strong></span> <span class='ocrx_word' id='word_1_174' title='bbox 3344 945 3494 1012; x_wconf 79' lang='lat' dir='ltr'><strong>equis,</strong></span> <span class='ocrx_word' id='word_1_175' title='bbox 3523 955 3563 997; x_wconf 88' lang='lat' dir='ltr'><strong>et</strong></span> <span class='ocrx_word' id='word_1_176' title='bbox 3592 947 3636 997; x_wconf 89' lang='lat' dir='ltr'><strong>in</strong></span> 
     </span>
    </p>
   </div>
   <div class='ocr_carea' id='block_1_25' title="bbox 2123 1037 3636 1112">
    <p class='ocr_par' dir='ltr' id='par_1_25' title="bbox 2123 1037 3636 1112">
     <span class='ocr_line' id='line_1_25' title="bbox 2123 1037 3636 1112; baseline -0.002 -17"><span class='ocrx_word' id='word_1_177' title='bbox 2123 1043 2420 1112; x_wconf 74' lang='lat' dir='ltr'><strong>quadrigis,</strong></span> <span class='ocrx_word' id='word_1_178' title='bbox 2448 1052 2493 1095; x_wconf 90' lang='lat' dir='ltr'><strong>et</strong></span> <span class='ocrx_word' id='word_1_179' title='bbox 2529 1041 2584 1093; x_wconf 88' lang='lat' dir='ltr'><strong>in</strong></span> <span class='ocrx_word' id='word_1_180' title='bbox 2609 1040 2828 1103; x_wconf 75' lang='lat' dir='ltr'><strong>lecticis,</strong></span> <span class='ocrx_word' id='word_1_181' title='bbox 2862 1047 2909 1091; x_wconf 89' lang='lat' dir='ltr'><strong>ct</strong></span> <span class='ocrx_word' id='word_1_182' title='bbox 2942 1039 2998 1091; x_wconf 87' lang='lat' dir='ltr'><strong>in</strong></span> <span class='ocrx_word' id='word_1_183' title='bbox 3055 1037 3233 1100; x_wconf 88' lang='lat' dir='ltr'><strong>ntulis,</strong></span> <span class='ocrx_word' id='word_1_184' title='bbox 3268 1046 3313 1091; x_wconf 87' lang='lat' dir='ltr'><strong>et</strong></span> <span class='ocrx_word' id='word_1_185' title='bbox 3344 1038 3393 1089; x_wconf 87' lang='lat' dir='ltr'><strong>in</strong></span> <span class='ocrx_word' id='word_1_186' title='bbox 3425 1038 3636 1092; x_wconf 86' lang='lat' dir='ltr'><strong>carrucis.</strong></span> 
     </span>
    </p>
   </div>
   <div class='ocr_carea' id='block_1_26' title="bbox 2125 1130 3640 1200">
    <p class='ocr_par' dir='ltr' id='par_1_26' title="bbox 2125 1130 3640 1200">
     <span class='ocr_line' id='line_1_26' title="bbox 2125 1130 3640 1200; baseline -0.004 -13"><span class='ocrx_word' id='word_1_187' title='bbox 2125 1133 2411 1200; x_wconf 86' lang='lat' dir='ltr'><strong>Quomodo</strong></span> <span class='ocrx_word' id='word_1_188' title='bbox 2437 1143 2618 1185; x_wconf 87' lang='lat' dir='ltr'><strong>autem</strong></span> <span class='ocrx_word' id='word_1_189' title='bbox 2654 1133 2857 1185; x_wconf 67' lang='lat' dir='ltr'><strong>caelum</strong></span> <span class='ocrx_word' id='word_1_190' title='bbox 2888 1143 3112 1191; x_wconf 88' lang='lat' dir='ltr'><strong>novum,</strong></span> <span class='ocrx_word' id='word_1_191' title='bbox 3153 1137 3207 1182; x_wconf 90' lang='lat' dir='ltr'><strong>et</strong></span> <span class='ocrx_word' id='word_1_192' title='bbox 3232 1136 3368 1180; x_wconf 90' lang='lat' dir='ltr'><strong>terra</strong></span> <span class='ocrx_word' id='word_1_193' title='bbox 3400 1143 3517 1183; x_wconf 85' lang='lat' dir='ltr'><strong>nova</strong></span> <span class='ocrx_word' id='word_1_194' title='bbox 3540 1130 3640 1189; x_wconf 90' lang='lat' dir='ltr'><strong>erit,</strong></span> 
     </span>
    </p>
   </div>
   <div class='ocr_carea' id='block_1_27' title="bbox 2123 1212 3640 1291">
    <p class='ocr_par' dir='ltr' id='par_1_27' title="bbox 2123 1212 3640 1291">
     <span class='ocr_line' id='line_1_27' title="bbox 2123 1212 3640 1291; baseline -0.003 -13"><span class='ocrx_word' id='word_1_195' title='bbox 2123 1235 2175 1279; x_wconf 93' lang='lat' dir='ltr'><strong>et</strong></span> <span class='ocrx_word' id='word_1_196' title='bbox 2206 1212 2341 1280; x_wconf 84' lang='lat' dir='ltr'><strong>nova</strong></span> <span class='ocrx_word' id='word_1_197' title='bbox 2370 1223 2700 1288; x_wconf 78' lang='lat' dir='ltr'><strong>Jerusalem,</strong></span> <span class='ocrx_word' id='word_1_198' title='bbox 2745 1231 2803 1276; x_wconf 93' lang='lat' dir='ltr'><strong>ut</strong></span> <span class='ocrx_word' id='word_1_199' title='bbox 2838 1237 3178 1291; x_wconf 85' lang='lat' dir='ltr'><strong>nequaquam</strong></span> <span class='ocrx_word' id='word_1_200' title='bbox 3205 1221 3406 1273; x_wconf 85' lang='lat' dir='ltr'><strong>dicatur</strong></span> <span class='ocrx_word' id='word_1_201' title='bbox 3440 1237 3452 1272; x_wconf 86' lang='lat'>:</span> <span class='ocrx_word' id='word_1_202' title='bbox 3481 1218 3640 1274; x_wconf 73' lang='lat' dir='ltr'><strong>Cretum</strong></span> 
     </span>
    </p>
   </div>
   <div class='ocr_carea' id='block_1_28' title="bbox 2124 1312 3642 1386">
    <p class='ocr_par' dir='ltr' id='par_1_28' title="bbox 2124 1312 3642 1386">
     <span class='ocr_line' id='line_1_28' title="bbox 2124 1312 3642 1386; baseline -0.003 -13"><span class='ocrx_word' id='word_1_203' title='bbox 2124 1328 2172 1373; x_wconf 89' lang='lat' dir='ltr'><strong>et</strong></span> <span class='ocrx_word' id='word_1_204' title='bbox 2194 1328 2336 1372; x_wconf 89' lang='lat' dir='ltr'><strong>terra</strong></span> <span class='ocrx_word' id='word_1_205' title='bbox 2356 1317 2752 1386; x_wconf 79' lang='lat' dir='ltr'><strong>pertransibunt</strong></span> <span class='ocrx_word' id='word_1_206' title='bbox 2778 1315 3001 1386; x_wconf 80' lang='lat' dir='ltr'><strong>(Matth.</strong></span> <span class='ocrx_word' id='word_1_207' title='bbox 3034 1328 3179 1377; x_wconf 75' lang='lat' dir='ltr'><strong>xxiv,</strong></span> <span class='ocrx_word' id='word_1_208' title='bbox 3216 1313 3327 1382; x_wconf 78' lang='lat'><strong>55).</strong></span> <span class='ocrx_word' id='word_1_209' title='bbox 3354 1312 3412 1365; x_wconf 82' lang='lat' dir='ltr'><strong>Et</strong></span> <span class='ocrx_word' id='word_1_210' title='bbox 3436 1314 3600 1366; x_wconf 87' lang='lat' dir='ltr'><strong>iterum</strong></span> <span class='ocrx_word' id='word_1_211' title='bbox 3630 1329 3642 1368; x_wconf 89' lang='lat'><strong>:</strong></span> 
     </span>
    </p>
   </div>
   <div class='ocr_carea' id='block_1_29' title="bbox 2126 1406 3645 1480">
    <p class='ocr_par' dir='ltr' id='par_1_29' title="bbox 2126 1406 3645 1480">
     <span class='ocr_line' id='line_1_29' title="bbox 2126 1406 3645 1480; baseline -0.003 -17"><span class='ocrx_word' id='word_1_212' title='bbox 2126 1408 2428 1463; x_wconf 87' lang='lat' dir='ltr'><strong>Involvetur</strong></span> <span class='ocrx_word' id='word_1_213' title='bbox 2447 1409 2630 1463; x_wconf 75' lang='lat' dir='ltr'><strong>(telum</strong></span> <span class='ocrx_word' id='word_1_214' title='bbox 2650 1409 2801 1480; x_wconf 81' lang='lat' dir='ltr'><strong>quasi</strong></span> <span class='ocrx_word' id='word_1_215' title='bbox 2829 1407 2962 1460; x_wconf 83' lang='lat' dir='ltr'><strong>liber</strong></span> <span class='ocrx_word' id='word_1_216' title='bbox 2982 1421 3002 1460; x_wconf 90' lang='lat'><strong><em>:</em></strong></span> <span class='ocrx_word' id='word_1_217' title='bbox 3032 1415 3081 1460; x_wconf 85' lang='lat' dir='ltr'><strong>et</strong></span> <span class='ocrx_word' id='word_1_218' title='bbox 3107 1406 3432 1470; x_wconf 83' lang='lat' dir='ltr'><strong>corruptione</strong></span> <span class='ocrx_word' id='word_1_219' title='bbox 3456 1406 3645 1468; x_wconf 84' lang='lat' dir='ltr'><strong>dissipa-</strong></span> 
     </span>
    </p>
   </div>
   <div class='ocr_carea' id='block_1_30' title="bbox 2126 1496 3647 1568">
    <p class='ocr_par' dir='ltr' id='par_1_30' title="bbox 2126 1496 3647 1568">
     <span class='ocr_line' id='line_1_30' title="bbox 2126 1496 3647 1568; baseline -0.001 -16"><span class='ocrx_word' id='word_1_220' title='bbox 2126 1501 2268 1554; x_wconf 83' lang='lat' dir='ltr'><strong>bitur</strong></span> <span class='ocrx_word' id='word_1_221' title='bbox 2290 1511 2429 1554; x_wconf 83' lang='lat' dir='ltr'><strong>Ierra</strong></span> <span class='ocrx_word' id='word_1_222' title='bbox 2462 1502 2645 1568; x_wconf 74' lang='lat' dir='ltr'><strong>(Apoc.</strong></span> <span class='ocrx_word' id='word_1_223' title='bbox 2682 1514 2752 1562; x_wconf 87' lang='lat' dir='ltr'><strong>vt,</strong></span> <span class='ocrx_word' id='word_1_224' title='bbox 2782 1500 2870 1567; x_wconf 64' lang='grc'><strong>14)</strong></span> <span class='ocrx_word' id='word_1_225' title='bbox 2902 1516 2917 1553; x_wconf 84' lang='lat'><strong>:</strong></span> <span class='ocrx_word' id='word_1_226' title='bbox 2946 1498 3026 1552; x_wconf 91' lang='lat' dir='ltr'><strong>sic</strong></span> <span class='ocrx_word' id='word_1_227' title='bbox 3060 1499 3113 1551; x_wconf 91' lang='lat' dir='ltr'><strong>in</strong></span> <span class='ocrx_word' id='word_1_228' title='bbox 3138 1496 3304 1567; x_wconf 76' lang='lat'><strong>826</strong></span> <span class='ocrx_word' id='word_1_229' title='bbox 3326 1497 3552 1551; x_wconf 87' lang='lat' dir='ltr'><strong>omnibus</strong></span> <span class='ocrx_word' id='word_1_230' title='bbox 3568 1513 3647 1551; x_wconf 86' lang='lat' dir='ltr'><strong>no-</strong></span> 
     </span>
    </p>
   </div>
   <div class='ocr_carea' id='block_1_31' title="bbox 2125 1588 3643 1661">
    <p class='ocr_par' dir='ltr' id='par_1_31' title="bbox 2125 1588 3643 1661">
     <span class='ocr_line' id='line_1_31' title="bbox 2125 1588 3643 1661; baseline -0.003 -15"><span class='ocrx_word' id='word_1_231' title='bbox 2125 1595 2230 1658; x_wconf 90' lang='lat' dir='ltr'><strong>vis,</strong></span> <span class='ocrx_word' id='word_1_232' title='bbox 2276 1608 2448 1647; x_wconf 87' lang='lat' dir='ltr'><strong>novus</strong></span> <span class='ocrx_word' id='word_1_233' title='bbox 2489 1592 2580 1646; x_wconf 84' lang='lat' dir='ltr'><strong>flet</strong></span> <span class='ocrx_word' id='word_1_234' title='bbox 2611 1602 2665 1646; x_wconf 82' lang='lat' dir='ltr'><strong>et</strong></span> <span class='ocrx_word' id='word_1_235' title='bbox 2697 1591 2926 1661; x_wconf 87' lang='lat' dir='ltr'><strong>populus</strong></span> <span class='ocrx_word' id='word_1_236' title='bbox 2960 1591 3075 1652; x_wconf 79' lang='lat' dir='ltr'><strong>Dei,</strong></span> <span class='ocrx_word' id='word_1_237' title='bbox 3114 1591 3326 1643; x_wconf 81' lang='lat' dir='ltr'><strong>dicente</strong></span> <span class='ocrx_word' id='word_1_238' title='bbox 3359 1588 3602 1658; x_wconf 79' lang='lat' dir='ltr'><strong>Scriptura</strong></span> <span class='ocrx_word' id='word_1_239' title='bbox 3632 1607 3643 1642; x_wconf 89' lang='lat'><strong>:</strong></span> 
     </span>
    </p>
   </div>
   <div class='ocr_carea' id='block_1_32' title="bbox 2135 1680 3647 1754">
    <p class='ocr_par' dir='ltr' id='par_1_32' title="bbox 2135 1680 3647 1754">
     <span class='ocr_line' id='line_1_32' title="bbox 2135 1680 3647 1754; baseline -0.004 -13"><span class='ocrx_word' id='word_1_240' title='bbox 2135 1687 2326 1741; x_wconf 81' lang='lat' dir='ltr'><strong>Vetera</strong></span> <span class='ocrx_word' id='word_1_241' title='bbox 2357 1687 2682 1740; x_wconf 83' lang='lat' dir='ltr'><strong>transierunt</strong></span> <span class='ocrx_word' id='word_1_242' title='bbox 2709 1702 2726 1740; x_wconf 93' lang='lat'><strong><em>:</em></strong></span> <span class='ocrx_word' id='word_1_243' title='bbox 2759 1701 2876 1738; x_wconf 82' lang='lat' dir='ltr'><strong>ecce</strong></span> <span class='ocrx_word' id='word_1_244' title='bbox 2898 1685 3043 1754; x_wconf 79' lang='lat' dir='ltr'><strong>facta</strong></span> <span class='ocrx_word' id='word_1_245' title='bbox 3061 1693 3181 1737; x_wconf 87' lang='lat' dir='ltr'><strong>sunt</strong></span> <span class='ocrx_word' id='word_1_246' title='bbox 3199 1685 3371 1736; x_wconf 86' lang='lat' dir='ltr'><strong>omnia</strong></span> <span class='ocrx_word' id='word_1_247' title='bbox 3399 1699 3514 1735; x_wconf 76' lang='lat' dir='ltr'><strong>nova</strong></span> <span class='ocrx_word' id='word_1_248' title='bbox 3538 1680 3647 1751; x_wconf 73' lang='grc' dir='ltr'><strong>(ιω.</strong></span> 
     </span>
    </p>
   </div>
   <div class='ocr_carea' id='block_1_33' title="bbox 448 1753 3650 1848">
    <p class='ocr_par' dir='ltr' id='par_1_33' title="bbox 448 1753 3650 1848">
     <span class='ocr_line' id='line_1_33' title="bbox 448 1753 3650 1848; baseline -0.002 -15"><span class='ocrx_word' id='word_1_249' title='bbox 448 1783 684 1844; x_wconf 87' lang='lat' dir='ltr'><strong>tnondis,</strong></span> <span class='ocrx_word' id='word_1_250' title='bbox 725 1782 825 1835; x_wconf 91' lang='lat' dir='ltr'><strong>hoc</strong></span> <span class='ocrx_word' id='word_1_251' title='bbox 871 1791 973 1844; x_wconf 91' lang='lat' dir='ltr'><strong>cst,</strong></span> <span class='ocrx_word' id='word_1_252' title='bbox 1015 1783 1064 1832; x_wconf 94' lang='lat' dir='ltr'><strong>in</strong></span> <span class='ocrx_word' id='word_1_253' title='bbox 1088 1781 1297 1833; x_wconf 80' lang='lat' dir='ltr'><strong>sanctis</strong></span> <span class='ocrx_word' id='word_1_254' title='bbox 1331 1783 1666 1847; x_wconf 75' lang='lat' dir='ltr'><strong>corporibus.</strong></span> <span class='ocrx_word' id='word_1_255' title='bbox 1724 1780 1797 1832; x_wconf 81' lang='lat' dir='ltr'><strong>De</strong></span> <span class='ocrx_word' id='word_1_256' title='bbox 1829 1781 2024 1848; x_wconf 77' lang='lat' dir='ltr'><strong>quibus</strong></span> <span class='ocrx_word' id='word_1_257' title='bbox 2058 1753 2100 1808; x_wconf 73' lang='grc' dir='ltr'><strong>Β</strong></span> <span class='ocrx_word' id='word_1_258' title='bbox 2130 1795 2290 1842; x_wconf 71' lang='lat' dir='ltr'><strong>sttit,</strong></span> <span class='ocrx_word' id='word_1_259' title='bbox 2334 1780 2444 1847; x_wconf 87' lang='lat' dir='ltr'><strong>l9).</strong></span> <span class='ocrx_word' id='word_1_260' title='bbox 2479 1779 2542 1830; x_wconf 84' lang='lat' dir='ltr'><strong>Et</strong></span> <span class='ocrx_word' id='word_1_261' title='bbox 2571 1779 2624 1830; x_wconf 92' lang='lat' dir='ltr'><strong>in</strong></span> <span class='ocrx_word' id='word_1_262' title='bbox 2660 1779 2766 1830; x_wconf 91' lang='lat' dir='ltr'><strong>alio</strong></span> <span class='ocrx_word' id='word_1_263' title='bbox 2793 1780 2911 1831; x_wconf 86' lang='lat' dir='ltr'><strong>loco</strong></span> <span class='ocrx_word' id='word_1_264' title='bbox 2942 1793 2956 1829; x_wconf 91' lang='lat'><strong>:</strong></span> <span class='ocrx_word' id='word_1_265' title='bbox 2987 1777 3044 1830; x_wconf 90' lang='lat' dir='ltr'><strong>Si</strong></span> <span class='ocrx_word' id='word_1_266' title='bbox 3076 1794 3179 1847; x_wconf 84' lang='lat' dir='ltr'><strong>qua</strong></span> <span class='ocrx_word' id='word_1_267' title='bbox 3208 1777 3260 1830; x_wconf 89' lang='lat' dir='ltr'><strong>in</strong></span> <span class='ocrx_word' id='word_1_268' title='bbox 3311 1774 3499 1830; x_wconf 75' lang='lat' dir='ltr'><strong>Christo</strong></span> <span class='ocrx_word' id='word_1_269' title='bbox 3545 1791 3650 1827; x_wconf 71' lang='lat' dir='ltr'><strong>uoca</strong></span> 
     </span>
    </p>
   </div>
   <div class='ocr_carea' id='block_1_34' title="bbox 443 1872 2024 1942">
    <p class='ocr_par' dir='ltr' id='par_1_34' title="bbox 443 1872 2024 1942">
     <span class='ocr_line' id='line_1_34' title="bbox 443 1872 2024 1942; baseline -0.001 -14"><span class='ocrx_word' id='word_1_270' title='bbox 443 1875 739 1942; x_wconf 79' lang='lat' dir='ltr'><strong>Apostolus</strong></span> <span class='ocrx_word' id='word_1_271' title='bbox 793 1873 1024 1926; x_wconf 82' lang='lat' dir='ltr'><strong>scribit:</strong></span> <span class='ocrx_word' id='word_1_272' title='bbox 1062 1874 1140 1925; x_wconf 69' lang='lat' dir='ltr'><strong>An</strong></span> <span class='ocrx_word' id='word_1_273' title='bbox 1186 1875 1448 1942; x_wconf 82' lang='lat' dir='ltr'><strong>ignoratis</strong></span> <span class='ocrx_word' id='word_1_274' title='bbox 1477 1875 1601 1942; x_wconf 85' lang='lat' dir='ltr'><strong>quia</strong></span> <span class='ocrx_word' id='word_1_275' title='bbox 1647 1874 1894 1942; x_wconf 65' lang='lat' dir='ltr'><strong>templum</strong></span> <span class='ocrx_word' id='word_1_276' title='bbox 1929 1872 2024 1926; x_wconf 73' lang='lat' dir='ltr'><strong>Dei</strong></span> 
     </span>
    </p>
   </div>
   <div class='ocr_carea' id='block_1_35' title="bbox 444 1963 2021 2034">
    <p class='ocr_par' dir='ltr' id='par_1_35' title="bbox 444 1963 2021 2034">
     <span class='ocr_line' id='line_1_35' title="bbox 444 1963 2021 2034; baseline 0 -15"><span class='ocrx_word' id='word_1_277' title='bbox 444 1969 596 2030; x_wconf 83' lang='lat' dir='ltr'><strong>estis,</strong></span> <span class='ocrx_word' id='word_1_278' title='bbox 637 1975 685 2018; x_wconf 89' lang='lat' dir='ltr'><strong>et</strong></span> <span class='ocrx_word' id='word_1_279' title='bbox 718 1963 952 2031; x_wconf 84' lang='lat' dir='ltr'><strong>Spiritus</strong></span> <span class='ocrx_word' id='word_1_280' title='bbox 987 1975 1204 2018; x_wconf 83' lang='lat' dir='ltr'><strong>sanctus</strong></span> <span class='ocrx_word' id='word_1_281' title='bbox 1257 1965 1464 2017; x_wconf 78' lang='lat' dir='ltr'><strong>habitat</strong></span> <span class='ocrx_word' id='word_1_282' title='bbox 1523 1967 1576 2018; x_wconf 89' lang='lat' dir='ltr'><strong>in</strong></span> <span class='ocrx_word' id='word_1_283' title='bbox 1621 1967 1764 2019; x_wconf 83' lang='lat' dir='ltr'><strong>vobis</strong></span> <span class='ocrx_word' id='word_1_284' title='bbox 1807 1967 1854 2034; x_wconf 85' lang='lat'><strong>(1</strong></span> <span class='ocrx_word' id='word_1_285' title='bbox 1898 1969 2021 2019; x_wconf 75' lang='lat' dir='ltr'><strong>Cor.</strong></span> 
     </span>
    </p>
   </div>
   <div class='ocr_carea' id='block_1_36' title="bbox 448 2059 2025 2127">
    <p class='ocr_par' dir='ltr' id='par_1_36' title="bbox 448 2059 2025 2127">
     <span class='ocr_line' id='line_1_36' title="bbox 448 2059 2025 2127; baseline -0.001 -15"><span class='ocrx_word' id='word_1_286' title='bbox 448 2075 537 2116; x_wconf 85' lang='lat' dir='ltr'><strong>III,</strong></span> <span class='ocrx_word' id='word_1_287' title='bbox 569 2059 786 2127; x_wconf 73' lang='lat' dir='ltr'><strong>16)?Et</strong></span> <span class='ocrx_word' id='word_1_288' title='bbox 817 2075 1106 2118; x_wconf 85' lang='lat' dir='ltr'><strong>assumant,</strong></span> <span class='ocrx_word' id='word_1_289' title='bbox 1144 2061 1338 2126; x_wconf 86' lang='lat' dir='ltr'><strong>inquit,</strong></span> <span class='ocrx_word' id='word_1_290' title='bbox 1391 2075 1456 2111; x_wconf 77' lang='lat' dir='ltr'><strong>ex</strong></span> <span class='ocrx_word' id='word_1_291' title='bbox 1505 2060 1576 2111; x_wconf 84' lang='lat' dir='ltr'><strong>eis</strong></span> <span class='ocrx_word' id='word_1_292' title='bbox 1631 2061 1930 2112; x_wconf 78' lang='lat' dir='ltr'><strong>sacerdotes</strong></span> <span class='ocrx_word' id='word_1_293' title='bbox 1976 2071 2025 2112; x_wconf 89' lang='lat' dir='ltr'><strong>et</strong></span> 
     </span>
    </p>
   </div>
   <div class='ocr_carea' id='block_1_37' title="bbox 454 2149 2029 2220">
    <p class='ocr_par' dir='ltr' id='par_1_37' title="bbox 454 2149 2029 2220">
     <span class='ocr_line' id='line_1_37' title="bbox 454 2149 2029 2220; baseline -0.003 -16"><span class='ocrx_word' id='word_1_294' title='bbox 454 2151 682 2213; x_wconf 76' lang='lat' dir='ltr'><strong>Levites,</strong></span> <span class='ocrx_word' id='word_1_295' title='bbox 706 2151 833 2203; x_wconf 83' lang='lat' dir='ltr'><strong>dicit</strong></span> <span class='ocrx_word' id='word_1_296' title='bbox 876 2149 1128 2202; x_wconf 87' lang='lat' dir='ltr'><strong>Dominus</strong></span> <span class='ocrx_word' id='word_1_297' title='bbox 1154 2166 1172 2202; x_wconf 92' lang='lat'><em>:</em></span> <span class='ocrx_word' id='word_1_298' title='bbox 1203 2162 1259 2202; x_wconf 88' lang='grc' dir='ltr'><strong>ιιι</strong></span> <span class='ocrx_word' id='word_1_299' title='bbox 1293 2151 1381 2217; x_wconf 87' lang='lat' dir='ltr'><strong>qui</strong></span> <span class='ocrx_word' id='word_1_300' title='bbox 1413 2149 1604 2203; x_wconf 84' lang='lat' dir='ltr'><strong>salvati</strong></span> <span class='ocrx_word' id='word_1_301' title='bbox 1645 2151 1868 2212; x_wconf 88' lang='lat' dir='ltr'><strong>fuerint,</strong></span> <span class='ocrx_word' id='word_1_302' title='bbox 1901 2163 2029 2220; x_wconf 76' lang='lat' dir='ltr'><strong>gen-</strong></span> 
     </span>
    </p>
   </div>
   <div class='ocr_carea' id='block_1_38' title="bbox 454 2241 2024 2312">
    <p class='ocr_par' dir='ltr' id='par_1_38' title="bbox 454 2241 2024 2312">
     <span class='ocr_line' id='line_1_38' title="bbox 454 2241 2024 2312; baseline 0.001 -20"><span class='ocrx_word' id='word_1_303' title='bbox 454 2244 598 2296; x_wconf 88' lang='lat' dir='ltr'><strong>tibus</strong></span> <span class='ocrx_word' id='word_1_304' title='bbox 655 2241 1033 2312; x_wconf 65' lang='lat' dir='ltr'><strong>prscdicarcnt.</strong></span> <span class='ocrx_word' id='word_1_305' title='bbox 1087 2241 1159 2295; x_wconf 89' lang='lat' dir='ltr'><strong>De</strong></span> <span class='ocrx_word' id='word_1_306' title='bbox 1199 2244 1397 2310; x_wconf 88' lang='lat' dir='ltr'><strong>quibus</strong></span> <span class='ocrx_word' id='word_1_307' title='bbox 1453 2258 1592 2295; x_wconf 90' lang='lat' dir='ltr'><strong>unus</strong></span> <span class='ocrx_word' id='word_1_308' title='bbox 1642 2242 2024 2310; x_wconf 78' lang='lat' dir='ltr'><strong>loquebatur:</strong></span> 
     </span>
    </p>
   </div>
   <div class='ocr_carea' id='block_1_39' title="bbox 451 2335 2027 2404">
    <p class='ocr_par' dir='ltr' id='par_1_39' title="bbox 451 2335 2027 2404">
     <span class='ocr_line' id='line_1_39' title="bbox 451 2335 2027 2404; baseline -0.002 -15"><span class='ocrx_word' id='word_1_309' title='bbox 451 2335 542 2389; x_wconf 83' lang='lat' dir='ltr'><strong>Sic</strong></span> <span class='ocrx_word' id='word_1_310' title='bbox 587 2354 677 2390; x_wconf 87' lang='lat' dir='ltr'><strong>nos</strong></span> <span class='ocrx_word' id='word_1_311' title='bbox 740 2349 935 2403; x_wconf 86' lang='lat' dir='ltr'><strong>reputet</strong></span> <span class='ocrx_word' id='word_1_312' title='bbox 989 2338 1141 2389; x_wconf 88' lang='lat' dir='ltr'><strong>homo</strong></span> <span class='ocrx_word' id='word_1_313' title='bbox 1195 2337 1346 2404; x_wconf 84' lang='lat' dir='ltr'><strong>quasi</strong></span> <span class='ocrx_word' id='word_1_314' title='bbox 1407 2338 1676 2389; x_wconf 84' lang='lat' dir='ltr'><strong>ministros</strong></span> <span class='ocrx_word' id='word_1_315' title='bbox 1732 2335 1951 2396; x_wconf 79' lang='lat' dir='ltr'><strong>Christi,</strong></span> <span class='ocrx_word' id='word_1_316' title='bbox 1980 2347 2027 2387; x_wconf 87' lang='lat' dir='ltr'><strong>et</strong></span> 
     </span>
    </p>
   </div>
   <div class='ocr_carea' id='block_1_40' title="bbox 450 2426 2030 2500">
    <p class='ocr_par' dir='ltr' id='par_1_40' title="bbox 450 2426 2030 2500">
     <span class='ocr_line' id='line_1_40' title="bbox 450 2426 2030 2500; baseline -0.002 -17"><span class='ocrx_word' id='word_1_317' title='bbox 450 2433 839 2499; x_wconf 60' lang='lat' dir='ltr'><strong>dispensatores</strong></span> <span class='ocrx_word' id='word_1_318' title='bbox 891 2431 1256 2500; x_wconf 78' lang='lat' dir='ltr'><strong>mysteriarnm</strong></span> <span class='ocrx_word' id='word_1_319' title='bbox 1314 2430 1408 2482; x_wconf 65' lang='lat' dir='ltr'><strong>Dei</strong></span> <span class='ocrx_word' id='word_1_320' title='bbox 1449 2427 1503 2497; x_wconf 86' lang='lat' dir='ltr'><strong>(I</strong></span> <span class='ocrx_word' id='word_1_321' title='bbox 1554 2429 1673 2484; x_wconf 78' lang='lat' dir='ltr'><strong>Cor.</strong></span> <span class='ocrx_word' id='word_1_322' title='bbox 1723 2444 1796 2491; x_wconf 87' lang='lat' dir='ltr'><strong>Iv,</strong></span> <span class='ocrx_word' id='word_1_323' title='bbox 1843 2429 1916 2498; x_wconf 82' lang='grc'><strong>1).</strong></span> <span class='ocrx_word' id='word_1_324' title='bbox 1967 2426 2030 2480; x_wconf 84' lang='grc' dir='ltr'>Ει</span> 
     </span>
    </p>
   </div>
   <div class='ocr_carea' id='block_1_41' title="bbox 454 2498 2026 2590">
    <p class='ocr_par' dir='ltr' id='par_1_41' title="bbox 454 2498 2026 2590">
     <span class='ocr_line' id='line_1_41' title="bbox 454 2498 2026 2590; baseline -0.001 -17"><span class='ocrx_word' id='word_1_325' title='bbox 454 2522 631 2573; x_wconf 77' lang='lat' dir='ltr'><strong>Lucas</strong></span> <span class='ocrx_word' id='word_1_326' title='bbox 653 2523 982 2590; x_wconf 77' lang='lat' dir='ltr'><strong>cvattgt-lism</strong></span> <span class='ocrx_word' id='word_1_327' title='bbox 1017 2541 1029 2577; x_wconf 91' lang='lat'><strong>:</strong></span> <span class='ocrx_word' id='word_1_328' title='bbox 1061 2498 1209 2574; x_wconf 67' lang='lat' dir='ltr'><strong>Sit-tit</strong></span> <span class='ocrx_word' id='word_1_329' title='bbox 1239 2524 1598 2586; x_wconf 82' lang='lat' dir='ltr'><strong>tradiderunt,</strong></span> <span class='ocrx_word' id='word_1_330' title='bbox 1629 2521 1822 2589; x_wconf 88' lang='lat' dir='ltr'><strong>inquit,</strong></span> <span class='ocrx_word' id='word_1_331' title='bbox 1856 2523 2026 2583; x_wconf 78' lang='lat' dir='ltr'><strong>nobis,</strong></span> 
     </span>
    </p>
   </div>
   <div class='ocr_carea' id='block_1_42' title="bbox 451 2613 2028 2684">
    <p class='ocr_par' dir='ltr' id='par_1_42' title="bbox 451 2613 2028 2684">
     <span class='ocr_line' id='line_1_42' title="bbox 451 2613 2028 2684; baseline -0.002 -17"><span class='ocrx_word' id='word_1_332' title='bbox 451 2617 602 2684; x_wconf 83' lang='lat' dir='ltr'><strong>quia</strong></span> <span class='ocrx_word' id='word_1_333' title='bbox 636 2615 800 2684; x_wconf 76' lang='lat'><strong>825</strong></span> <span class='ocrx_word' id='word_1_334' title='bbox 836 2614 1092 2680; x_wconf 76' lang='lat' dir='ltr'><strong>principio</strong></span> <span class='ocrx_word' id='word_1_335' title='bbox 1147 2615 1383 2666; x_wconf 70' lang='lat' dir='ltr'><strong>ridet-unt</strong></span> <span class='ocrx_word' id='word_1_336' title='bbox 1434 2624 1481 2666; x_wconf 90' lang='lat' dir='ltr'><strong>et</strong></span> <span class='ocrx_word' id='word_1_337' title='bbox 1539 2614 1766 2666; x_wconf 78' lang='lat' dir='ltr'><strong>ministri</strong></span> <span class='ocrx_word' id='word_1_338' title='bbox 1815 2613 2028 2682; x_wconf 84' lang='lat' dir='ltr'><strong>fuerunt</strong></span> 
     </span>
    </p>
   </div>
   <div class='ocr_carea' id='block_1_43' title="bbox 451 2706 2028 2776">
    <p class='ocr_par' dir='ltr' id='par_1_43' title="bbox 451 2706 2028 2776">
     <span class='ocr_line' id='line_1_43' title="bbox 451 2706 2028 2776; baseline -0.002 -14"><span class='ocrx_word' id='word_1_339' title='bbox 451 2712 729 2762; x_wconf 81' lang='lat' dir='ltr'><strong>sermonis.</strong></span> <span class='ocrx_word' id='word_1_340' title='bbox 777 2709 848 2762; x_wconf 75' lang='lat' dir='ltr'><strong>lle</strong></span> <span class='ocrx_word' id='word_1_341' title='bbox 896 2709 1092 2776; x_wconf 83' lang='lat' dir='ltr'><strong>quibus</strong></span> <span class='ocrx_word' id='word_1_342' title='bbox 1123 2717 1179 2761; x_wconf 86' lang='lat' dir='ltr'><strong>et</strong></span> <span class='ocrx_word' id='word_1_343' title='bbox 1210 2723 1370 2776; x_wconf 86' lang='lat' dir='ltr'><strong>supra</strong></span> <span class='ocrx_word' id='word_1_344' title='bbox 1415 2708 1643 2776; x_wconf 80' lang='lat' dir='ltr'><strong>legimus</strong></span> <span class='ocrx_word' id='word_1_345' title='bbox 1678 2726 1692 2760; x_wconf 87' lang='lat'><strong>:</strong></span> <span class='ocrx_word' id='word_1_346' title='bbox 1739 2706 1838 2760; x_wconf 78' lang='lat' dir='ltr'><strong>Vos</strong></span> <span class='ocrx_word' id='word_1_347' title='bbox 1878 2707 2028 2759; x_wconf 81' lang='lat' dir='ltr'><strong>eritis</strong></span> 
     </span>
    </p>
   </div>
   <div class='ocr_carea' id='block_1_44' title="bbox 453 2799 2030 2869">
    <p class='ocr_par' dir='ltr' id='par_1_44' title="bbox 453 2799 2030 2869">
     <span class='ocr_line' id='line_1_44' title="bbox 453 2799 2030 2869; baseline -0.001 -17"><span class='ocrx_word' id='word_1_348' title='bbox 453 2803 579 2853; x_wconf 85' lang='lat' dir='ltr'><strong>mihi</strong></span> <span class='ocrx_word' id='word_1_349' title='bbox 608 2801 900 2854; x_wconf 82' lang='lat' dir='ltr'><strong>sacerdotes</strong></span> <span class='ocrx_word' id='word_1_350' title='bbox 932 2801 1144 2854; x_wconf 85' lang='lat' dir='ltr'><strong>Domini</strong></span> <span class='ocrx_word' id='word_1_351' title='bbox 1175 2801 1311 2869; x_wconf 86' lang='lat' dir='ltr'><strong>(lsa.</strong></span> <span class='ocrx_word' id='word_1_352' title='bbox 1347 2813 1454 2863; x_wconf 75' lang='lat' dir='ltr'><strong>th,</strong></span> <span class='ocrx_word' id='word_1_353' title='bbox 1480 2801 1553 2869; x_wconf 88' lang='grc'><strong>6).</strong></span> <span class='ocrx_word' id='word_1_354' title='bbox 1581 2799 1861 2865; x_wconf 76' lang='lat' dir='ltr'><strong>Quo-nudo</strong></span> <span class='ocrx_word' id='word_1_355' title='bbox 1889 2802 2030 2851; x_wconf 90' lang='lat' dir='ltr'><strong>enim</strong></span> 
     </span>
    </p>
   </div>
   <div class='ocr_carea' id='block_1_45' title="bbox 455 2888 2032 2959">
    <p class='ocr_par' dir='ltr' id='par_1_45' title="bbox 455 2888 2032 2959">
     <span class='ocr_line' id='line_1_45' title="bbox 455 2888 2032 2959; baseline -0.003 -15"><span class='ocrx_word' id='word_1_356' title='bbox 455 2894 508 2944; x_wconf 91' lang='lat' dir='ltr'><strong>in</strong></span> <span class='ocrx_word' id='word_1_357' title='bbox 547 2892 866 2944; x_wconf 84' lang='lat' dir='ltr'><strong>abscondito</strong></span> <span class='ocrx_word' id='word_1_358' title='bbox 899 2888 1115 2944; x_wconf 67' lang='lat' dir='ltr'><strong>inda-us</strong></span> <span class='ocrx_word' id='word_1_359' title='bbox 1137 2899 1238 2954; x_wconf 86' lang='lat' dir='ltr'><strong>est,</strong></span> <span class='ocrx_word' id='word_1_360' title='bbox 1272 2890 1363 2958; x_wconf 89' lang='lat' dir='ltr'><strong>qui</strong></span> <span class='ocrx_word' id='word_1_361' title='bbox 1393 2892 1590 2959; x_wconf 79' lang='lat' dir='ltr'><strong>spiritu</strong></span> <span class='ocrx_word' id='word_1_362' title='bbox 1622 2889 2032 2942; x_wconf 80' lang='lat' dir='ltr'><strong>circumciditur</strong></span> 
     </span>
    </p>
   </div>
   <div class='ocr_carea' id='block_1_46' title="bbox 455 2984 2030 3054">
    <p class='ocr_par' dir='ltr' id='par_1_46' title="bbox 455 2984 2030 3054">
     <span class='ocr_line' id='line_1_46' title="bbox 455 2984 2030 3054; baseline -0.003 -16"><span class='ocrx_word' id='word_1_363' title='bbox 455 2984 632 3053; x_wconf 75' lang='lat' dir='ltr'><strong>(Rom.</strong></span> <span class='ocrx_word' id='word_1_364' title='bbox 671 2986 755 3052; x_wconf 89' lang='lat' dir='ltr'><strong>tt),</strong></span> <span class='ocrx_word' id='word_1_365' title='bbox 787 2986 853 3038; x_wconf 91' lang='lat' dir='ltr'><strong>de</strong></span> <span class='ocrx_word' id='word_1_366' title='bbox 881 3001 986 3053; x_wconf 88' lang='lat' dir='ltr'><strong>quo</strong></span> <span class='ocrx_word' id='word_1_367' title='bbox 1004 2986 1263 3054; x_wconf 75' lang='lat' dir='ltr'><strong>scriptum</strong></span> <span class='ocrx_word' id='word_1_368' title='bbox 1295 2996 1377 3038; x_wconf 89' lang='lat' dir='ltr'><strong>cst</strong></span> <span class='ocrx_word' id='word_1_369' title='bbox 1409 3002 1423 3038; x_wconf 85' lang='lat'><strong>:</strong></span> <span class='ocrx_word' id='word_1_370' title='bbox 1459 2984 1570 3037; x_wconf 85' lang='lat' dir='ltr'><strong>Nos</strong></span> <span class='ocrx_word' id='word_1_371' title='bbox 1596 2999 1772 3036; x_wconf 86' lang='lat' dir='ltr'><strong>sumus</strong></span> <span class='ocrx_word' id='word_1_372' title='bbox 1801 2984 2030 3036; x_wconf 85' lang='lat' dir='ltr'><strong>circum-</strong></span> 
     </span>
    </p>
   </div>
   <div class='ocr_carea' id='block_1_47' title="bbox 2127 1865 3650 1937">
    <p class='ocr_par' dir='ltr' id='par_1_47' title="bbox 2127 1865 3650 1937">
     <span class='ocr_line' id='line_1_47' title="bbox 2127 1865 3650 1937; baseline -0.005 -13"><span class='ocrx_word' id='word_1_373' title='bbox 2127 1879 2373 1924; x_wconf 84' lang='lat' dir='ltr'><strong>creutura</strong></span> <span class='ocrx_word' id='word_1_374' title='bbox 2409 1867 2493 1937; x_wconf 79' lang='lat' dir='ltr'><strong>(Il</strong></span> <span class='ocrx_word' id='word_1_375' title='bbox 2527 1868 2651 1923; x_wconf 88' lang='lat' dir='ltr'><strong>Cor.</strong></span> <span class='ocrx_word' id='word_1_376' title='bbox 2685 1883 2736 1931; x_wconf 94' lang='lat' dir='ltr'><strong>v,</strong></span> <span class='ocrx_word' id='word_1_377' title='bbox 2774 1869 2879 1937; x_wconf 86' lang='lat' dir='ltr'><strong>l7).</strong></span> <span class='ocrx_word' id='word_1_378' title='bbox 2915 1867 3135 1936; x_wconf 87' lang='lat' dir='ltr'><strong>Eritque</strong></span> <span class='ocrx_word' id='word_1_379' title='bbox 3163 1876 3219 1920; x_wconf 83' lang='lat' dir='ltr'><strong>et</strong></span> <span class='ocrx_word' id='word_1_380' title='bbox 3241 1865 3454 1935; x_wconf 89' lang='lat' dir='ltr'><strong>populus</strong></span> <span class='ocrx_word' id='word_1_381' title='bbox 3480 1879 3650 1930; x_wconf 85' lang='lat' dir='ltr'><strong>novus;</strong></span> 
     </span>
    </p>
   </div>
   <div class='ocr_carea' id='block_1_48' title="bbox 2128 1955 3650 2033">
    <p class='ocr_par' dir='ltr' id='par_1_48' title="bbox 2128 1955 3650 2033">
     <span class='ocr_line' id='line_1_48' title="bbox 2128 1955 3650 2033; baseline -0.007 -17"><span class='ocrx_word' id='word_1_382' title='bbox 2128 1963 2382 2033; x_wconf 83' lang='lat' dir='ltr'><strong>primitiae</strong></span> <span class='ocrx_word' id='word_1_383' title='bbox 2408 1965 2550 2016; x_wconf 85' lang='lat' dir='ltr'><strong>enim</strong></span> <span class='ocrx_word' id='word_1_384' title='bbox 2587 1962 2863 2025; x_wconf 84' lang='lat' dir='ltr'><strong>Christus,</strong></span> <span class='ocrx_word' id='word_1_385' title='bbox 2898 1960 3094 2014; x_wconf 85' lang='lat' dir='ltr'><strong>deinde</strong></span> <span class='ocrx_word' id='word_1_386' title='bbox 3115 1959 3206 2027; x_wconf 89' lang='lat' dir='ltr'><strong>qui</strong></span> <span class='ocrx_word' id='word_1_387' title='bbox 3241 1967 3362 2012; x_wconf 91' lang='lat' dir='ltr'><strong>sunt</strong></span> <span class='ocrx_word' id='word_1_388' title='bbox 3389 1955 3586 2018; x_wconf 83' lang='lat' dir='ltr'><strong>Christi,</strong></span> <span class='ocrx_word' id='word_1_389' title='bbox 3611 1955 3650 2006; x_wconf 90' lang='lat' dir='ltr'><strong>in</strong></span> 
     </span>
    </p>
   </div>
   <div class='ocr_carea' id='block_1_49' title="bbox 2127 2046 3654 2124">
    <p class='ocr_par' dir='ltr' id='par_1_49' title="bbox 2127 2046 3654 2124">
     <span class='ocr_line' id='line_1_49' title="bbox 2127 2046 3654 2124; baseline -0.005 -16"><span class='ocrx_word' id='word_1_390' title='bbox 2127 2056 2361 2108; x_wconf 84' lang='lat' dir='ltr'><strong>adventu</strong></span> <span class='ocrx_word' id='word_1_391' title='bbox 2395 2056 2511 2124; x_wconf 85' lang='lat' dir='ltr'><strong>ejus</strong></span> <span class='ocrx_word' id='word_1_392' title='bbox 2542 2071 2556 2110; x_wconf 91' lang='lat'><strong>:</strong></span> <span class='ocrx_word' id='word_1_393' title='bbox 2589 2052 2896 2121; x_wconf 63' lang='lat' dir='ltr'><strong>caelumque</strong></span> <span class='ocrx_word' id='word_1_394' title='bbox 2939 2063 2994 2106; x_wconf 92' lang='lat' dir='ltr'><strong>et</strong></span> <span class='ocrx_word' id='word_1_395' title='bbox 3033 2062 3175 2106; x_wconf 85' lang='lat' dir='ltr'><strong>terra</strong></span> <span class='ocrx_word' id='word_1_396' title='bbox 3209 2064 3372 2114; x_wconf 84' lang='lat' dir='ltr'><strong>nova,</strong></span> <span class='ocrx_word' id='word_1_397' title='bbox 3403 2049 3464 2103; x_wconf 90' lang='lat' dir='ltr'><strong>de</strong></span> <span class='ocrx_word' id='word_1_398' title='bbox 3494 2046 3654 2116; x_wconf 85' lang='lat' dir='ltr'><strong>quibus</strong></span> 
     </span>
    </p>
   </div>
   <div class='ocr_carea' id='block_1_50' title="bbox 2130 2139 3658 2210">
    <p class='ocr_par' dir='ltr' id='par_1_50' title="bbox 2130 2139 3658 2210">
     <span class='ocr_line' id='line_1_50' title="bbox 2130 2139 3658 2210; baseline -0.009 -6"><span class='ocrx_word' id='word_1_399' title='bbox 2130 2151 2272 2204; x_wconf 90' lang='lat' dir='ltr'><strong>inter</strong></span> <span class='ocrx_word' id='word_1_400' title='bbox 2300 2160 2424 2203; x_wconf 88' lang='lat' dir='ltr'><strong>octo</strong></span> <span class='ocrx_word' id='word_1_401' title='bbox 2461 2147 2831 2204; x_wconf 87' lang='lat' dir='ltr'><strong>beatitudiues</strong></span> <span class='ocrx_word' id='word_1_402' title='bbox 2855 2146 3055 2201; x_wconf 79' lang='lat' dir='ltr'><strong>dicitur</strong></span> <span class='ocrx_word' id='word_1_403' title='bbox 3089 2163 3102 2200; x_wconf 91' lang='lat'><strong>:</strong></span> <span class='ocrx_word' id='word_1_404' title='bbox 3136 2145 3293 2198; x_wconf 88' lang='lat' dir='ltr'><strong>Beati</strong></span> <span class='ocrx_word' id='word_1_405' title='bbox 3327 2156 3555 2210; x_wconf 86' lang='lat' dir='ltr'><strong>pauperes</strong></span> <span class='ocrx_word' id='word_1_406' title='bbox 3573 2139 3658 2208; x_wconf 84' lang='lat' dir='ltr'><strong>spi-</strong></span> 
     </span>
    </p>
   </div>
   <div class='ocr_carea' id='block_1_51' title="bbox 2130 2229 3656 2309">
    <p class='ocr_par' dir='ltr' id='par_1_51' title="bbox 2130 2229 3656 2309">
     <span class='ocr_line' id='line_1_51' title="bbox 2130 2229 3656 2309; baseline -0.009 -15"><span class='ocrx_word' id='word_1_407' title='bbox 2130 2243 2261 2302; x_wconf 87' lang='lat' dir='ltr'><strong>ritu,</strong></span> <span class='ocrx_word' id='word_1_408' title='bbox 2298 2243 2550 2309; x_wconf 89' lang='lat' dir='ltr'><strong>quoniam</strong></span> <span class='ocrx_word' id='word_1_409' title='bbox 2598 2241 2830 2308; x_wconf 87' lang='lat' dir='ltr'><strong>ipsorum</strong></span> <span class='ocrx_word' id='word_1_410' title='bbox 2873 2246 2950 2292; x_wconf 87' lang='lat' dir='ltr'><strong>est</strong></span> <span class='ocrx_word' id='word_1_411' title='bbox 2980 2252 3199 2307; x_wconf 86' lang='lat' dir='ltr'><strong>regnum</strong></span> <span class='ocrx_word' id='word_1_412' title='bbox 3252 2236 3504 2288; x_wconf 66' lang='lat' dir='ltr'><strong>caelorum.</strong></span> <span class='ocrx_word' id='word_1_413' title='bbox 3534 2229 3656 2284; x_wconf 85' lang='lat' dir='ltr'><strong>Beati</strong></span> 
     </span>
    </p>
   </div>
   <div class='ocr_carea' id='block_1_52' title="bbox 2131 2323 3657 2404">
    <p class='ocr_par' dir='ltr' id='par_1_52' title="bbox 2131 2323 3657 2404">
     <span class='ocr_line' id='line_1_52' title="bbox 2131 2323 3657 2404; baseline -0.009 -15"><span class='ocrx_word' id='word_1_414' title='bbox 2131 2335 2574 2404; x_wconf 82' lang='lat' dir='ltr'><strong>mites,quoniam</strong></span> <span class='ocrx_word' id='word_1_415' title='bbox 2605 2334 2708 2401; x_wconf 88' lang='lat' dir='ltr'><strong>ipsi</strong></span> <span class='ocrx_word' id='word_1_416' title='bbox 2735 2333 3072 2400; x_wconf 85' lang='lat' dir='ltr'><strong>possidebunt</strong></span> <span class='ocrx_word' id='word_1_417' title='bbox 3100 2338 3302 2384; x_wconf 79' lang='lat' dir='ltr'><strong>terram</strong></span> <span class='ocrx_word' id='word_1_418' title='bbox 3332 2325 3528 2394; x_wconf 76' lang='lat' dir='ltr'><strong>(Matth.</strong></span> <span class='ocrx_word' id='word_1_419' title='bbox 3553 2323 3657 2387; x_wconf 54' lang='grc' dir='ltr'><strong>ηδ,</strong></span> 
     </span>
    </p>
   </div>
   <div class='ocr_carea' id='block_1_53' title="bbox 2130 2417 3661 2496">
    <p class='ocr_par' dir='ltr' id='par_1_53' title="bbox 2130 2417 3661 2496">
     <span class='ocr_line' id='line_1_53' title="bbox 2130 2417 3661 2496; baseline -0.011 -14"><span class='ocrx_word' id='word_1_420' title='bbox 2130 2429 2207 2496; x_wconf 74' lang='grc'><strong>4).</strong></span> <span class='ocrx_word' id='word_1_421' title='bbox 2243 2427 2521 2496; x_wconf 84' lang='lat' dir='ltr'><strong>Siquidem</strong></span> <span class='ocrx_word' id='word_1_422' title='bbox 2561 2425 2739 2480; x_wconf 83' lang='lat' dir='ltr'><strong>cumis</strong></span> <span class='ocrx_word' id='word_1_423' title='bbox 2802 2433 3050 2476; x_wconf 88' lang='lat' dir='ltr'><strong>creatura</strong></span> <span class='ocrx_word' id='word_1_424' title='bbox 3109 2433 3256 2474; x_wconf 89' lang='lat' dir='ltr'><strong>nunc</strong></span> <span class='ocrx_word' id='word_1_425' title='bbox 3317 2417 3541 2485; x_wconf 85' lang='lat' dir='ltr'><strong>subjecta</strong></span> <span class='ocrx_word' id='word_1_426' title='bbox 3596 2421 3661 2467; x_wconf 85' lang='lat' dir='ltr'><strong>est</strong></span> 
     </span>
    </p>
   </div>
   <div class='ocr_carea' id='block_1_54' title="bbox 2131 2504 3659 2587">
    <p class='ocr_par' dir='ltr' id='par_1_54' title="bbox 2131 2504 3659 2587">
     <span class='ocr_line' id='line_1_54' title="bbox 2131 2504 3659 2587; baseline -0.012 -12"><span class='ocrx_word' id='word_1_427' title='bbox 2131 2522 2358 2575; x_wconf 83' lang='lat' dir='ltr'><strong>vanitati</strong></span> <span class='ocrx_word' id='word_1_428' title='bbox 2389 2521 2440 2572; x_wconf 92' lang='lat' dir='ltr'><strong>in</strong></span> <span class='ocrx_word' id='word_1_429' title='bbox 2466 2534 2580 2587; x_wconf 82' lang='lat' dir='ltr'><strong>spe,</strong></span> <span class='ocrx_word' id='word_1_430' title='bbox 2614 2525 2832 2586; x_wconf 87' lang='lat' dir='ltr'><strong>pr0pter</strong></span> <span class='ocrx_word' id='word_1_431' title='bbox 2856 2529 2979 2569; x_wconf 91' lang='lat' dir='ltr'><strong>eum</strong></span> <span class='ocrx_word' id='word_1_432' title='bbox 3011 2512 3105 2582; x_wconf 89' lang='lat' dir='ltr'><strong>qui</strong></span> <span class='ocrx_word' id='word_1_433' title='bbox 3127 2509 3364 2579; x_wconf 84' lang='lat' dir='ltr'><strong>subjecit</strong></span> <span class='ocrx_word' id='word_1_434' title='bbox 3385 2523 3494 2562; x_wconf 88' lang='lat' dir='ltr'><strong>eam</strong></span> <span class='ocrx_word' id='word_1_435' title='bbox 3521 2504 3659 2576; x_wconf 83' lang='lat' dir='ltr'><strong>(Rom.</strong></span> 
     </span>
    </p>
   </div>
   <div class='ocr_carea' id='block_1_55' title="bbox 2131 2597 3662 2682">
    <p class='ocr_par' dir='ltr' id='par_1_55' title="bbox 2131 2597 3662 2682">
     <span class='ocr_line' id='line_1_55' title="bbox 2131 2597 3662 2682; baseline -0.014 -13"><span class='ocrx_word' id='word_1_436' title='bbox 2131 2617 2277 2682; x_wconf 84' lang='lat' dir='ltr'><strong>vni).</strong></span> <span class='ocrx_word' id='word_1_437' title='bbox 2315 2613 2717 2667; x_wconf 89' lang='lat' dir='ltr'><strong>Liberabuntur</strong></span> <span class='ocrx_word' id='word_1_438' title='bbox 2748 2617 2931 2662; x_wconf 90' lang='lat' dir='ltr'><strong>autem</strong></span> <span class='ocrx_word' id='word_1_439' title='bbox 2964 2621 2994 2660; x_wconf 92' lang='lat' dir='ltr'><strong>a</strong></span> <span class='ocrx_word' id='word_1_440' title='bbox 3044 2604 3312 2660; x_wconf 88' lang='lat' dir='ltr'><strong>servitute</strong></span> <span class='ocrx_word' id='word_1_441' title='bbox 3344 2597 3662 2668; x_wconf 88' lang='lat' dir='ltr'><strong>corruptionis</strong></span> 
     </span>
    </p>
   </div>
   <div class='ocr_carea' id='block_1_56' title="bbox 2134 2687 3662 2777">
    <p class='ocr_par' dir='ltr' id='par_1_56' title="bbox 2134 2687 3662 2777">
     <span class='ocr_line' id='line_1_56' title="bbox 2134 2687 3662 2777; baseline -0.015 -14"><span class='ocrx_word' id='word_1_442' title='bbox 2134 2711 2186 2763; x_wconf 92' lang='lat' dir='ltr'><strong>in</strong></span> <span class='ocrx_word' id='word_1_443' title='bbox 2216 2707 2383 2777; x_wconf 81' lang='lat' dir='ltr'><strong>gloria</strong></span> <span class='ocrx_word' id='word_1_444' title='bbox 2411 2705 2646 2758; x_wconf 89' lang='lat' dir='ltr'><strong>liliorum</strong></span> <span class='ocrx_word' id='word_1_445' title='bbox 2683 2701 2800 2764; x_wconf 88' lang='lat' dir='ltr'><strong>Dei,</strong></span> <span class='ocrx_word' id='word_1_446' title='bbox 2855 2699 2947 2769; x_wconf 91' lang='lat' dir='ltr'><strong>qui</strong></span> <span class='ocrx_word' id='word_1_447' title='bbox 2983 2697 3115 2752; x_wconf 80' lang='lat' dir='ltr'><strong>[ient</strong></span> <span class='ocrx_word' id='word_1_448' title='bbox 3157 2696 3226 2751; x_wconf 86' lang='lat' dir='ltr'><strong>de</strong></span> <span class='ocrx_word' id='word_1_449' title='bbox 3262 2693 3553 2749; x_wconf 89' lang='lat' dir='ltr'><strong>hominibus</strong></span> <span class='ocrx_word' id='word_1_450' title='bbox 3591 2687 3662 2741; x_wconf 79' lang='lat' dir='ltr'><strong>filii</strong></span> 
     </span>
    </p>
   </div>
   <div class='ocr_carea' id='block_1_57' title="bbox 2133 2789 3665 2866">
    <p class='ocr_par' dir='ltr' id='par_1_57' title="bbox 2133 2789 3665 2866">
     <span class='ocr_line' id='line_1_57' title="bbox 2133 2789 3665 2866; baseline -0.012 -15"><span class='ocrx_word' id='word_1_451' title='bbox 2133 2799 2274 2866; x_wconf 85' lang='lat' dir='ltr'><strong>ejus,</strong></span> <span class='ocrx_word' id='word_1_452' title='bbox 2311 2807 2366 2849; x_wconf 90' lang='lat' dir='ltr'><strong>et</strong></span> <span class='ocrx_word' id='word_1_453' title='bbox 2397 2798 2622 2848; x_wconf 69' lang='grc' dir='ltr'>διιιιιιιιιι</span> <span class='ocrx_word' id='word_1_454' title='bbox 2661 2793 2712 2845; x_wconf 90' lang='lat' dir='ltr'><strong>in</strong></span> <span class='ocrx_word' id='word_1_455' title='bbox 2745 2799 3038 2860; x_wconf 86' lang='lat' dir='ltr'><strong>conspectu</strong></span> <span class='ocrx_word' id='word_1_456' title='bbox 3075 2789 3223 2842; x_wconf 88' lang='lat' dir='ltr'><strong>illius</strong></span> <span class='ocrx_word' id='word_1_457' title='bbox 3259 2797 3486 2855; x_wconf 87' lang='lat' dir='ltr'><strong>semper,</strong></span> <span class='ocrx_word' id='word_1_458' title='bbox 3519 2791 3565 2834; x_wconf 90' lang='lat' dir='ltr'><strong>et</strong></span> <span class='ocrx_word' id='word_1_459' title='bbox 3590 2793 3665 2833; x_wconf 85' lang='lat' dir='ltr'><strong>no-</strong></span> 
     </span>
    </p>
   </div>
   <div class='ocr_carea' id='block_1_58' title="bbox 2137 2871 3667 2955">
    <p class='ocr_par' dir='ltr' id='par_1_58' title="bbox 2137 2871 3667 2955">
     <span class='ocr_line' id='line_1_58' title="bbox 2137 2871 3667 2955; baseline -0.011 -14"><span class='ocrx_word' id='word_1_460' title='bbox 2137 2904 2256 2941; x_wconf 87' lang='lat' dir='ltr'><strong>tuen</strong></span> <span class='ocrx_word' id='word_1_461' title='bbox 2288 2902 2478 2941; x_wconf 87' lang='lat' dir='ltr'><strong>eortun</strong></span> <span class='ocrx_word' id='word_1_462' title='bbox 2502 2885 2702 2955; x_wconf 85' lang='lat' dir='ltr'><strong>jugiter</strong></span> <span class='ocrx_word' id='word_1_463' title='bbox 2734 2882 3098 2954; x_wconf 86' lang='lat' dir='ltr'><strong>permanebit,</strong></span> <span class='ocrx_word' id='word_1_464' title='bbox 3127 2887 3186 2934; x_wconf 85' lang='lat' dir='ltr'><strong>ut</strong></span> <span class='ocrx_word' id='word_1_465' title='bbox 3239 2887 3557 2946; x_wconf 78' lang='lat' dir='ltr'><strong>nequaquam</strong></span> <span class='ocrx_word' id='word_1_466' title='bbox 3583 2871 3667 2926; x_wconf 91' lang='lat' dir='ltr'><strong>illis</strong></span> 
     </span>
    </p>
   </div>
   <div class='ocr_carea' id='block_1_59' title="bbox 2135 2961 3666 3051">
    <p class='ocr_par' dir='ltr' id='par_1_59' title="bbox 2135 2961 3666 3051">
     <span class='ocr_line' id='line_1_59' title="bbox 2135 2961 3666 3051; baseline -0.012 -18"><span class='ocrx_word' id='word_1_467' title='bbox 2135 2994 2266 3051; x_wconf 86' lang='lat' dir='ltr'><strong>gens</strong></span> <span class='ocrx_word' id='word_1_468' title='bbox 2301 2978 2558 3032; x_wconf 88' lang='lat' dir='ltr'><strong>succedat</strong></span> <span class='ocrx_word' id='word_1_469' title='bbox 2586 2978 2715 3039; x_wconf 90' lang='lat' dir='ltr'><strong>alia,</strong></span> <span class='ocrx_word' id='word_1_470' title='bbox 2747 2973 2890 3045; x_wconf 87' lang='lat' dir='ltr'><strong>quod</strong></span> <span class='ocrx_word' id='word_1_471' title='bbox 2924 2972 3125 3026; x_wconf 78' lang='lat' dir='ltr'><strong>factum</strong></span> <span class='ocrx_word' id='word_1_472' title='bbox 3162 2981 3251 3026; x_wconf 88' lang='lat' dir='ltr'><strong>est</strong></span> <span class='ocrx_word' id='word_1_473' title='bbox 3281 2971 3333 3051; x_wconf 90' lang='lat' dir='ltr'><strong>in</strong></span> <span class='ocrx_word' id='word_1_474' title='bbox 3363 2967 3570 3030; x_wconf 66' lang='lat' dir='ltr'><strong>Judmis;</strong></span> <span class='ocrx_word' id='word_1_475' title='bbox 3594 2961 3666 3016; x_wconf 85' lang='lat' dir='ltr'><strong>sed</strong></span> 
     </span>
    </p>
   </div>
   <div class='ocr_carea' id='block_1_60' title="bbox 455 3049 3669 3149">
    <p class='ocr_par' dir='ltr' id='par_1_60' title="bbox 455 3049 3669 3149">
     <span class='ocr_line' id='line_1_60' title="bbox 455 3049 3669 3149; baseline 0.001 -17"><span class='ocrx_word' id='word_1_476' title='bbox 455 3049 608 3146; x_wconf 77' lang='lat' dir='ltr'><strong>cisio,</strong></span> <span class='ocrx_word' id='word_1_477' title='bbox 637 3049 952 3149; x_wconf 77' lang='lat' dir='ltr'><strong>qnispiritn</strong></span> <span class='ocrx_word' id='word_1_478' title='bbox 989 3049 1388 3134; x_wconf 38' lang='lat' dir='ltr'><strong>Deo‘servimus</strong></span> <span class='ocrx_word' id='word_1_479' title='bbox 1427 3081 1687 3148; x_wconf 79' lang='lat' dir='ltr'><strong>(Philipp.</strong></span> <span class='ocrx_word' id='word_1_480' title='bbox 1734 3097 1812 3141; x_wconf 90' lang='lat' dir='ltr'><strong>Ill,</strong></span> <span class='ocrx_word' id='word_1_481' title='bbox 1849 3081 1937 3148; x_wconf 77' lang='lat'><strong>&#39;5),</strong></span> <span class='ocrx_word' id='word_1_482' title='bbox 1979 3089 2030 3132; x_wconf 71' lang='lat' dir='ltr'><strong>et</strong></span> <span class='ocrx_word' id='word_1_483' title='bbox 2057 3086 2103 3149; x_wconf 72' lang='grc' dir='ltr'>ο</span> <span class='ocrx_word' id='word_1_484' title='bbox 2137 3049 2391 3125; x_wconf 65' lang='grc' dir='ltr'>ιιιίιηθειιιι</span> <span class='ocrx_word' id='word_1_485' title='bbox 2441 3071 2494 3123; x_wconf 80' lang='lat' dir='ltr'><strong>ill</strong></span> <span class='ocrx_word' id='word_1_486' title='bbox 2556 3079 2846 3123; x_wconf 67' lang='grc' dir='ltr'>ωιϐτιιυῑιι·</span> <span class='ocrx_word' id='word_1_487' title='bbox 2905 3065 2970 3118; x_wconf 76' lang='grc' dir='ltr'>Ει</span> <span class='ocrx_word' id='word_1_488' title='bbox 2997 3066 3119 3130; x_wconf 72' lang='grc' dir='ltr'><em>ενῖτι</em></span> <span class='ocrx_word' id='word_1_489' title='bbox 3173 3049 3370 3132; x_wconf 64' lang='grc' dir='ltr'>ίυίιιιῖιν</span> <span class='ocrx_word' id='word_1_490' title='bbox 3423 3057 3590 3149; x_wconf 27' lang='lat' dir='ltr'><strong>&quot;mm?</strong></span> <span class='ocrx_word' id='word_1_491' title='bbox 3615 3067 3669 3106; x_wconf 63' lang='grc'><strong><em>⁸⁵</em></strong></span> 
     </span>
    </p>
   </div>
   <div class='ocr_carea' id='block_1_61' title="bbox 456 3171 2034 3242">
    <p class='ocr_par' dir='ltr' id='par_1_61' title="bbox 456 3171 2034 3242">
     <span class='ocr_line' id='line_1_61' title="bbox 456 3171 2034 3242; baseline -0.001 -17"><span class='ocrx_word' id='word_1_492' title='bbox 456 3172 738 3226; x_wconf 78' lang='lat' dir='ltr'><strong>nilei-imus</strong></span> <span class='ocrx_word' id='word_1_493' title='bbox 771 3175 1084 3241; x_wconf 81' lang='lat' dir='ltr'><strong>spirituales</strong></span> <span class='ocrx_word' id='word_1_494' title='bbox 1119 3175 1370 3226; x_wconf 88' lang='lat' dir='ltr'><strong>victimas</strong></span> <span class='ocrx_word' id='word_1_495' title='bbox 1401 3174 1679 3242; x_wconf 88' lang='lat' dir='ltr'><strong>placentes</strong></span> <span class='ocrx_word' id='word_1_496' title='bbox 1723 3171 1854 3233; x_wconf 83' lang='lat' dir='ltr'><strong>Deo,</strong></span> <span class='ocrx_word' id='word_1_497' title='bbox 1891 3173 2034 3239; x_wconf 84' lang='lat' dir='ltr'><strong>psal-</strong></span> 
     </span>
    </p>
   </div>
   <div class='ocr_carea' id='block_1_62' title="bbox 461 3267 2036 3335">
    <p class='ocr_par' dir='ltr' id='par_1_62' title="bbox 461 3267 2036 3335">
     <span class='ocr_line' id='line_1_62' title="bbox 461 3267 2036 3335; baseline 0.003 -21"><span class='ocrx_word' id='word_1_498' title='bbox 461 3270 729 3335; x_wconf 55' lang='lat' dir='ltr'><strong>limusque</strong></span> <span class='ocrx_word' id='word_1_499' title='bbox 785 3267 975 3333; x_wconf 79' lang='lat' dir='ltr'><strong>Spiritu</strong></span> <span class='ocrx_word' id='word_1_500' title='bbox 1029 3277 1082 3319; x_wconf 88' lang='lat' dir='ltr'><strong>et</strong></span> <span class='ocrx_word' id='word_1_501' title='bbox 1132 3279 1342 3319; x_wconf 89' lang='lat' dir='ltr'><strong>sensu:</strong></span> <span class='ocrx_word' id='word_1_502' title='bbox 1394 3267 1471 3319; x_wconf 90' lang='lat' dir='ltr'><strong>sic</strong></span> <span class='ocrx_word' id='word_1_503' title='bbox 1523 3277 1579 3320; x_wconf 89' lang='lat' dir='ltr'><strong>et</strong></span> <span class='ocrx_word' id='word_1_504' title='bbox 1633 3269 1947 3320; x_wconf 82' lang='lat' dir='ltr'><strong>sacerdotes</strong></span> <span class='ocrx_word' id='word_1_505' title='bbox 1981 3277 2036 3318; x_wconf 80' lang='lat' dir='ltr'><strong>et</strong></span> 
     </span>
    </p>
   </div>
   <div class='ocr_carea' id='block_1_63' title="bbox 461 3358 2037 3428">
    <p class='ocr_par' dir='ltr' id='par_1_63' title="bbox 461 3358 2037 3428">
     <span class='ocr_line' id='line_1_63' title="bbox 461 3358 2037 3428; baseline 0 -17"><span class='ocrx_word' id='word_1_506' title='bbox 461 3361 664 3411; x_wconf 73' lang='lat' dir='ltr'><strong>Levita:</strong></span> <span class='ocrx_word' id='word_1_507' title='bbox 698 3358 750 3410; x_wconf 91' lang='lat' dir='ltr'><strong>in</strong></span> <span class='ocrx_word' id='word_1_508' title='bbox 780 3360 1097 3412; x_wconf 82' lang='lat' dir='ltr'><strong>abscondito</strong></span> <span class='ocrx_word' id='word_1_509' title='bbox 1137 3370 1285 3425; x_wconf 88' lang='lat' dir='ltr'><strong>sunt,</strong></span> <span class='ocrx_word' id='word_1_510' title='bbox 1319 3359 1408 3428; x_wconf 89' lang='lat' dir='ltr'><strong>qui</strong></span> <span class='ocrx_word' id='word_1_511' title='bbox 1453 3374 1559 3411; x_wconf 92' lang='lat' dir='ltr'><strong>non</strong></span> <span class='ocrx_word' id='word_1_512' title='bbox 1596 3360 1791 3412; x_wconf 85' lang='lat' dir='ltr'><strong>seriem</strong></span> <span class='ocrx_word' id='word_1_513' title='bbox 1823 3359 2037 3425; x_wconf 82' lang='lat' dir='ltr'><strong>generis</strong></span> 
     </span>
    </p>
   </div>
   <div class='ocr_carea' id='block_1_64' title="bbox 463 3450 2036 3522">
    <p class='ocr_par' dir='ltr' id='par_1_64' title="bbox 463 3450 2036 3522">
     <span class='ocr_line' id='line_1_64' title="bbox 463 3450 2036 3522; baseline 0 -17"><span class='ocrx_word' id='word_1_514' title='bbox 463 3461 786 3522; x_wconf 81' lang='lat' dir='ltr'><strong>sequuntur,</strong></span> <span class='ocrx_word' id='word_1_515' title='bbox 820 3453 912 3506; x_wconf 90' lang='lat' dir='ltr'><strong>sed</strong></span> <span class='ocrx_word' id='word_1_516' title='bbox 945 3453 1189 3508; x_wconf 87' lang='lat' dir='ltr'><strong>ordinem</strong></span> <span class='ocrx_word' id='word_1_517' title='bbox 1231 3455 1374 3507; x_wconf 86' lang='lat' dir='ltr'><strong>fidei.</strong></span> <span class='ocrx_word' id='word_1_518' title='bbox 1428 3450 1518 3506; x_wconf 79' lang='lat' dir='ltr'><strong>Vel</strong></span> <span class='ocrx_word' id='word_1_519' title='bbox 1569 3463 1717 3506; x_wconf 84' lang='lat' dir='ltr'><strong>certe</strong></span> <span class='ocrx_word' id='word_1_520' title='bbox 1753 3466 1860 3504; x_wconf 90' lang='lat' dir='ltr'><strong>non</strong></span> <span class='ocrx_word' id='word_1_521' title='bbox 1904 3452 2036 3505; x_wconf 79' lang='lat' dir='ltr'><strong>dicit</strong></span> 
     </span>
    </p>
   </div>
   <div class='ocr_carea' id='block_1_65' title="bbox 466 3545 2041 3615">
    <p class='ocr_par' dir='ltr' id='par_1_65' title="bbox 466 3545 2041 3615">
     <span class='ocr_line' id='line_1_65' title="bbox 466 3545 2041 3615; baseline 0.001 -19"><span class='ocrx_word' id='word_1_522' title='bbox 466 3549 531 3597; x_wconf 87' lang='lat' dir='ltr'><strong>de</strong></span> <span class='ocrx_word' id='word_1_523' title='bbox 591 3547 848 3614; x_wconf 85' lang='lat' dir='ltr'><strong>apostolis</strong></span> <span class='ocrx_word' id='word_1_524' title='bbox 909 3555 963 3600; x_wconf 89' lang='lat' dir='ltr'><strong>et</strong></span> <span class='ocrx_word' id='word_1_525' title='bbox 1025 3545 1340 3615; x_wconf 85' lang='lat' dir='ltr'><strong>apostolicis</strong></span> <span class='ocrx_word' id='word_1_526' title='bbox 1395 3546 1550 3608; x_wconf 87' lang='lat' dir='ltr'><strong>viris,</strong></span> <span class='ocrx_word' id='word_1_527' title='bbox 1604 3545 1697 3614; x_wconf 92' lang='lat' dir='ltr'><strong>qui</strong></span> <span class='ocrx_word' id='word_1_528' title='bbox 1765 3545 2041 3614; x_wconf 86' lang='lat' dir='ltr'><strong>principes</strong></span> 
     </span>
    </p>
   </div>
   <div class='ocr_carea' id='block_1_66' title="bbox 468 3637 2042 3708">
    <p class='ocr_par' dir='ltr' id='par_1_66' title="bbox 468 3637 2042 3708">
     <span class='ocr_line' id='line_1_66' title="bbox 468 3637 2042 3708; baseline 0.001 -20"><span class='ocrx_word' id='word_1_529' title='bbox 468 3645 686 3690; x_wconf 82' lang='lat' dir='ltr'><strong>tut-runt</strong></span> <span class='ocrx_word' id='word_1_530' title='bbox 733 3639 990 3691; x_wconf 70' lang='lat' dir='ltr'><strong>Ecclesia:</strong></span> <span class='ocrx_word' id='word_1_531' title='bbox 1046 3652 1112 3693; x_wconf 77' lang='lat' dir='ltr'><strong>ex</strong></span> <span class='ocrx_word' id='word_1_532' title='bbox 1165 3639 1363 3708; x_wconf 84' lang='lat' dir='ltr'><strong>populo</strong></span> <span class='ocrx_word' id='word_1_533' title='bbox 1423 3637 1756 3701; x_wconf 67' lang='grc' dir='ltr'>Ιιιιιωυτιιιη,</span> <span class='ocrx_word' id='word_1_534' title='bbox 1824 3639 1926 3692; x_wconf 78' lang='lat' dir='ltr'><strong>seti</strong></span> <span class='ocrx_word' id='word_1_535' title='bbox 1976 3639 2042 3690; x_wconf 87' lang='lat' dir='ltr'><strong>de</strong></span> 
     </span>
    </p>
   </div>
   <div class='ocr_carea' id='block_1_67' title="bbox 469 3729 2045 3801">
    <p class='ocr_par' dir='ltr' id='par_1_67' title="bbox 469 3729 2045 3801">
     <span class='ocr_line' id='line_1_67' title="bbox 469 3729 2045 3801; baseline 0.001 -19"><span class='ocrx_word' id='word_1_536' title='bbox 469 3731 800 3784; x_wconf 85' lang='lat' dir='ltr'><strong>enumeratis</strong></span> <span class='ocrx_word' id='word_1_537' title='bbox 820 3746 984 3800; x_wconf 86' lang='lat' dir='ltr'><strong>supra</strong></span> <span class='ocrx_word' id='word_1_538' title='bbox 1017 3731 1292 3801; x_wconf 78' lang='lat' dir='ltr'><strong>gentibus,</strong></span> <span class='ocrx_word' id='word_1_539' title='bbox 1318 3730 1384 3785; x_wconf 91' lang='lat' dir='ltr'><strong>de</strong></span> <span class='ocrx_word' id='word_1_540' title='bbox 1418 3730 1572 3794; x_wconf 89' lang='lat' dir='ltr'><strong>mari,</strong></span> <span class='ocrx_word' id='word_1_541' title='bbox 1602 3733 1670 3784; x_wconf 86' lang='lat' dir='ltr'><strong>de</strong></span> <span class='ocrx_word' id='word_1_542' title='bbox 1725 3729 1930 3794; x_wconf 80' lang='lat' dir='ltr'><strong>Africa,</strong></span> <span class='ocrx_word' id='word_1_543' title='bbox 1977 3729 2045 3784; x_wconf 88' lang='lat' dir='ltr'><strong>dc</strong></span> 
     </span>
    </p>
   </div>
   <div class='ocr_carea' id='block_1_68' title="bbox 471 3821 2046 3891">
    <p class='ocr_par' dir='ltr' id='par_1_68' title="bbox 471 3821 2046 3891">
     <span class='ocr_line' id='line_1_68' title="bbox 471 3821 2046 3891; baseline -0.001 -17"><span class='ocrx_word' id='word_1_544' title='bbox 471 3821 661 3891; x_wconf 77' lang='lat' dir='ltr'><strong>Libya,</strong></span> <span class='ocrx_word' id='word_1_545' title='bbox 697 3823 761 3875; x_wconf 90' lang='lat' dir='ltr'><strong>de</strong></span> <span class='ocrx_word' id='word_1_546' title='bbox 791 3821 1153 3891; x_wconf 80' lang='lat' dir='ltr'><strong>Cappadocia,</strong></span> <span class='ocrx_word' id='word_1_547' title='bbox 1177 3822 1243 3875; x_wconf 85' lang='lat' dir='ltr'><strong>de</strong></span> <span class='ocrx_word' id='word_1_548' title='bbox 1262 3821 1435 3882; x_wconf 84' lang='lat' dir='ltr'><strong>Italia,</strong></span> <span class='ocrx_word' id='word_1_549' title='bbox 1461 3823 1527 3876; x_wconf 92' lang='lat' dir='ltr'><strong>de</strong></span> <span class='ocrx_word' id='word_1_550' title='bbox 1557 3821 1786 3885; x_wconf 66' lang='lat' dir='ltr'><strong>Graecia,</strong></span> <span class='ocrx_word' id='word_1_551' title='bbox 1817 3822 1882 3874; x_wconf 90' lang='lat' dir='ltr'><strong>de</strong></span> <span class='ocrx_word' id='word_1_552' title='bbox 1911 3835 2046 3873; x_wconf 91' lang='lat' dir='ltr'><strong>cun-</strong></span> 
     </span>
    </p>
   </div>
   <div class='ocr_carea' id='block_1_69' title="bbox 469 3915 2047 3986">
    <p class='ocr_par' dir='ltr' id='par_1_69' title="bbox 469 3915 2047 3986">
     <span class='ocr_line' id='line_1_69' title="bbox 469 3915 2047 3986; baseline -0.003 -15"><span class='ocrx_word' id='word_1_553' title='bbox 469 3916 577 3971; x_wconf 89' lang='lat' dir='ltr'><strong>ctis</strong></span> <span class='ocrx_word' id='word_1_554' title='bbox 626 3915 841 3980; x_wconf 89' lang='lat' dir='ltr'><strong>insulis,</strong></span> <span class='ocrx_word' id='word_1_555' title='bbox 882 3931 1114 3985; x_wconf 86' lang='lat' dir='ltr'><strong>quarum</strong></span> <span class='ocrx_word' id='word_1_556' title='bbox 1171 3916 1508 3970; x_wconf 87' lang='lat' dir='ltr'><strong>habitatores</strong></span> <span class='ocrx_word' id='word_1_557' title='bbox 1534 3917 1769 3986; x_wconf 90' lang='lat' dir='ltr'><strong>primum</strong></span> <span class='ocrx_word' id='word_1_558' title='bbox 1814 3930 1919 3969; x_wconf 91' lang='lat' dir='ltr'><strong>non</strong></span> <span class='ocrx_word' id='word_1_559' title='bbox 1951 3930 2047 3967; x_wconf 87' lang='lat' dir='ltr'><strong>au-</strong></span> 
     </span>
    </p>
   </div>
   <div class='ocr_carea' id='block_1_70' title="bbox 472 4008 2048 4078">
    <p class='ocr_par' dir='ltr' id='par_1_70' title="bbox 472 4008 2048 4078">
     <span class='ocr_line' id='line_1_70' title="bbox 472 4008 2048 4078; baseline -0.004 -15"><span class='ocrx_word' id='word_1_560' title='bbox 472 4009 1035 4074; x_wconf 65' lang='lat' dir='ltr'><strong>dierant’Dominum,</strong></span> <span class='ocrx_word' id='word_1_561' title='bbox 1090 4025 1190 4064; x_wconf 81' lang='lat' dir='ltr'><strong>nec.</strong></span> <span class='ocrx_word' id='word_1_562' title='bbox 1243 4011 1490 4064; x_wconf 86' lang='lat' dir='ltr'><strong>viderant</strong></span> <span class='ocrx_word' id='word_1_563' title='bbox 1535 4008 1763 4078; x_wconf 82' lang='lat' dir='ltr'><strong>gloriam</strong></span> <span class='ocrx_word' id='word_1_564' title='bbox 1804 4008 1943 4076; x_wconf 74' lang='lat' dir='ltr'><strong>ejus,</strong></span> <span class='ocrx_word' id='word_1_565' title='bbox 1994 4016 2048 4060; x_wconf 86' lang='lat' dir='ltr'><strong>et</strong></span> 
     </span>
    </p>
   </div>
   <div class='ocr_carea' id='block_1_71' title="bbox 471 4098 2048 4171">
    <p class='ocr_par' dir='ltr' id='par_1_71' title="bbox 471 4098 2048 4171">
     <span class='ocr_line' id='line_1_71' title="bbox 471 4098 2048 4171; baseline -0.003 -17"><span class='ocrx_word' id='word_1_566' title='bbox 471 4114 658 4171; x_wconf 78' lang='lat' dir='ltr'><strong>postea</strong></span> <span class='ocrx_word' id='word_1_567' title='bbox 680 4112 959 4156; x_wconf 85' lang='lat' dir='ltr'><strong>vertentur</strong></span> <span class='ocrx_word' id='word_1_568' title='bbox 984 4104 1034 4156; x_wconf 91' lang='lat' dir='ltr'><strong>in</strong></span> <span class='ocrx_word' id='word_1_569' title='bbox 1057 4101 1391 4166; x_wconf 84' lang='lat' dir='ltr'><strong>sacerdotes,</strong></span> <span class='ocrx_word' id='word_1_570' title='bbox 1427 4112 1485 4156; x_wconf 91' lang='lat' dir='ltr'><strong>ut</strong></span> <span class='ocrx_word' id='word_1_571' title='bbox 1509 4105 1600 4170; x_wconf 90' lang='lat' dir='ltr'><strong>qui</strong></span> <span class='ocrx_word' id='word_1_572' title='bbox 1622 4098 1836 4154; x_wconf 91' lang='lat' dir='ltr'><strong>fuerant</strong></span> <span class='ocrx_word' id='word_1_573' title='bbox 1854 4099 2048 4159; x_wconf 86' lang='lat' dir='ltr'><strong>cauda,</strong></span> 
     </span>
    </p>
   </div>
   <div class='ocr_carea' id='block_1_72' title="bbox 473 4195 1887 4266">
    <p class='ocr_par' dir='ltr' id='par_1_72' title="bbox 473 4195 1887 4266">
     <span class='ocr_line' id='line_1_72' title="bbox 473 4195 1887 4266; baseline -0.002 -17"><span class='ocrx_word' id='word_1_574' title='bbox 473 4199 584 4249; x_wconf 83' lang='lat' dir='ltr'><strong>sint</strong></span> <span class='ocrx_word' id='word_1_575' title='bbox 611 4205 791 4264; x_wconf 85' lang='lat' dir='ltr'><strong>caput.</strong></span> <span class='ocrx_word' id='word_1_576' title='bbox 813 4205 866 4250; x_wconf 88' lang='lat' dir='ltr'><strong>et</strong></span> <span class='ocrx_word' id='word_1_577' title='bbox 901 4198 990 4266; x_wconf 87' lang='lat' dir='ltr'><strong>qui</strong></span> <span class='ocrx_word' id='word_1_578' title='bbox 1013 4207 1200 4266; x_wconf 85' lang='lat' dir='ltr'><strong>caput,</strong></span> <span class='ocrx_word' id='word_1_579' title='bbox 1234 4205 1519 4250; x_wconf 81' lang='lat' dir='ltr'><strong>vertantur</strong></span> <span class='ocrx_word' id='word_1_580' title='bbox 1553 4196 1605 4248; x_wconf 92' lang='lat' dir='ltr'><strong>in</strong></span> <span class='ocrx_word' id='word_1_581' title='bbox 1639 4195 1887 4248; x_wconf 83' lang='lat' dir='ltr'><strong>caudam.</strong></span> 
     </span>
    </p>
   </div>
   <div class='ocr_carea' id='block_1_73' title="bbox 546 4287 2050 4358">
    <p class='ocr_par' dir='ltr' id='par_1_73' title="bbox 546 4287 2050 4358">
     <span class='ocr_line' id='line_1_73' title="bbox 546 4287 2050 4358; baseline -0.003 -16"><span class='ocrx_word' id='word_1_582' title='bbox 546 4289 727 4357; x_wconf 82' lang='lat' dir='ltr'><strong>(Vers.</strong></span> <span class='ocrx_word' id='word_1_583' title='bbox 759 4290 851 4350; x_wconf 61' lang='grc' dir='ltr'><strong>ἥ,</strong></span> <span class='ocrx_word' id='word_1_584' title='bbox 879 4288 997 4358; x_wconf 67' lang='grc'>25.)</span> <span class='ocrx_word' id='word_1_585' title='bbox 1034 4308 1054 4341; x_wconf 71' lang='grc' dir='ltr'><strong>ι</strong></span> <span class='ocrx_word' id='word_1_586' title='bbox 1090 4291 1223 4355; x_wconf 86' lang='lat' dir='ltr'><strong>Quia</strong></span> <span class='ocrx_word' id='word_1_587' title='bbox 1282 4289 1426 4344; x_wconf 89' lang='lat' dir='ltr'><strong>sicut</strong></span> <span class='ocrx_word' id='word_1_588' title='bbox 1471 4287 1590 4344; x_wconf 69' lang='lat' dir='ltr'><strong>caeli</strong></span> <span class='ocrx_word' id='word_1_589' title='bbox 1632 4288 1755 4342; x_wconf 92' lang='lat' dir='ltr'><strong>novi</strong></span> <span class='ocrx_word' id='word_1_590' title='bbox 1787 4295 1842 4342; x_wconf 92' lang='lat' dir='ltr'><strong>et</strong></span> <span class='ocrx_word' id='word_1_591' title='bbox 1908 4295 2050 4341; x_wconf 87' lang='lat' dir='ltr'><strong>terra</strong></span> 
     </span>
    </p>
   </div>
   <div class='ocr_carea' id='block_1_74' title="bbox 474 4379 2054 4453">
    <p class='ocr_par' dir='ltr' id='par_1_74' title="bbox 474 4379 2054 4453">
     <span class='ocr_line' id='line_1_74' title="bbox 474 4379 2054 4453; baseline -0.003 -17"><span class='ocrx_word' id='word_1_592' title='bbox 474 4397 638 4442; x_wconf 87' lang='lat' dir='ltr'><strong>nova,</strong></span> <span class='ocrx_word' id='word_1_593' title='bbox 673 4397 794 4451; x_wconf 67' lang='lat' dir='ltr'><strong>qua:</strong></span> <span class='ocrx_word' id='word_1_594' title='bbox 834 4397 934 4453; x_wconf 79' lang='lat' dir='ltr'><strong>ego</strong></span> <span class='ocrx_word' id='word_1_595' title='bbox 961 4382 1102 4437; x_wconf 83' lang='lat' dir='ltr'><strong>facio</strong></span> <span class='ocrx_word' id='word_1_596' title='bbox 1139 4392 1284 4436; x_wconf 86' lang='lat' dir='ltr'><strong>stare</strong></span> <span class='ocrx_word' id='word_1_597' title='bbox 1337 4397 1522 4436; x_wconf 88' lang='lat' dir='ltr'><strong>coram</strong></span> <span class='ocrx_word' id='word_1_598' title='bbox 1572 4395 1679 4445; x_wconf 91' lang='lat' dir='ltr'><strong>me,</strong></span> <span class='ocrx_word' id='word_1_599' title='bbox 1708 4380 1840 4435; x_wconf 86' lang='lat' dir='ltr'><strong>dicit</strong></span> <span class='ocrx_word' id='word_1_600' title='bbox 1874 4379 2054 4434; x_wconf 86' lang='lat' dir='ltr'><strong>Domi-</strong></span> 
     </span>
    </p>
   </div>
   <div class='ocr_carea' id='block_1_75' title="bbox 478 4474 2053 4536">
    <p class='ocr_par' dir='ltr' id='par_1_75' title="bbox 478 4474 2053 4536">
     <span class='ocr_line' id='line_1_75' title="bbox 478 4474 2053 4536; baseline -0.001 -8"><span class='ocrx_word' id='word_1_601' title='bbox 478 4486 618 4528; x_wconf 83' lang='lat' dir='ltr'><strong>nus:</strong></span> <span class='ocrx_word' id='word_1_602' title='bbox 649 4474 727 4527; x_wconf 89' lang='lat' dir='ltr'><strong>sic</strong></span> <span class='ocrx_word' id='word_1_603' title='bbox 767 4475 938 4527; x_wconf 87' lang='lat' dir='ltr'><strong>stabit</strong></span> <span class='ocrx_word' id='word_1_604' title='bbox 966 4489 1152 4528; x_wconf 90' lang='lat' dir='ltr'><strong>semen</strong></span> <span class='ocrx_word' id='word_1_605' title='bbox 1183 4483 1447 4536; x_wconf 89' lang='lat' dir='ltr'><strong>vestrum,</strong></span> <span class='ocrx_word' id='word_1_606' title='bbox 1480 4483 1535 4527; x_wconf 92' lang='lat' dir='ltr'><strong>et</strong></span> <span class='ocrx_word' id='word_1_607' title='bbox 1563 4487 1763 4526; x_wconf 87' lang='lat' dir='ltr'><strong>nomen</strong></span> <span class='ocrx_word' id='word_1_608' title='bbox 1789 4481 2053 4527; x_wconf 79' lang='lat' dir='ltr'><strong>vestrum.</strong></span> 
     </span>
    </p>
   </div>
   <div class='ocr_carea' id='block_1_76' title="bbox 480 4566 2058 4632">
    <p class='ocr_par' dir='ltr' id='par_1_76' title="bbox 480 4566 2058 4632">
     <span class='ocr_line' id='line_1_76' title="bbox 480 4566 2058 4632; baseline 0 -12"><span class='ocrx_word' id='word_1_609' title='bbox 480 4568 545 4620; x_wconf 82' lang='lat' dir='ltr'><strong>Et</strong></span> <span class='ocrx_word' id='word_1_610' title='bbox 586 4567 691 4620; x_wconf 90' lang='lat' dir='ltr'><strong>erit</strong></span> <span class='ocrx_word' id='word_1_611' title='bbox 729 4567 930 4620; x_wconf 83' lang='lat' dir='ltr'><strong>mensis</strong></span> <span class='ocrx_word' id='word_1_612' title='bbox 955 4581 1019 4620; x_wconf 84' lang='lat' dir='ltr'><strong>ex</strong></span> <span class='ocrx_word' id='word_1_613' title='bbox 1048 4580 1254 4632; x_wconf 82' lang='lat' dir='ltr'><strong>mense,</strong></span> <span class='ocrx_word' id='word_1_614' title='bbox 1287 4576 1340 4619; x_wconf 92' lang='lat' dir='ltr'><strong>et</strong></span> <span class='ocrx_word' id='word_1_615' title='bbox 1380 4566 1667 4620; x_wconf 85' lang='lat' dir='ltr'><strong>sabbatum</strong></span> <span class='ocrx_word' id='word_1_616' title='bbox 1702 4581 1766 4620; x_wconf 80' lang='lat' dir='ltr'><strong>ex</strong></span> <span class='ocrx_word' id='word_1_617' title='bbox 1793 4566 2058 4620; x_wconf 85' lang='lat' dir='ltr'><strong>sabbato:</strong></span> 
     </span>
    </p>
   </div>
   <div class='ocr_carea' id='block_1_77' title="bbox 479 4658 2061 4723">
    <p class='ocr_par' dir='ltr' id='par_1_77' title="bbox 479 4658 2061 4723">
     <span class='ocr_line' id='line_1_77' title="bbox 479 4658 2061 4723; baseline -0.001 -10"><span class='ocrx_word' id='word_1_618' title='bbox 479 4661 665 4715; x_wconf 87' lang='lat' dir='ltr'><strong>veniet</strong></span> <span class='ocrx_word' id='word_1_619' title='bbox 718 4659 898 4714; x_wconf 88' lang='lat' dir='ltr'><strong>omnis</strong></span> <span class='ocrx_word' id='word_1_620' title='bbox 932 4675 1081 4720; x_wconf 91' lang='lat' dir='ltr'><strong>caro,</strong></span> <span class='ocrx_word' id='word_1_621' title='bbox 1108 4669 1165 4713; x_wconf 92' lang='lat' dir='ltr'><strong>ut</strong></span> <span class='ocrx_word' id='word_1_622' title='bbox 1213 4666 1405 4713; x_wconf 89' lang='lat' dir='ltr'><strong>adoret</strong></span> <span class='ocrx_word' id='word_1_623' title='bbox 1457 4673 1639 4713; x_wconf 86' lang='lat' dir='ltr'><strong>coram</strong></span> <span class='ocrx_word' id='word_1_624' title='bbox 1689 4658 1828 4713; x_wconf 89' lang='lat' dir='ltr'><strong>facie</strong></span> <span class='ocrx_word' id='word_1_625' title='bbox 1861 4673 1979 4713; x_wconf 89' lang='lat' dir='ltr'><strong>mea</strong></span> <span class='ocrx_word' id='word_1_626' title='bbox 2019 4658 2061 4723; x_wconf 74' lang='grc' dir='ltr'><strong>ί,</strong></span> 
     </span>
    </p>
   </div>
   <div class='ocr_carea' id='block_1_78' title="bbox 481 4751 2062 4810">
    <p class='ocr_par' dir='ltr' id='par_1_78' title="bbox 481 4751 2062 4810">
     <span class='ocr_line' id='line_1_78' title="bbox 481 4751 2062 4810; baseline -0.003 0"><span class='ocrx_word' id='word_1_627' title='bbox 481 4756 616 4810; x_wconf 86' lang='lat' dir='ltr'><strong>dicit</strong></span> <span class='ocrx_word' id='word_1_628' title='bbox 658 4754 945 4808; x_wconf 89' lang='lat' dir='ltr'><strong>Dominus.</strong></span> <span class='ocrx_word' id='word_1_629' title='bbox 994 4771 1013 4805; x_wconf 74' lang='grc' dir='ltr'><strong>ι</strong></span> <span class='ocrx_word' id='word_1_630' title='bbox 1053 4751 1194 4806; x_wconf 70' lang='lat' dir='ltr'><strong>LXX</strong></span> <span class='ocrx_word' id='word_1_631' title='bbox 1233 4771 1244 4806; x_wconf 91' lang='lat'>:</span> <span class='ocrx_word' id='word_1_632' title='bbox 1287 4771 1306 4804; x_wconf 84' lang='lat' dir='ltr'><strong>t</strong></span> <span class='ocrx_word' id='word_1_633' title='bbox 1345 4753 1496 4807; x_wconf 90' lang='lat' dir='ltr'><strong>Sicut</strong></span> <span class='ocrx_word' id='word_1_634' title='bbox 1541 4753 1684 4806; x_wconf 85' lang='lat' dir='ltr'><strong>enim</strong></span> <span class='ocrx_word' id='word_1_635' title='bbox 1737 4753 1932 4808; x_wconf 68' lang='lat' dir='ltr'><strong>caelum</strong></span> <span class='ocrx_word' id='word_1_636' title='bbox 1963 4766 2062 4806; x_wconf 80' lang='lat' dir='ltr'><strong>no-</strong></span> 
     </span>
    </p>
   </div>
   <div class='ocr_carea' id='block_1_79' title="bbox 482 4845 2064 4916">
    <p class='ocr_par' dir='ltr' id='par_1_79' title="bbox 482 4845 2064 4916">
     <span class='ocr_line' id='line_1_79' title="bbox 482 4845 2064 4916; baseline -0.003 -15"><span class='ocrx_word' id='word_1_637' title='bbox 482 4865 607 4902; x_wconf 91' lang='lat' dir='ltr'><strong>vum</strong></span> <span class='ocrx_word' id='word_1_638' title='bbox 644 4858 697 4902; x_wconf 91' lang='lat' dir='ltr'><strong>et</strong></span> <span class='ocrx_word' id='word_1_639' title='bbox 731 4859 876 4902; x_wconf 86' lang='lat' dir='ltr'><strong>terra</strong></span> <span class='ocrx_word' id='word_1_640' title='bbox 940 4861 1100 4912; x_wconf 90' lang='lat' dir='ltr'><strong>nova,</strong></span> <span class='ocrx_word' id='word_1_641' title='bbox 1131 4861 1254 4916; x_wconf 66' lang='lat' dir='ltr'><strong>quae</strong></span> <span class='ocrx_word' id='word_1_642' title='bbox 1316 4861 1418 4914; x_wconf 82' lang='lat' dir='ltr'><strong>ego</strong></span> <span class='ocrx_word' id='word_1_643' title='bbox 1459 4845 1602 4899; x_wconf 85' lang='lat' dir='ltr'><strong>facio</strong></span> <span class='ocrx_word' id='word_1_644' title='bbox 1661 4859 1980 4914; x_wconf 88' lang='lat' dir='ltr'><strong>permanere</strong></span> <span class='ocrx_word' id='word_1_645' title='bbox 2012 4845 2064 4897; x_wconf 93' lang='lat' dir='ltr'><strong>in</strong></span> 
     </span>
    </p>
   </div>
   <div class='ocr_carea' id='block_1_80' title="bbox 485 4937 2060 5010">
    <p class='ocr_par' dir='ltr' id='par_1_80' title="bbox 485 4937 2060 5010">
     <span class='ocr_line' id='line_1_80' title="bbox 485 4937 2060 5010; baseline -0.004 -15"><span class='ocrx_word' id='word_1_646' title='bbox 485 4951 783 5010; x_wconf 88' lang='lat' dir='ltr'><strong>conspectu</strong></span> <span class='ocrx_word' id='word_1_647' title='bbox 843 4955 984 5005; x_wconf 83' lang='lat' dir='ltr'><strong>meo,</strong></span> <span class='ocrx_word' id='word_1_648' title='bbox 1033 4939 1162 4994; x_wconf 91' lang='lat' dir='ltr'><strong>dicit</strong></span> <span class='ocrx_word' id='word_1_649' title='bbox 1203 4937 1506 4994; x_wconf 87' lang='lat' dir='ltr'><strong>Dominus:</strong></span> <span class='ocrx_word' id='word_1_650' title='bbox 1540 4939 1620 4994; x_wconf 92' lang='lat' dir='ltr'><strong>sic</strong></span> <span class='ocrx_word' id='word_1_651' title='bbox 1670 4938 1838 4993; x_wconf 88' lang='lat' dir='ltr'><strong>stabit</strong></span> <span class='ocrx_word' id='word_1_652' title='bbox 1875 4953 2060 4992; x_wconf 91' lang='lat' dir='ltr'><strong>semen</strong></span> 
     </span>
    </p>
   </div>
   <div class='ocr_carea' id='block_1_81' title="bbox 485 5029 2066 5086">
    <p class='ocr_par' dir='ltr' id='par_1_81' title="bbox 485 5029 2066 5086">
     <span class='ocr_line' id='line_1_81' title="bbox 485 5029 2066 5086; baseline 0 -4"><span class='ocrx_word' id='word_1_653' title='bbox 485 5041 723 5084; x_wconf 81' lang='lat' dir='ltr'><strong>vestrum</strong></span> <span class='ocrx_word' id='word_1_654' title='bbox 785 5043 838 5086; x_wconf 91' lang='lat' dir='ltr'><strong>et</strong></span> <span class='ocrx_word' id='word_1_655' title='bbox 895 5046 1090 5086; x_wconf 86' lang='lat' dir='ltr'><strong>n0mcn</strong></span> <span class='ocrx_word' id='word_1_656' title='bbox 1149 5037 1411 5085; x_wconf 87' lang='lat' dir='ltr'><strong>vestrum.</strong></span> <span class='ocrx_word' id='word_1_657' title='bbox 1475 5030 1543 5084; x_wconf 86' lang='lat' dir='ltr'><strong>Et</strong></span> <span class='ocrx_word' id='word_1_658' title='bbox 1595 5031 1702 5084; x_wconf 91' lang='lat' dir='ltr'><strong>erit</strong></span> <span class='ocrx_word' id='word_1_659' title='bbox 1766 5029 1973 5083; x_wconf 87' lang='lat' dir='ltr'><strong>mensis</strong></span> <span class='ocrx_word' id='word_1_660' title='bbox 1999 5043 2066 5082; x_wconf 83' lang='lat' dir='ltr'><strong>ex</strong></span> 
     </span>
    </p>
   </div>
   <div class='ocr_carea' id='block_1_82' title="bbox 489 5123 2071 5188">
    <p class='ocr_par' dir='ltr' id='par_1_82' title="bbox 489 5123 2071 5188">
     <span class='ocr_line' id='line_1_82' title="bbox 489 5123 2071 5188; baseline -0.003 -10"><span class='ocrx_word' id='word_1_661' title='bbox 489 5139 700 5188; x_wconf 87' lang='lat' dir='ltr'><strong>mense,</strong></span> <span class='ocrx_word' id='word_1_662' title='bbox 740 5136 792 5179; x_wconf 89' lang='lat' dir='ltr'><strong>et</strong></span> <span class='ocrx_word' id='word_1_663' title='bbox 816 5127 1099 5180; x_wconf 86' lang='lat' dir='ltr'><strong>sabbatum</strong></span> <span class='ocrx_word' id='word_1_664' title='bbox 1122 5141 1188 5179; x_wconf 82' lang='lat' dir='ltr'><strong>ex</strong></span> <span class='ocrx_word' id='word_1_665' title='bbox 1211 5125 1436 5179; x_wconf 80' lang='lat' dir='ltr'><strong>sabbato</strong></span> <span class='ocrx_word' id='word_1_666' title='bbox 1469 5141 1483 5175; x_wconf 82' lang='lat'><strong><em>2</em></strong></span> <span class='ocrx_word' id='word_1_667' title='bbox 1519 5123 1695 5178; x_wconf 88' lang='lat' dir='ltr'><strong>veniet</strong></span> <span class='ocrx_word' id='word_1_668' title='bbox 1724 5123 1904 5175; x_wconf 86' lang='lat' dir='ltr'><strong>omnis</strong></span> <span class='ocrx_word' id='word_1_669' title='bbox 1942 5133 2071 5174; x_wconf 88' lang='lat' dir='ltr'><strong>caro</strong></span> 
     </span>
    </p>
   </div>
   <div class='ocr_carea' id='block_1_83' title="bbox 490 5212 2070 5288">
    <p class='ocr_par' dir='ltr' id='par_1_83' title="bbox 490 5212 2070 5288">
     <span class='ocr_line' id='line_1_83' title="bbox 490 5212 2070 5288; baseline -0.002 -20"><span class='ocrx_word' id='word_1_670' title='bbox 490 5228 548 5268; x_wconf 89' lang='grc' dir='ltr'><strong>ιιι</strong></span> <span class='ocrx_word' id='word_1_671' title='bbox 593 5216 782 5270; x_wconf 88' lang='lat' dir='ltr'><strong>adoret</strong></span> <span class='ocrx_word' id='word_1_672' title='bbox 834 5218 886 5270; x_wconf 91' lang='lat' dir='ltr'><strong>in</strong></span> <span class='ocrx_word' id='word_1_673' title='bbox 923 5227 1214 5288; x_wconf 88' lang='lat' dir='ltr'><strong>conspectu</strong></span> <span class='ocrx_word' id='word_1_674' title='bbox 1264 5231 1387 5270; x_wconf 91' lang='lat' dir='ltr'><strong>meo</strong></span> <span class='ocrx_word' id='word_1_675' title='bbox 1446 5216 1496 5269; x_wconf 93' lang='lat' dir='ltr'><strong>in</strong></span> <span class='ocrx_word' id='word_1_676' title='bbox 1525 5214 1836 5281; x_wconf 8' lang='lat' dir='ltr'><strong>(Jerusalem</strong></span> <span class='ocrx_word' id='word_1_677' title='bbox 1889 5212 2070 5266; x_wconf 89' lang='lat' dir='ltr'><strong>Domi-</strong></span> 
     </span>
    </p>
   </div>
   <div class='ocr_carea' id='block_1_84' title="bbox 493 5305 2076 5372">
    <p class='ocr_par' dir='ltr' id='par_1_84' title="bbox 493 5305 2076 5372">
     <span class='ocr_line' id='line_1_84' title="bbox 493 5305 2076 5372; baseline -0.004 -11"><span class='ocrx_word' id='word_1_678' title='bbox 493 5325 650 5362; x_wconf 88' lang='lat' dir='ltr'><strong>num.</strong></span> <span class='ocrx_word' id='word_1_679' title='bbox 691 5326 710 5359; x_wconf 79' lang='grc' dir='ltr'><strong>ι</strong></span> <span class='ocrx_word' id='word_1_680' title='bbox 749 5308 976 5372; x_wconf 82' lang='lat' dir='ltr'><strong>Quando</strong></span> <span class='ocrx_word' id='word_1_681' title='bbox 1011 5308 1189 5362; x_wconf 89' lang='lat' dir='ltr'><strong>dicit:</strong></span> <span class='ocrx_word' id='word_1_682' title='bbox 1226 5309 1512 5361; x_wconf 81' lang='lat' dir='ltr'><strong>Assumam</strong></span> <span class='ocrx_word' id='word_1_683' title='bbox 1548 5321 1610 5358; x_wconf 79' lang='lat' dir='ltr'><strong>ea:</strong></span> <span class='ocrx_word' id='word_1_684' title='bbox 1632 5306 1705 5358; x_wconf 87' lang='lat' dir='ltr'><strong>eis</strong></span> <span class='ocrx_word' id='word_1_685' title='bbox 1739 5305 1792 5356; x_wconf 88' lang='lat' dir='ltr'><strong>in</strong></span> <span class='ocrx_word' id='word_1_686' title='bbox 1825 5305 2076 5357; x_wconf 83' lang='lat' dir='ltr'><strong>sacerdo-</strong></span> 
     </span>
    </p>
   </div>
   <div class='ocr_carea' id='block_1_85' title="bbox 495 5395 2083 5462">
    <p class='ocr_par' dir='ltr' id='par_1_85' title="bbox 495 5395 2083 5462">
     <span class='ocr_line' id='line_1_85' title="bbox 495 5395 2083 5462; baseline -0.004 -10"><span class='ocrx_word' id='word_1_687' title='bbox 495 5411 570 5453; x_wconf 86' lang='lat' dir='ltr'><strong>tes</strong></span> <span class='ocrx_word' id='word_1_688' title='bbox 596 5409 644 5454; x_wconf 85' lang='lat' dir='ltr'><strong>et</strong></span> <span class='ocrx_word' id='word_1_689' title='bbox 679 5399 884 5461; x_wconf 82' lang='lat' dir='ltr'><strong>levitas,</strong></span> <span class='ocrx_word' id='word_1_690' title='bbox 934 5399 1177 5452; x_wconf 84' lang='lat' dir='ltr'><strong>ostendit</strong></span> <span class='ocrx_word' id='word_1_691' title='bbox 1214 5407 1371 5453; x_wconf 80' lang='lat' dir='ltr'><strong>vetus</strong></span> <span class='ocrx_word' id='word_1_692' title='bbox 1429 5395 1801 5452; x_wconf 86' lang='lat' dir='ltr'><strong>sacerdotium</strong></span> <span class='ocrx_word' id='word_1_693' title='bbox 1859 5405 2083 5462; x_wconf 74' lang='lat' dir='ltr'><strong>praeter-</strong></span> 
     </span>
    </p>
   </div>
   <div class='ocr_carea' id='block_1_86' title="bbox 500 5486 2080 5561">
    <p class='ocr_par' dir='ltr' id='par_1_86' title="bbox 500 5486 2080 5561">
     <span class='ocr_line' id='line_1_86' title="bbox 500 5486 2080 5561; baseline -0.003 -15"><span class='ocrx_word' id='word_1_694' title='bbox 500 5493 748 5559; x_wconf 86' lang='lat' dir='ltr'><strong>missum,</strong></span> <span class='ocrx_word' id='word_1_695' title='bbox 781 5490 922 5561; x_wconf 85' lang='lat' dir='ltr'><strong>quod</strong></span> <span class='ocrx_word' id='word_1_696' title='bbox 954 5491 1116 5544; x_wconf 87' lang='lat' dir='ltr'><strong>tribtti</strong></span> <span class='ocrx_word' id='word_1_697' title='bbox 1165 5487 1420 5545; x_wconf 74' lang='lat' dir='ltr'><strong>Leviticse</strong></span> <span class='ocrx_word' id='word_1_698' title='bbox 1479 5489 1796 5552; x_wconf 89' lang='lat' dir='ltr'><strong>debebatur,</strong></span> <span class='ocrx_word' id='word_1_699' title='bbox 1849 5486 1936 5539; x_wconf 91' lang='lat' dir='ltr'><strong>ubi</strong></span> <span class='ocrx_word' id='word_1_700' title='bbox 1975 5503 2080 5541; x_wconf 92' lang='lat' dir='ltr'><strong>non</strong></span> 
     </span>
    </p>
   </div>
   <div class='ocr_carea' id='block_1_87' title="bbox 577 5643 3328 5744">
    <p class='ocr_par' dir='ltr' id='par_1_87' title="bbox 577 5643 3328 5744">
     <span class='ocr_line' id='line_1_87' title="bbox 577 5643 3328 5744; baseline -0.008 -13"><span class='ocrx_word' id='word_1_701' title='bbox 577 5682 590 5711; x_wconf 69' lang='grc' dir='ltr'><strong>ε</strong></span> <span class='ocrx_word' id='word_1_702' title='bbox 633 5678 824 5731; x_wconf 76' lang='lat' dir='ltr'><strong>Vocem</strong></span> <span class='ocrx_word' id='word_1_703' title='bbox 868 5693 1004 5740; x_wconf 81' lang='lat' dir='ltr'><strong>mea,</strong></span> <span class='ocrx_word' id='word_1_704' title='bbox 1041 5690 1160 5744; x_wconf 80' lang='lat' dir='ltr'><strong>qum</strong></span> <span class='ocrx_word' id='word_1_705' title='bbox 1223 5683 1276 5727; x_wconf 81' lang='lat' dir='ltr'><strong>ct</strong></span> <span class='ocrx_word' id='word_1_706' title='bbox 1313 5676 1364 5728; x_wconf 90' lang='lat' dir='ltr'><strong>in</strong></span> <span class='ocrx_word' id='word_1_707' title='bbox 1430 5673 1656 5731; x_wconf 67' lang='lat' dir='ltr'><strong>lit-bram</strong></span> <span class='ocrx_word' id='word_1_708' title='bbox 1721 5679 1940 5730; x_wconf 81' lang='lat' dir='ltr'><strong>resonat</strong></span> <span class='ocrx_word' id='word_1_709' title='bbox 1989 5653 2132 5736; x_wconf 54' lang='lat'><strong>#325,</strong></span> <span class='ocrx_word' id='word_1_710' title='bbox 2193 5665 2377 5723; x_wconf 83' lang='lat' dir='ltr'><strong>deerat</strong></span> <span class='ocrx_word' id='word_1_711' title='bbox 2431 5674 2562 5720; x_wconf 86' lang='lat' dir='ltr'><strong>vero</strong></span> <span class='ocrx_word' id='word_1_712' title='bbox 2617 5655 2673 5713; x_wconf 91' lang='lat' dir='ltr'><strong>in</strong></span> <span class='ocrx_word' id='word_1_713' title='bbox 2716 5646 3014 5709; x_wconf 79' lang='lat' dir='ltr'><strong>Martianaei</strong></span> <span class='ocrx_word' id='word_1_714' title='bbox 3058 5643 3328 5709; x_wconf 69' lang='lat' dir='ltr'><strong>editione.</strong></span> 
     </span>
    </p>
   </div>
   <div class='ocr_carea' id='block_1_88' title="bbox 507 5746 1400 5817">
    <p class='ocr_par' dir='ltr' id='par_1_88' title="bbox 507 5746 1400 5817">
     <span class='ocr_line' id='line_1_88' title="bbox 507 5746 1400 5817; baseline -0.003 -13"><span class='ocrx_word' id='word_1_715' title='bbox 507 5755 664 5804; x_wconf 73' lang='lat' dir='ltr'><strong>Codd.</strong></span> <span class='ocrx_word' id='word_1_716' title='bbox 700 5766 820 5803; x_wconf 84' lang='lat' dir='ltr'><strong>cunt</strong></span> <span class='ocrx_word' id='word_1_717' title='bbox 856 5746 1097 5803; x_wconf 80' lang='lat' dir='ltr'><strong>Victorio</strong></span> <span class='ocrx_word' id='word_1_718' title='bbox 1127 5747 1400 5817; x_wconf 86' lang='lat' dir='ltr'><strong>supplent.</strong></span> 
     </span>
    </p>
   </div>
   <div class='ocr_carea' id='block_1_89' title="bbox 2137 3147 3670 3227">
    <p class='ocr_par' dir='ltr' id='par_1_89' title="bbox 2137 3147 3670 3227">
     <span class='ocr_line' id='line_1_89' title="bbox 2137 3147 3670 3227; baseline -0.015 -8"><span class='ocrx_word' id='word_1_719' title='bbox 2137 3181 2328 3227; x_wconf 87' lang='lat' dir='ltr'><strong>mense,</strong></span> <span class='ocrx_word' id='word_1_720' title='bbox 2364 3173 2411 3216; x_wconf 89' lang='lat' dir='ltr'><strong>et</strong></span> <span class='ocrx_word' id='word_1_721' title='bbox 2438 3161 2731 3217; x_wconf 88' lang='lat' dir='ltr'><strong>Sabbatum</strong></span> <span class='ocrx_word' id='word_1_722' title='bbox 2757 3176 2820 3214; x_wconf 78' lang='lat' dir='ltr'><strong>ex</strong></span> <span class='ocrx_word' id='word_1_723' title='bbox 2857 3159 3075 3212; x_wconf 89' lang='lat' dir='ltr'><strong>sabbato</strong></span> <span class='ocrx_word' id='word_1_724' title='bbox 3118 3174 3136 3210; x_wconf 88' lang='lat'><strong><em>:</em></strong></span> <span class='ocrx_word' id='word_1_725' title='bbox 3173 3163 3234 3208; x_wconf 90' lang='lat' dir='ltr'><strong>ut</strong></span> <span class='ocrx_word' id='word_1_726' title='bbox 3289 3154 3354 3208; x_wconf 89' lang='lat' dir='ltr'><strong>de</strong></span> <span class='ocrx_word' id='word_1_727' title='bbox 3403 3147 3670 3206; x_wconf 86' lang='lat' dir='ltr'><strong>carnalibus</strong></span> 
     </span>
    </p>
   </div>
   <div class='ocr_carea' id='block_1_90' title="bbox 2138 3237 3673 3320">
    <p class='ocr_par' dir='ltr' id='par_1_90' title="bbox 2138 3237 3673 3320">
     <span class='ocr_line' id='line_1_90' title="bbox 2138 3237 3673 3320; baseline -0.013 -10"><span class='ocrx_word' id='word_1_728' title='bbox 2138 3257 2400 3319; x_wconf 86' lang='lat' dir='ltr'><strong>sabbatis,</strong></span> <span class='ocrx_word' id='word_1_729' title='bbox 2439 3255 2825 3320; x_wconf 83' lang='lat' dir='ltr'><strong>mensibusque</strong></span> <span class='ocrx_word' id='word_1_730' title='bbox 2851 3252 2982 3304; x_wconf 85' lang='lat' dir='ltr'><strong>flant</strong></span> <span class='ocrx_word' id='word_1_731' title='bbox 3007 3247 3317 3319; x_wconf 85' lang='lat' dir='ltr'><strong>spiritualia</strong></span> <span class='ocrx_word' id='word_1_732' title='bbox 3361 3243 3576 3300; x_wconf 86' lang='lat' dir='ltr'><strong>Sabbata</strong></span> <span class='ocrx_word' id='word_1_733' title='bbox 3597 3237 3673 3292; x_wconf 87' lang='lat' dir='ltr'><strong>de-</strong></span> 
     </span>
    </p>
   </div>
   <div class='ocr_carea' id='block_1_91' title="bbox 2141 3328 3673 3418">
    <p class='ocr_par' dir='ltr' id='par_1_91' title="bbox 2141 3328 3673 3418">
     <span class='ocr_line' id='line_1_91' title="bbox 2141 3328 3673 3418; baseline -0.016 -14"><span class='ocrx_word' id='word_1_734' title='bbox 2141 3350 2326 3414; x_wconf 86' lang='lat' dir='ltr'><strong>licata,</strong></span> <span class='ocrx_word' id='word_1_735' title='bbox 2353 3350 2443 3418; x_wconf 91' lang='lat' dir='ltr'><strong>qui</strong></span> <span class='ocrx_word' id='word_1_736' title='bbox 2480 3347 2850 3402; x_wconf 81' lang='lat' dir='ltr'><strong>sabbatismus</strong></span> <span class='ocrx_word' id='word_1_737' title='bbox 2885 3341 2976 3396; x_wconf 87' lang='lat' dir='ltr'><strong>Dei</strong></span> <span class='ocrx_word' id='word_1_738' title='bbox 3034 3339 3237 3410; x_wconf 88' lang='lat' dir='ltr'><strong>populo</strong></span> <span class='ocrx_word' id='word_1_739' title='bbox 3293 3344 3596 3392; x_wconf 87' lang='lat' dir='ltr'><strong>reservatur.</strong></span> <span class='ocrx_word' id='word_1_740' title='bbox 3623 3328 3673 3382; x_wconf 80' lang='lat' dir='ltr'><strong>Et</strong></span> 
     </span>
    </p>
   </div>
   <div class='ocr_carea' id='block_1_92' title="bbox 2144 3426 3676 3510">
    <p class='ocr_par' dir='ltr' id='par_1_92' title="bbox 2144 3426 3676 3510">
     <span class='ocr_line' id='line_1_92' title="bbox 2144 3426 3676 3510; baseline -0.016 -13"><span class='ocrx_word' id='word_1_741' title='bbox 2144 3443 2348 3497; x_wconf 87' lang='lat' dir='ltr'><strong>mensis</strong></span> <span class='ocrx_word' id='word_1_742' title='bbox 2383 3439 2704 3510; x_wconf 86' lang='lat' dir='ltr'><strong>spiritualis,</strong></span> <span class='ocrx_word' id='word_1_743' title='bbox 2736 3436 2950 3506; x_wconf 89' lang='lat' dir='ltr'><strong>quando</strong></span> <span class='ocrx_word' id='word_1_744' title='bbox 2978 3449 3006 3486; x_wconf 91' lang='lat' dir='ltr'><strong>a</strong></span> <span class='ocrx_word' id='word_1_745' title='bbox 3041 3442 3243 3501; x_wconf 91' lang='lat' dir='ltr'><strong>puncto</strong></span> <span class='ocrx_word' id='word_1_746' title='bbox 3273 3443 3440 3500; x_wconf 87' lang='lat' dir='ltr'><strong>usque</strong></span> <span class='ocrx_word' id='word_1_747' title='bbox 3474 3426 3534 3480; x_wconf 91' lang='lat' dir='ltr'><strong>ad</strong></span> <span class='ocrx_word' id='word_1_748' title='bbox 3566 3437 3676 3494; x_wconf 89' lang='lat' dir='ltr'><strong>pun-</strong></span> 
     </span>
    </p>
   </div>
   <div class='ocr_carea' id='block_1_93' title="bbox 2143 3518 3679 3600">
    <p class='ocr_par' dir='ltr' id='par_1_93' title="bbox 2143 3518 3679 3600">
     <span class='ocr_line' id='line_1_93' title="bbox 2143 3518 3679 3600; baseline -0.017 -11"><span class='ocrx_word' id='word_1_749' title='bbox 2143 3546 2291 3590; x_wconf 92' lang='lat' dir='ltr'><strong>ctum</strong></span> <span class='ocrx_word' id='word_1_750' title='bbox 2329 3535 2452 3586; x_wconf 87' lang='lat' dir='ltr'><strong>luna</strong></span> <span class='ocrx_word' id='word_1_751' title='bbox 2484 3529 2872 3600; x_wconf 82' lang='lat' dir='ltr'><strong>complebitur,</strong></span> <span class='ocrx_word' id='word_1_752' title='bbox 2921 3534 2976 3579; x_wconf 88' lang='lat' dir='ltr'><strong>et</strong></span> <span class='ocrx_word' id='word_1_753' title='bbox 3017 3540 3118 3580; x_wconf 88' lang='lat' dir='ltr'><strong>suo</strong></span> <span class='ocrx_word' id='word_1_754' title='bbox 3164 3529 3355 3577; x_wconf 87' lang='lat' dir='ltr'><strong>curret</strong></span> <span class='ocrx_word' id='word_1_755' title='bbox 3396 3519 3586 3578; x_wconf 88' lang='lat' dir='ltr'><strong>ordine,</strong></span> <span class='ocrx_word' id='word_1_756' title='bbox 3635 3518 3679 3563; x_wconf 92' lang='lat' dir='ltr'><strong>ut</strong></span> 
     </span>
    </p>
   </div>
   <div class='ocr_carea' id='block_1_94' title="bbox 2145 3608 3681 3686">
    <p class='ocr_par' dir='ltr' id='par_1_94' title="bbox 2145 3608 3681 3686">
     <span class='ocr_line' id='line_1_94' title="bbox 2145 3608 3681 3686; baseline -0.017 -5"><span class='ocrx_word' id='word_1_757' title='bbox 2145 3627 2345 3682; x_wconf 76' lang='lat' dir='ltr'><strong>efﬁciat</strong></span> <span class='ocrx_word' id='word_1_758' title='bbox 2388 3637 2648 3686; x_wconf 90' lang='lat' dir='ltr'><strong>mensem,</strong></span> <span class='ocrx_word' id='word_1_759' title='bbox 2683 3621 2734 3675; x_wconf 92' lang='lat' dir='ltr'><strong>id</strong></span> <span class='ocrx_word' id='word_1_760' title='bbox 2763 3628 2869 3682; x_wconf 89' lang='lat' dir='ltr'><strong>est,</strong></span> <span class='ocrx_word' id='word_1_761' title='bbox 2910 3615 3206 3679; x_wconf 83' lang='lat' dir='ltr'><strong>Kalendas,</strong></span> <span class='ocrx_word' id='word_1_762' title='bbox 3254 3627 3373 3682; x_wconf 50' lang='lat' dir='ltr'><strong>quae.</strong></span> <span class='ocrx_word' id='word_1_763' title='bbox 3401 3608 3572 3665; x_wconf 75' lang='lat' dir='ltr'><strong>Graece</strong></span> <span class='ocrx_word' id='word_1_764' title='bbox 3604 3617 3681 3672; x_wconf 88' lang='lat' dir='ltr'><strong>ap-</strong></span> 
     </span>
    </p>
   </div>
   <div class='ocr_carea' id='block_1_95' title="bbox 2148 3702 3682 3789">
    <p class='ocr_par' dir='ltr' id='par_1_95' title="bbox 2148 3702 3682 3789">
     <span class='ocr_line' id='line_1_95' title="bbox 2148 3702 3682 3789; baseline -0.018 -15"><span class='ocrx_word' id='word_1_765' title='bbox 2148 3721 2418 3789; x_wconf 87' lang='lat' dir='ltr'><strong>pellantur</strong></span> <span class='ocrx_word' id='word_1_766' title='bbox 2452 3715 2780 3784; x_wconf 80' lang='grc' dir='ltr'><strong>Νεομηνιαι,</strong></span> <span class='ocrx_word' id='word_1_767' title='bbox 2815 3711 2920 3765; x_wconf 88' lang='lat' dir='ltr'><strong>hoc</strong></span> <span class='ocrx_word' id='word_1_768' title='bbox 2967 3719 3072 3773; x_wconf 87' lang='lat' dir='ltr'><strong>est,</strong></span> <span class='ocrx_word' id='word_1_769' title='bbox 3124 3706 3332 3762; x_wconf 87' lang='lat' dir='ltr'><strong>mensis</strong></span> <span class='ocrx_word' id='word_1_770' title='bbox 3384 3702 3502 3758; x_wconf 83' lang='lat' dir='ltr'><strong>novi</strong></span> <span class='ocrx_word' id='word_1_771' title='bbox 3541 3711 3682 3752; x_wconf 79' lang='lat' dir='ltr'><strong>exor-</strong></span> 
     </span>
    </p>
   </div>
   <div class='ocr_carea' id='block_1_96' title="bbox 2147 3793 3686 3882">
    <p class='ocr_par' dir='ltr' id='par_1_96' title="bbox 2147 3793 3686 3882">
     <span class='ocr_line' id='line_1_96' title="bbox 2147 3793 3686 3882; baseline -0.017 -11"><span class='ocrx_word' id='word_1_772' title='bbox 2147 3816 2296 3871; x_wconf 91' lang='lat' dir='ltr'><strong>dium</strong></span> <span class='ocrx_word' id='word_1_773' title='bbox 2336 3828 2350 3867; x_wconf 87' lang='lat'><strong>:</strong></span> <span class='ocrx_word' id='word_1_774' title='bbox 2386 3811 2525 3882; x_wconf 90' lang='lat' dir='ltr'><strong>apud</strong></span> <span class='ocrx_word' id='word_1_775' title='bbox 2548 3825 2688 3880; x_wconf 91' lang='lat' dir='ltr'><strong>quos</strong></span> <span class='ocrx_word' id='word_1_776' title='bbox 2717 3807 2930 3863; x_wconf 91' lang='lat' dir='ltr'><strong>initium</strong></span> <span class='ocrx_word' id='word_1_777' title='bbox 2978 3803 3375 3864; x_wconf 81' lang='lat' dir='ltr'><strong>Kalendarum,</strong></span> <span class='ocrx_word' id='word_1_778' title='bbox 3424 3811 3525 3853; x_wconf 91' lang='lat' dir='ltr'><strong>non</strong></span> <span class='ocrx_word' id='word_1_779' title='bbox 3568 3793 3686 3863; x_wconf 73' lang='lat' dir='ltr'><strong>juxta</strong></span> 
     </span>
    </p>
   </div>
   <div class='ocr_carea' id='block_1_97' title="bbox 2149 3886 3688 3977">
    <p class='ocr_par' dir='ltr' id='par_1_97' title="bbox 2149 3886 3688 3977">
     <span class='ocr_line' id='line_1_97' title="bbox 2149 3886 3688 3977; baseline -0.019 -15"><span class='ocrx_word' id='word_1_780' title='bbox 2149 3909 2281 3962; x_wconf 90' lang='lat' dir='ltr'><strong>solis</strong></span> <span class='ocrx_word' id='word_1_781' title='bbox 2319 3920 2562 3967; x_wconf 88' lang='lat' dir='ltr'><strong>cursum,</strong></span> <span class='ocrx_word' id='word_1_782' title='bbox 2587 3911 2644 3955; x_wconf 89' lang='lat' dir='ltr'><strong>et</strong></span> <span class='ocrx_word' id='word_1_783' title='bbox 2664 3901 2878 3955; x_wconf 79' lang='lat' dir='ltr'><strong>diversa</strong></span> <span class='ocrx_word' id='word_1_784' title='bbox 2919 3898 3194 3977; x_wconf 78' lang='lat' dir='ltr'><strong>mensium</strong></span> <span class='ocrx_word' id='word_1_785' title='bbox 3223 3893 3420 3964; x_wconf 85' lang='lat' dir='ltr'><strong>spatia,</strong></span> <span class='ocrx_word' id='word_1_786' title='bbox 3445 3886 3533 3942; x_wconf 74' lang='lat' dir='ltr'><strong>sed</strong></span> <span class='ocrx_word' id='word_1_787' title='bbox 3561 3887 3688 3977; x_wconf 70' lang='lat' dir='ltr'><strong>juxta</strong></span> 
     </span>
    </p>
   </div>
   <div class='ocr_carea' id='block_1_98' title="bbox 2154 3972 3691 4061">
    <p class='ocr_par' dir='ltr' id='par_1_98' title="bbox 2154 3972 3691 4061">
     <span class='ocr_line' id='line_1_98' title="bbox 2154 3972 3691 4061; baseline -0.019 -8"><span class='ocrx_word' id='word_1_788' title='bbox 2154 4001 2292 4053; x_wconf 68' lang='lat' dir='ltr'><strong>laute</strong></span> <span class='ocrx_word' id='word_1_789' title='bbox 2331 3997 2618 4051; x_wconf 90' lang='lat' dir='ltr'><strong>circuitum</strong></span> <span class='ocrx_word' id='word_1_790' title='bbox 2648 3991 2841 4061; x_wconf 89' lang='lat' dir='ltr'><strong>incipit</strong></span> <span class='ocrx_word' id='word_1_791' title='bbox 2870 3998 2927 4045; x_wconf 89' lang='lat' dir='ltr'><strong>et</strong></span> <span class='ocrx_word' id='word_1_792' title='bbox 2964 3972 3171 4042; x_wconf 80' lang='lat' dir='ltr'><strong>linitur.</strong></span> <span class='ocrx_word' id='word_1_793' title='bbox 3209 3986 3332 4040; x_wconf 71' lang='lat' dir='ltr'><strong>Haec</strong></span> <span class='ocrx_word' id='word_1_794' title='bbox 3361 3992 3444 4037; x_wconf 87' lang='lat' dir='ltr'><strong>est</strong></span> <span class='ocrx_word' id='word_1_795' title='bbox 3475 3982 3605 4040; x_wconf 88' lang='lat' dir='ltr'><strong>luna,</strong></span> <span class='ocrx_word' id='word_1_796' title='bbox 3638 3972 3691 4026; x_wconf 85' lang='lat' dir='ltr'><strong>de</strong></span> 
     </span>
    </p>
   </div>
   <div class='ocr_carea' id='block_1_99' title="bbox 2150 4065 3690 4160">
    <p class='ocr_par' dir='ltr' id='par_1_99' title="bbox 2150 4065 3690 4160">
     <span class='ocr_line' id='line_1_99' title="bbox 2150 4065 3690 4160; baseline -0.021 -14"><span class='ocrx_word' id='word_1_797' title='bbox 2150 4107 2256 4160; x_wconf 88' lang='lat' dir='ltr'><strong>qua</strong></span> <span class='ocrx_word' id='word_1_798' title='bbox 2297 4091 2349 4144; x_wconf 93' lang='lat' dir='ltr'><strong>in</strong></span> <span class='ocrx_word' id='word_1_799' title='bbox 2383 4089 2541 4143; x_wconf 88' lang='lat' dir='ltr'><strong>laude</strong></span> <span class='ocrx_word' id='word_1_800' title='bbox 2566 4086 2678 4141; x_wconf 91' lang='lat' dir='ltr'><strong>veri</strong></span> <span class='ocrx_word' id='word_1_801' title='bbox 2707 4083 3021 4139; x_wconf 88' lang='lat' dir='ltr'><strong>Salomonis</strong></span> <span class='ocrx_word' id='word_1_802' title='bbox 3047 4079 3246 4134; x_wconf 89' lang='lat' dir='ltr'><strong>dicitur</strong></span> <span class='ocrx_word' id='word_1_803' title='bbox 3278 4093 3293 4134; x_wconf 86' lang='lat'><strong>:</strong></span> <span class='ocrx_word' id='word_1_804' title='bbox 3325 4075 3389 4129; x_wconf 84' lang='lat' dir='ltr'><strong>Et</strong></span> <span class='ocrx_word' id='word_1_805' title='bbox 3416 4065 3690 4142; x_wconf 81' lang='lat' dir='ltr'><strong>permanebit</strong></span> 
     </span>
    </p>
   </div>
   <div class='ocr_carea' id='block_1_100' title="bbox 2154 4167 3694 4245">
    <p class='ocr_par' dir='ltr' id='par_1_100' title="bbox 2154 4167 3694 4245">
     <span class='ocr_line' id='line_1_100' title="bbox 2154 4167 3694 4245; baseline -0.015 -8"><span class='ocrx_word' id='word_1_806' title='bbox 2154 4200 2268 4238; x_wconf 86' lang='lat' dir='ltr'><strong>cum</strong></span> <span class='ocrx_word' id='word_1_807' title='bbox 2300 4182 2408 4236; x_wconf 83' lang='lat' dir='ltr'><strong>sole</strong></span> <span class='ocrx_word' id='word_1_808' title='bbox 2439 4192 2488 4236; x_wconf 85' lang='lat' dir='ltr'><strong>et</strong></span> <span class='ocrx_word' id='word_1_809' title='bbox 2517 4190 2639 4234; x_wconf 89' lang='lat' dir='ltr'><strong>ante</strong></span> <span class='ocrx_word' id='word_1_810' title='bbox 2663 4181 2845 4232; x_wconf 88' lang='lat' dir='ltr'><strong>lunam</strong></span> <span class='ocrx_word' id='word_1_811' title='bbox 2873 4178 2929 4230; x_wconf 89' lang='lat' dir='ltr'><strong>in</strong></span> <span class='ocrx_word' id='word_1_812' title='bbox 2963 4175 3326 4245; x_wconf 87' lang='lat' dir='ltr'><strong>generationes</strong></span> <span class='ocrx_word' id='word_1_813' title='bbox 3343 4167 3694 4239; x_wconf 82' lang='lat' dir='ltr'><strong>generationum</strong></span> 
     </span>
    </p>
   </div>
   <div class='ocr_carea' id='block_1_101' title="bbox 2155 4250 3696 4349">
    <p class='ocr_par' dir='ltr' id='par_1_101' title="bbox 2155 4250 3696 4349">
     <span class='ocr_line' id='line_1_101' title="bbox 2155 4250 3696 4349; baseline -0.017 -17"><span class='ocrx_word' id='word_1_814' title='bbox 2155 4277 2330 4349; x_wconf 86' lang='lat' dir='ltr'><strong>(Psal.</strong></span> <span class='ocrx_word' id='word_1_815' title='bbox 2373 4289 2520 4339; x_wconf 75' lang='lat' dir='ltr'><strong>mm,</strong></span> <span class='ocrx_word' id='word_1_816' title='bbox 2553 4272 2633 4343; x_wconf 81' lang='lat'><strong>5).</strong></span> <span class='ocrx_word' id='word_1_817' title='bbox 2666 4271 2796 4338; x_wconf 65' lang='lat' dir='ltr'><strong>Quae</strong></span> <span class='ocrx_word' id='word_1_818' title='bbox 2822 4269 2874 4323; x_wconf 92' lang='lat' dir='ltr'><strong>in</strong></span> <span class='ocrx_word' id='word_1_819' title='bbox 2902 4267 3127 4322; x_wconf 86' lang='lat' dir='ltr'><strong>Cantico</strong></span> <span class='ocrx_word' id='word_1_820' title='bbox 3171 4264 3511 4318; x_wconf 85' lang='lat' dir='ltr'><strong>canticorum</strong></span> <span class='ocrx_word' id='word_1_821' title='bbox 3543 4250 3696 4349; x_wconf 71' lang='lat' dir='ltr'><strong>appel-</strong></span> 
     </span>
    </p>
   </div>
   <div class='ocr_carea' id='block_1_102' title="bbox 2159 4340 3695 4428">
    <p class='ocr_par' dir='ltr' id='par_1_102' title="bbox 2159 4340 3695 4428">
     <span class='ocr_line' id='line_1_102' title="bbox 2159 4340 3695 4428; baseline -0.02 -6"><span class='ocrx_word' id='word_1_822' title='bbox 2159 4340 2304 4424; x_wconf 84' lang='lat' dir='ltr'><strong>latur</strong></span> <span class='ocrx_word' id='word_1_823' title='bbox 2333 4367 2504 4424; x_wconf 86' lang='lat' dir='ltr'><strong>electa</strong></span> <span class='ocrx_word' id='word_1_824' title='bbox 2539 4380 2555 4420; x_wconf 83' lang='lat'><strong>:</strong></span> <span class='ocrx_word' id='word_1_825' title='bbox 2591 4340 2725 4428; x_wconf 66' lang='lat' dir='ltr'><strong>Quae</strong></span> <span class='ocrx_word' id='word_1_826' title='bbox 2752 4372 2825 4415; x_wconf 85' lang='lat' dir='ltr'><strong>est</strong></span> <span class='ocrx_word' id='word_1_827' title='bbox 2869 4361 2979 4413; x_wconf 63' lang='lat' dir='ltr'><strong>haec</strong></span> <span class='ocrx_word' id='word_1_828' title='bbox 3020 4371 3137 4427; x_wconf 74' lang='lat' dir='ltr'><strong>quae</strong></span> <span class='ocrx_word' id='word_1_829' title='bbox 3184 4352 3437 4424; x_wconf 83' lang='lat' dir='ltr'><strong>processit</strong></span> <span class='ocrx_word' id='word_1_830' title='bbox 3464 4345 3600 4415; x_wconf 83' lang='lat' dir='ltr'><strong>quasi</strong></span> <span class='ocrx_word' id='word_1_831' title='bbox 3631 4340 3695 4394; x_wconf 82' lang='lat' dir='ltr'><strong>di-</strong></span> 
     </span>
    </p>
   </div>
   <div class='ocr_carea' id='block_1_103' title="bbox 2167 4438 3700 4528">
    <p class='ocr_par' dir='ltr' id='par_1_103' title="bbox 2167 4438 3700 4528">
     <span class='ocr_line' id='line_1_103' title="bbox 2167 4438 3700 4528; baseline -0.02 -12"><span class='ocrx_word' id='word_1_832' title='bbox 2167 4463 2425 4524; x_wconf 83' lang='lat' dir='ltr'><strong>luculum,</strong></span> <span class='ocrx_word' id='word_1_833' title='bbox 2461 4458 2682 4528; x_wconf 83' lang='lat' dir='ltr'><strong>pulchra</strong></span> <span class='ocrx_word' id='word_1_834' title='bbox 2720 4464 2774 4508; x_wconf 89' lang='lat' dir='ltr'><strong>ut</strong></span> <span class='ocrx_word' id='word_1_835' title='bbox 2809 4453 2960 4514; x_wconf 88' lang='lat' dir='ltr'><strong>luna,</strong></span> <span class='ocrx_word' id='word_1_836' title='bbox 3007 4461 3056 4504; x_wconf 90' lang='lat' dir='ltr'><strong>et</strong></span> <span class='ocrx_word' id='word_1_837' title='bbox 3084 4449 3248 4502; x_wconf 83' lang='lat' dir='ltr'><strong>electa</strong></span> <span class='ocrx_word' id='word_1_838' title='bbox 3291 4457 3348 4500; x_wconf 90' lang='lat' dir='ltr'><strong>ut</strong></span> <span class='ocrx_word' id='word_1_839' title='bbox 3390 4443 3467 4499; x_wconf 90' lang='lat' dir='ltr'><strong>sol</strong></span> <span class='ocrx_word' id='word_1_840' title='bbox 3508 4438 3700 4494; x_wconf 80' lang='lat' dir='ltr'><strong>admira-</strong></span> 
     </span>
    </p>
   </div>
   <div class='ocr_carea' id='block_1_104' title="bbox 2157 4536 3703 4624">
    <p class='ocr_par' dir='ltr' id='par_1_104' title="bbox 2157 4536 3703 4624">
     <span class='ocr_line' id='line_1_104' title="bbox 2157 4536 3703 4624; baseline -0.023 -14"><span class='ocrx_word' id='word_1_841' title='bbox 2157 4557 2275 4612; x_wconf 83' lang='lat' dir='ltr'><strong>bilis</strong></span> <span class='ocrx_word' id='word_1_842' title='bbox 2310 4551 2495 4624; x_wconf 87' lang='lat' dir='ltr'><strong>(Cant.</strong></span> <span class='ocrx_word' id='word_1_843' title='bbox 2523 4565 2598 4613; x_wconf 76' lang='lat' dir='ltr'><strong>vr,</strong></span> <span class='ocrx_word' id='word_1_844' title='bbox 2633 4547 2731 4618; x_wconf 85' lang='lat'><strong>9)?</strong></span> <span class='ocrx_word' id='word_1_845' title='bbox 2765 4545 2929 4598; x_wconf 82' lang='lat' dir='ltr'><strong>Aiunt</strong></span> <span class='ocrx_word' id='word_1_846' title='bbox 2976 4541 3208 4612; x_wconf 85' lang='lat' dir='ltr'><strong>physici,</strong></span> <span class='ocrx_word' id='word_1_847' title='bbox 3244 4548 3300 4592; x_wconf 90' lang='lat' dir='ltr'><strong>et</strong></span> <span class='ocrx_word' id='word_1_848' title='bbox 3343 4547 3558 4605; x_wconf 91' lang='lat' dir='ltr'><strong>quorum</strong></span> <span class='ocrx_word' id='word_1_849' title='bbox 3587 4536 3703 4581; x_wconf 74' lang='lat' dir='ltr'><strong>cura:</strong></span> 
     </span>
    </p>
   </div>
   <div class='ocr_carea' id='block_1_105' title="bbox 2159 4628 3704 4706">
    <p class='ocr_par' dir='ltr' id='par_1_105' title="bbox 2159 4628 3704 4706">
     <span class='ocr_line' id='line_1_105' title="bbox 2159 4628 3704 4706; baseline -0.026 1"><span class='ocrx_word' id='word_1_850' title='bbox 2159 4659 2244 4706; x_wconf 91' lang='lat' dir='ltr'><strong>est</strong></span> <span class='ocrx_word' id='word_1_851' title='bbox 2272 4649 2337 4703; x_wconf 89' lang='lat' dir='ltr'><strong>de</strong></span> <span class='ocrx_word' id='word_1_852' title='bbox 2363 4643 2678 4702; x_wconf 63' lang='lat' dir='ltr'><strong>caelestibus</strong></span> <span class='ocrx_word' id='word_1_853' title='bbox 2699 4640 3002 4706; x_wconf 84' lang='lat' dir='ltr'><strong>disputare,</strong></span> <span class='ocrx_word' id='word_1_854' title='bbox 3035 4637 3218 4690; x_wconf 86' lang='lat' dir='ltr'><strong>lunam</strong></span> <span class='ocrx_word' id='word_1_855' title='bbox 3253 4644 3363 4684; x_wconf 90' lang='lat' dir='ltr'><strong>non</strong></span> <span class='ocrx_word' id='word_1_856' title='bbox 3395 4628 3582 4678; x_wconf 86' lang='lat' dir='ltr'><strong>habere</strong></span> <span class='ocrx_word' id='word_1_857' title='bbox 3603 4631 3704 4687; x_wconf 89' lang='lat' dir='ltr'><strong>pro-</strong></span> 
     </span>
    </p>
   </div>
   <div class='ocr_carea' id='block_1_106' title="bbox 2160 4707 3707 4810">
    <p class='ocr_par' dir='ltr' id='par_1_106' title="bbox 2160 4707 3707 4810">
     <span class='ocr_line' id='line_1_106' title="bbox 2160 4707 3707 4810; baseline -0.023 -16"><span class='ocrx_word' id='word_1_858' title='bbox 2160 4741 2336 4810; x_wconf 88' lang='lat' dir='ltr'><strong>prium</strong></span> <span class='ocrx_word' id='word_1_859' title='bbox 2373 4736 2573 4799; x_wconf 91' lang='lat' dir='ltr'><strong>lumen,</strong></span> <span class='ocrx_word' id='word_1_860' title='bbox 2605 4733 2701 4786; x_wconf 87' lang='lat' dir='ltr'><strong>sed</strong></span> <span class='ocrx_word' id='word_1_861' title='bbox 2728 4729 2860 4783; x_wconf 90' lang='lat' dir='ltr'><strong>solis</strong></span> <span class='ocrx_word' id='word_1_862' title='bbox 2883 4725 3048 4780; x_wconf 88' lang='lat' dir='ltr'><strong>radiis</strong></span> <span class='ocrx_word' id='word_1_863' title='bbox 3084 4719 3371 4777; x_wconf 85' lang='lat' dir='ltr'><strong>illustrari.</strong></span> <span class='ocrx_word' id='word_1_864' title='bbox 3401 4715 3480 4770; x_wconf 84' lang='lat' dir='ltr'><strong>Ab</strong></span> <span class='ocrx_word' id='word_1_865' title='bbox 3507 4727 3563 4768; x_wconf 87' lang='lat' dir='ltr'><strong>ea</strong></span> <span class='ocrx_word' id='word_1_866' title='bbox 3589 4707 3707 4810; x_wconf 64' lang='lat' dir='ltr'><strong>enini</strong></span> 
     </span>
    </p>
   </div>
   <div class='ocr_carea' id='block_1_107' title="bbox 2163 4795 3708 4900">
    <p class='ocr_par' dir='ltr' id='par_1_107' title="bbox 2163 4795 3708 4900">
     <span class='ocr_line' id='line_1_107' title="bbox 2163 4795 3708 4900; baseline -0.025 -11"><span class='ocrx_word' id='word_1_867' title='bbox 2163 4795 2384 4900; x_wconf 62' lang='lat' dir='ltr'><strong>semper</strong></span> <span class='ocrx_word' id='word_1_868' title='bbox 2417 4795 2565 4882; x_wconf 80' lang='lat' dir='ltr'><strong>orbis</strong></span> <span class='ocrx_word' id='word_1_869' title='bbox 2589 4832 2742 4893; x_wconf 88' lang='lat' dir='ltr'><strong>parte</strong></span> <span class='ocrx_word' id='word_1_870' title='bbox 2795 4818 3100 4888; x_wconf 89' lang='lat' dir='ltr'><strong>completur</strong></span> <span class='ocrx_word' id='word_1_871' title='bbox 3130 4823 3187 4869; x_wconf 87' lang='lat' dir='ltr'><strong>et</strong></span> <span class='ocrx_word' id='word_1_872' title='bbox 3231 4811 3422 4882; x_wconf 78' lang='lat' dir='ltr'><strong>fulget,</strong></span> <span class='ocrx_word' id='word_1_873' title='bbox 3451 4823 3480 4861; x_wconf 89' lang='lat' dir='ltr'><strong>a</strong></span> <span class='ocrx_word' id='word_1_874' title='bbox 3507 4817 3600 4873; x_wconf 89' lang='lat' dir='ltr'><strong>qua</strong></span> <span class='ocrx_word' id='word_1_875' title='bbox 3629 4795 3708 4900; x_wconf 45' lang='lat' dir='ltr'><strong>soli</strong></span> 
     </span>
    </p>
   </div>
   <div class='ocr_carea' id='block_1_108' title="bbox 2175 4892 3768 4984">
    <p class='ocr_par' dir='ltr' id='par_1_108' title="bbox 2175 4892 3768 4984">
     <span class='ocr_line' id='line_1_108' title="bbox 2175 4892 3768 4984; baseline -0.018 -8"><span class='ocrx_word' id='word_1_876' title='bbox 2175 4892 2408 4978; x_wconf 74' lang='lat' dir='ltr'><strong>vicinior</strong></span> <span class='ocrx_word' id='word_1_877' title='bbox 2434 4929 2542 4984; x_wconf 88' lang='lat' dir='ltr'><strong>est,</strong></span> <span class='ocrx_word' id='word_1_878' title='bbox 2579 4892 2678 4970; x_wconf 91' lang='lat' dir='ltr'><strong>nec</strong></span> <span class='ocrx_word' id='word_1_879' title='bbox 2709 4911 2899 4968; x_wconf 83' lang='lat' dir='ltr'><strong>umbra</strong></span> <span class='ocrx_word' id='word_1_880' title='bbox 2935 4920 3090 4963; x_wconf 63' lang='lat' dir='ltr'><strong>terra;</strong></span> <span class='ocrx_word' id='word_1_881' title='bbox 3113 4907 3442 4960; x_wconf 89' lang='lat' dir='ltr'><strong>obscuratur</strong></span> <span class='ocrx_word' id='word_1_882' title='bbox 3472 4917 3486 4954; x_wconf 89' lang='lat'><strong>:</strong></span> <span class='ocrx_word' id='word_1_883' title='bbox 3517 4892 3642 4966; x_wconf 79' lang='lat' dir='ltr'><strong>quod</strong></span> <span class='ocrx_word' id='word_1_884' title='bbox 3668 4895 3710 4984; x_wconf 57' lang='grc' dir='ltr'><strong>ςῑ</strong></span> <span class='ocrx_word' id='word_1_885' title='bbox 3765 4930 3768 4934; x_wconf 60' lang='grc' dir='ltr'><strong>ι</strong></span> 
     </span>
    </p>
   </div>
   <div class='ocr_carea' id='block_1_109' title="bbox 2177 4978 3710 5090">
    <p class='ocr_par' dir='ltr' id='par_1_109' title="bbox 2177 4978 3710 5090">
     <span class='ocr_line' id='line_1_109' title="bbox 2177 4978 3710 5090; baseline -0.027 -15"><span class='ocrx_word' id='word_1_886' title='bbox 2177 5027 2334 5090; x_wconf 87' lang='lat' dir='ltr'><strong>poeta</strong></span> <span class='ocrx_word' id='word_1_887' title='bbox 2365 5029 2470 5068; x_wconf 91' lang='lat' dir='ltr'><strong>uno</strong></span> <span class='ocrx_word' id='word_1_888' title='bbox 2503 4978 2770 5066; x_wconf 77' lang='lat' dir='ltr'><strong>versiculo</strong></span> <span class='ocrx_word' id='word_1_889' title='bbox 2803 4998 3193 5060; x_wconf 89' lang='lat' dir='ltr'><strong>demonstravit</strong></span> <span class='ocrx_word' id='word_1_890' title='bbox 3217 4993 3434 5066; x_wconf 79' lang='lat' dir='ltr'><strong>(Virgil.</strong></span> <span class='ocrx_word' id='word_1_891' title='bbox 3470 4978 3710 5051; x_wconf 52' lang='lat' dir='ltr'><strong>lCOOng’</strong></span> 
     </span>
    </p>
   </div>
   <div class='ocr_carea' id='block_1_110' title="bbox 2412 5130 3560 5204">
    <p class='ocr_par' dir='ltr' id='par_1_110' title="bbox 2412 5130 3560 5204">
     <span class='ocr_line' id='line_1_110' title="bbox 2412 5130 3560 5204; baseline -0.022 0"><span class='ocrx_word' id='word_1_892' title='bbox 2412 5153 2519 5204; x_wconf 79' lang='lat' dir='ltr'><strong>Nec</strong></span> <span class='ocrx_word' id='word_1_893' title='bbox 2542 5150 2705 5200; x_wconf 75' lang='lat' dir='ltr'><strong>fratris</strong></span> <span class='ocrx_word' id='word_1_894' title='bbox 2739 5146 2891 5196; x_wconf 85' lang='lat' dir='ltr'><strong>radiis</strong></span> <span class='ocrx_word' id='word_1_895' title='bbox 2910 5141 3122 5192; x_wconf 82' lang='lat' dir='ltr'><strong>obnoxia</strong></span> <span class='ocrx_word' id='word_1_896' title='bbox 3155 5146 3370 5198; x_wconf 86' lang='lat' dir='ltr'><strong>surgere</strong></span> <span class='ocrx_word' id='word_1_897' title='bbox 3433 5130 3560 5179; x_wconf 79' lang='lat' dir='ltr'><strong>luas.</strong></span> 
     </span>
    </p>
   </div>
   <div class='ocr_carea' id='block_1_111' title="bbox 2247 5267 3711 5351">
    <p class='ocr_par' dir='ltr' id='par_1_111' title="bbox 2247 5267 3711 5351">
     <span class='ocr_line' id='line_1_111' title="bbox 2247 5267 3711 5351; baseline -0.025 -2"><span class='ocrx_word' id='word_1_898' title='bbox 2247 5294 2302 5351; x_wconf 87' lang='lat' dir='ltr'><strong>Si</strong></span> <span class='ocrx_word' id='word_1_899' title='bbox 2338 5293 2441 5347; x_wconf 88' lang='lat' dir='ltr'><strong>hoc</strong></span> <span class='ocrx_word' id='word_1_900' title='bbox 2468 5303 2657 5344; x_wconf 78' lang='lat' dir='ltr'><strong>verum</strong></span> <span class='ocrx_word' id='word_1_901' title='bbox 2682 5292 2784 5350; x_wconf 87' lang='lat' dir='ltr'><strong>est,</strong></span> <span class='ocrx_word' id='word_1_902' title='bbox 2822 5292 2876 5339; x_wconf 90' lang='lat' dir='ltr'><strong>et</strong></span> <span class='ocrx_word' id='word_1_903' title='bbox 2915 5295 3016 5336; x_wconf 87' lang='lat' dir='ltr'><strong>nos</strong></span> <span class='ocrx_word' id='word_1_904' title='bbox 3073 5273 3408 5348; x_wconf 84' lang='lat' dir='ltr'><strong>tropologice</strong></span> <span class='ocrx_word' id='word_1_905' title='bbox 3463 5267 3711 5338; x_wconf 81' lang='lat' dir='ltr'><strong>possumus</strong></span> 
     </span>
    </p>
   </div>
   <div class='ocr_carea' id='block_1_112' title="bbox 2178 5358 3714 5448">
    <p class='ocr_par' dir='ltr' id='par_1_112' title="bbox 2178 5358 3714 5448">
     <span class='ocr_line' id='line_1_112' title="bbox 2178 5358 3714 5448; baseline -0.029 -5"><span class='ocrx_word' id='word_1_906' title='bbox 2178 5391 2382 5448; x_wconf 88' lang='lat' dir='ltr'><strong>dicere,</strong></span> <span class='ocrx_word' id='word_1_907' title='bbox 2416 5381 2713 5439; x_wconf 81' lang='lat' dir='ltr'><strong>Ecclesiam</strong></span> <span class='ocrx_word' id='word_1_908' title='bbox 2743 5389 2864 5447; x_wconf 64' lang='lat' dir='ltr'><strong>quae</strong></span> <span class='ocrx_word' id='word_1_909' title='bbox 2891 5386 3022 5444; x_wconf 85' lang='lat' dir='ltr'><strong>pace</strong></span> <span class='ocrx_word' id='word_1_910' title='bbox 3053 5381 3107 5426; x_wconf 86' lang='lat' dir='ltr'><strong>et</strong></span> <span class='ocrx_word' id='word_1_911' title='bbox 3139 5358 3594 5439; x_wconf 83' lang='lat' dir='ltr'><strong>persecutionibus</strong></span> <span class='ocrx_word' id='word_1_912' title='bbox 3617 5361 3714 5404; x_wconf 81' lang='lat' dir='ltr'><strong>crc-</strong></span> 
     </span>
    </p>
   </div>
   <div class='ocr_carea' id='block_1_113' title="bbox 2186 5450 3715 5548">
    <p class='ocr_par' dir='ltr' id='par_1_113' title="bbox 2186 5450 3715 5548">
     <span class='ocr_line' id='line_1_113' title="bbox 2186 5450 3715 5548; baseline -0.028 -12"><span class='ocrx_word' id='word_1_913' title='bbox 2186 5483 2290 5536; x_wconf 78' lang='lat' dir='ltr'><strong>Scit</strong></span> <span class='ocrx_word' id='word_1_914' title='bbox 2320 5487 2482 5548; x_wconf 85' lang='lat' dir='ltr'><strong>atque</strong></span> <span class='ocrx_word' id='word_1_915' title='bbox 2515 5471 2809 5534; x_wconf 87' lang='lat' dir='ltr'><strong>decrescit,</strong></span> <span class='ocrx_word' id='word_1_916' title='bbox 2830 5474 2886 5522; x_wconf 91' lang='lat' dir='ltr'><strong>et</strong></span> <span class='ocrx_word' id='word_1_917' title='bbox 2919 5476 3176 5535; x_wconf 82' lang='lat' dir='ltr'><strong>oppressa</strong></span> <span class='ocrx_word' id='word_1_918' title='bbox 3205 5455 3560 5512; x_wconf 81' lang='lat' dir='ltr'><strong>tentatioaum</strong></span> <span class='ocrx_word' id='word_1_919' title='bbox 3595 5450 3715 5496; x_wconf 82' lang='lat' dir='ltr'><strong>tene-</strong></span> 
     </span>
    </p>
   </div>
   <div class='ocr_carea' id='block_1_114' title="bbox 3403 5617 3714 5692">
    <p class='ocr_par' dir='ltr' id='par_1_114' title="bbox 3403 5617 3714 5692">
     <span class='ocr_line' id='line_1_114' title="bbox 3403 5617 3714 5692; baseline -0.051 0"><span class='ocrx_word' id='word_1_920' title='bbox 3403 5617 3714 5692; x_wconf 69' lang='lat' dir='ltr'><strong>Ambrosiam</strong></span> 
     </span>
    </p>
   </div>
  </div>
