3950 6180
344 271 453 335 701

892 273 1382 338 COMMENTAR.
1420 277 1499 336 IN
1539 275 1799 335 lSAIAM
1841 273 2302 334 PROPIIE'I‘AM
2332 271 2474 330 LIB.
2506 268 2726 338 XVIII,
2764 269 2925 334 CAP.
2966 271 3171 332 LXVI.

3525 269 3632 329 70⁵2

335 382 462 436 liris
498 396 715 436 rursum
743 379 1032 452 pristinum
1055 384 1231 440 lumen
1256 387 1422 457 827
1450 388 1703 452 assumit,
1733 387 1934 440 habere
1964 393 2006 446 Α
2039 399 2182 449 t.xtv,
2211 383 2291 453 2).
2326 382 2480 447 Quod
2517 382 2639 435 aliis
2689 381 2870 435 verbis
2902 383 2954 434 in
3011 382 3118 434 alio
3147 381 3355 449 psalmo
3379 381 3580 436 dicitur
3611 395 3624 431 :

330 475 688 544 splendorem
721 492 748 528 a
783 476 895 530 sole
918 477 1166 546 justiti-st,
1218 490 1273 533 et
1336 482 1437 534 hoc
1469 495 1589 535 esse
1614 481 1757 550 quod
1791 479 1926 533 dici-

331 577 434 621 tur
469 585 481 621 :
514 566 820 632 Splendebit
855 569 980 622 luna
1035 572 1189 639 quasi
1241 571 1322 624 sol
1346 571 1483 640 (Isa.
1526 588 1652 638 xxx,
1683 572 1811 641 26);
1839 576 1935 626 lia-

327 659 714 729 hitatorcsque
781 659 898 727 ejus
948 663 1122 730 iustos
1172 664 1379 734 fulgere
1424 667 1580 733 quasi
1641 665 1809 719 solem
1874 666 1928 718 in

332 767 512 820 regno
535 749 711 804 Patris
743 753 848 805 sui.
886 751 951 806 Et
983 770 1079 820 per
1112 757 1210 809 hos
1238 771 1455 811 menses
1484 771 1666 810 semen
1695 757 1928 820 Domini,

327 843 484 911 quod
515 843 873 897 instauratmn
899 855 982 899 cst
1015 847 1064 899 in
1091 857 1378 912 aeternum,
1422 851 1612 903 venire
1635 851 1701 902 ad
1731 849 1932 903 soletn-

329 936 542 998 nitates
587 951 734 994 suas.
771 952 910 1004 quas
944 949 1164 992 sanclus
1219 942 1452 1010 mystico
1478 957 1574 994 ore
1617 945 1927 1005 resonabat,

331 1031 528 1081 dicens
565 1049 577 1080 :
617 1031 792 1105 Annos
835 1040 1058 1084 reternos
1096 1033 1148 1084 in
1185 1042 1352 1086 mente
1386 1034 1568 1094 habui,
1605 1044 1652 1086 et
1688 1035 1920 1087 medita-

335 1128 431 1170 tus
459 1134 573 1170 sum
602 1117 778 1186 (Psal.
807 1135 990 1182 Lxxvt,
1029 1120 1104 1187 6).
1165 1122 1238 1174 De
1276 1122 1513 1177 Sabban
1551 1135 1756 1185 autem,
1783 1124 1926 1191 quod

336 1209 611 1276 signiﬁcat
674 1211 965 1279 requiem,
1015 1213 1176 1281 pleno
1246 1230 1502 1269 sermone
1568 1217 1928 1269 tractavimus

335 1301 482 1367 (cap.
513 1299 624 1366 56),
655 1299 706 1352 in
743 1301 1118 1355 cunuchorum
1153 1305 1482 1360 advenarum
1513 1307 1818 1375 pr0phetia.
1844 1307 1910 1362 Et

338 1407 488 1442 nunc
524 1389 766 1444 breviter
821 1401 906 1446 est
947 1395 1264 1461 dicendum,
1323 1410 1417 1450 eos
1472 1399 1663 1451 venire
1717 1400 1768 1452 in
1800 1415 1933 1453 neo-

333 1481 544 1535 tneniis
571 1490 624 1534 ct
646 1481 697 1534 in
726 1483 997 1548 sabbatis,
1039 1486 1128 1554 qui
1160 1501 1253 1539 sex
1279 1486 1470 1541 diebus
1502 1490 1554 1541 in
1586 1491 1783 1557 quibus
1814 1491 1930 1544 fac-

337 1584 428 1626 tus
462 1584 543 1627 cst
567 1575 822 1634 mundus.
850 1578 1183 1632 transcensis
1229 1589 1392 1648 atque
1433 1583 1743 1647 praeteritis,
1780 1583 1932 1636 festi-

335 1674 474 1717 Itattl
499 1667 563 1717 ad
605 1668 891 1734 septimum
931 1670 1112 1731 diem,
1139 1670 1190 1723 id
1227 1681 1334 1732 est,
1387 1671 1706 1735 Sabbatum,
1740 1673 1790 1726 in
1825 1690 1933 1743 quo

2038 474 2230 530 Omnes
2264 487 2440 544 gentes
2477 492 2610 540 quas
2634 475 2828 546 fecisti,
2889 473 3096 527 venient
3155 485 3204 526 et
3240 475 3536 527 adorabunt
3572 477 3624 524 in

2031 577 2312 633 conspectu
2354 577 2465 629 tuo,
2500 577 2548 619 et
2585 562 2948 636 glori/icabunt
2982 581 3168 618 nomen
3193 574 3359 627 tuum,
3403 564 3620 616 Domine

2043 659 2221 730 (Psal.
2256 674 2452 725 Lxxxv,
2485 659 2562 728 9).
2591 657 2826 711 Mensem
2871 673 2935 711 ex
2998 671 3208 719 mense,
3247 666 3301 709 et
3333 657 3621 708 sabbatum

2029 768 2093 807 ex
2131 753 2377 814 sabbato,
2416 752 2467 803 in
2493 751 2691 818 quibus
2715 749 2889 803 veniet
2936 749 3114 802 omnis
3147 764 3297 808 caro,
3343 758 3401 799 ut
3433 749 3594 798 adorc

2033 845 2225 909 Deum,
2258 844 2486 898 ridicule
2521 844 2959 910 interpretantur
3017 841 3314 909 χιλιασταὶ,
3364 857 3498 909 quos
3528 856 3625 894 nos

2035 941 2215 994 dicere
2256 955 2543 1008 possumus
2577 939 2862 992 milliarios
2896 956 2910 994 :
2949 946 3006 990 ut
3040 938 3130 1006 qui
3164 937 3216 989 in
3266 937 3446 989 vicino
3473 949 3621 1001 sunt,

2031 1032 2179 1084 omni
2215 1031 2456 1085 Sabbato
2495 1033 2716 1083 veniant
2773 1031 2824 1082 in
2855 1028 3198 1094 Jerusalem;
3256 1030 3348 1098 qui
3384 1029 3618 1093 longius,

2033 1139 2129 1192 per
2153 1109 2390 1186 menses,
2424 1124 2476 1177 id
2507 1133 2610 1182 est.
2642 1123 3010 1176 Kalendarum
3042 1124 3172 1175 orbe
3209 1123 3498 1189 contplrto,
3531 1123 3619 1189 qui

2028 1213 2190 1266 valde
2224 1214 2432 1281 procul,
2474 1229 2571 1280 per
2631 1227 2803 1268 annos
2855 1214 3122 1283 singulos,
3174 1212 3274 1265 hoc
3299 1223 3400 1273 cst,
3431 1211 3623 1264 dit-bus

2035 1301 2260 1356 Pascha:
2294 1305 2410 1358 sive
2473 1301 2996 1361 Tabernaculornm,
3050 1303 3202 1369 juxta
3239 1303 3366 1354 illud
3399 1302 3540 1370 quod
3569 1302 3620 1354 in

2036 1397 2299 1450 Zacltaria
2331 1397 2534 1450 dicitur
2570 1414 2584 1453 :
2627 1397 2926 1450 Ascendens
2955 1395 3019 1448 ab
3057 1412 3197 1448 anno
3229 1395 3282 1447 in
3311 1412 3532 1454 annum,
3563 1404 3621 1446 ut

2035 1490 2258 1542 adorent
2314 1487 2598 1540 Dominum
2653 1504 2825 1556 regem
2867 1489 3213 1552 exercituum,
3274 1496 3323 1542 et
3363 1485 3622 1540 celebrent

2033 1581 2364 1650 festivitatem
2401 1579 2884 1633 Tabernaculorum
2938 1580 3126 1648 (lactt.
3164 1595 3276 1644 xtv,
3311 1580 3421 1647 ili).
3462 1579 3528 1632 Et
3564 1589 3624 1634 ttt

2038 1671 2295 1737 majorem
2328 1670 2498 1723 risum
2536 1672 2810 1738 praebeant
2867 1671 3234 1734 audientibus,
3265 1672 3405 1740 quod
3447 1673 3499 1723 in
3541 1669 3624 1722 ul-

335 1773 472 1810 vera
506 1768 583 1810 est
629 1760 865 1826 requies.
915 1760 989 1814 De
1015 1763 1098 1815 bis
1147 1763 1591 1818 solemnitatibus
1637 1768 1931 1820 credentes
1967 1739 2008 1794 Β
2045 1762 2180 1814 timo
2246 1763 2492 1829 ejusdem
2549 1761 2831 1830 prophetas
2879 1763 3154 1816 volumine
3209 1761 3466 1816 seribitur
3504 1778 3520 1818 :
3553 1760 3621 1813 Et

337 1849 546 1903 Paulus
576 1852 856 1917 apostolus
880 1853 1204 1919 instruebat,
1244 1855 1432 1910 dicens
1469 1873 1482 1914 :
1512 1854 1764 1910 Umbram
1799 1860 1936 1911 enim

337 1940 534 1993 habens
569 1940 654 1994 lea:
679 1942 984 2010 futurorum
1021 1946 1277 2000 bonorum
1316 1947 1496 2014 (Hebr.
1538 1964 1590 2011 κ,
1622 1949 1698 2013 1).
1743 1949 1805 2003 Et
1838 1952 1937 2004 ite-

342 2048 462 2084 rum
509 2049 523 2086 :
562 2031 643 2085 Ne
675 2037 791 2104 quis
837 2052 958 2106 ergo
992 2053 1077 2090 vos
1121 2039 1327 2105 judicet
1363 2040 1416 2091 in
1475 2041 1607 2104 cibo,
1644 2051 1734 2092 aut
1781 2050 1932 2111 potu,

340 2135 437 2176 aut
473 2126 524 2177 in
564 2135 716 2192 parte
746 2128 852 2180 dici
908 2130 1053 2198 festi,
1082 2143 1172 2183 aut
1216 2134 1520 2192 nconteniar.
1556 2144 1645 2186 aut
1677 2133 1926 2186 sabbato-

339 2228 483 2277 rum,
522 2230 637 2283 qua:
675 2226 794 2268 sunt
838 2218 1040 2271 umbrae
1087 2219 1391 2288 futurorum
1453 2219 1690 2292 (Coloss.
1723 2237 1784 2284 tt,
1820 2221 1930 2290 16).

343 2305 398 2357 Si
435 2314 614 2358 autem
649 2307 762 2360 haec
795 2307 848 2360 itt
879 2311 1066 2360 umbra
1099 2309 1406 2362 futurorum
1465 2310 1756 2371 bonorum,
1793 2320 1848 2362 et
1879 2311 1932 2363 itt

343 2399 578 2467 imagine
609 2414 1028 2468 przcceSserunt,
1083 2405 1266 2456 omnis
1322 2404 1402 2456 lcx
1456 2404 1818 2469 spiritualiter
1852 2406 1935 2456 in-

344 2491 633 2559 telligenda
665 2504 769 2559 est,
801 2495 868 2547 de
896 2511 1001 2563 qua
1043 2497 1183 2550 idem
1219 2497 1433 2550 diccbat
1466 2498 1744 2565 apostolus
1775 2499 1932 2552 :Sci-

341 2600 456 2637 mus
480 2588 602 2653 quia
630 2586 715 2640 lea:
765 2589 1058 2655 spiritualis
1113 2599 1187 2641 est
1240 2588 1414 2658 (Rom.
1464 2605 1558 2655 vn,
1621 2591 1733 2660 Η),
1777 2595 1932 2658 cujus

341 2678 601 2744 mysteria
647 2688 701 2730 et
734 2678 901 2732 David
948 2695 1110 2733 nosse
1171 2682 1473 2746 cupiebat:
1512 2680 1703 2735 Revela
1752 2682 1930 2735 oculos

341 2783 500 2832 meos,
551 2776 599 2820 et
654 2772 1001 2824 considerabo
1067 2771 1340 2824 mirabilia
1369 2774 1433 2824 de
1485 2773 1593 2842 lege
1624 2785 1714 2825 tua
1751 2774 1926 2844 (Psal.

337 2873 527 2924 συξη,
564 2862 675 2931 18).
719 2862 851 2928 Qua:
883 2867 1027 2916 enim
1063 2864 1343 2927 videntur,
1386 2866 1707 2934 temporalia
1742 2877 1869 2919 sunt
1905 2884 1918 2920 :

339 2969 461 3022 qua:
501 2966 678 3008 autem
715 2971 820 3009 non
853 2956 1126 3020 videntur,
1185 2966 1390 3010 aeterna
1439 2957 1521 3026 (ll
1554 2956 1678 3011 Cor.
1711 2960 1811 3029 tv).
1856 2959 1929 3012 De

2040 1869 2142 1906 non
2175 1854 2272 1906 erit
2311 1863 2574 1906 mercator
2604 1853 2746 1906 ultra
2781 1855 2834 1907 in
2867 1853 3022 1907 domo
3057 1852 3269 1906 Domini
3296 1855 3618 1906 exercituum

2040 1945 2090 1997 in
2121 1945 2206 1998 die
2237 1944 2354 2006 illo,
2398 1946 2479 1999 sic
2528 1945 2980 2012 interpretantur,
3033 1955 3092 1998 ut
3147 1947 3514 2014 negotiatores
3564 1944 3617 1998 in

2040 2037 2183 2090 mille
2211 2038 2370 2091 annis
2403 2050 2525 2090 esse
2555 2037 2846 2094 desistant.
2880 2037 3006 2104 quia
3038 2038 3223 2092 omnia
3250 2037 3618 2090 nascanturin

2038 2133 2294 2184 omnibus
2329 2129 2484 2193 locis,
2518 2144 2626 2197 quo
2658 2130 2871 2184 scilicet
2906 2145 3004 2184 nec
3031 2145 3128 2183 nos
3166 2131 3506 2199 indigeannts
3541 2129 3622 2184 fo-

2041 2223 2114 2275 lio
2144 2239 2382 2286 amomo,
2440 2231 2494 2276 et
2545 2222 2754 2291 pipere,
2797 2236 2894 2276 nec
2950 2223 3066 2277 Indi
3099 2238 3127 2276 a
3159 2225 3315 2278 nobis
3343 2224 3615 2294 pulegium

2036 2314 2373 2368 desiderent.
2406 2362 2412 2368 .

2108 2404 2291 2472 (νοτε.
2325 2406 2443 2476 24.)
2492 2425 2509 2455 ε
2553 2407 2615 2459 Ει
2659 2406 3028 2476 egredientur,
3068 2415 3120 2458 ct
3164 2406 3420 2459 videbunt
3453 2407 3617 2460 cada-

2034 2513 2160 2552 vera
2191 2500 2430 2551 virorum
2480 2499 2572 2567 qui
2609 2499 2949 2567 prtevaricati
2987 2507 3116 2552 sunt
3167 2500 3220 2551 in
3256 2514 3362 2553 me.
3400 2497 3615 2553 Vermis

2033 2603 2220 2642 corum
2260 2604 2364 2642 non
2407 2590 2693 2651 morietur,
2735 2597 2790 2640 et
2841 2587 2983 2655 ignis
3026 2602 3214 2642 eorum
3256 2604 3360 2643 non
3398 2590 3612 2642 exstin-

2031 2695 2245 2749 guctur.
2277 2683 2343 2736 Et
2372 2693 2530 2735 erunt
2567 2697 2735 2751 usque
2766 2683 2833 2736 ad
2869 2683 3178 2735 satietatem
3203 2680 3429 2734 visionis
3463 2679 3612 2734 omni

2031 2773 2202 2825 carni.
2252 2791 2271 2823 ›
2321 2771 2461 2824 LXX
2497 2773 2747 2826 similiter
2788 2775 2826 2828 ⁸.
2857 2774 3048 2827 Omnis
3090 2789 3221 2827 caro
3257 2788 3378 2843 qua:
3417 2777 3614 2826 adora-

2033 2873 2151 2916 tnra
2181 2874 2264 2918 est
2297 2866 2345 2917 in
2375 2876 2668 2934 conspectu
2706 2866 2938 2932 Domini,
2973 2866 3058 2919 vel
3090 2867 3140 2918 in
3172 2863 3475 2920 Jerusalem
3504 2880 3614 2919 cm-

2032 2956 2177 3019 lesti,
2212 2959 2295 3010 vel
2339 2958 2390 3010 in
2427 2957 2572 3012 omni
2618 2957 2734 3011 loco
2765 2959 2815 3010 in
2850 2973 2956 3026 quo
2985 2959 3237 3010 levantur
3267 2958 3480 3010 munda!
3503 2971 3616 3010 ma-

339 3047 539 3112 quibos
567 3049 750 3101 omnia
811 3048 972 3101 celeri
1026 3049 1397 3118 disputatione
1441 3065 1784 3119 percurrere,
1819 3068 1922 3104 non
1953 3074 1995 3130 ε
2031 3064 2156 3111 nus,
2190 3051 2523 3118 egredietur,
2562 3059 2619 3102 ttt
2650 3051 2831 3104 videat
2868 3051 3134 3103 cadavera
3169 3050 3448 3103 hominum
3469 3064 3613 3103 mor-

338 3149 424 3190 est
457 3139 616 3206 hujus
661 3140 944 3206 temporis.
980 3140 1036 3193 Si
1079 3142 1225 3194 enim
1281 3157 1381 3195 nec
1416 3142 1612 3195 oculus
1645 3143 1804 3205 vidit,
1830 3158 1929 3196 nec

341 3232 495 3282 auris
523 3231 750 3294 audivit,
783 3247 880 3285 nec
913 3233 968 3285 in
1001 3247 1096 3287 cor
1121 3233 1355 3288 hominis
1389 3235 1776 3298 ascenderunt,
1808 3251 1930 3303 quze

341 3324 666 3390 praeparavit
687 3324 826 3378 Deus
849 3324 1197 3394 diligentibus
1225 3340 1283 3378 se
1303 3325 1352 3395 (l
1387 3325 1512 3379 Cor.
1550 3327 1631 3394 tt),
1659 3326 1930 3395 quomodo

339 3431 443 3467 nos
484 3416 647 3468 totius
684 3413 846 3482 Legis
879 3417 1032 3484 quasi
1064 3417 1306 3472 universi
1339 3417 1488 3472 orbis
1510 3418 1928 3488 descriptionem

340 3510 394 3560 in
422 3507 573 3562 brevi
619 3509 815 3562 tabella
857 3525 1125 3565 conamur
1164 3511 1498 3566 ostendere?
1553 3513 1813 3581 Quodque
1844 3527 1930 3566 se-

337 3601 528 3666 quitur
567 3618 581 3653 :
623 3598 798 3653 Veniet
830 3602 998 3654 omnis
1026 3619 1174 3667 caro,
1220 3613 1276 3656 ut
1319 3603 1503 3656 adoret
1565 3604 1620 3656 in
1653 3616 1929 3671 conspectu

337 3708 455 3745 meo
483 3694 535 3745 in
563 3692 883 3756 Jerusalem,
943 3695 1232 3748 sciendum
1276 3695 1418 3764 quod
1445 3697 1494 3748 itt
1527 3693 1792 3750 llcbraico
1823 3712 1927 3749 non

336 3784 414 3835 sit
469 3784 759 3850 scriptum,
810 3784 1106 3839 Jerusalem
1134 3801 1154 3839 :
1181 3796 1240 3839 ut
1279 3787 1630 3841 decutiatnus
1678 3790 1928 3857 superci-

338 3873 474 3926 lium
507 3871 855 3938 Judaaorum;
886 3875 980 3928 sed
1012 3883 1248 3937 tantum,
1287 3875 1342 3928 in
1394 3884 1673 3943 conspectu
1707 3892 1836 3937 meo,
1871 3885 1930 3929 ut

337 3979 524 4020 sermo
561 3965 770 4019 Domini
812 3967 1173 4036 compleatur,
1214 3966 1457 4021 dicentis
1483 3969 1536 4021 in
1576 3967 1876 4036 Evangelio
1910 3984 1926 4025 :

337 4059 381 4110 Α
399 4073 511 4110 men
533 4073 684 4110 amen
717 4059 831 4112 dico
859 4060 1000 4113 vobis
1031 4075 1050 4113 :
1071 4061 1324 4127 quoniam
1340 4062 1506 4113 veniet
1536 4059 1688 4125 hora,
1716 4061 1928 4130 quando

342 4164 510 4215 neque
542 4149 597 4201 in
626 4159 801 4202 monte
825 4151 950 4212 isto,
984 4166 1146 4219 neque
1170 4151 1224 4204 in
1254 4149 1603 4219 Jerosolgmis
1630 4150 1926 4204 adorabitis

339 4243 558 4293 Patrem
610 4239 794 4309 (Joan.
850 4257 926 4306 tv,
981 4242 1096 4310 21).
1153 4241 1221 4294 Et
1273 4239 1783 4310 iterunnSpiritus
1852 4250 1929 4294 est

344 4336 504 4384 Deus.
541 4332 610 4384 Et
638 4348 726 4386 eos
767 4335 856 4402 qui
887 4334 1113 4387 adorant
1162 4351 1298 4397 eum,
1355 4335 1409 4387 in
1444 4334 1615 4404 828
1638 4336 1831 4403 spiritu
1877 4342 1926 4387 et

2036 3153 2277 3208 tuorum,
2311 3144 2401 3212 qui
2429 3144 2765 3210 pr:rvaricati
2810 3142 3010 3195 fuerint
3036 3143 3088 3195 in
3125 3142 3309 3196 Deum.
3338 3143 3492 3208 Quod
3527 3141 3609 3196 vel

2033 3236 2098 3288 de
2123 3233 2322 3290 Iudtris
2359 3236 2584 3301 intelligi
2645 3245 2846 3303 potest,
2894 3239 2958 3288 de
3004 3235 3200 3302 quibus
3245 3235 3451 3289 dictum
3476 3246 3556 3290 est
3591 3250 3610 3289 :

2034 3324 2205 3378 Filios
2244 3327 2399 3392 genui
2432 3336 2476 3377 et
2508 3325 2742 3378 exaltavi
2774 3340 2792 3377 :
2834 3326 2939 3392 ipsi
2959 3335 3135 3377 autent
3161 3340 3242 3377 me
3267 3330 3613 3392 spreverunt:

2033 3419 2116 3472 vel
2144 3418 2211 3471 de
2442 3417 2694 3468 omnibus
2727 3416 2815 3484 qui
2845 3415 3108 3468 habentes
3138 3415 3389 3468 notitiam
3431 3414 3520 3468 Dei
3555 3416 3609 3468 in

2033 3510 2287 3563 cordibus
2322 3511 2456 3572 suis,
2484 3506 2664 3560 aversi
2712 3515 2840 3560 sunt
2866 3506 2917 3558 in
2943 3506 3263 3568 vanitatem,
3303 3517 3358 3558 ut
3382 3507 3611 3559 adorent

2031 3613 2335 3657 creaturam
2380 3602 2563 3668 potius
2626 3617 2795 3661 quam
2868 3598 3208 3654 Creatorem.
3253 3598 3612 3667 Egredientur

2033 3704 2211 3747 autem
2249 3708 2358 3748 non
2387 3692 2524 3757 loco,
2559 3694 2652 3747 scd
2709 3691 3088 3759 intelligentia.
3121 3689 3304 3760 Neque
3341 3690 3484 3743 enim
3517 3704 3611 3744 ca-

2032 3785 2227 3837 davera
2259 3794 2595 3836 mortuorum
2627 3789 2850 3852 possunt
2881 3782 3026 3834 intus
3053 3795 3175 3833 esse
3210 3795 3329 3833 cum
3360 3778 3609 3834 Domino.

2030 3875 2184 3938 Quod
2219 3874 2261 3928 si
2293 3875 2472 3928 omnis
2501 3889 2631 3928 caro
2682 3873 2979 3927 adoratura
3032 3879 3118 3926 est
3152 3869 3473 3934 Dominum,-
3497 3878 3554 3924 et
3578 3884 3610 3925 θ

2032 3966 2310 4021 contrario
2355 3965 2621 4019 cadavera
2676 3965 2944 4029 virorum,
2973 3963 3065 4032 qui
3113 3962 3449 4032 prmvarlcati
3481 3970 3609 4017 sunt

2031 4055 2086 4110 in
2145 4056 2464 4120 Dominum,
2531 4054 2755 4108 aeternis
2815 4055 3102 4107 tradentur
3167 4051 3492 4116 ardoribus,
3549 4053 3604 4106 in

2031 4155 2314 4216 utramque
2365 4158 2570 4215 partem
2629 4160 2770 4200 verte
2832 4145 3020 4201 carnis
3091 4145 3200 4199 erit
3251 4144 3604 4199 resurrectio.

2033 4238 2245 4292 Vermis
2274 4245 2454 4291 autem
2499 4236 2594 4306 qui
2637 4249 2747 4289 non
2779 4235 3063 4301 morietur,
3117 4244 3171 4288 et
3199 4233 3340 4303 ignis
3363 4235 3472 4304 qui'
3495 4248 3605 4289 non

2029 4332 2454 4400 exatinguetur,
2515 4345 2545 4383 a
2611 4329 2886 4399 plerisque
2938 4327 3280 4383 conscientia
3342 4327 3609 4395 accipitur

339 4426 561 4476 veritate
599 4435 802 4492 oportet
851 4424 1078 4478 adorare
1114 4424 1274 4494 (Ibid.
1333 4427 1446 4496 Ἡ).
1483 4426 1550 4479 Ει
1610 4426 1738 4479 illud
1773 4427 1915 4492 Apo-
1949 4415 1992 4470 υ
2021 4432 2391 4492 peccatorum,
2424 4436 2543 4492 qua:
2575 4429 2826 4490 torqueat
2857 4419 3217 4490 in,suppliciis
3241 4421 3605 4474 constitutos:

338 4519 466 4571 stoli
503 4533 516 4574 :
544 4515 798 4571 Levantes
826 4527 1038 4572 sanctas
1081 4534 1269 4572 manus
1307 4520 1361 4571 in
1395 4520 1538 4571 omni
1567 4517 1679 4571 loco
1711 4517 1763 4587 (I
1789 4518 1922 4574 Tim.

340 4626 400 4669 ll.
433 4603 511 4676 8).
540 4608 730 4664 Omnis
765 4620 946 4664 autem
979 4625 1105 4664 caro
1136 4626 1242 4664 non
1299 4611 1554 4680 populum
1585 4610 1921 4675 Judaaornm,

337 4704 434 4753 sed
467 4716 628 4752 omne
672 4701 950 4754 hominum
1006 4701 1278 4769 signiﬁcat
1337 4715 1531 4770 genus,
1587 4700 1742 4767 juxta
1796 4699 1925 4753 illud

336 4792 485 4856 quod
514 4807 676 4859 supra
715 4783 920 4845 dictum
957 4802 1038 4846 est
1086 4809 1099 4847 :
1144 4790 1347 4844 Videbit
1408 4793 1578 4844 omnis
1622 4808 1747 4844 caro
1773 4792 1924 4844 salu-

336 4895 453 4936 tare
497 4894 644 4936 tuum
677 4881 812 4951 (Isa.
855 4899 943 4949 XL,
987 4884 1063 4951 5).
1105 4884 1165 4936 Et
1203 4885 1254 4936 in
1303 4882 1458 4938 Joele
1493 4901 1506 4936 :
1543 4882 1830 4951 E/j'undam
1859 4885 1927 4939 de

332 4974 530 5040 spiritu
559 4989 668 5026 meo
697 4989 854 5041 super
907 4989 1110 5026 omnem
1159 4990 1395 5038 carnem,
1430 4984 1478 5026 et
1531 4975 1924 5043 prop/tetabunt

332 5066 438 5132 ﬁlii
473 5065 628 5117 vestri
654 5077 701 5118 et
731 5067 861 5132 [ilice
887 5075 1076 5117 vestrm
1111 5064 1263 5134 (Joel.
1299 5080 1358 5124 tt.
1385 5066 1500 5131 28).
1539 5065 1604 5118 Et
1633 5067 1683 5119 in
1716 5065 1928 5120 Zacha-

338 5157 417 5208 ria
456 5169 472 5207 ε
508 5154 712 5207 Timeat
763 5155 932 5207 omnis
967 5171 1091 5206 caro
1123 5172 1154 5207 a
1207 5157 1344 5222 [acie
1392 5154 1605 5208 Domini
1637 5154 1821 5220 (Zach.
1864 5171 1924 5221 tt,

338 5249 453 5317 13).
493 5246 560 5302 Et
588 5248 640 5301 in
677 5246 910 5303 Psalmis
943 5264 957 5301 :
989 5248 1070 5301 Ad
1099 5257 1146 5300 te
1174 5248 1342 5300 omnis
1379 5262 1503 5300 caro
1546 5249 1717 5300 veniet
1742 5247 1921 5318 (μιαί.

417 5407 431 5437 ‘
468 5405 592 5460 llaec
619 5407 782 5460 verba
834 5405 977 5459 LXX
1013 5405 1280 5469 similiter,
1331 5403 1643 5460 suﬂ‘ccimus
1682 5421 1745 5459 ex
1798 5407 1926 5458 Am-

347 5479 607 5530 brosiano
657 5492 764 5530 ms.
792 5476 851 5528 Et
901 5492 1030 5529 vero
1089 5481 1190 5528 hoc
1225 5492 1333 5527 uno
1384 5475 1647 5528 abludunt
1695 5474 1834 5527 LXX
1858 5477 1926 5529 ab

352 5549 571 5600 Hebraeo
611 5553 753 5615 quod
790 5547 1048 5599 omittunt
1080 5561 1243 5615 usque
1270 5546 1338 5597 ad
1356 5546 1740 5606 satietatem,si
1765 5546 1922 5598 modo

352 5617 564 5669 unicum
600 5621 822 5670 verbum
853 5624 1012 5702 ηις-’Π
1036 5621 1179 5683 quod
1209 5617 1426 5684 proprie
1452 5630 1704 5668 nauseam
1745 5625 1924 5680 sonat,

353 5717 494 5763 tanta
529 5709 651 5765 licet
697 5709 997 5779 periphrasi
1030 5708 1504 5775 circumscribere,
1539 5723 1697 5778 usque
1725 5707 1794 5762 ad
1836 5725 1924 5763 sa-

2028 4529 2195 4584 quare
2226 4511 2358 4568 vitio
2389 4526 2489 4567 suo
2519 4520 2682 4583 atque
2718 4520 2947 4582 peccato
3004 4513 3282 4566 caruerint
3309 4512 3605 4566 electorum

2028 4607 2193 4668 bono,
2223 4606 2378 4676 juxta
2427 4605 2557 4658 illttd
2606 4605 2750 4674 quod
2798 4606 3039 4659 dicitur:
3085 4602 3333 4658 Versatus
3381 4620 3495 4656 sum
3552 4604 3608 4654 in

2031 4699 2269 4761 miseria,
2309 4697 2432 4750 dum
2467 4698 2709 4767 inﬁgitur
2766 4698 2895 4750 mihi
2937 4700 3090 4766 spina
3143 4695 3315 4764 (Psal.
3343 4710 3491 4758 χιιι,
3523 4694 3603 4758 4).

2027 4793 2094 4847 Et
2118 4793 2170 4847 in
2202 4791 2513 4846 Proverbiis
2542 4809 2558 4848 :
2593 4791 2754 4845 Tinea
2777 4792 2970 4844 ossium
2994 4807 3083 4843 cor
3107 4789 3400 4858 intelligens
3423 4787 3603 4852 (Prov.

2027 4899 2158 4945 xxv,
2192 4884 2307 4952 σεο).
2346 4882 2410 4935 Et
2466 4884 2660 4936 iterum
2721 4883 2819 4935 sub
2867 4881 3024 4934 obclo
3053 4896 3069 4934 :
3101 4878 3248 4932 Sicut
3298 4881 3437 4931 tinea
3495 4895 3606 4932 ves-

2026 4977 2273 5040 timento,
2305 4984 2356 5028 et
2385 4977 2570 5030 vermis
2632 4975 2775 5044 ligno
2807 4991 2826 5027 :
2855 4974 2930 5027 sic
2980 4987 3170 5024 mceror
3222 4975 3488 5026 excruciat
3515 4989 3606 5026 cor

2028 5067 2126 5119 viri
2184 5066 2396 5135 (Ibid.).
2423 5066 2498 5119 Ita
2533 5065 2834 5126 dumtaxat,
2893 5071 2950 5115 ut
2999 5076 3102 5114 non
3159 5071 3354 5131 negent
3398 5077 3606 5130 praeva-

2031 5158 2322 5232 ricatorutn
2365 5159 2409 5221 ',
2471 5166 2527 5211 et
2585 5156 2873 5209 Dominum
2902 5153 3212 5222 negantium
3244 5161 3446 5208 acterna
3475 5168 3606 5220 sup-

2028 5250 2234 5318 plicia,
2295 5249 2510 5302 dicente
2579 5246 2812 5300 Domino
2869 5247 2922 5300 in
2979 5246 3275 5315 Evangelio
3337 5263 3352 5302 :
3406 5248 3487 5302 Ite
3545 5250 3601 5302 in

2029 5405 2262 5457 tietutem
2290 5404 2530 5461 visionis.

2099 5497 2119 5526 ¹¹
2142 5496 2342 5550 Confer
2375 5498 2512 5549 hanc
2541 5495 2931 5564 expositionem
2985 5511 3108 5550 cum
3145 5497 3388 5563 proxime
3412 5497 3599 5552 subse-

2027 5568 2235 5634 quenti,
2281 5581 2441 5634 qualn
2499 5567 2833 5620 calmnniose
2881 5568 3168 5620 traducunt
3216 5568 3396 5632 vulgo,
3442 5569 3595 5636 quasi

2031 5639 2504 5705 pt-trvaricatnrum
2558 5636 2954 5708 itnpiorutnque
2990 5637 3270 5690 hominum
3329 5639 3592 5708 supplicia

2031 5708 2295 5764 sensisset
2329 5708 2385 5762 5.
2439 5709 2635 5764 Doctor
2670 5708 2851 5783 linem”
2879 5705 3172 5777 aliquando
3221 5705 3504 5772 habitura;
3537 5719 3594 5762 ut
