3906 6172
430 276 539 337 703

1619 275 1681 335 S.
1725 274 2023 334 EUSEBH
2068 275 2500 337 lllEBUNYMI

3567 282 3663 344 ται

426 387 600 454 ignem
652 394 930 448 internum,
973 387 1062 453 qui
1086 396 1417 455 purpuratus
1480 395 1552 439 est
1600 385 1809 438 ὀξυθοό
1841 396 1887 437 et
1916 401 2011 437 att-
2046 409 2077 463 Α
2114 400 2371 458 gentium,
2404 400 2527 443 tunc
2566 390 2735 442 omnis
2755 389 2927 443 Israel
2948 388 3127 443 salvus
3163 390 3246 460 fiet
3277 387 3442 457 (Rom.
3476 393 3661 461 itt,25).

420 479 554 548 gelis
594 478 707 545 ejus
745 478 957 546 (Matth.
995 494 1120 541 xxv,
1148 479 1263 547 tl).
1301 478 1364 531 Et
1398 480 1448 530 in
1473 477 1578 530 alio
1614 477 1731 531 loco
1774 494 1788 531 ;
1823 476 2011 546 Ligate

434 586 624 624 manus
654 570 768 638 ejus
825 584 874 621 et
918 569 1088 637 pedes.
1121 578 1169 622 et
1191 569 1380 620 mittite
1417 585 1533 621 eum
1568 569 1619 620 iu
1651 573 1890 621 tenebras
1923 584 2013 622 ea:-

424 670 504 712 ter
527 676 640 712 ores
666 677 685 715 :
709 661 778 713 ibi
800 662 896 712 erit
915 661 1070 729 ﬂetus
1095 669 1144 711 et
1161 659 1360 711 stridor
1384 661 1612 713 dentium
1639 658 1855 729 (Matth.
1874 675 2010 725 χιιι,

427 750 540 820 13).
569 750 624 802 Si
655 766 846 803 manus
877 749 1187 801 aiiilivintus
1215 747 1323 820 [ΑΙ.
1355 748 1603 820 ιὶκιιιιιυμ]
1636 759 1690 802 ct
1747 753 1927 817 pedes,
1960 760 2013 805 et

425 849 680 895 ιι-ιι‹·ιοηιε
712 843 1033 905 exteriores,
1065 859 1183 910 qua:
1231 842 1509 895 oculorum
1544 858 1699 909 paena
1724 852 1803 895 est
1834 844 2010 893 lumen

428 934 518 986 Dei
571 949 679 985 non
740 934 1033 986 videntium
1069 948 1086 999 ;
1119 945 1172 986 ct
1205 932 1416 996 ﬂetum,
1458 934 1548 1000 qui
1604 934 1789 1001 utique
1823 935 2012 1002 etipse

424 1026 491 1077 ad
521 1026 709 1078 oiulos
760 1028 989 1095 pertinet
1025 1036 1121 1093 ;et
1173 1028 1461 1081 stridorem
1515 1024 1761 1079 dentium
1793 1043 1808 1081 :
1847 1025 2014 1078 miror

422 1118 690 1184 quosdam
719 1132 934 1170 aereum
967 1134 1189 1189 corpus.
1218 1127 1273 1171 et
1304 1118 1561 1187 paulatim
1617 1118 1667 1171 in
1721 1132 1882 1172 auras
1937 1129 2014 1173 te-

427 1222 564 1260 nues
586 1208 992 1263 dissolvendum
1016 1223 1133 1279 post
1151 1210 1606 1264 resurrectionem
1628 1208 2012 1268 introducere:

426 1301 553 1370 quia
585 1301 845 1356 Dominus
876 1303 1117 1370 potentia
1141 1304 1441 1370 inajestatis
1465 1317 1597 1367 sum,
1632 1305 1697 1355 ad
1737 1304 2014 1371 apostolos

423 1393 623 1449 clausis
666 1394 944 1462 ingressus
973 1406 1059 1449 est
1109 1394 1275 1464 830
1320 1395 1503 1462 jauuis
1534 1393 1718 1461 (Joan.
1770 1396 1886 1462 xx).
1911 1393 2012 1460 Qui

425 1497 579 1540 certe
610 1494 664 1538 ct
698 1497 822 1540 ante
858 1491 1316 1542 resurrectionem
1371 1487 1603 1554 pindulo
1655 1502 1821 1556 super
1867 1503 2016 1558 mare

424 1578 726 1632 ambulavit
757 1581 968 1632 incessu
1001 1595 1016 1644 ;
1049 1584 1102 1630 ei.
1125 1579 1230 1633 hoc
1266 1581 1440 1648 ipsum
1491 1583 1735 1648 apostolo
1788 1580 2015 1650 praebuit

426 1666 631 1721 Petro:
688 1680 743 1722 ut
776 1671 865 1737 qui
922 1668 1024 1722 lide
1060 1670 1398 1733 ambulabat,
1455 1670 1772 1725 inﬁdelitate
1828 1682 2010 1740 postea

2119 480 2183 534 Et
2220 484 2417 537 iterum
2451 499 2469 539 :
2508 482 2781 536 Couclusit
2839 483 2977 536 Deus
3028 485 3205 536 omnia
3238 484 3333 537 sttb
3367 496 3581 549 peccato,
3616 495 3666 537 tit

2116 574 2356 628 omnibus
2390 576 2703 629 misereatur
2736 573 2937 642 (Colat.
2978 591 3057 635 Ill,
3091 574 3209 641 ‘22).
3239 574 3301 628 Et
3335 576 3387 628 in
3434 575 3533 629 alio
3567 576 3671 631 loco

2115 677 2340 721 sanctus
2395 668 2688 733 loquitur:
2744 665 2895 719 Iram
2952 666 3165 718 Domini
3240 664 3515 728 sustinebo,
3563 668 3667 733 quia

2113 759 2381 826 peccaviei
2412 774 2430 820 ;
2465 760 2625 811 donec
2658 758 2919 827 justiﬁcet
2959 774 3175 810 causam
3213 774 3399 815 meam,
3426 767 3473 809 et
3492 759 3671 826 auferat

2106 849 2376 919 judicium
2413 866 2601 911 meum,
2640 860 2687 900 et
2721 848 2910 901 educat
2963 865 3041 900 me
3067 849 3123 900 in
3150 846 3315 900 lucem
3366 845 3539 913 (Miclt.
3590 863 3667 911 vn,

2114 940 2193 1008 9).
2234 939 2300 993 Et
2338 955 2550 993 rursum
2587 957 2606 997 :
2662 939 2976 994 Beitedicam
3036 950 3103 1005 te,
3149 939 3367 994 Domine
3396 954 3415 992 :
3447 941 3670 1007 quoniam

2115 1031 2283 1084 iratus
2305 1046 2358 1084 es
2379 1030 2528 1083 ntilti.
2560 1030 2814 1086 Avertiin
2842 1034 3189 1103 facienttuam
3216 1049 3245 1083 a
3272 1046 3370 1092 me,
3393 1041 3437 1082 et
3462 1030 3673 1083 misertus

2113 1136 2168 1175 es
2210 1120 2311 1173 mei
2342 1118 2481 1191 (lsa.
2538 1138 2635 1187 xu,
2678 1122 2750 1190 Ι).
2801 1121 3060 1176 Dominus
3090 1137 3310 1192 quoque
3357 1120 3582 1188 loquitur
3621 1121 3675 1172 ad

2116 1224 2455 1282 peccatorem
2489 1230 2504 1270 :
2539 1212 2672 1267 Cum
2708 1214 2789 1267 ira
2814 1214 3017 1284 furoris
3048 1214 3149 1267 mei
3172 1213 3463 1275 transierit,
3494 1229 3676 1264 rursum

2113 1306 2313 1359 sunabo
2344 1304 2520 1376 (Psal.
2555 1323 2680 1370 xxx,
2717 1306 2829 1376 ΞΟ).
2859 1306 2925 1359 Ει
2974 1307 3077 1360 hoc
3094 1316 3177 1361 est
3206 1306 3351 1375 quod
3386 1306 3439 1359 in
3461 1304 3559 1358 alio
3578 1305 3679 1358 loco

2116 1398 2314 1451 dicitur
2352 1397 2558 1463 :Quam
2590 1400 2809 1467 grandis
2837 1398 3119 1452 multitudo
3144 1398 3391 1451 bonitatis
3445 1407 3559 1459 tuae,
3593 1397 3680 1448 Do-

2118 1490 2279 1554 mine,
2316 1506 2474 1559 quant
2524 1489 2849 1543 abscondisti
2881 1490 3181 1543 timentibus
3207 1500 3276 1544 te.
3341 1489 3473 1555 Qua:
3521 1486 3679 1542 omnia

2115 1583 2403 1652 replicmit,
2441 1597 2761 1637 asseverare
2795 1582 3100 1652 cupientes,
3133 1597 3253 1652 post
3298 1582 3569 1637 cruciatus
3609 1592 3681 1635 at-

2117 1690 2223 1743 que
2254 1675 2414 1745 831
2447 1684 2742 1738 tormenta,
2792 1674 2975 1728 futura
3025 1675 3334 1742 refrigeria,
3398 1690 3515 1742 qua:
3559 1690 3682 1727 nunc

430 1771 763 1829 mergeretur
791 1778 805 1826 ;
851 1763 938 1816 cui
968 1762 1172 1817 dictttm
1195 1774 1278 1817 est
1308 1779 1324 1816 :
1367 1763 1545 1829 Quare
1589 1764 1871 1827 dubitasti,
1900 1774 2010 1816 nio-
2045 1778 2086 1830 Β
2117 1766 2495 1819 absCondeuda
2524 1777 2652 1818 sunt
2676 1768 2741 1819 ab
2769 1767 2876 1829 his,
2902 1767 3102 1833 quibus
3123 1768 3285 1818 timor
3328 1765 3477 1818 utilis
3506 1776 3582 1817 est
3604 1777 3617 1823 :
3637 1772 3683 1816 ut

427 1852 561 1905 dice:
592 1852 717 1920 ﬁdei
741 1851 961 1921 (Matth.
989 1869 1099 1917 XIV,
1130 1854 1219 1921 51)
1255 1857 1277 1906 ‘l
1308 1856 1455 1922 Ignis
1507 1868 1728 1924 quoque
1771 1855 1927 1923 juxta
1960 1855 2010 1908 id

430 1942 804 2012 accipiendos,
840 1944 983 2012 quod
1011 1956 1069 1997 et
1104 1945 1328 2007 vermis,
1363 1945 1455 2014 qui
1491 1946 1673 1997 taudiu
1731 1946 2018 1997 sucecndi-

433 2042 541 2099 tur,
571 2036 806 2102 quautliu
843 2035 1003 2088 habet
1052 2037 1359 2101 materiam,
1413 2053 1521 2105 qua
1576 2052 1740 2092 vorax
1796 2036 2013 2091 ﬂamma

432 2138 706 2193 pascatur.
741 2126 798 2181 Si
828 2127 950 2196 quis
1016 2127 1183 2197 igitur
1239 2128 1435 2182 habeat
1470 2128 1521 2182 iii
1554 2129 1886 2183 conscientia
1918 2145 2015 2183 sua

430 2230 464 2268 ιι
490 2216 673 2281 ινιιιίιι,
704 2232 823 2285 qua:
854 2218 1107 2272 inimicus
1139 2218 1323 2282 homo,
1356 2218 1666 2272 dormiente
1712 2219 2021 2287 patrefami-

434 2308 561 2371 tias,
605 2308 1077 2375 superseininavit,
1108 2318 1162 2361 et
1192 2309 1308 2362 Inice
1355 2309 1494 2377 ignis
1521 2318 1735 2374 exuret,
1781 2312 1897 2363 hate
1927 2326 2021 2365 vo—

434 2401 576 2452 rabit
613 2400 920 2454 inceuiltuttt
973 2400 1192 2470 (Matth.
1222 2400 1366 2469 xm).
1399 2398 1466 2453 Et
1512 2400 1754 2454 Omnium
1802 2409 2021 2455 sancto-

436 2510 560 2549 rum
590 2495 785 2557 oculis,
844 2510 1034 2548 eorum
1096 2496 1360 2566 supplicia
1421 2496 1895 2559 moustrabuntur,
1931 2497 2021 2564 qui

435 2602 536 2656 pio
572 2599 724 2646 auro.
756 2597 809 2640 et
843 2594 1095 2655 argento,
1119 2597 1174 2641 et
1203 2586 1380 2656 lapide
1411 2587 1671 2654 pretioso,
1724 2587 2023 2643 aediﬁcave-

438 2691 562 2733 ruttt
619 2694 789 2748 super
839 2678 1249 2734 fundamentum
1305 2680 1537 2742 Damini,
1608 2680 1815 2747 fenum,
1857 2682 2023 2750 ligna,

438 2772 718 2840 stipulam,
752 2774 891 2841 ignis
919 2773 1169 2843 pabulum
1202 2774 1543 2843 sempiterni.
1594 2776 1761 2829 Porro
1795 2776 1883 2842 qui
1936 2790 2027 2830 vo-

441 2867 559 2921 lunt
588 2865 853 2933 supplicia
883 2866 898 2894 ‘
927 2865 1216 2933 aliquando
1253 2864 1419 2930 ﬁniri,
1450 2878 1506 2920 et
1532 2867 1659 2921 licet
1685 2877 1803 2934 past
1859 2867 2029 2921 multa

443 2966 716 3024 tempora,
772 2968 949 3012 tamen
1005 2958 1296 3011 terminum
1328 2957 1531 3013 habcre
1592 2968 1883 3021 tormenta,
1944 2960 2032 3013 his

444 3062 672 3103 utuntur
740 3051 1067 3105 testimOuiis
1120 3064 1138 3104 :
1193 3047 1329 3102 Cum
1411 3052 1693 3105 intraverit
1753 3051 2029 3119 plenitudo

2127 1858 2253 1911 dum
2286 1858 2546 1925 supplicia
2568 1857 2939 1918 reformidant,
2976 1871 3199 1924 peccare
3221 1855 3508 1909 desistant.
3554 1853 3683 1919 Quod

2132 1963 2232 2002 nos
2258 1949 2347 2001 Dei
2388 1951 2558 2003 solius
2582 1949 2841 2003 debemus
2857 1949 3096 2002 scientiae
3136 1947 3533 2013 derelinquere,
3555 1947 3686 2013 cujus

2133 2055 2239 2092 nou
2267 2039 2442 2093 solum
2470 2039 2882 2102 misericordiae,
2909 2038 3001 2092 sed
3026 2048 3077 2091 et
3103 2047 3375 2091 tormenta
3400 2037 3453 2089 in
3481 2038 3687 2103 pondere

2130 2139 2261 2184 sunt
2294 2146 2309 2197 ;
2335 2141 2388 2184 et
2412 2133 2762 2200 novitqueni,
2786 2128 3079 2198 quaniodo,
3107 2138 3201 2180 aut
3223 2126 3468 2197 quamliu
3522 2127 3691 2179 debeat

2130 2221 2391 2291 judicare.
2433 2221 2733 2290 Solumquie
2760 2222 3029 2283 dicamus,
3077 2221 3224 2288 quod
3282 2220 3537 2274 humanm
3580 2234 3691 2272 cou-

2132 2316 2280 2369 Veuit
2307 2313 2590 2385 fragilitati
2617 2330 2631 2367 :
2672 2314 2912 2377 Domine,
2948 2329 3011 2365 ne
3035 2312 3199 2383 832
3230 2313 3281 2364 in
3311 2312 3496 2379 furore
3520 2320 3600 2363 tuo
3618 2327 3694 2360 ar-

2134 2422 2266 2476 guas
2291 2421 2371 2459 me
2400 2421 2418 2459 :
2455 2421 2615 2471 neqtte
2636 2406 2686 2457 in
2720 2406 2801 2458 ira
2831 2414 2920 2457 tua
2944 2408 3201 2470 corripias
3238 2420 3317 2455 me
3342 2402 3515 2472 (Psal.
3547 2417 3613 2465 VI,
3642 2400 3691 2461 ι;

2139 2512 2345 2561 xxxvii,
2381 2497 2456 2565 1).
2489 2498 2554 2550 Et
2584 2497 2723 2550 sicut
2764 2495 2963 2550 diaboli
3005 2506 3060 2549 et
3101 2494 3352 2549 omnium
3402 2504 3694 2562 negaturum

2138 2600 2303 2656 atque
2332 2589 2645 2658 iutpiorum,
2680 2589 2769 2658 qui
2813 2590 3067 2641 dixerunt
3099 2587 3150 2639 in
3198 2586 3370 2639 corde
3405 2600 3504 2639 suo
3534 2604 3546 2635 :
3592 2581 3697 2636 Non

2142 2691 2216 2734 est
2252 2681 2390 2734 Deus
2414 2678 2589 2748 (Psal.
2613 2697 2728 2747 xui,
2762 2680 2838 2750 1),
2866 2680 3146 2733 credimus
3165 2686 3372 2730 tetcrna
3420 2684 3695 2729 tortiiettta:

2147 2773 2226 2825 sic
2254 2782 2596 2840 peciatorum
2621 2775 2641 2803 ¹
2669 2781 2829 2840 atque
2857 2771 3147 2838 impiorum
3173 2780 3226 2824 et
3253 2780 3439 2822 tamen
3463 2767 3699 2822 Christia-

2148 2879 2367 2927 norum,
2393 2880 2622 2933 quorum
2652 2880 2815 2935 opera
2848 2865 2902 2919 in
2935 2866 3057 2935 igne
3112 2863 3397 2931 probanda
3423 2870 3544 2915 sunt
3564 2868 3701 2927 atque

2151 2960 2428 3028 purganda
2459 2956 2510 3026 (ι
2547 2955 2673 3011 Cor.
2705 2973 2785 3023 ιιι,
2820 2956 2929 3025 15),
2957 2957 3287 3009 moderatam
3314 2954 3637 3009 arbitramur
3658 2957 3702 3003 et

2149 3051 2374 3106 mixtam
2410 3050 2711 3106 clementiae
2736 3051 3064 3104 sententiam
3088 3042 3309 3115 jiidicis.

449 3211 587 3291 nihil
612 3210 829 3291 interim
867 3210 1140 3291 dicamde
1177 3214 1297 3291 aliis
1347 3214 1546 3291 passim
1583 3230 1647 3268 ac
1672 3213 1843 3291 (erute
1873 3215 2027 3291 lucu-
2054 3233 2096 3291 ς
2133 3211 2389 3291 praeventi
2419 3209 2647 3291 .l'ueriut.
2716 3212 2826 3266 Nec
2855 3210 2962 3291 salio
3010 3224 3172 3291 sensu
3208 3207 3419 3291 docuit_
3449 3204 3698 3291 Dialogot

449 3281 770 3355 lentioribus
802 3284 1149 3355 testimoniis,
1209 3281 1510 3355 eitjiistuodi
1569 3297 1650 3338 est
1687 3286 1816 3337 illud
1865 3286 2026 3355 paulo

451 3353 701 3419 stipi-rius
735 3366 748 3404 :
791 3369 807 3401 t
847 3353 901 3405 lu
936 3369 1001 3407 eo
1047 3353 1301 3422 peccator
1356 3354 1677 3408 maleilictus
1719 3353 2027 3424 erit,'quod

453 3424 779 3493 incorrupto
804 3436 1040 3490 corpore
1075 3439 1263 3486 pientis
1295 3425 1529 3493 patietur
1563 3436 1818 3479 aeternas.
1857 3443 1877 3476 ι

528 3490 544 3520 ⁸
578 3490 742 3543 Plane
770 3492 934 3560 igitur
956 3494 1204 3560 iujuriosi
1250 3490 1308 3547 ut
1351 3494 1736 3565 llierouyn‘ium
1761 3505 1908 3557 sunt,
1938 3495 2029 3565 qui

454 3565 915 3615 euiurousentire
968 3565 1368 3617 calumniantur
1410 3564 1536 3625 illis,
1594 3566 1688 3632 qui
1738 3566 2030 3618 terminum

458 3632 711 3686 habitura
736 3633 994 3684 malorum
1021 3633 1300 3686 homiuttm
1341 3642 1609 3686 tormenta
1659 3633 1954 3696 somniant,
1979 3643 2035 3686 et

459 3704 694 3772 probare
734 3704 914 3755 conati
969 3713 1113 3756 sunt.
1149 3704 1337 3771 Liquet
1384 3703 1548 3767 enim,
1589 3719 1697 3757 non
1728 3718 1826 3756 suo
1884 3706 2032 3757 illum

461 3786 649 3835 sensu,
685 3773 778 3823 sed
815 3782 1019 3825 tantum
1051 3788 1117 3826 ex
1157 3773 1615 3828 Couimeutatoris
1651 3773 1828 3833 olﬁcio
1885 3775 2037 3828 testi-

464 3842 642 3913 monia
671 3844 721 3894 ιιι
753 3855 871 3892 eam
911 3855 1117 3913 partem
1158 3844 1241 3895 hic
1272 3842 1523 3896 recitare.
1575 3844 1827 3897 Sciisisse
1859 3852 2037 3898 autem

464 3912 615 3964 illum
649 3912 949 3965 orthodoxe
982 3921 1094 3964 tum
1132 3915 1242 3965 haec
1276 3914 1387 3980 ipsa
1423 3913 1607 3978 verba,
1641 3923 1751 3966 tum
1810 3914 2040 3967 inferior

462 3992 753 4034 contextus
802 3983 1042 4048 probat:
1096 3984 1361 4052 siquidem
1412 3984 1545 4037 duas
1621 3985 1781 4037 veluti
1836 3984 2041 4037 classes

463 4054 843 4105 damnatorum
875 4068 1039 4121 piope
1063 4052 1361 4120 distinguit,
1392 4069 1615 4120 quarum
1673 4069 1778 4107 una
1810 4062 2040 4116 aeterno,

467 4124 634 4175 altera
669 4122 952 4188 tcnipoiali
1004 4125 1266 4192 supplicio
1318 4123 1615 4190 torquenda
1650 4126 1721 4175 sit
1752 4139 1766 4185 ;
1801 4126 1892 4177 sed
1926 4137 2045 4190 qua:

466 4191 551 4243 tus
604 4200 696 4244 aut
759 4193 864 4245 itlis
926 4191 1186 4261 obtingat,
1251 4197 1446 4245 debere
1496 4207 1616 4255 nos,
1657 4210 1675 4243 ι
1738 4194 1829 4245 Dei
1874 4195 2046 4245 solius

465 4264 711 4314 scientia
741 4261 1139 4330 derelinquere,
1181 4280 1271 4330 qui
1308 4263 1477 4327 novit,
1525 4279 1703 4330 quem,
1750 4270 2042 4330 quomodo,

467 4331 781 4398 etq‘uatidiu
835 4334 1309 4399 debeatjudtcare.
1346 4350 1364 4381 ι
1400 4333 1549 4397 Quod
1600 4341 1731 4385 adeo
1773 4332 1955 4386 subdit
1991 4332 2043 4383 in

471 4401 601 4463 line,
637 4418 652 4449 ι
680 4416 1044 4468 peccatorum,
1068 4412 1227 4469 atque
1273 4402 1637 4469 itiipiot'utu,ct
1684 4412 1857 4454 tamen
1889 4402 2047 4454 Chri-

470 4483 799 4531 stianorum,
825 4488 1055 4539 quorum
1080 4488 1242 4540 opera
1275 4472 1380 4539 igni
1410 4473 1689 4539 probanda
1715 4482 1863 4536 sunt,
1886 4480 2047 4538 atquc

470 4548 771 4607 purgamur,
819 4544 1146 4593 moderatam
1179 4545 1431 4594 arbitrari
1456 4557 1535 4603 se,
1587 4552 1641 4594 et
1666 4543 1890 4594 mixtam
1944 4546 2046 4595 cle-

475 4621 696 4662 mentia:
725 4614 1051 4663 sentt-titiam
1079 4610 1298 4681 judlCls,
1329 4629 1345 4660 ι
1378 4613 1719 4664 manifestum
1745 4624 1830 4664 est
1858 4611 1925 4665 de
1978 4614 2047 4663 iis

472 4681 603 4742 dici,
631 4695 767 4752 quos
790 4684 1054 4752 sci-lermn
1086 4681 1420 4752 pteuttuerit,
1457 4690 1510 4733 et
1539 4684 1885 4750 purgatorius
1913 4682 2051 4749 ignis

483 4750 784 4803 tuttndabit.
816 4750 859 4804 E
882 4753 1154 4804 contrario
1197 4769 1214 4799 ‹
1250 4750 1454 4803 Diaboli
1482 4765 1535 4804 et
1564 4754 1808 4804 omnium
1831 4765 2050 4817 iicgato-

476 4834 619 4889 tum,
652 4829 813 4889 atque
860 4825 1143 4889 impiorum
1174 4824 1262 4889 qui
1316 4825 1569 4874 dixerunt
1603 4824 1655 4873 in
1708 4823 1873 4874 corde
1930 4837 2047 4884 suo,

475 4887 595 4942 Non
617 4900 693 4943 est
729 4887 891 4950 Deus.
921 4887 1024 4944 non
1061 4887 1267 4945 dubitat
1296 4905 1497 4943 aeterna
1526 4907 1648 4944 esse
1701 4899 1995 4951 tormenta,
2029 4909 2047 4940 ι

480 4974 534 5011 tu
570 4977 794 5028 cututpte
821 4968 1223 5015 diuinationem
1261 4964 1442 5014 venire
1471 4970 1522 5013 ct
1570 4961 1763 5025 impios
1786 4961 2022 5013 Christiu

480 5044 599 5094 nos,
633 5046 724 5099 qur
764 5034 1015 5102 opciibus
1061 5034 1224 5087 Deum
1274 5033 1610 5102 negaverint,
1641 5033 1685 5084 si
1732 5032 1786 5083 in
1827 5042 2050 5100 peccato

2131 3277 2319 3338 contra
2342 3280 2838 3353 Pelagianosnuin.
2865 3282 2969 3337 28:
3002 3298 3020 3329 ι
3055 3279 3339 3353 Diabolum
3370 3287 3425 3332 et
3467 3277 3705 3353 satellites

2131 3354 2271 3420 ejus,
2335 3366 2636 3418 omnesque
2674 3352 2871 3419 impios
2946 3360 2998 3405 et
3047 3351 3500 3419 praevaricatores
3529 3351 3705 3420 perire

2134 3417 2390 3492 perpetuo
2422 3437 2437 3487 ;
2469 3417 2813 3476 Christianos
2868 3436 3021 3483 vero.
3049 3417 3112 3492 lsi
3147 3424 3196 3471 in
3226 3429 3454 3492 poi-cato
3503 3417 3705 3492 (teriore

2135 3488 2452 3563 Scilicet,_et
2482 3491 2637 3560 juxta
2686 3493 2815 3544 illud
2857 3495 2998 3558 qttod
3028 3489 3413 3563 alludit_l’au|i
3475 3488 3702 3563 testiiuo.

2136 3564 2282 3615 Itium
2316 3559 2488 3615 lCor.
2518 3577 2598 3626 ιιι,
2656 3564 2722 3616 15
2768 3570 2820 3614 et
2868 3562 2953 3625 H,
3006 3560 3148 3628 quod
3214 3559 3541 3624 Purgatorio
3601 3559 3705 3619 igne

2138 3633 2386 3684 niniidari
2405 3638 2592 3698 queat)
2618 3633 2871 3698 pra-venti
2900 3632 3124 3694 fuerint,
3154 3630 3455 3682 salvaiidos
3473 3640 3590 3679 esse
3604 3632 3707 3698 rust

2139 3717 2348 3771 pinnas.
2388 3693 2730 3754 ι’νιιιθειειιι
2786 3717 2907 3770 qlia:
2939 3702 2987 3752 iu
3038 3703 3178 3752 hunc
3222 3699 3406 3771 locum
3455 3693 3710 3771 adnotari-

2142 3763 2284 3834 inus,
2317 3782 2373 3823 ut
2411 3778 2477 3842 uti
2501 3785 2689 3824 errore
2713 3774 2764 3822 iii
2803 3763 2974 3842 iquem
3032 3771 3232 3836 puriter
3284 3767 3633 3842 trahebatur,
3650 3763 3707 3812 de

2145 3842 2394 3894 timendis
2431 3840 2727 3907 aliquando
2783 3836 3161 3893 damnatorum
3221 3836 3580 3908 cruciatibus,
3624 3836 3708 3908 itii-

2144 3926 2361 3964 muneut
2412 3900 2845 3963 ostenderemus.
2901 3908 3036 3963 Nam
3092 3908 3237 3975 quod
3271 3906 3429 3977 aiunt
3469 3900 3706 3977 nonnulli.

2145 3982 2312 4034 hosce
2345 3981 2651 4049 Hieronymi
2675 3972 3178 4032 Ciiniiiietitariosio
3207 3976 3407 4029 Isaiam
3435 3989 3542 4042 prae
3557 3972 3709 4045 oculis

2144 4050 2401 4104 habuisse
2435 4052 2818 4118 Augustinum,
2854 4064 2976 4102 cum
3006 4062 3131 4101 eum
3182 4061 3467 4118 errorem,
3517 4051 3711 4094 tanictst

2147 4124 2309 4173 tacito
2341 4134 2436 4188 pro
2464 4114 2751 4171 reuerentia
2802 4119 2935 4170 tanti
2985 4117 3084 4170 viri
3137 4116 3381 4177 nomine,
3433 4114 3708 4231 impugnat,

2147 4188 2239 4231 lilii
2275 4189 2337 4231 de
2382 4189 2512 4231 Fide
2540 4201 2584 4231 et
2616 4188 2894 4231 “naribus-
2935 4197 2990 4231 ι-ιι
3016 4192 3069 4231 in
3097 4184 3437 4231 Encltiritlio.
3469 4182 3534 4231 de
3622 4179 3708 4231 ιάε.

2147 4188 2242 4241 lib.
2275 4179 2351 4241 de.
2380 4189 2512 4242 Fide
2540 4201 2584 4241 et
2616 4188 2895 4258 Oper-ibus,
2935 4197 2990 4243 et
3016 4192 3069 4239 tu
3096 4184 3437 4258 Eae/tiritlio,
3456 4179 3534 4258 Vde
3574 4179 3710 4240 Ftde,

2148 4259 2250 4323 Spe
2272 4268 2319 4311 et
2349 4258 2643 4324 Charitate,
2664 4254 2907 4313 multum
2941 4260 3008 4309 ab
3038 4254 3187 4308 otnni
3241 4257 3497 4307 veritatis
3556 4263 3712 4324 spijcie

2149 4322 2316 4383 distat
2348 4345 2363 4391 ;
2397 4344 2519 4397 quae
2551 4322 2694 4381 enim
2730 4329 2803 4381 ibi
2834 4326 3211 4396 "tppOltt‘nSlS'
3252 4324 3544 4395 episcopus
3572 4322 3711 4371 diluit

2148 4414 2213 4452 ac
2275 4402 2476 4452 rel’utat
2532 4398 2750 4451 nefaria:
2830 4400 2946 4464 ejus
3000 4397 3332 4463 opinationis
3394 4400 3711 4464 argumenta,

2149 4471 2490 4537 adductaque
2519 4457 2926 4537 Sct'ipttirtit‘tittt
2962 4457 3296 4537 testimonia,
3326 4464 3436 4515 alia
3466 4457 3623 4535 plane
3655 4457 3712 4507 ab

2159 4542 2239 4592 his
2262 4532 2549 4607 suun-qua:
2573 4532 2887 4591 ex'aliorum
2916 4550 3075 4588 sensu
3099 4532 3474 4607 Hieronymus
3501 4532 3711 4606 recitat:

2159 4620 2214 4661 ut
2247 4613 2347 4661 hac
2373 4611 2532 4660 etiam
2561 4620 2772 4659 ratione
2817 4606 3164 4673 perspicuum
3211 4606 3305 4663 sit,
3369 4609 3715 4673 Augusttuum

2156 4678 2287 4731 nihil
2325 4679 2377 4730 in
2411 4677 2721 4744 Hieronymi
2759 4670 2975 4744 sci'iptts
3016 4690 3253 4742 unquam
3295 4673 3575 4724 invenisse
3608 4670 3717 4718 huic

2155 4751 2326 4801 eriori
2379 4760 2825 4801 consentaneum.

2228 4822 2245 4848 ³
2289 4817 2348 4870 ιιι
2381 4818 2661 4871 vetustiori
2686 4817 3042 4870 Ambrosiauo
3070 4830 3173 4868 ius.
3202 4850 3218 4876 ,
3244 4812 3333 4866 Sic
3376 4819 3716 4879 peccatorum,

2155 4890 2315 4940 etiam
2344 4888 2795 4948 Christianorum,
2825 4902 3069 4953 quorum,
3102 4897 3209 4937 etc.
3236 4923 3250 4945 ,
3284 4898 3496 4945 verius,
3521 4890 3717 4953 opinor.

2157 4963 2221 5010 ad
2245 4959 2554 5028 llicroiiyuii
2580 4945 2847 5019 mentem;
2866 4945 3191 5022 sensumque
3213 4968 3409 5006 eorum
3439 4945 3719 5019 quafmodo

2152 5030 2427 5097 disputata
2467 5041 2595 5083 sunt
2622 5035 2691 5083 de
2724 5030 3059 5082 cruciatibus
3090 5036 3504 5080 damnatorum.
