3906 6172
435 296 540 365 ’1οἹ

435 428 673 478 stertens
746 422 1021 486 vccorlia,
1093 420 1238 492 leges
1322 414 1873 480 Commentariorum,

438 516 637 589 quibus
664 517 848 571 multae
877 516 1216 572 diversorum
1261 520 1543 583 ponuntur
1577 510 1884 589 opiniones,
1924 508 2011 562 vel

441 608 644 671 tacitis,
712 607 797 662 vel
868 604 1143 677 expressis
1206 613 1493 657 auctorum
1556 599 1891 665 nominibus,
1944 608 2012 651 ut

440 701 660 755 lectoris
719 698 1004 754 arbitrium
1061 698 1169 762 sit,
1217 696 1345 765 quid
1411 693 1756 765 potissimum
1811 691 2013 760 eligere

440 794 655 856 debeat,
685 791 980 844 decernere
1011 804 1025 842 :
1055 802 1363 856 quanquam
1418 796 1474 840 et
1495 787 1546 840 itt
1571 785 1751 855 primo
1768 784 2010 852 ejusdem

441 883 621 951 operis
676 882 816 936 libro
874 879 1132 950 praelatus
1194 881 1321 942 sim,
1379 894 1464 934 me
1512 879 1594 931 vel
1652 877 1890 947 propria,
1930 877 2012 930 vel

439 974 616 1028 aliena
651 974 919 1027 dicturum
963 988 979 1029 :
1011 983 1064 1028 et
1094 974 1239 1041 ipsos
1291 971 1749 1035 Cotnmetttarios,
1780 980 1890 1023 tam
1924 986 2014 1021 vc-

441 1075 619 1117 terum
667 1065 996 1132 scriptorum
1038 1077 1183 1126 esse,
1214 1077 1377 1131 quam
1430 1071 1667 1116 nostros.
1709 1060 1863 1126 Quod
1902 1075 2008 1115 nan

438 1153 636 1207 videns
672 1168 977 1223 praicursor
1016 1152 1133 1221 ejus
1177 1152 1459 1208 Grunnius
1495 1153 1537 1217 ί,
1567 1153 1697 1206 olim
1747 1153 2014 1230 nisus‘est

440 1259 686 1315 corpore.
718 1243 822 1299 Cui
872 1244 1085 1299 duobus
1141 1243 1392 1311 respondi
1434 1242 1616 1309 libris,
1647 1242 1735 1297 ubi
1762 1256 1881 1312 qua:
1913 1241 2016 1297 iste

440 1334 597 1405 quasi
629 1318 735 1388 sua
756 1333 981 1404 profert,
1014 1344 1071 1389 et
1098 1333 1206 1388 alio
1228 1333 1341 1403 jam
1368 1332 1757 1400 calumniante,
1783 1341 2012 1403 purgata

443 1437 570 1482 sunt
603 1444 618 1481 :
657 1435 714 1480 ut
745 1435 1060 1495 praeteream
1097 1436 1288 1480 contra
1330 1423 1683 1480 Joriniauum
1713 1425 2011 1489 volumina,

443 1516 499 1569 itt
534 1514 733 1584 quibus
760 1516 905 1570 dolet
930 1515 1297 1585 virginitatem
1334 1514 1558 1585 nuptiis,
1590 1524 1646 1571 et
1684 1517 1901 1586 nuptias
1928 1516 2013 1572 di-

440 1607 656 1680 gamiae,
699 1607 990 1678 digamiam
1033 1608 1355 1680 polygamiae
1392 1623 1517 1664 esse
1568 1609 1869 1679 praelatam.

1610 294 1675 357 s.
1715 293 2023 357 EUSEBII
2062 292 2504 356 HIERONYMI
2696 350 2712 366 ,
3086 258 3087 261 γ
3554 288 3644 351 ita

1963 413 2016 469 in
2042 419 2097 481 Α
2199 414 2310 471 Nec
2341 414 2664 471 recordatur
2696 411 3104 477 stolidissimos,
3129 420 3182 464 ct
3208 406 3481 463 Scotorum
3509 410 3649 478 'pnl-

2114 509 2261 564 tibus
2286 517 2678 579 prmgravalus,
2707 521 2808 560 nos
2839 507 2892 558 in
2915 506 3033 573 ipso
3050 503 3256 558 dixisse
3283 516 3441 572 Opere
3468 519 3481 555 :
3509 521 3527 553 ι
3549 503 3647 559 Non

2112 601 2311 655 damno
2360 597 2648 668 digamos,
2702 596 2811 652 imo
2862 611 2958 650 nec
3009 578 3310 664 tr'gatttos,
3355 602 3408 646 et
3456 593 3498 648 si
3553 594 3650 648 ﬁeri

2114 701 2632 762 potestoctogamos
2683 705 2698 741 :
2763 689 2886 760 plus
2948 687 3152 754 aliquid
3194 684 3450 746 inferam,
3511 690 3650 741 etiam

2111 797 2468 841 scortatorem
2520 784 2722 853 recipio
2777 782 3125 852 poenitentem
3162 799 3175 834 :
3208 779 3465 848 quidquid
3497 796 3656 849 mqua-

2113 880 2238 933 liter
2303 879 2451 942 licet,
2499 876 2693 946 aequali
2742 877 2896 928 lautae
2950 871 3288 938 pensandum
3342 880 3473 924 ρει.»
3513 869 3656 938 Ll'gal

2111 969 2352 1039 ejusdem
2389 970 2568 1036 operis
2597 966 2931 1035 Apologiam,
2963 979 3123 1035 quam
3153 972 3283 1035 .ante
3314 977 3479 1015 annos
3506 964 3659 1028 pluri—

2116 1078 2242 1116 mos
2299 1067 2557 1116 adversus
2625 1060 2943 1128 magistrum
3007 1056 3125 1123 ejus
3172 1055 3194 1086 ⁸
3229 1058 3467 1125 gaudens
3511 1054 3656 1106 [totum

2113 1154 2354 1223 suscepit
2384 1169 2398 1205 :
2432 1162 2483 1206 et
2520 1162 2651 1207 tunc
2697 1151 3115 1213 auimadvertet,
3152 1148 3348 1201 alienis
3376 1163 3435 1201 se
3460 1147 3659 1201 vocibus

2114 1245 2530 1313 blasphemare;
2573 1253 2626 1298 et
2670 1243 2724 1297 iit
2755 1250 2968 1296 tantum
3002 1255 3123 1295 esse
3152 1240 3484 1309 imperitum,
3517 1247 3571 1292 ut
3605 1254 3661 1292 uc

2115 1336 2404 1392 maledicta
2440 1318 2662 1405 quidem
2694 1335 2902 1389 habeat
2926 1333 3142 1402 propria
3172 1350 3192 1385 :
3230 1331 3325 1386 sed
3350 1331 3662 1385 inimimnnn

2113 1433 2274 1485 etiam
2329 1430 2458 1482 olim
2510 1428 2846 1503 sepultorum
2904 1436 3094 1481 contra
3148 1440 3245 1479 nos
3298 1433 3482 1477 utatur
3515 1424 3662 1476 rabir.

2116 1520 2224 1576 Sed
2244 1519 2359 1590 jam
2387 1520 2726 1590 propositum
2757 1532 2895 1587 opus
2921 1516 3339 1587 aggredicuduut
3374 1525 3476 1571 est.

515 1766 531 1798 ³
574 1766 706 1835 Ejus
733 1766 1022 1823 Grunnius.
1054 1766 1169 1822 Hoc
1197 1766 1412 1821 nomine
1454 1765 1708 1821 Ruﬁnum
1750 1775 1919 1831 notat,
1952 1775 2012 1821 ut
2046 1772 2089 1828 Β
2115 1775 2319 1836 postea,
2357 1764 2543 1820 Scotia
2598 1762 2927 1836 appellatum
2949 1832 2958 1836 _
2980 1769 3088 1836 est.
3141 1761 3252 1814 lloc
3286 1758 3468 1836 igitur
3522 1772 3666 1811 sensu

440 1837 601 1890 etiam
632 1839 769 1892 infra
817 1838 1141 1905 Praelatioue
1179 1837 1232 1889 in
1265 1837 1462 1890 librum
1503 1846 1754 1905 quartum
1781 1836 2005 1892 istorum

440 1905 985 1962 Commentariorum.
1019 1904 1152 1960 Vide
1176 1906 1461 1974 epistolam
1484 1904 1551 1958 ad
1574 1905 1853 1960 Rusticum
1893 1922 2010 1960 mo-

445 1977 698 2056 nachum,
723 1978 816 2056 ubi
840 1976 1146 2056 Grunnium
1174 1975 1431 2056 graphice
1447 1976 1710 2056 depinxit.
1736 1977 2004 2056 Μητιμιῐ.

513 2048 533 2078 ³
577 2045 651 2100 Ex
682 2050 781 2100 hoc
806 2043 1203 2115 Iocojtetnque:
1227 2043 1334 2098 alio
1364 2043 1607 2115 ejusdem
1650 2043 1874 2115 Hieron.
1907 2046 2006 2105 iul’.

442 2116 539 2171 lib.
574 2130 655 2178 ut,
687 2126 873 2169 natum
930 2113 1127 2169 Sectis:
1179 2113 1456 2182 Pelagium
1510 2113 1681 2168 fuisse
1719 2114 2010 2170 evincitur.

425 2186 548 2249 ,Qui
576 2188 620 2238 si
647 2190 788 2254 apud
817 2184 935 2254 ejus
959 2185 1055 2238 aevi
1088 2184 1385 2254 scriptores
1417 2185 1576 2253 vulgo
1612 2183 1785 2249 Britu,
1814 2197 1867 2238 et
1889 2183 2008 2237 Bri-

437 2262 635 2307 tannus
661 2253 831 2318 audit,
851 2253 990 2307 inde
1022 2263 1105 2308 est
1136 2253 1280 2322 quod
1308 2253 1499 2308 Latine
1532 2254 1804 2322 Britannia
1839 2257 2008 2308 totius

443 2335 590 2377 esset
616 2326 807 2378 insulae
857 2339 1079 2388 nomen,
1115 2339 1223 2376 non
1256 2332 1484 2394 escepto
1517 2321 1662 2378 Nord
1696 2323 1837 2393 ipso,
1868 2326 2010 2392 quod

2146 1845 2261 1891 cule
2286 1835 2576 1889 Britannus
2606 1836 2806 1887 dicitur
2828 1832 2999 1885 Mario
3034 1832 3253 1884 fllercat.
3285 1831 3337 1881 in
3364 1832 3667 1883 Communu.

2166 1908 2309 1962 rosio
2333 1908 2384 1960 in
2430 1905 2759 1974 Apologel‘ic.
2808 1902 3117 1974 Britannias
3176 1912 3355 1953 noster
3382 1912 3404 1962 ;
3433 1899 3670 1966 Prospero

2113 1978 2296 2032 Carm.
2340 1977 2407 2031 de
2436 1971 2632 2045 ittgrat.
2661 1972 2890 2045 Coluoer
2914 1971 3246 2045 Btitannus;
3271 1979 3328 2023 et
3359 1978 3484 2023 ante
3506 1982 3672 2021 cintus

2115 2046 2401 2118 Augustin.
2435 2042 2598 2115 epist.
2634 2045 2756 2118 18b,
2789 2042 2939 2118 Brito
2979 2043 3417 2118 cognominatus.
3533 2106 3544 2118 '

2186 2110 2227 2149 ³⁷
2248 2110 2511 2171 Adversus
2554 2116 2864 2182 magistrum
2887 2114 3024 2179 ejus.
3052 2110 3130 2163 'ln
3182 2110 3378 2178 plurali
3409 2110 3671 2182 magistros

2114 2186 2344 2257 legimus
2368 2188 2422 2257 in
2451 2177 2678 2257 antiquo
2735 2199 2835 2237 tns.
2897 2177 3081 2238 codice
3123 2177 3308 2236 nostro
3349 2181 3522 2237 sancti
3554 2177 3673 2231 Ger.

2118 2252 2261 2311 mani
2300 2270 2331 2311 a
2364 2255 2558 2310 Pratis.
2590 2252 2871 2310 Maurum.

1606 2686 1957 2777 LIBER
2031 2682 2528 2774 PRIMUS.

514 3010 668 3083 (Cap.
697 3011 737 3066 l.
785 3042 852 3051 —
892 3012 1045 3068 Vcrs.
1080 3012 1105 3066 l
1141 3011 1320 3084 seqq.)
1359 3029 1378 3064 ι
1425 3010 1601 3068 Verba
1642 3009 1891 3067 Jeremiae
1914 3009 2010 3065 lilii
2044 3024 2087 3084 ο
2123 3001 2275 3073 ginta
2311 3009 2366 3057 et
2404 3013 2515 3055 uno
2555 3014 2570 3055 :
2601 3004 2800 3071 praeter
2838 2996 2978 3053 illud
3010 3007 3221 3067 tempus
3257 2999 3482 3067 quando
3502 2997 3676 3051 (iuuit;

443 3102 639 3159 llclciae
687 3105 756 3161 de
777 3108 1152 3161 sacerdotibus
1186 3109 1273 3175 qui
1307 3106 1524 3175 luerunt
1571 3105 1622 3160 in
1650 3105 1925 3160 Anathoth
1954 3104 2009 3161 itt

443 3204 585 3250 terra
617 3186 898 3266 Benjamiu
927 3215 941 3252 :
971 3199 1117 3268 quod
1157 3200 1360 3253 factum
1400 3206 1484 3253 est
1513 3196 1736 3252 verbum
1792 3197 2009 3252 Domini

442 3284 508 3335 ad
543 3298 667 3336 eum
714 3286 767 3337 in
809 3285 999 3341 diebus
1032 3286 1195 3342 Josite
1235 3287 1328 3342 lilii
1379 3289 1553 3344 Amon
1582 3288 1725 3356 regis
1769 3287 1929 3353 Juda,
1956 3289 2010 3344 iu

444 3376 605 3428 tertio
647 3376 859 3430 decimo
913 3393 1057 3433 anno
1108 3380 1258 3448 regni
1304 3380 1442 3451 ejus.
1489 3379 1556 3434 Et
1597 3380 1802 3436 factum
1837 3390 1919 3436 est
1957 3383 2012 3437 in

443 3464 630 3520 diebus
658 3464 869 3522 Joacim
904 3468 995 3524 lilii
1035 3469 1199 3526 Josiae
1237 3474 1377 3542 regis
1404 3471 1566 3534 Juda.
1600 3488 1768 3542 usque
1791 3475 1857 3527 ad
1887 3489 2013 3529 cou-

442 3560 860 3614 smuntatioucttt
918 3563 1185 3617 undecimi
1239 3565 1367 3618 anui
1420 3564 1662 3620 Sedeciae
1707 3566 1802 3621 lilii
1851 3565 2014 3621 Josia:

445 3647 584 3717 regis
611 3646 772 3713 Juda,
805 3666 977 3721 usque
1005 3654 1070 3705 ad
1103 3653 1636 3724 transmigratiouem
1684 3654 2009 3727 Jerusalem,

442 3735 500 3790 in
559 3754 743 3794 mense
798 3743 1008 3809 quinto.
1053 3760 1073 3794 ι
1121 3742 1315 3798 ϐωιθτί
1362 3747 1657 3815 prophetae,
1708 3756 1765 3803 ut
1822 3749 2011 3817 lsaias,

444 3826 798 3896 Osce,Josel,
830 3830 1047 3888 fuerunt
1088 3846 1215 3889 ante
1263 3838 1629 3906 captivitatem
1674 3841 1862 3896 decem
1914 3843 2013 3898 tri-

442 3918 609 3973 buunt
649 3920 834 3988 lsrael,
881 3924 996 3978 sive
1034 3924 1264 3981 duarunt
1307 3929 1566 3996 tribuum,
1600 3930 1753 3987 Judte
1793 3943 1848 3988 et
1878 3933 2015 3990 Ben-

438 4008 632 4077 jamiu.
666 4012 769 4066 Alii
825 4023 948 4083 post
998 4018 1369 4085 captivitatem
1413 4036 1428 4073 :
1458 4033 1518 4075 ut
1549 4021 1753 4088 Daniel,
1787 4026 2033 4095 Aggteus'

443 4112 493 4153 et
514 4099 1111 4165 Zachariath-retnias
1141 4120 1321 4166 autem
1341 4122 1394 4167 et
1410 4111 1656 4169 Ezechiel
1697 4117 2016 4173 imminente

445 4191 757 4259 captivitate
796 4195 1106 4250 vaticinium
1154 4207 1441 4253 texuerunt
1474 4217 1488 4254 :
1516 4202 1611 4256 sed
1645 4204 1781 4257 alter
1825 4218 2014 4258 eorum

447 4280 503 4334 in
537 4290 682 4334 terra
739 4281 877 4337 Juda
911 4302 928 4340 :
959 4288 1097 4343 alter
1149 4290 1202 4344 iu
1259 4289 1548 4360 Babylone.
1594 4293 1859 4350 Jeremias
1890 4312 2012 4352 cum

2120 3104 2206 3150 est
2237 3093 2294 3148 in
2323 3092 2640 3164 (Egyptum.
2700 3089 2888 3161 Ibique
2946 3088 3291 3160 prophetarit
3347 3090 3404 3145 in
3436 3089 3675 3160 Taphnis.

2119 3198 2177 3241 ut
2217 3187 2318 3241 hoc
2360 3186 2475 3254 ipso
2524 3184 2796 3239 volumine
2823 3183 3147 3237 continetur.
3194 3181 3299 3237 Pro
3346 3182 3526 3237 verbis
3545 3180 3679 3236 Jeru-

2121 3279 2262 3345 mite,
2323 3276 2677 3347 Septuaginta
2739 3282 3058 3344 posuerunt,
3133 3272 3358 3328 Verbum
3417 3274 3515 3328 Dei
3553 3275 3677 3343 quod

2118 3370 2319 3440 factum
2355 3378 2431 3423 est
2457 3368 2525 3421 ad
2562 3367 2851 3422 Jeremiam
2891 3364 3112 3435 (larem.
3145 3382 3300 3431 sum,
3335 3366 3394 3436 8)
3433 3384 3450 3423 :
3484 3368 3581 3419 hoc
3612 3366 3679 3417 vi-

2118 3463 2314 3517 delicet
2338 3474 2521 3525 sensu,
2549 3460 2691 3528 quod
2737 3458 2899 3512 verba
2932 3457 3183 3513 Jeremia:
3222 3459 3451 3528 verbum
3481 3459 3550 3515 sit
3583 3458 3677 3512 Do-

2121 3555 2273 3608 tnitti.
2299 3553 2421 3607 Fuit
2445 3562 2625 3605 autent
2675 3555 2742 3605 de
2785 3566 2983 3621 genere
3015 3551 3393 3618 sacerdotum,
3422 3555 3512 3624 qui
3546 3554 3682 3607 hab:-

2121 3634 2310 3699 tdbaut
2353 3655 2542 3699 contra
2601 3644 3035 3711 septentrionem
3068 3642 3383 3700 Jet'usaletn
3434 3647 3487 3700 in
3541 3647 3681 3699 tt-rtit

2121 3737 2394 3802 milliario,
2428 3744 2483 3791 et
2546 3735 2722 3790 viculo
2749 3739 2765 3767 ι
2800 3735 3097 3791 Anathotb.
3142 3736 3432 3807 Simulque
3461 3737 3682 3793 admira-

2120 3829 2244 3885 bilis
2268 3827 2553 3883 clementia
2582 3825 2819 3891 Domini,
2844 3829 2986 3897 quod
3008 3828 3123 3898 jam
3146 3829 3470 3898 captivitate
3498 3831 3681 3885 vicina.

2120 3929 2174 3975 et
2203 3918 2504 3990 Babylonio
2531 3919 2773 3973 exercitu
2805 3920 3038 3973 vallante
3058 3919 3390 3988 Jerusalem,
3423 3923 3683 3977 nihilontia

2121 4025 2225 4063 nus
2277 4011 2535 4079 populum
2593 4009 2660 4064 ad
2716 4011 3093 4079 paenitentiam
3144 4023 3445 4079 provocat,
3497 4011 3685 4066 mali-us

2124 4105 2336 4158 salvare
2363 4117 2682 4167 conversos,
2712 4118 2874 4172 quam
2901 4106 3125 4171 perdere
3154 4106 3560 4176 delinquentes.
3591 4107 3680 4157 l’ru

2122 4197 2624 4276 transmigrationis,
2686 4199 2830 4266 quod
2888 4210 3078 4252 omnes
3129 4198 3217 4250 alii
3277 4214 3415 4252 voce
3449 4212 3673 4253 consona

2124 4288 2560 4352 transtulerunt,
2615 4286 2968 4359 Septuaginta
3037 4303 3268 4357 posuere
3311 4291 3679 4358 captivitatem.

447 4380 592 4428 esset
625 4372 804 4428 adhuc
829 4391 980 4446 puer,
1004 4381 1332 4451 prophetare
1369 4387 1537 4454 coepit
1566 4401 1708 4440 anno
1737 4388 1899 4443 tertio
1923 4390 2017 4443 de-
2049 4404 2092 4458 ι)
2123 4376 2256 4433 Post
2304 4379 2588 4434 exordium
2624 4389 2803 4435 autem
2852 4381 3256 4436 vaticinationis
3297 4381 3574 4447 Jeremite,
3600 4389 3684 4434 trt-

446 4461 593 4515 cimo
620 4460 785 4519 Josize
818 4466 913 4520 lilii
960 4471 1134 4525 Anton
1172 4474 1313 4542 regis
1343 4473 1515 4530 Judte.
1555 4478 2017 4550 Propltetavitque

454 4552 512 4606 itt
546 4552 773 4623 imperio
804 4557 920 4624 ejus
975 4562 1133 4615 anuis
1184 4564 1366 4619 decem
1399 4575 1452 4621 ct
1479 4582 1669 4624 novem
1700 4588 1714 4625 :
1747 4581 1801 4626 et
1833 4586 2017 4641 poswa

447 4643 549 4697 sub
578 4643 788 4698 Joacim
817 4647 926 4700 lilio
960 4649 1080 4717 ejus
1122 4653 1281 4708 anuis
1314 4656 1565 4712 undecim
1601 4669 1695 4715 :et
1716 4661 1818 4716 sub
1849 4662 2019 4717 Sede-

447 4737 674 4805 cia,qui
714 4737 938 4792 ultimus
978 4739 1078 4795 fuit
1122 4758 1304 4812 regum
1350 4746 1508 4815 Juda,
1544 4751 1704 4808 annis
1743 4754 2016 4819 undecim,

452 4844 623 4898 usque
664 4831 729 4882 ad
776 4832 1025 4898 quintum
1080 4850 1340 4902 mensem,
1377 4842 1595 4909 quando
1642 4857 1673 4897 a
1710 4841 2021 4915 Babyloniis

447 4929 602 4984 capta
645 4930 728 4975 est
783 4920 1104 4978 Jerusalem.
1167 4925 1400 4984 Joachaz
1456 4947 1583 4986 vero
1636 4944 1691 4988 et
1740 4934 2018 4991 Jecbonite

451 5009 589 5061 terni
634 5025 847 5063 menses
900 5012 1157 5082 (quorum
1205 5015 1342 5069 alter
1397 5017 1452 5071 in
1502 5017 1818 5089 Egyptum,
1879 5023 2017 5077 alter

445 5097 609 5168 837
642 5116 762 5154 cum
798 5113 971 5157 matre
1002 5108 1196 5160 ductus
1227 5115 1309 5162 est
1353 5109 1404 5163 itt
1438 5110 1784 5183 Babylonem)
1838 5115 1888 5167 itt
1925 5131 2019 5170 su-

449 5184 712 5256 pradictis
762 5191 921 5245 annis
965 5206 1390 5262 computantur:
1421 5216 1516 5268 per
1549 5203 1656 5257 hoc
1695 5204 1764 5258 ab
1789 5209 2016 5263 exordio

450 5277 744 5345 prophetia:
775 5295 884 5331 sine
913 5272 1093 5349 usque
1111 5285 1177 5335 ad
1212 5287 1577 5354 captivitatem
1602 5289 1931 5359 Jerusalem,
1960 5297 2014 5352 in

448 5381 553 5436 qua
577 5376 631 5421 et
667 5369 778 5437 ipse
808 5380 997 5438 captus
1040 5384 1146 5438 eSt,
1208 5378 1546 5445 prophetavit
1595 5387 1754 5439 annis
1777 5388 2016 5456 quadra-

517 5483 532 5512 ⁸
578 5481 781 5538 Vitiose
814 5485 1022 5552 pridem
1048 5498 1167 5542 erat
1192 5491 1420 5548 vinculo.

515 5552 837 5640 '“Yatican'.
871 5557 992 5640 βω,
1034 5561 1319 5627 perienpen
1387 5566 1546 5630 hanc,
1605 5568 1927 5640 Prop/ictam
1955 5576 2008 5630 in

444 5624 681 5700 genti-ltus
717 5626 936 5688 dedite,
982 5629 1068 5680 hic
1111 5624 1232 5683 non
1256 5640 1521 5700 agnoscit.

516 5694 535 5720 ³
578 5690 643 5743 U‘
664 5694 876 5750 l’w’V‘i‘
906 5704 1216 5765 σατραπηίην·
1249 5690 1497 5772 Οἶιδυιιὰδ
1523 5708 1817 5781 discipulos
1853 5716 2009 5771 intui-

2121 4474 2325 4525 cesimo
2384 4471 2577 4540 quinto
2624 4470 2928 4540 prophetia:
2968 4472 3087 4539 ejus
3131 4486 3296 4536 anno,
3335 4472 3590 4527 Ezechiel
3638 4473 3683 4522 in

2121 4562 2398 4634 Babylone
2448 4565 2536 4619 his
2592 4568 2686 4634 qui
2743 4580 2868 4619 cum
2903 4579 2971 4620 eo
3021 4566 3171 4634 capti
3199 4564 3444 4633 fuerant,
3476 4580 3687 4622 exorsus

2117 4666 2204 4711 est
2231 4656 2581 4727 prophetare.

2196 4745 2457 4819 (VcrsJ,
2494 4748 2573 4822 5.)
2618 4768 2637 4801 ι
2703 4749 2773 4804 Et
2832 4748 3031 4805 factum
3080 4761 3167 4807 est
3209 4751 3442 4807 verbum
3494 4749 3686 4808 Domini

2120 4840 2186 4895 ad
2218 4857 2324 4907 me,
2354 4846 2544 4898 dicens
2584 4859 2599 4899 :
2634 4843 2955 4914 Priusquam
2992 4855 3043 4900 te
3074 4844 3371 4901 formarem
3430 4849 3487 4902 in
3528 4861 3688 4909 utero,

2120 4933 2246 4984 novi
2281 4943 2367 4996 te;
2393 4942 2447 4986 et
2475 4943 2769 5004 antequam
2817 4936 2996 4990 cxircs
3026 4936 3096 4991 de
3143 4937 3326 5000 vulva,
3360 4937 3687 4992 sanctiﬁcavi

2120 5035 2172 5076 te
2218 5039 2234 5079 :
2273 5026 2590 5095 prophetam
2617 5030 2637 5059 ³
2670 5030 2722 5081 itt
2777 5030 3029 5098 gentibus
3069 5031 3193 5084 dedi
3243 5038 3317 5085 te.
3355 5048 3377 5082 ι
3411 5030 3532 5087 Non
3587 5047 3685 5100 quo

2123 5127 2249 5169 ante
2282 5120 2714 5187 conceptionem,
2754 5129 2811 5173 ut
2853 5120 3075 5175 haeresis
3103 5121 3124 5152 ⁸
3152 5123 3494 5191 suspicatur,
3535 5123 3686 5176 luerit

2118 5205 2389 5262 Jeremias
2427 5224 2444 5264 :
2476 5211 2569 5263 sed
2593 5226 2702 5280 quo
2728 5215 3007 5281 prazsciret
3041 5229 3162 5266 eum
3198 5214 3220 5246 ⁵
3250 5214 3498 5269 futurum
3529 5216 3693 5269 Domi-

2127 5313 2246 5364 nus,
2277 5300 2364 5353 cui
2422 5304 2651 5354 uccduut
2686 5302 2827 5356 facta
2854 5304 2965 5372 jam
3019 5304 3157 5358 facta
3203 5316 3351 5369 suttt,
3401 5310 3689 5361 secundum

2121 5388 2253 5444 illud
2280 5393 2424 5461 quod
2452 5394 2744 5463 ApOstolus
2788 5397 3027 5466 loquitur
3055 5415 3069 5452 :
3111 5398 3214 5465 Qui
3255 5401 3462 5454 vocarit
3492 5417 3556 5455 ea
3581 5415 3687 5470 quis

2121 5511 2259 5582 ligit,
2293 5521 2352 5566 ut
2387 5512 2515 5583 alibi
2546 5528 2689 5583 saepe
2717 5514 2975 5569 diximus.
3010 5517 3272 5572 MABTIAN.

2193 5583 2214 5614 ⁸
2257 5583 2370 5655 Duo
2402 5581 2577 5637 Vatit'.
2626 5581 2782 5655 fuerit
2830 5583 3091 5640 Jct‘ctttlus
3120 5590 3407 5655 notandus,
3454 5590 3546 5642 sed
3595 5604 3687 5655 quo

2122 5654 2408 5719 praescierit
2456 5669 2599 5731 eum,
2630 5654 2739 5731 etc.
2771 5656 2941 5731 Quam
2977 5672 3141 5724 putru
3174 5654 3397 5713 llicron.’
3432 5654 3686 5731 perstrin-

2128 5734 2229 5792 git,
2262 5739 2383 5791 uup:
2408 5740 2466 5779 ra
2498 5726 2694 5795 l’elagii
2727 5740 2807 5780 est
2840 5728 3084 5783 haeresis.
