3950 6180
263 222 371 284 7ύ9

837 226 1330 289 (ΣΟΜΜΕΝΤΛΒ.
1375 229 1451 287 ΙΝ
1499 225 1896 288 ,ΙΕΠΕΜΙΛΜ
1955 224 2415 285 ΡΠΟΡΙΙΕΤΛΜ
2454 225 2600 282 L'B.
2645 223 2691 291 Ι,
2733 223 2892 281 CAP.
2941 221 2987 282 Ι.

3394 218 3515 278 ’7.0

267 351 370 386 non
390 343 564 399 erant,
598 335 749 404 quasi
782 353 840 389 ca
872 354 988 407 qua:
1014 350 1183 391 essent
1215 338 1389 408 (Rom.
1418 355 1490 399 iv,
1538 337 1647 405 17).
1684 339 1838 404 Quod
1873 346 1914 398 Α
1946 343 2000 390 et
2039 336 2277 390 carbone
2313 343 2493 404 tangat
2525 350 2586 388 os
2608 333 2722 402 eius
2749 340 2800 386 et
2835 333 3152 410 iniquitates
3195 328 3430 391 auferat,
3463 336 3516 380 et

269 429 850 481 autemsanctilicatnr
900 430 953 482 in
1011 440 1191 489 utero,
1231 433 1383 500 juxta
1437 432 1569 486 illud
1599 431 1844 498 Apostoli

269 517 530 572 debemus
595 519 889 588 accipere:
943 521 1227 590 Postquam
1293 535 1464 576 autem
1519 524 1717 590 plaruit
1775 524 1843 586 ei,

270 608 358 677 qui
393 625 474 661 me
502 612 788 681 segregavit
839 614 902 666 de
951 622 1098 668 utero
1147 616 1335 668 matris
1394 631 1541 678 metu,
1567 626 1615 667 et
1647 613 1846 668 vocarit

273 715 365 767 per
395 703 626 769 gratiam
659 719 832 765 suam,
859 713 915 756 ut
945 705 1198 759 reuelaret
1236 705 1432 759 Filium
1465 723 1618 759 suum
1651 707 1705 758 in
1731 721 1848 771 me;

275 802 330 843 ut
370 797 787 863 euangelizarent
838 797 988 850 illum
1040 800 1094 851 in
1131 799 1370 869 gentibus
1419 798 1619 867 (ϐαιοὶ.
1656 814 1695 865 ι,
1737 797 1848 868 15).

276 879 514 937 Joannes
559 900 772 954 quoque
826 886 1063 953 Baptista
1105 889 1481 942 sanctilicatnr
1515 891 1566 943 in
1598 901 1770 954 utero,
1796 898 1854 942 et

283 985 538 1031 sanctum
578 980 837 1046 Spiritum
881 983 1098 1049 accipit,
1128 991 1184 1034 et
1223 994 1470 1036 movetur
1511 984 1562 1036 in
1593 984 1772 1045 vulva,
1800 992 1854 1038 et

280 1081 374 1132 per
426 1083 487 1121 os
535 1071 722 1122 matris
751 1070 988 1138 loquitur
1016 1070 1168 1141 (Luc.
1199 1083 1261 1140 1).
1295 1075 1446 1140 Quod
1483 1085 1662 1128 autem
1692 1074 1853 1140 dixit,

235 1179 242 1182 η
284 1157 598 1227 Prophetum
637 1162 691 1213 in
735 1163 974 1230 gentibus
1023 1165 1144 1218 dedi
1199 1176 1266 1229 te,
1294 1165 1424 1239 illud
1456 1167 1568 1220 vult
1600 1167 1854 1236 intelligi",

277 1253 421 1316 quod
452 1253 504 1304 iu
539 1253 656 1320 ipso
708 1264 890 1321 postea
932 1255 1199 1320 Propheta
1245 1257 1434 1312 lecturi
1464 1274 1676 1321 sumus,
1712 1259 1855 1328 quod

281 1358 384 1395 non
451 1341 624 1396 solum
679 1343 999 1407 Jerusalem,
1049 1349 1145 1401 sed
1195 1357 1250 1403 et
1304 1349 1490 1402 multis
1544 1350 1597 1403 in
1626 1351 1859 1405 circuitu

279 1435 532 1502 gentibus
578 1437 940 1505 prophetarit.
991 1437 1224 1504 Quidam
1267 1440 1413 1495 hunc
1464 1442 1642 1495 locum
1694 1455 1862 1511 super

282 1526 567 1581 Salvatore
598 1528 929 1596 intelligunt,
955 1533 1042 1599 qui
1071 1533 1286 1601 proprie
1312 1532 1582 1602 Propheta
1614 1538 1860 1605 gentium

287 1618 385 1670 luit
407 1633 428 1684 ;
450 1626 505 1671 et
535 1633 631 1686 per
664 1620 942 1688 apostolos
983 1622 1195 1676 vocavit
1227 1638 1418 1678 omnes
1457 1625 1728 1679 nationes.
1760 1627 1864 1679 Iste

1949 430 2170 480 inundet
2210 436 2452 494 peccata.
2493 422 2588 476 llic
2621 433 2802 476 autem
2847 421 3015 488 ipsius
3047 419 3140 472 Dei
3177 435 3365 470 uiantis
3393 418 3518 470 nit-

1949 519 2106 583 titur,
2133 533 2227 586 per
2253 525 2637 586 qnam-cuncta
2673 525 2933 584 cperatus
2964 523 3072 580 est,
3104 521 3157 565 et
3190 527 3306 578 quzc
3343 512 3393 562 in
3416 510 3521 562 alio

1949 611 2071 664 loco
2124 611 2408 665 brachium
2459 609 2701 662 dicitur:
2742 625 2847 660 non
2911 615 2966 659 ut
3015 615 3242 675 peccata
3291 601 3521 668 auferat,

1949 715 2072 771 qua
2105 717 2204 771 per
2235 701 2521 768 pueritiam
2559 699 2727 752 multa
2765 713 2874 751 non
2926 698 3170 760 fecerat;
3203 695 3297 748 sed
3342 705 3400 746 ut
3444 693 3525 744 lo-

1951 793 2150 861 quendi
2181 794 2411 862 gratiam
2448 792 2669 844 tribuat.
2709 790 2878 843 Porro
2919 788 3166 840 Ezechiel
3210 785 3403 838 librant
3437 785 3528 836 de-

1953 893 2108 938 vorat
2135 892 2191 936 et
2227 884 2376 937 intus
2419 896 2472 936 et
2523 881 2656 934 foris
2677 881 2963 948 scriptum,
3019 887 3126 930 tam
3182 883 3524 931 sacramenta

1953 976 2158 1040 divina,
2225 991 2387 1045 quam
2443 974 2744 1042 simplicem
2796 972 3078 1024 historiam
3132 969 3526 1023 continentem.

1953 1069 2205 1124 Ieremia:
2253 1083 2316 1121 os
2371 1067 2630 1132 tangitur,
2667 1063 2832 1133 839
2873 1073 2928 1117 et
2977 1060 3187 1116 Domini
3232 1060 3397 1112 verba
3432 1060 3532 1109 tri-

1959 1161 2222 1226 bnuntttr,
2257 1157 2724 1210 nt.eoulidentiam
2761 1155 2989 1222 accipiat
3021 1152 3366 1221 praedicandi.
3410 1151 3532 1202 l‘ulo

1957 1252 2196 1319 chreque
2227 1251 2388 1319 juxta
2449 1249 2682 1301 litteram
2730 1260 2920 1298 n'auus
2963 1245 3213 1304 mittitur,
3253 1253 3312 1295 ut
3343 1244 3531 1294 lumna-

1961 1356 2152 1397 norum
2187 1351 2404 1394 artuum
2437 1340 2628 1393 videns
2648 1335 3085 1399 similitudinem,
3111 1343 3311 1388 tactum
3342 1346 3535 1386 malum

1961 1450 2070 1490 non
2106 1434 2444 1490 reformidet.

2035 1528 2216 1597 (Vers.
2246 1525 2357 1594 10.)
2388 1543 2406 1576 t
2441 1523 2582 1580 Ecce
2628 1540 2728 1592 ego
2770 1523 3024 1578 constitui
3087 1531 3136 1576 te
3177 1519 3340 1574 hodie
3378 1532 3540 1584 super

1966 1631 2156 1691 gentes
2211 1628 2266 1673 et
2310 1633 2477 1682 super
2525 1632 2712 1686 regna,
2741 1627 2796 1670 ut
2843 1617 3044 1670 evellas
3078 1623 3132 1669 et
3183 1617 3456 1674 destruas,
3488 1619 3542 1663 et

284 1709 432 1762 enim
462 1722 588 1763 vere
617 1709 930 1779 priusquam
962 1712 1012 1764 in
1047 1722 1203 1768 utero
1237 1715 1483 1784 virginali
1509 1716 1861 1780 formaretur,
1895 1689 1938 1744 Β
1969 1689 2277 1784 disperdas,
2325 1712 2403 1766 et'
2438 1711 2694 1780 dissipes,
2749 1719 2804 1763 ct
2861 1707 3118 1772 :edilices,
3149 1717 3202 1759 et
3245 1705 3476 1774 plantes.
3517 1718 3537 1754 ι

282 1807 334 1851 et
358 1807 657 1867 antequam
704 1801 879 1855 exiret
914 1803 981 1855 de
1024 1803 1180 1857 vulva
1230 1806 1448 1868 matris,
1482 1808 1860 1862 sanctiﬁcatus

284 1887 336 1943 in
364 1896 526 1944 utero
557 1899 675 1958 est;
714 1899 768 1945 et
790 1902 953 1946 notus
975 1892 1144 1964 838
1162 1893 1331 1958 Patri,
1365 1899 1565 1967 quippe
1594 1898 1684 1968 qui
1713 1913 1863 1953 sem-

287 1993 380 2048 per
414 1979 470 2034 in
503 1981 686 2048 Patre,
729 1991 784 2037 et
811 1983 861 2036 itt
894 1998 1003 2052 quo
1035 2000 1252 2056 semper
1281 1986 1471 2042 Pater.

354 2072 538 2142 (Vers.
572 2073 650 2143 6.)
684 2091 704 2126 ι
741 2074 808 2128 Et
839 2075 951 2128 dixi
983 2092 998 2129 :
1031 2077 1138 2137 Ab.
1184 2083 1275 2142 ab,
1310 2081 1401 2143 ab,
1427 2080 1655 2135 Domine
1695 2081 1861 2147 Deus,

289 2179 421 2220 ecce
471 2166 656 2221 nescio
711 2166 879 2236 loqui,
936 2171 1061 2238 quia
1120 2186 1253 2241 puer
1301 2188 1399 2243 ego
1443 2189 1586 2229 smn.
1626 2192 1645 2226 ι
1673 2174 1864 2229 LXX:

295 2273 314 2309 ι
352 2257 424 2312 Ει
465 2257 602 2324 dixi,
645 2274 678 2313 ο
711 2258 937 2314 Domine
986 2263 1148 2330 Deus,
1197 2268 1378 2320 nescio
1415 2267 1582 2335 loqui,
1630 2271 1753 2337 quia
1782 2270 1872 2339 ju-

293 2350 449 2403 venis
495 2365 639 2405 sum.
684 2369 705 2402 ι
737 2351 1046 2408 Detestatur
1089 2355 1326 2411 cilicium
1378 2363 1518 2427 quod
1569 2377 1667 2430 pro
1710 2373 1872 2416 aetate

293 2457 401 2494 non
464 2449 647 2510 potest
701 2444 997 2510 sustinere,
1060 2448 1248 2501 eadem
1311 2453 1635 2506 verecundia
1675 2469 1779 2519 qua
1818 2465 1872 2508 et

295 2530 512 2602 Moyses
546 2531 724 2588 tenuis
748 2544 805 2588 et
839 2536 1060 2603 gracilis
1092 2541 1240 2593 vocis
1265 2554 1387 2594 esse
1413 2557 1471 2594 se
1501 2543 1628 2594 dicit
1663 2543 1868 2611 (Eua.

299 2637 348 2676 tv
381 2631 438 2678 et
491 2623 716 2702 6).‘Sed
763 2625 851 2680 ille
895 2629 1048 2696 quasi
1084 2646 1290 2700 magum
1329 2632 1669 2703 robustaeque
1697 2637 1878 2690 aetatis

297 2715 598 2783 corripitur
638 2731 652 2767 :
702 2716 828 2771 huic
878 2721 1129 2788 pueritiae
1163 2724 1322 2777 datur
1359 2728 1540 2787 venia,
1568 2742 1690 2793 quae
1724 2743 1876 2780 verc-

299 2808 500 2861 cundia
535 2816 590 2862 et
621 2811 826 2876 pudore
857 2811 1170 2868 decoratur.

375 2893 558 2965 (Vers.
595 2897 648 2963 7,
680 2897 758 2962 8.)
802 2916 819 2949 t
859 2897 928 2977 Et
976 2901 1112 2956 dixit
1168 2900 1425 2957 Dominus
1474 2904 1540 2958 ad
1587 2920 1670 2959 me
1710 2921 1722 2957 :
1759 2903 1880 2959 Noli

305 2985 512 3053 dicere,
538 2986 679 3044 Puer
704 3006 848 3055 sum,
893 2994 1152 3062 quoniam
1189 2995 1255 3049 ad
1293 2997 1472 3049 omnia
1509 3012 1627 3064 qua:
1671 2999 1878 3051 Illitldlt)

309 3089 385 3142 te,
424 3079 546 3146 ibis,
591 3089 645 3135 et
684 3081 936 3138 universa
996 3100 1335 3156 quaecunque
1390 3089 1718 3143 mandavero
1764 3092 1879 3157 tibi,

311 3171 576 3241 loqueris.
610 3171 686 3228 Ne
721 3174 913 3232 timeas
939 3192 967 3231 a
1000 3177 1136 3233 facie
1165 3195 1355 3235 eorum
1380 3197 1396 3234 :
1426 3182 1552 3250 quia
1584 3199 1684 3252 ego
1708 3193 1828 3236 tecu
1855 3201 1884 3236 ιι

312 3279 460 3330 sum,
501 3275 557 3319 ut
601 3279 791 3320 eruam
848 3276 920 3331 te,
959 3271 1091 3324 dicit
1138 3271 1419 3328 Dominus.
1462 3291 1481 3324 ι
1531 3273 1610 3327 Ne
1643 3283 1885 3340 aetatem,

315 3357 516 3426 inquit,
562 3359 916 3427 consideres;
957 3361 1063 3417 alio
1110 3364 1252 3417 enim
1299 3365 1562 3434 propheta
1616 3365 1888 3435 loquente,

315 3447 606 3502 didicisti:
651 3447 783 3502 Cani
827 3450 1056 3505 hominis
1099 3463 1223 3506 sunt
1271 3457 1539 3523 sapientia
1583 3457 1698 3522 ejus
1735 3455 1886 3524 (Sap.

320 3550 394 3598 iv,
419 3534 474 3602 9)
512 3546 662 3590 :tua:
711 3537 784 3592 sit
838 3549 1050 3594 tantum
1103 3544 1401 3599 voluntatis
1457 3556 1513 3597 ut
1547 3561 1774 3615 pergas;
1807 3561 1892 3601 me

319 3629 542 3682 habebis
595 3630 874 3696 comitem,
923 3647 1032 3701 quo
1075 3646 1270 3690 cuncta
1322 3639 1612 3707 adjuvante
1653 3640 1895 3707 comple-

321 3717 403 3772 bis
433 3733 449 3769 :
482 3720 638 3787 Aperi
670 3736 725 3774 os
762 3729 907 3772 tuum
941 3731 990 3775 et
1029 3723 1252 3792 implebo
1303 3725 1436 3778 illud
1493 3726 1665 3796 (Psal.
1721 3743 1890 3793 Lux,

324 3810 434 3879 ll).
467 3812 578 3866 Nec
608 3815 923 3868 consideres
964 3815 1366 3871 multitudinem
1414 3833 1602 3872 eorum
1645 3821 1711 3873 ad
1755 3835 1895 3888 quos

325 3912 379 3955 et
407 3914 596 3956 contra
651 3919 785 3971 quos
839 3905 1119 3961 locuturus
1159 3922 1217 3962 es
1253 3923 1268 3960 :
1300 3910 1396 3963 scd
1441 3925 1547 3974 Ine,
1591 3913 1680 3979 qui
1715 3919 1893 3964 ictum

325 4009 467 4054 sum,
510 4005 569 4048 ut
609 4011 796 4050 eruam
853 4010 922 4061 te,
962 3999 1094 4052 dicit
1134 3999 1419 4055 Dominus.
1464 4001 1684 4056 Liberat
1718 4013 1897 4055 autem

329 4083 609 4148 Dominus,
643 4101 748 4139 non
775 4102 880 4155 quo
911 4085 1181 4158 PrOpheta
1216 4093 1690 4160 persecutiouibus
1718 4101 1900 4146 careat

329 4185 383 4228 ct
413 4176 697 4245 angustlis,
733 4180 933 4248 quippe
966 4195 1086 4234 cum
1122 4181 1363 4251 legamus
1397 4198 1518 4237 eum
1569 4185 1731 4237 multa
1775 4200 1900 4252 pcr-

334 4285 546 4334 pessum
576 4285 592 4335 ;
627 4271 720 4324 sed
749 4281 804 4324 ut
845 4272 1058 4340 patiens
1101 4276 1285 4329 Omnia
1325 4287 1567 4346 superet,
1612 4293 1711 4332 ncc
1744 4282 1901 4333 cedat

335 4372 613 4427 angustat.

407 4452 582 4522 (Vcrs.
619 4453 698 4525 9.)
730 4470 749 4505 ι
790 4454 858 4509 Et
891 4455 1037 4510 misit
1069 4456 1338 4513 Dominus
1383 4475 1602 4514 manum
1641 4477 1818 4528 suam,
1853 4475 1907 4517 et

343 4546 510 4613 tctzgit
545 4562 606 4600 os
643 4561 816 4600 meum
862 4561 879 4604 ζ
911 4558 966 4602 ct
999 4547 1140 4603 dixit
1187 4548 1448 4606 Dominus
1481 4553 1548 4607 ad
1600 4569 1686 4606 tne
1725 4568 1737 4605 :
1771 4553 1910 4608 licce

342 4639 456 4690 dedi
486 4640 646 4691 verba
694 4655 811 4692 mea
855 4639 906 4694 in
935 4655 1031 4695 ore
1088 4652 1200 4698 tuo.
1236 4661 1256 4695 ι
1296 4642 1603 4699 Notandum
1647 4647 1789 4716 quod
1823 4647 1911 4702 hic

345 4743 534 4782 inauus
575 4731 822 4783 mittatur
869 4729 988 4795 Dei,
1030 4746 1148 4800 qua:
1201 4741 1385 4802 tangat
1417 4749 1479 4788 os
1521 4733 1820 4804 Prophetas,
1857 4747 1909 4792 et

341 4821 549 4874 dicatur
581 4821 628 4874 ei
668 4819 847 4876 :Ecce
906 4823 1026 4876 dedi
1088 4823 1244 4878 verba
1291 4842 1406 4879 mea
1449 4829 1500 4880 in
1557 4844 1644 4881 ore
1688 4838 1811 4893 tuo;
1856 4828 1910 4882 in

342 4911 470 4964 Isaia
500 4924 678 4964 autem
705 4915 968 4980 Scriptum
1002 4915 1072 4967 sit
1109 4931 1121 4966 :
1152 4913 1218 4968 Et
1251 4918 1440 4971 missus
1463 4928 1536 4971 est
1567 4925 1635 4971 ad
1667 4936 1746 4972 me
1775 4937 1910 4973 unus

339 5005 400 5055 de
437 5001 738 5072 Serapltim,
783 5017 828 5056 et
883 5005 936 5058 in
981 5022 1138 5058 manu
1172 5008 1390 5061 [rubebat
1437 5011 1716 5064 carbonem
1761 5029 1911 5081 quem

341 5095 534 5161 t‘orcipe
563 5096 757 5146 tulerat
788 5095 848 5147 tle
872 5096 1055 5160 altari,
1092 5107 1136 5150 et
1171 5099 1335 5167 tetigit
1372 5116 1428 5151 os
1463 5117 1630 5152 "leum
1657 5111 1705 5155 et
1737 5108 1865 5154 dixit
1893 5118 1912 5156 :

338 5188 465 5239 Ecce
494 5188 662 5254 tetigit
690 5189 784 5240 iste
809 5189 950 5242 labia
989 5199 1098 5256 tua,
1136 5192 1406 5260 etauferet
1433 5193 1734 5261 iniquitates
1771 5207 1911 5260 tuas,

341 5289 386 5328 et
433 5291 648 5343 peccatu
711 5288 801 5331 tua
853 5282 1124 5334 mundabit
1177 5281 1316 5351 (lsa.
1356 5300 1426 5347 vr,
1466 5287 1520 5348 li,
1557 5288 1631 5353 7).
1664 5287 1736 5339 lbi
1770 5291 1911 5341 enim

343 5373 464 5434 quia
499 5369 684 5422 solidae
707 5381 754 5422 et
795 5373 1052 5439 perlecta:
1095 5380 1270 5428 mtatis
1291 5386 1430 5439 erat,
1469 5390 1520 5431 et
1553 5380 1668 5448 ipse
1703 5382 1913 5448 simpli-

345 5461 477 5514 citer
530 5463 821 5516 conﬁtetur
874 5471 1015 5532 quod
1073 5466 1351 5522 immunda
1410 5470 1548 5523 labia
1600 5473 1821 5536 habeat,
1861 5485 1916 5526 et

349 5555 547 5609 habitet
573 5557 626 5608 in
656 5558 833 5611 medio
862 5560 1038 5628 populi
1070 5561 1271 5629 polluta
1311 5565 1450 5617 labia
1488 5567 1734 5620 habentis
1758 5585 1772 5624 :
1797 5571 1916 5621 mit-

358 5649 483 5702 titur
534 5665 668 5704 unus
706 5650 772 5706 dc
800 5655 1104 5724 Seraph‘tn,
1135 5657 1221 5726 qui
1249 5671 1351 5712 non
1382 5675 1564 5727 manu,
1589 5663 1680 5718 sed
1711 5661 1915 5732 fort-ipe

1977 1807 2092 1862 Hoc
2124 1805 2267 1875 quod
2317 1820 2416 1858 nos
2469 1803 2536 1858 de
2591 1802 2862 1856 Hebraico
2921 1800 3250 1862 addidimus,
3299 1797 3542 1865 dissiprt',

1975 1900 2093 1953 sive
2127 1899 2379 1966 deponas,
2415 1895 2466 1948 in
2501 1895 2854 1963 Septuaginta
2888 1909 2990 1946 non
3033 1892 3284 1945 habetur.
3326 1890 3388 1943 Et
3413 1904 3545 1941 con-

1975 1988 2322 2045 siderandum
2369 1987 2512 2054 quod
2550 1995 2782 2053 quatuor
2827 1984 3082 2037 tristibus
3111 1981 3218 2036 duo
3269 1980 3392 2034 laeta
3424 1995 3544 2032 suc-

1975 2082 2192 2137 cedant.
2225 2077 2412 2148 Neque
2457 2079 2602 2132 enim
2643 2077 2900 2132 mdiﬁcari
2949 2083 3204 2145 poterant
3245 2073 3410 2136 bona,
3447 2070 3549 2124 nisi

1979 2175 2252 2228 destructa
2301 2180 2488 2226 essent
2532 2170 2670 2223 mala
2708 2185 2722 2223 :
2759 2185 2856 2222 nec
2908 2166 3138 2236 plautal‘i
3187 2166 3410 2234 Optima,
3448 2163 3551 2216 nisi

1979 2260 2386 2314 eradicarentur
2416 2261 2672 2326 pessima.
2696 2257 2886 2312 Omms
2908 2257 3050 2310 cnim
3081 2255 3363 2323 plantatio,
3389 2268 3552 2320 tinam

1985 2365 2087 2402 non
2125 2348 2392 2416 plantavit
2420 2347 2663 2400 caelestis
2693 2345 2873 2408 Pater,
2912 2346 3282 2399 cradicabitnr
3308 2360 3321 2395 :
3345 2351 3396 2396 et
3420 2342 3554 2394 tedi-

1987 2442 2166 2495 iicatio
2198 2456 2318 2508 qua:
2347 2456 2512 2508 supra
2548 2450 2754 2508 petram
2794 2454 2899 2491 non
2935 2439 3094 2490 habet
3123 2435 3554 2495 futidamentum,

1983 2534 2077 2588 sed
2107 2534 2162 2588 in
2203 2548 2369 2586 arena
2401 2542 2674 2587 exstructa
2719 2542 2824 2592 est,
2855 2544 3106 2584 sermone
3149 2527 3240 2581 Dei
3274 2526 3554 2580 suffoditur

1986 2640 2152 2695 atque
2175 2625 2491 2680 destruitur.
2525 2625 2675 2678 Illam
2707 2636 2883 2677 autem
2913 2639 3075 2692 quam
3105 2617 3558 2675 consutnctJesIts

1990 2718 2186 2786 spiritu
2236 2719 2350 2772 oris
2415 2716 2519 2782 sui,
2573 2725 2628 2770 et
2677 2716 2920 2770 destruet
2971 2711 3205 2766 adventu
3263 2711 3559 2780 priest-mia:

1990 2824 2138 2872 sum,
2206 2824 2422 2862 omnem
2488 2808 2699 2862 scilicet
2769 2807 3087 2874 sacrilegam
3148 2819 3562 2873 perversamqne

1995 2899 2326 2963 doctrinam,
2363 2901 2642 2962 disperdet
2676 2899 2730 2953 in
2763 2909 3109 2969 perpetuum.
3157 2900 3325 2953 Porro
3356 2912 3417 2950 ea
3447 2913 3566 2965 qua:

1938 3045 1952 3061 ,
1993 2991 2276 3045 elevantur
2312 3001 2501 3046 contra
2536 2993 2818 3046 scientiam
2856 2991 2969 3056 Dei,
2997 3001 3051 3045 et
3081 2991 3130 3044 in
3161 3006 3254 3043 sua
3288 2990 3566 3043 conﬁdunt

1992 3085 2286 3151 sapientia,
2326 3099 2445 3152 qum
2486 3089 2624 3154 apud
2665 3087 2834 3138 Deum
2885 3087 3112 3139 Stultitia
3145 3096 3250 3148 est,
3285 3083 3568 3150 dissipabit

1992 3189 2154 3245 atque
2183 3177 2414 3245 deponet
2455 3193 2468 3230 :
2499 3189 2558 3229 ut
2599 3178 2942 3230 :cdiliccntur
2991 3191 3088 3246 pro
3124 3177 3206 3249 bis
3237 3177 3482 3238 humilia,
3516 3187 3570 3227 et

1995 3267 2048 3321 in
2085 3270 2260 3321 locum
2294 3272 2636 3336 superiorum
2662 3284 2784 3335 quae
2817 3271 3090 3323 destructa
3126 3278 3252 3322 sunt
3285 3279 3338 3322 et
3362 3270 3566 3326 evulsa.

1994 3369 2349 3414 eXstruantur
2408 3375 2570 3429 atque
2627 3365 3124 3432 plantentur,qtue
3169 3361 3570 3417 Ecclesiastirie

1994 3452 2329 3507 conveniunt
2367 3455 2575 3506 veritati
2611 3471 2623 3506 :
2657 3462 2710 3506 et
2747 3454 3036 3522 impleatur
3080 3455 3213 3508 illud
3257 3456 3399 3522 quod
3435 3457 3572 3508 dicit

1993 3545 2319 3611 Apostolus,
2374 3543 2474 3596 Dei
2527 3545 2850 3612 n'diﬁcatio,
2912 3545 3006 3599 Dei
3053 3546 3384 3614 agricultura
3445 3550 3570 3600 estis

1997 3633 2082 3702 (ll
2119 3634 2242 3688 Cor.
2271 3651 2352 3696 Ill,
2386 3635 2464 3704 9).
2498 3634 2648 3688 Multi
2685 3639 2829 3689 hunc
2881 3634 3058 3688 locum
3091 3651 3254 3704 super
3279 3651 3570 3705 personam

1995 3727 2194 3782 Christi
2253 3727 2559 3795 intelligunt
2595 3743 2609 3784 ;
2649 3729 2911 3780 Jeremias
2977 3728 3119 3780 enim
3183 3727 3576 3795 interpretatur

1996 3819 2231 3873 excelsus
2267 3819 2478 3871 Domini
2513 3835 2531 3872 :
2586 3819 2675 3886 qui
2709 3818 2976 3871 destruxit
3018 3833 3180 3886 regna
3210 3817 3430 3882 diaboli,
3455 3834 3576 3886 qua:

1999 3912 2098 3967 sibi
2154 3912 2204 3963 in
2261 3913 2462 3964 montis
2510 3911 2823 3964 ostenderat
2879 3910 3096 3964 excelso
3156 3926 3171 3965 :
3233 3912 3577 3964 adversarius

2001 4004 2298 4073 perdiderit
2323 4012 2638 4071 potestates,
2674 4003 2858 4057 delens
2883 4004 3304 4072 chirographum
3329 4019 3575 4057 errorum

2002 4095 2057 4148 in
2110 4111 2294 4150 cruce.
2337 4093 2411 4148 De
2465 4093 2662 4162 quibus
2716 4103 2772 4147 et
2819 4095 2869 4146 in
2909 4093 3127 4148 Psalmo
3169 4104 3293 4163 post
3340 4095 3582 4147 historia:

2009 4188 2288 4242 veritatem
2334 4186 2613 4258 τροπικῶς
2677 4186 2915 4252 loquitur
2964 4203 2979 4241 :
3023 4185 3200 4250 Quare
3250 4188 3579 4256 fremuerunt

2007 4295 2200 4352 gentes,
2241 4292 2286 4334 et
2333 4280 2514 4348 populi
2565 4279 2806 4331 meditati
2857 4291 2975 4331 sunt
3039 4281 3584 4333 inunia?:istilermtt

1942 4395 1984 4448 υ
2014 4392 2154 4444 reges
2181 4386 2356 4436 terrae,
2387 4384 2434 4428 et
2465 4375 2724 4442 principes
2755 4386 3100 4428 converterunt
3129 4376 3181 4428 in
3220 4391 3379 4428 unum
3409 4374 3584 4447 (l’sal.

2013 4484 2074 4532 ιι,
2107 4471 2159 4532 ι,
2188 4468 2267 4537 2).
2295 4468 2399 4521 Pro
2425 4469 2513 4522 his
2552 4468 2780 4534 evulsis,
2826 4469 3146 4532 destructis,
3180 4481 3232 4521 et
3264 4469 3510 4537 perditis,
3534 4482 3590 4522 et

2013 4562 2079 4622 in;
2109 4561 2368 4616 inferiora
2413 4560 2695 4626 detractis,
2753 4560 3056 4614 aediﬁcatur
3111 4573 3273 4628 atque
3314 4561 3590 4630 plautatur

2013 4653 2266 4708 Ecclesia
2306 4653 2422 4707 Dei.
2470 4652 2643 4721 Super
2686 4652 2936 4707 Jeremiae
2967 4665 3145 4706 autem
3182 4667 3408 4720 persona
3441 4653 3587 4703 nulla

2013 4744 2280 4797 dubitatio
2350 4751 2456 4797 est.
2508 4741 2762 4808 Legimus
2811 4742 2954 4797 enim
3022 4741 3074 4794 iit
3125 4742 3590 4808 consequentibus

2017 4836 2160 4905 (cap.
2202 4834 2352 4905 xxv),
2401 4833 2543 4904 quod
2599 4835 2652 4888 in
2702 4850 2862 4888 manu
2914 4834 3147 4900 accipiant
3201 4832 3418 4884 calicem
3459 4833 3590 4885 meri

2017 4929 2270 4994 plenum;
2302 4934 2357 4980 ct
2392 4927 2684 4996 prepinare
2727 4924 2981 4993 iubeatur
3015 4922 3234 4987 cunctis
3264 4921 3315 4973 in
3358 4921 3591 4976 circuitu

2018 5018 2356 5072 nationibus.

2089 5088 2274 5179 (Vcrs.
2315 5109 2408 5175 ll,-
2444 5109 2558 5179 i2.)
2628 5128 2646 5161 ι
2684 5107 2746 5160 Ει
2780 5108 2978 5160 factum
3008 5115 3091 5158 est
3119 5104 3340 5156 verbum
3380 5102 3595 5156 Domini

2017 5204 2082 5254 ad
2127 5217 2233 5266 me,
2261 5202 2449 5256 dicens
2474 5218 2489 5260 ;
2517 5201 2655 5267 Quid
2706 5210 2758 5252 tu
2810 5200 2982 5261 vides,
3019 5193 3294 5250 Jeremia?
3329 5195 3392 5248 Et
3459 5195 3595 5257 dixi,

2019 5292 2240 5364 Virgam
2301 5294 2614 5360 vigilantem
2671 5307 2770 5362 ego
2819 5292 2994 5346 video.
3037 5291 3103 5344 Et
3153 5291 3289 5344 dixit
3341 5290 3599 5342 Dominus

2016 5387 2184 5457 840
2213 5387 2277 5440 ad
2314 5401 2398 5438 me
2429 5403 2445 5440 :
2476 5386 2618 5440 Bene
2642 5386 2822 5438 vidisti
2852 5402 2866 5438 :
2899 5386 3024 5455 quia
3060 5385 3290 5453 vigilabo
3311 5398 3409 5450 ego
3438 5396 3601 5447 super

2021 5481 2240 5532 verbum
2284 5494 2463 5531 meum
2516 5490 2572 5530 ut
2626 5479 2818 5534 faciam
2865 5479 3015 5532 illud.
3059 5497 3076 5529 ι
3124 5479 3228 5532 Pro
3277 5476 3426 5544 virga
3457 5476 3598 5539 vigi-

2021 5572 2182 5635 lante,
2215 5568 2352 5622 LXX
2407 5569 2650 5641 baculum
2700 5586 2918 5623 nuceum
2969 5569 3384 5623 transtulerunt.
3419 5566 3601 5620 Labo-

2024 5666 2251 5721 randum
2317 5664 2477 5733 igitur
2520 5664 2674 5719 nobis
2732 5675 2849 5730 cst,
2899 5673 2977 5718 -ut
3035 5663 3272 5718 breviter
3320 5661 3600 5716 llcln'tcam
