3950 6180
199 305 304 367 713

756 303 1252 366 COMMENTAR.
1297 303 1372 362 IN
1417 298 1820 362 JEREMIAM
1858 293 2325 355 PROPHETAM
2358 289 2506 348 LIB.
2541 288 2585 356 Ι,
2623 284 2781 342 CAP.
2819 279 2904 340 ΙΙ.

3345 271 3452 335 714

194 423 498 478 πείιιιρτῖι
530 422 764 486 lumbos,
794 423 979 475 audiat
1008 420 1138 474 illud
1168 421 1311 490 quod
1345 419 1613 488 scriptum
1643 425 1726 469 est
1755 427 1772 468 :
1807 419 1849 475 Α
1879 410 2119 482 episcopi
2151 408 2400 462 vidi-licet
2427 415 2480 459 et
2511 397 2811 472 presbyteri
2837 405 2891 450 el
2915 393 3150 490 diaconi.
3177 403 3232 474 ρι
3263 392 3454 460 vulsus

194 518 367 587 Surge
403 517 494 586 qui
526 515 750 578 dormis,
776 525 824 569 et
852 514 1054 568 elevare
1079 529 1097 567 :
1121 524 1170 567 et
1198 513 1518 567 illuminabit
1547 524 1595 566 te
1620 511 1773 566 Citri-

192 622 306 662 stus
335 607 550 679 (Ephcs.
582 623 637 671 v,
665 606 789 676 li);
816 615 876 660 ut
898 621 1114 675 semper
1139 606 1387 675 vigilans,
1413 615 1469 660 et
1492 604 1561 658 de
1582 619 1775 658 somno

193 715 555 770 consurgens,
586 699 843 768 loquatur
870 713 990 768 qiue
1023 698 1124 753 sibi
1158 697 1476 767 pra-ceperit
1509 696 1667 750 Deus.

275 810 294 844 ι
337 791 414 845 Ne
467 793 655 845 timeas
686 806 714 844 a
750 789 888 845 faeie
932 806 1117 844 eorum
1146 806 1162 845 :
1191 805 1292 844 nec
1325 790 1470 844 enim
1505 790 1693 842 limere
1726 797 1778 843 te

197 883 395 940 faciam
443 885 647 938 vultum
697 898 911 939 eorum.
964 903 982 936 ι
1035 883 1186 949 Sive,
1224 893 1280 936 ut
1318 883 1672 953 Septuaginta
1724 891 1778 936 et

191 977 380 1033 caueri
413 975 616 1030 habent
655 975 980 1046 interpretes
1011 1014 1026 1036 .
1063 991 1125 1028 ne
1161 974 1298 1044 forte
1342 976 1522 1030 timere
1557 975 1573 1006 ¹
1609 984 1656 1028 te
1687 972 1778 1041 fa-

191 1069 363 1122 ciam.
396 1067 461 1120 Et
491 1077 573 1121 est
600 1081 791 1122 sensus
819 1067 974 1138 juxta
1022 1067 1433 1121 translationem
1486 1075 1726 1120 nostram
1761 1082 1774 1119 :

194 1160 317 1214 Noli
355 1161 547 1214 timere
581 1174 610 1213 a
645 1158 781 1214 facie
816 1174 1002 1212 eorum
1035 1200 1048 1222 ,
1085 1173 1169 1212 me
1198 1160 1344 1214 enim
1379 1157 1646 1224 adjutore,
1685 1173 1780 1213 eos

197 1249 396 1302 timere
427 1263 531 1301 non
565 1249 790 1318 poteris.
821 1248 982 1303 Juxta
1015 1247 1366 1320 Septuaginta
1400 1289 1415 1312 ,
1439 1248 1560 1305 Noli
1588 1250 1781 1306 timere

196 1357 225 1394 a
268 1341 409 1396 facie
432 1357 644 1407 eorum,
675 1341 874 1396 habeto
914 1359 1048 1398 mea:
1077 1343 1458 1398 conﬁdentiam
1490 1342 1780 1412 jussiOnis.

196 1433 252 1488 Si
288 1433 437 1488 enim
472 1450 576 1487 non
607 1434 893 1500 obtuleris,
923 1435 1068 1504 quod
1101 1435 1292 1501 habes,
1323 1446 1384 1491 ιιι
1411 1437 1605 1489 timere
1635 1435 1781 1490 desi-

197 1541 320 1588 nas,
354 1527 725 1594 derelinquam
763 1536 837 1592 te,
867 1539 919 1582 et
949 1529 1156 1582 tradam
1188 1529 1394 1596 timori,
1425 1538 1482 1583 et
1512 1530 1781 1600 quodam-

197 1617 365 1670 modo
396 1616 623 1671 videbor
661 1617 852 1673 timere
879 1629 930 1673 te
974 1617 1177 1684 facere,
1212 1619 1338 1674 dum
1387 1619 1633 1690 relinquo
1665 1619 1781 1674 for-

196 1707 416 1762 midini.
448 1707 561 1764 Hoc
589 1717 767 1763 autem
795 1710 1088 1779 signiﬁcat,
1117 1710 1262 1780 quod
1293 1726 1511 1781 semper
1541 1713 1773 1767 amanda

192 1800 265 1853 sit
316 1800 524 1855 veritas
552 1840 569 1867 ,
616 1815 715 1856 nec
743 1802 980 1856 timenda
1020 1803 1297 1856 hominum
1345 1805 1655 1868 multitudo,
1685 1807 1776 1874 qui

193 1893 456 1962 increpiti
513 1891 624 1966 [ΑΙ.
677 1893 952 1966 intrepidi]
1005 1895 1399 1964 correptionem
1450 1912 1555 1951 non
1607 1899 1782 1953 susti-

193 1993 369 2049 nent;
401 1985 495 2040 sed
530 1985 756 2040 insidias
804 1987 1034 2041 tendunt
1088 1988 1138 2042 ei
1177 2003 1206 2041 a
1241 2003 1350 2057 quo
1385 1989 1779 2060 corripiunmr.

192 2078 468 2147 Quodque
503 2077 656 2147 juxta
713 2077 851 2132 LXX
883 2079 1173 2148 sequitur:
1209 2079 1349 2146 Quia
1385 2090 1553 2136 tecum
1579 2099 1694 2136 sum
1727 2093 1783 2136 ut

193 2171 423 2223 liberem
449 2180 517 2232 te,
544 2169 675 2222 dicit
706 2169 982 2235 Dominus,
1016 2174 1069 2225 in
1099 2170 1366 2228 llebraico
1393 2189 1496 2227 non
1531 2175 1782 2228 habetur.

195 2259 267 2313 Et
304 2260 390 2314 es't
421 2273 616 2313 sensus
650 2276 664 2314 :
693 2257 890 2314 Eruam
924 2271 998 2326 te,
1047 2276 1154 2318 non
1190 2262 1244 2318 in
1285 2278 1349 2318 eo
1390 2275 1445 2318 ut
1475 2264 1569 2319 tibi
1605 2265 1786 2321 nullus

200 2353 544 2420 insidietur;
567 2355 662 2410 sed
697 2355 751 2410 in
786 2370 873 2422 eo,
919 2364 977 2410 ut
1009 2358 1221 2428 patiens
1264 2357 1512 2427 insidias,
1543 2376 1650 2416 nou
1691 2363 1788 2418 de-

199 2443 445 2512 linquas.
1364 2494 1367 2496 .

280 2534 462 2604 (γει-ε.
499 2537 584 2603 l8,
621 2538 733 2609 l9.)
766 2559 785 2591 ι
822 2539 933 2611 Ego
979 2541 1176 2611 quippe
1223 2543 1344 2598 dedi
1381 2553 1434 2600 te
1471 2546 1632 2601 hodie
1659 2549 1788 2614 (site

201 2627 352 2683 Ecce
390 2631 542 2699 posui
574 2638 626 2686 te
660 2631 713 2686 in
747 2633 848 2686 hac
879 2633 988 2697 die)
1023 2633 1076 2687 iu
1111 2636 1383 2690 civitatem
1418 2641 1707 2703 munitam,
1735 2651 1786 2694 et

204 2721 263 2776 in
301 2722 610 2776 columnam
659 2723 914 2789 ferream,
949 2735 1006 2781 et
1051 2726 1105 2780 in
1141 2743 1352 2781 murum
1383 2745 1591 2784 aeneum
1625 2746 1789 2800 super

204 2827 430 2867 omnem
473 2823 670 2868 terram
703 2833 716 2868 :
749 2817 967 2885 regibus
1004 2815 1164 2881 Juda,
1193 2818 1532 2888 principibus
1562 2823 1702 2890 ejus,
1735 2833 1790 2878 et

205 2905 608 2970 sacerdotibus,
645 2915 699 2961 et
731 2907 925 2976 populo
958 2917 1134 2965 terrae.
1167 2908 1235 2964 Et
1278 2911 1555 2968 bellabunt
1604 2917 1794 2971 adver-

208 3012 334 3052 sum
363 3008 436 3060 te,
464 3005 521 3050 et
555 3013 660 3052 nou
708 3000 1075 3068 prrevalebunt
1104 3018 1118 3055 :
1147 3003 1272 3071 quia
1310 3011 1487 3058 tecum
1519 3021 1620 3074 ego
1645 3022 1792 3072 sum,

209 3091 288 3143 ait
323 3090 608 3152 Dominus,
641 3101 698 3144 ut
726 3090 952 3146 liberem
981 3102 1051 3147 te.
1089 3111 1108 3146 ι
1143 3093 1410 3150 Describit
1442 3112 1626 3152 sermo
1659 3099 1796 3154 divi-
1827 3106 1870 3162 ο

210 3193 321 3232 IIIIS
354 3193 454 3232 cur
496 3177 765 3248 Propheta
801 3179 996 3234 timere
1039 3197 1143 3234 non
1174 3181 1386 3236 debeat.
1419 3182 1554 3253 Ego,
1591 3184 1789 3252 inquii,

210 3269 392 3338 posui,
425 3269 539 3324 sive
566 3269 686 3324 dedi
720 3280 769 3324 te
800 3269 980 3335 hodie,
1013 3271 1116 3326 hoc
1149 3282 1250 3336 est,
1284 3273 1337 3327 itt
1375 3276 1625 3344 praesenti
1657 3278 1787 3340 vita,

211 3361 391 3416 donec
418 3371 644 3415 voratur
676 3363 855 3426 hodie,
883 3363 1040 3433 quasi
1072 3364 1351 3419 civitatein
1381 3367 1744 3422 firmissimam
1776 3385 1789 3421 :

213 3470 326 3507 non
360 3463 420 3506 ut
450 3470 610 3508 uuam
643 3455 886 3521 domqu,
929 3472 1026 3512 nec
1069 3459 1286 3524 turrim,
1319 3469 1411 3513 aut
1443 3459 1624 3528 aliqua
1660 3474 1796 3514 inm-

216 3547 305 3599 nia
344 3545 551 3615 (Matth.
607 3545 693 3616 v);
747 3547 842 3601 sed
894 3562 1110 3602 omnem
1165 3549 1464 3616 civitatem,
1517 3566 1638 3618 qua:
1683 3551 1792 3605 sita

215 3654 382 3707 super
411 3647 650 3694 montem
681 3639 851 3694 latere
899 3640 1004 3694 non
1036 3651 1234 3710 poteSt.
1287 3642 1360 3696 De
1389 3657 1493 3712 qua
1528 3644 1790 3713 scriptum

218 3743 308 3786 εει
342 3750 356 3784 :
387 3729 629 3784 Gloriosa
661 3731 805 3783 dicta
852 3740 970 3784 sunt
1019 3733 1083 3808 de
1131 3742 1198 3792 te.
1246 3733 1429 3786 civitas
1477 3732 1572 3785 Dei
1618 3733 1794 3800 (l’sal.

217 3838 438 3884 Lxxsvt,
469 3821 551 3893 2).
586 3821 691 3876 Et:
726 3821 838 3893 Ego
882 3823 1067 3876 civitas
1109 3823 1291 3894 ﬁrma,
1324 3824 1510 3876 civitas
1552 3839 1669 3892 qua:
1705 3840 1796 3892 op-

217 3924 492 3984 pugnatur
532 3913 670 3983 (lsa.
701 3930 872 3979 xxvii,
904 3915 982 3986 5).
1015 3916 1104 3981 Et,
1151 3917 1202 3970 in
1249 3917 1570 3972 columnam.
1603 3917 1799 3986 inquit.

219 4007 486 4074 ferream,
536 4006 603 4059 de
657 4019 760 4074 qua
815 4004 1006 4058 scribit
1053 4004 1346 4073 Apostolus
1392 4021 1408 4058 :
1449 4003 1708 4059 Columna
1747 4016 1797 4059 et

220 4097 614 4164 ﬁrmamentum
644 4095 878 4149 ueritatis
923 4093 974 4166 (I
1021 4093 1156 4148 Tim.
1186 4111 1263 4159 ιιι,
1304 4095 1411 4166 15).
1447 4094 1610 4166 843
1644 4094 1798 4152 Unde

222 4189 422 4242 Petrus
449 4197 504 4241 et
531 4185 791 4253 Joannes,
818 4186 911 4256 qui
943 4187 1276 4255 putabantur
1309 4185 1578 4240 columna:
1612 4187 1798 4244 Eccle-

221 4281 340 4344 siae,
375 4279 596 4334 dextras
629 4278 895 4332 dederunt
937 4277 1102 4332 Paulo
1141 4289 1195 4332 et
1245 4278 1506 4335 Barnaba:
1555 4296 1801 4336 commu-

222 4372 426 4425 nionis.
462 4371 569 4424 Nec
599 4371 703 4425 hoc
727 4369 948 4435 sufficit,
976 4372 1068 4423 sed
1100 4371 1154 4423 in
1182 4387 1412 4433 murum,
1445 4372 1542 4434 ait.
1575 4388 1798 4437 «tneunt,

1883 506 1984 557 vile
2015 513 2178 572 atque
2215 497 2472 570 ignobile,
2507 505 2698 549 contra
2729 497 2978 546 sanctum
3027 487 3202 540 virum
3234 497 3459 538 consur-

1879 611 2006 667 gere
2041 594 2332 656 voluerint,
2384 588 2580 644 habeat
2626 583 2746 639 ﬁdei
2796 580 3129 644 ﬁrmitatem,
3178 584 3233 630 et
3262 575 3458 629 timere

1881 687 2104 741 desistat
2135 701 2149 738 :
2182 682 2328 753 quia,
2369 679 2595 733 Domino
2633 674 2947 735 auxiliante,
2975 668 3275 739 superabit.

1953 800 2108 871 (Cap.
2160 795 2225 851 ll.
2259 793 2505 849 —-\’ers.
2545 791 2619 858 l.)
2674 808 2691 839 ι
2734 785 2800 841 Ει
2850 785 3050 840 factum
3098 789 3181 838 est
3228 780 3454 835 verbum

1881 892 2091 950 Domini
2128 890 2194 945 ad
2247 903 2334 942 me
2362 887 2553 940 dicens
2582 900 2598 937 :
2633 880 2802 943 Vade,
2839 889 2892 934 et
2926 878 3098 932 clama
3150 875 3204 928 in
3237 873 3460 927 auribus

1879 983 2179 1040 Jerusalem
2210 982 2419 1035 (licens.
2463 997 2483 1030 ι
2520 976 2635 1031 lloc
2666 974 2718 1028 in
2751 972 3107 1040 Septuaginta
3157 981 3261 1022 non
3296 967 3459 1019 habe-

1885 1091 1971 1134 tttr
2007 1095 2021 1132 :
2055 1077 2149 1132 setl
2201 1076 2302 1129 sub
2349 1058 2629 1126 asteriscis
2677 1068 2742 1120 de
2786 1061 3174 1118 Theodotionis
3222 1058 3460 1114 editione.

1882 1169 2122 1225 additum
2149 1173 2250 1231 est,
2267 1164 2356 1235 qui
2398 1162 2620 1230 verbum
2646 1157 2966 1213 llebraieum
2996 1168 3206 1208 canna
3230 1147 3460 1235 (ηε-πρ),

1883 1275 1981 1332 pro
2014 1274 2122 1330 quo
2157 1273 2258 1312 nos
2291 1254 2524 1310 diximus
2573 1251 2771 1308 clama.
2825 1247 2937 1301 sive
2985 1242 3240 1313 pradica,
3289 1254 3461 1293 tuter-

1885 1361 2131 1420 pretatus
2157 1358 2260 1410 est,
2295 1347 2424 1417 lege.
2457 1344 2524 1398 Et
2547 1341 2838 1398 lcetionem
2878 1337 3027 1390 enim
3073 1344 3130 1388 et
3172 1335 3464 1387 clamorem

1882 1455 1938 1500 ct
1987 1441 2430 1513 praedicationem
2483 1449 2582 1506 pro
2636 1423 2719 1486 sui
2773 1426 3128 1495 ambiguitate
3173 1421 3464 1492 signiﬁcat.

1883 1541 2060 1593 Aures
2103 1543 2286 1588 autem
2334 1526 2658 1591 Jerusalem,
2706 1538 2805 1592 pro
2841 1521 3067 1574 auribus
3103 1515 3464 1571 habitatorum

1883 1632 2004 1702 ejus
2028 1630 2290 1684 debemus
2316 1623 2588 1692 accipere.

1953 1742 2140 1816 (Vers.
2197 1739 2280 1809 2.)
2331 1756 2350 1790 ι
2408 1737 2554 1792 Hinc,
2591 1732 2726 1788 dicit
2760 1728 3094 1784 Dominus:
3126 1721 3468 1778 lieenrdatus

1890 1854 2013 1893 sum
2050 1835 2150 1900 tui,
2183 1833 2450 1888 miserans
2481 1821 2902 1885 adolescentiam
2947 1829 3097 1874 tuam
3143 1827 3198 1873 et
3229 1816 3466 1871 charita-

1895 1942 1999 1985 tem
2045 1923 2482 1998 desponsationis
2523 1928 2630 1974 tum
2659 1936 2673 1974 :
2705 1915 2926 1987 quando
2971 1920 3157 1968 secuta
3208 1923 3294 1964 me
3321 1923 3382 1963 es
3414 1909 3466 1960 in

1893 1995 2212 2088 desertopin
2243 2033 2385 2077 terra
2410 2008 2533 2088 quae
2554 2028 2661 2069 non
2684 2011 3004 2068 seminatur.
3037 2021 3056 2060 ι
3081 1995 3228 2060 LXX
3256 2022 3270 2058 :
3296 2021 3317 2055 ‹
3346 2003 3474 2058 liarc

1895 2122 2029 2174 dicit
2061 2118 2320 2172 Dominus
2350 2128 2366 2167 :
2398 2108 2742 2166 Recordatus
2771 2119 2889 2159 sum
2925 2098 3310 2171 misericordia
3338 2094 3472 2148 ado-

1897 2212 2168 2269 lescentite
2198 2220 2320 2271 tuae,
2343 2214 2400 2261 et
2428 2199 2736 2258 dilectionis
2765 2192 3114 2266 perfectionis
3149 2200 3271 2245 tuas.
3307 2206 3327 2239 ι
3357 2186 3474 2240 Ple-

1898 2307 2022 2360 nius
2049 2305 2152 2358 hoc
2188 2302 2242 2356 in
2269 2296 2520 2353 Ezechiel
2551 2293 2748 2348 dicitur
2775 2287 2991 2360 (Bacch.
3023 2285 3083 2351 t),
3123 2282 3340 2354 quando
3369 2279 3470 2335 sibi

1897 2396 2195 2454 Jerusalem
2233 2395 2284 2449 in
2323 2388 2673 2446 matrimonio
2700 2382 2964 2438 Dominus
3009 2376 3250 2447 copulat,
3274 2384 3339 2450 et
3373 2375 3474 2429 sub

1900 2505 2134 2561 persona
2182 2486 2389 2551 uxoris,
2430 2483 2545 2537 suis
2587 2479 2770 2548 jungit
2825 2473 3213 2542 amplexibus:
3249 2469 3365 2524 sive
3415 2479 3476 2520 ut

1899 2581 2262 2639 ardentiorem
2317 2582 2582 2632 monstret
2631 2571 2918 2634 affectum,
2973 2566 3205 2638 puellam
3253 2577 3373 2616 eam
3421 2570 3478 2614 et

1901 2673 2354 2732 adolescentulam
2402 2679 2458 2724 et
2507 2669 2888 2735 desponsatam
2938 2668 3119 2715 vocat.
3168 2658 3288 2722 Quo
3331 2655 3476 2710 enim

1901 2769 2128 2824 necdum
2180 2763 2334 2833 potiti
2382 2775 2594 2825 sumus,
2632 2757 2807 2825 magis
2854 2764 2913 2808 ιιι
2959 2753 3235 2819 potiamur
3265 2741 3478 2818 appeti-

1904 2875 2044 2914 mus.
2077 2857 2330 2922 Quando,
2362 2853 2558 2921 inquit,
2605 2857 2792 2905 secuta
2827 2862 2887 2902 es
2932 2833 3106 2900 merin
3152 2842 3477 2902 solitudine;

1903 2963 1957 3006 et
2007 2952 2174 3004 instar
2223 2945 2619 3013 sponsaliorum
2673 2952 2725 2996 et
2776 2940 2957 3003 dotis,
2995 2938 3129 3006 legis
3181 2934 3272 2989 tibi
3318 2947 3482 2986 orna-

1905 3057 2085 3100 menta
2135 3051 2189 3096 et
2233 3042 2524 3096 verborum
2577 3035 2830 3090 distribui
2879 3031 3124 3086 monilia.
3173 3028 3482 3097 Totamque

1907 3137 2008 3191 hoc.
2044 3151 2148 3190 non
2183 3135 2248 3188 ad
2295 3132 2549 3188 meritum
2582 3129 2702 3199 ejus
2733 3125 2922 3190 refert,
2959 3125 3052 3180 sed
3081 3125 3146 3177 ad
3185 3138 3340 3176 suam
3378 3122 3482 3174 mi-

1906 3227 2298 3290 sericordiam,
2355 3239 2453 3293 per
2495 3237 2656 3292 quam
2710 3230 2767 3274 et
2820 3219 3142 3273 charitatem
3189 3222 3482 3270 consecuta

1907 3329 2011 3372 est.
2045 3319 2158 3370 Hoc
2189 3330 2406 3385 quoque
2439 3313 2582 3382 quod
2631 3310 2940 3379 posuimus,
2970 3311 3025 3361 in
3057 3307 3226 3379 ΒΜ
3254 3308 3482 3367 deserto,

1907 3411 1960 3462 in
2009 3418 2149 3462 terra
2201 3422 2320 3478 qua:
2372 3421 2475 3460 non
2529 3403 2860 3465 seminatur,
2920 3401 2973 3453 in
3025 3397 3168 3452 LXX
3223 3413 3327 3452 non
3383 3397 3483 3452 ha-

1909 3503 2086 3557 betur.

1980 3635 2159 3706 (Vers.
2214 3635 2291 3704 5.)
2353 3651 2371 3684 ι
2429 3630 2664 3686 Sanctus
2721 3629 2890 3684 lsrael
2954 3629 3179 3683 Domino
3232 3629 3484 3697 primitiae

1911 3729 2123 3796 frugum
2147 3727 2264 3797 ejus
2290 3743 2306 3779 :
2333 3739 2524 3780 omnes
2545 3724 2636 3793 qui
2664 3725 2930 3777 devorant
2951 3737 3098 3786 eum,
3125 3722 3440 3791 delinquant
3466 3741 3482 3779 :

1913 3821 2051 3874 mala
2099 3818 2315 3873 venient
2360 3833 2522 3881 super
2559 3832 2701 3888 eos,;
2718 3815 2850 3870 dicit
2888 3816 3166 3872 Dominus.
3205 3837 3224 3870 ι
3259 3817 3485 3884 Quando

1910 3912 2076 3969 lsrael
2103 3911 2238 3966 dicit
2272 3909 2541 3978 primitias
2585 3909 2800 3979 frugum
2836 3910 3070 3973 Domini,
3113 3912 3350 3966 ostendit
3390 3928 3486 3980 po-

1913 4005 2096 4074 pulutn
2139 4005 2206 4060 de
2237 4004 2488 4072 gentibus
2534 4012 2919 4072 congregatum
2971 4017 3092 4057 esse
3138 4013 3260 4071 post
3296 4004 3485 4073 primi-

1913 4102 2052 4162 tias;
2097 4097 2248 4164 juxta
2298 4095 2428 4151 illud
2470 4094 2612 4163 quod
2662 4094 2716 4148 in
2753 4094 2859 4148 alio
2905 4094 3024 4148 loco
3057 4095 3320 4165 scriptum
3359 4107 3441 4151 est
3469 4087 3498 4150 ι’

1917 4191 2121 4244 Memor
2161 4200 2270 4242 esto
2309 4187 2725 4258 congregationis
2759 4195 2882 4252 tuaz,
2916 4202 3074 4256 quam
3103 4187 3386 4255 possedisti
3421 4190 3485 4241 ab

1913 4278 2268 4350 initio'(Psal.
2320 4293 2569 4342 nunt,
2603 4277 2683 4347 2).
2736 4277 2992 4331 Primitias
3043 4290 3222 4332 autem
3273 4294 3479 4347 ε>ιιιρ.-ι
3555 4291 3559 4293 ·

1917 4373 2185 4428 debentur
2199 4371 2600 4433 sacerdotibus,
2621 4380 2675 4424 et
2703 4385 2806 4424 non
2829 4369 3099 4425 hostibus.
3120 4370 3272 4435 Quod
3306 4376 3488 4440 sequi.

222 4463 317 4531 qui
362 4461 510 4517 nulla
563 4462 793 4515 νὶοιθιιιῐ
842 4461 1124 4531 rubigine.
1178 4475 1278 4514 nec
1325 4476 1500 4515 czesus
1535 4462 1800 4517 imbribus
1835 4465 1878 4521 D
1910 4476 2036 4521 tur:
2071 4464 2263 4520 Omnes
2311 4464 2400 4534 qui
2455 4464 2707 4518 decorant
2756 4479 2907 4527 eum,
2963 4462 3262 4526 delinquant
3295 4475 3315 4515 :
3347 4464 3489 4516 mala

221 4557 467 4626 deperit;
501 4556 599 4610 sed
637 4562 908 4610 vetustate
943 4552 1000 4606 ﬁt
1032 4551 1140 4624 [AL
1175 4551 1267 4624 sit]
1306 4553 1521 4607 fortior.
1558 4552 1681 4608 Eris
1709 4569 1804 4605 au-

224 4663 336 4705 tem
365 4650 489 4705 talis
516 4658 704 4705 contra
737 4663 890 4717 reges
916 4658 969 4702 et
1000 4649 1276 4717 principes
1305 4655 1358 4702 et
1388 4647 1667 4718 populum,
1696 4663 1802 4700 non

223 4740 521 4811 cujuslibet
555 4741 680 4805 loci,
705 4739 798 4794 sed
830 4747 991 4794 terra:
1021 4739 1078 4805 ’ς
1111 4740 1176 4793 iis
1199 4739 1288 4808 qui
1317 4747 1531 4794 terrena
1565 4739 1806 4806 sapiunt,

223 4844 286 4890 et
306 4833 549 4888 ctelestia
580 4848 684 4886 non
707 4840 998 4892 noverunt.
1027 4831 1118 4901 qui
1153 4831 1356 4885 habent
1377 4830 1673 4900 imaginem
1697 4834 1811 4898 χοῖ-

225 4924 332 4979 κοῦ
363 4935 418 4978 et
458 4939 563 4978 non
591 4924 848 4978 caelestis.
877 4921 970 4985 Hi,
1007 4923 1202 4991 inquit,
1230 4921 1496 4975 bellabunt
1527 4924 1806 4975 adversum

225 5027 302 5081 te,
334 5025 384 5069 et
415 5032 516 5068 non
544 5013 924 5084 prwvalebunt.
957 5013 1093 5074 Cur,
1127 5012 1346 5082 φιδιεοῖ
1372 5013 1502 5078 Qum
1526 5022 1611 5067 est
1651 5023 1814 5067 tanta:

227 5107 570 5162 fortitudinis
601 5119 786 5170 causa,
820 5115 878 5159 ut
908 5120 1008 5160 nec
1039 5121 1214 5175 reges,
1250 5120 1348 5160 nec
1391 5105 1686 5175 principes,
1714 5119 1814 5159 nec

226 5199 570 5261 sacerdotes,
604 5213 704 5252 nec
734 5196 916 5266 populi
949 5198 1208 5252 adversus
1247 5212 1413 5251 unum
1451 5195 1814 5266 prmvaleant?

227 5291 542 5362 Sequitur:
579 5288 718 5354 Quia
753 5299 919 5342 tecum
966 5304 1058 5358 ego
1103 5305 1242 5353 sum,
1294 5289 1367 5341 ait
1422 5287 1704 5351 Dominus,
1757 5297 1810 5339 ut

225 5383 451 5437 liberem
487 5393 556 5434 te.
590 5379 645 5434 Si
677 5380 896 5450 quando
928 5393 1079 5448 reges
1107 5377 1271 5444 Juda,
1299 5379 1390 5448 qui
1423 5380 1815 5448 interpretatur

226 5479 519 5547 confessio,
548 5487 603 5530 et
633 5477 904 5546 principes
938 5476 1057 5544 ejus
1099 5483 1154 5528 et
1183 5473 1496 5529 sacerdotes
1527 5482 1575 5528 et
1611 5471 1813 5542 populi,

318 5692 335 5722 ¹
369 5690 459 5743 Sic
509 5688 665 5741 habet
723 5701 888 5738 unum
937 5683 1163 5736 Cantab.
1222 5695 1534 5750 exempmr,
1572 5679 1818 5750 Δμήποτε.

234 5758 546 5831 πτοηῢῆναὶ
589 5773 644 5808 σε
693 5757 926 5823 ποιήσω.
977 5756 1183 5807 Caetera
1236 5748 1686 5822 pqiéﬁtoqeﬁb
1726 5763 1819 5802 ηεσ

567 5851 838 5912 Ρηιιοι.
891 5848 1111 5910 XXIV.

1909 4557 2114 4614 venient
2155 4573 2312 4626 super
2349 4574 2460 4623 eos,
2491 4557 2616 4610 dicit
2663 4555 2943 4620 Dominus,
2975 4555 3119 4608 hunc
3157 4555 3316 4610 habet
3361 4571 3489 4610 sen-

1910 4664 2030 4705 sum
2061 4665 2077 4702 :
2107 4649 2394 4714 Quomodo
2425 4647 2516 4717 qui
2551 4647 2823 4716 primitias
2860 4648 3122 4703 devorant
3171 4645 3360 4716 (Nunt.
3410 4649 3486 4711 v),

1913 4759 2252 4815 nequaquam
2281 4743 2347 4798 de
2368 4757 2565 4811 genere
2590 4742 2940 4806 sacerdotali,
2963 4741 3184 4796 sceleris
3213 4741 3287 4794 rei
3317 4749 3443 4793 sunt
3469 4757 3482 4794 :

1912 4838 1993 4892 sic
2036 4836 2128 4905 qui
2179 4835 2556 4890 contaminant
2606 4833 2812 4898 lsrael,
2862 4833 3019 4906 maljs
3071 4831 3486 4897 subjicientur:

1911 4929 2060 4998 juxta
2103 4928 2231 4982 illud
2263 4928 2406 4996 quod
2455 4928 2506 4982 in
2550 4927 2812 4984 vicesimo
2841 4938 2996 4980 sexto
3028 4925 3238 4994 psalmo
3271 4932 3490 4979 sanctus

1917 5017 2086 5074 David
2121 5018 2361 5088 loquitur
2393 5035 2408 5072 :
2447 5017 2579 5071 Dum
2627 5017 3050 5087 appropinquant
3082 5031 3239 5082 super
3277 5030 3355 5067 me
3400 5032 3492 5067 no-

1917 5117 2109 5170 centes,
2141 5117 2198 5160 ut
2240 5109 2398 5161 edant
2432 5123 2617 5162 carnes
2651 5122 2792 5160 meas
2822 5107 2952 5173 :qui
2988 5103 3247 5158 tribulam
3277 5119 3356 5158 me
3384 5105 3492 5158 ini-

1918 5200 2040 5252 mici
2088 5200 2208 5262 mei,
2258 5199 2360 5267 ipsi
2409 5199 2668 5267 inﬁrmati
2718 5206 2838 5250 sunt
2885 5206 2933 5251 et
2981 5199 3278 5250 ceciderunt
3318 5197 3489 5266 (Psal.

1920 5309 2066 5356 xxvi,
2091 5292 2145 5354 3,
2176 5291 2254 5362 4).
2279 5288 2466 5360 Neque
2505 5290 2648 5344 enim
2677 5305 2741 5342 ex
2777 5303 2842 5344 eo
2875 5290 3016 5358 quod
3053 5288 3148 5344 Dei
3189 5304 3495 5358 exsequun-

1922 5395 2011 5439 tur
2045 5383 2394 5445 sententiam,
2443 5381 2712 5434 immunes
2743 5391 2904 5434 erunt
2933 5396 2959 5434 a
2992 5383 3276 5449 supplicio,
3315 5382 3492 5436 mala-

1920 5491 2027 5544 que
2059 5475 2284 5529 vcniunt
2329 5488 2492 5542 super
2533 5487 2626 5527 eos
2655 5489 2671 5527 :
2703 5483 2915 5542 oportet
2944 5477 3085 5529 enim
3119 5477 3305 5529 venire
3334 5489 3493 5528 ευθει-

1927 5679 2131 5732 timens.

1999 5749 2014 5778 ³
2051 5747 2274 5816 Ἥρωι-η
2309 5747 2362 5801 id
2391 5755 2462 5800 est
2495 5758 2673 5799 eorum
2703 5743 2790 5811 qui
2819 5754 3044 5797 terrena,
3078 5751 3178 5790 Cic.

3141 5827 3240 5924 23_
