3950 6180
561 282 668 347 715

1713 282 1772 340 S.
1813 280 2125 340 EUSEBlI
2167 278 2466 338 HIERON
2479 279 2607 337 YMI
3628 281 3712 345 716

553 397 711 458 data;
763 411 946 450 verum
1022 411 1096 450 rte
1145 395 1190 449 ei
1243 409 1338 464 per
1388 409 1544 462 quem
1595 396 1818 450 veniunt
1867 392 2117 448 scandala
2150 405 2191 458 Α
2224 409 2449 457 cxxxiii,
2488 397 2556 461 1).
2599 391 2817 444 Frustra
2856 390 3016 457 igitur
3047 403 3182 444 nova
3211 405 3274 443 ex
3311 393 3467 446 veteri
3496 393 3709 451 [imresis'

558 489 766 557 (Matth.
801 488 976 556 xvttt).

627 578 802 648 (Vers.
848 580 901 643 4,
934 580 1012 646 5.)
1065 598 1082 629 ι
1137 580 1329 632 Audite
1375 579 1594 631 verbum
1633 578 1882 642 Domini,
1930 578 2121 632 domus

557 669 744 732 JaCtil),
779 682 834 724 et
884 685 1072 725 omnes
1117 671 1468 737 cognationes
1519 671 1708 724 domus
1759 669 1943 722 Israel.
1995 667 2118 722 Ilaec

560 765 684 815 dicit
717 762 978 833 Dominus
1005 780 1018 815 :
1044 760 1180 827 Quid
1207 763 1530 815 invenerunt
1558 768 1742 829 patres
1768 761 1928 815 vestri
1955 761 2006 812 in
2036 773 2120 812 me

555 854 876 921 iniquitatis,
913 853 1036 920 quia
1069 853 1455 920 clongavcrunt
1484 867 1512 904 a
1555 868 1637 903 me
1668 867 1681 904 :
1714 859 1766 903 et
1812 851 2122 904 ambulave-

556 949 678 992 rnnt
728 951 846 1007 post
897 942 1183 993 vanitatem
1217 959 1231 996 :
1264 950 1318 994 et
1353 940 1475 993 vani
1524 940 1647 1002 facti
1697 940 1863 993 sunt?
1901 958 1920 990 ›
1967 939 2120 994 llunc

552 1045 765 1082 sensum
795 1038 844 1082 et
882 1029 1018 1082 alius
1066 1031 1324 1098 propheta
1365 1035 1642 1082 testatur:
1677 1027 1910 1092 Populus
1949 1043 2116 1092 meus,

553 1122 675 1189 quid
725 1123 823 1189 feci
876 1121 986 1185 tibi,
1023 1130 1069 1172 et
1101 1121 1223 1189 quid
1267 1121 1510 1172 molestus
1557 1119 1636 1186 [ui
1673 1118 1807 1171 tibi?
1857 1117 2122 1186 Responde

554 1215 680 1265 nti/ti
711 1229 727 1266 .·
757 1214 880 1281 quia
923 1212 1080 1264 eduxi
1133 1224 1179 1264 te
1212 1212 1275 1263 de
1323 1221 1463 1262 terra
1500 1209 1742 1279 Ᾰίθυριὶ,
1780 1219 1830 1261 et
1872 1211 1933 1262 de
1966 1211 2120 1262 domo

551 1306 879 1358 servientium
918 1303 1138 1354 liberavi
1170 1313 1215 1354 te
1243 1300 1425 1370 (Illic/1.
1458 1317 1525 1364 vI,
1556 1303 1668 1369 54).
1702 1301 1998 1369 Utrumque
2023 1316 2120 1351 au-

556 1409 658 1448 tem
695 1411 913 1459 umneu,
961 1394 1128 1446 Jacob
1179 1404 1228 1446 et
1279 1391 1443 1444 Israel
1487 1393 1741 1460 ponitur:
1779 1406 1880 1442 non
1931 1405 2122 1442 secun-

555 1494 676 1539 dum
709 1493 840 1540 duas
871 1498 924 1540 el
954 1488 1136 1539 decem
1170 1486 1356 1549 tribus,
1394 1484 1484 1536 sed
1513 1484 1663 1550 juxta
1701 1499 1912 1536 omnem
1947 1498 2117 1551 popu-

557 1584 663 1630 lum
700 1596 712 1634 :
747 1596 866 1631 cum
897 1589 950 1631 et
981 1578 1092 1644 ipse
1121 1575 1284 1629 Jacoh
1317 1587 1499 1644 postea
1536 1577 1834 1643 appellatus
1862 1576 1932 1627 sit
1959 1573 2117 1627 Brael

557 1671 704 1734 (Ceu.
741 1671 933 1736 xxxii).
965 1668 1233 1721 Ollensam
1268 1677 1444 1720 autem
1476 1667 1624 1720 ducit
1651 1683 1676 1718 a
1713 1669 1974 1734 patribus,
2011 1683 2115 1719 non

2227 488 2554 556 suspicatur,
2585 485 2669 539 hic
2697 483 2989 552 perfectam
3021 498 3140 536 esse
3164 483 3455 545 victoriam,
3476 485 3550 537 ubi
3576 503 3710 558 pugna

2224 589 2308 633 est
2361 589 2525 645 atque
2573 584 2887 642 certamen,
2937 585 2989 627 et
3055 575 3288 628 incertus
3342 576 3502 629 exitus
3543 575 3716 630 futuro-

2222 685 2363 722 rum.

2297 757 2474 830 (Vers.
2507 759 2584 828 7.)
2624 777 2642 808 ι
2666 759 2740 812 Et
2784 757 2974 811 induxi
3007 771 3104 811 vos
3134 756 3183 810 in
3216 767 3404 810 terram
3429 755 3647 822 Carmeli,
3674 769 3716 811 ut

2223 851 2581 905 comederetis
2610 848 2847 902 fructum
2879 847 3000 917 ejus
3023 858 3076 902 et
3101 849 3236 902 bona
3268 846 3403 900 illius
3428 858 3510 902 :et
3534 850 3713 920 ingressi

2225 941 2637 998 contaminastis
2669 951 2866 997 terram
2891 957 3106 1001 meam;
3137 953 3187 994 et
3218 941 3558 996 hmreditatem
3583 958 3715 995 meam

2223 1035 2481 1104 posuistis
2515 1033 2570 1087 in
2602 1032 3088 1088 abominationem.
3121 1051 3138 1084 ι
3171 1033 3274 1086 Pro
3302 1033 3474 1087 labore
3500 1033 3715 1088 durissimi

2224 1125 2456 1191 itineris,
2498 1125 2620 1179 dedi
2679 1125 2834 1178 vobis
2877 1125 3117 1178 omnium
3167 1139 3340 1178 rerum
3379 1123 3713 1177 abundantiam.

2224 1215 2338 1268 lloc
2371 1215 2569 1284 quippe
2613 1215 2887 1284 signiﬁcat
2925 1213 3221 1276 Carmelus,
3261 1215 3348 1280 qni
3393 1211 3622 1265 Hebraice
3645 1227 3718 1279 ap-

2223 1307 2450 1374 pellatur
2479 1320 2725 1360 cunnum.
2753 1306 2975 1375 (77:37:),
3006 1314 3059 1356 et
3101 1305 3155 1356 in
3203 1306 3375 1370 lingua
3412 1315 3570 1354 nostra
3602 1311 3720 1355 sonat

2225 1399 2571 1469 cognitionem
2632 1397 3068 1450 circumcisiom‘s.
3125 1394 3402 1460 Quomodo
3457 1403 3608 1444 autem
3654 1394 3720 1446 ille

2228 1489 2454 1558 p0pulns
2499 1499 2698 1541 terram
2747 1498 3012 1549 sanctam,
3049 1495 3102 1538 et
3145 1485 3383 1537 Omnium
3422 1500 3575 1535 rerum
3605 1483 3719 1534 ferti-

2225 1584 2347 1647 lem,
2386 1581 2689 1634 idololatria
2720 1579 2908 1647 polluit
2941 1587 3102 1652 atque
3129 1576 3345 1629 violavit
3374 1593 3388 1626 :
3417 1575 3487 1627 sic
3514 1589 3595 1627 nos
3615 1587 3718 1626 verat!

2224 1671 2655 1726 circmucisionis
2706 1671 3035 1738 accipientes
3084 1668 3402 1729 scientiam,
3449 1665 3717 1718 comedimus

553 1775 660 1827 ι1¹ιο
711 1768 926 1827 ιιθοοειῑι
965 1768 1175 1826 Paulli“
1225 1758 1354 1811 "llis
1392 1760 1724 1823 imputantur
1752 1797 1768 1822 ν
1802 1759 1896 1810 56d
1927 1775 2033 1827 quo
2065 1767 2120 1811 θι
2154 1747 2191 1800 Β
2221 1764 2430 1817 fructus
2456 1763 2606 1828 ejus;
2640 1769 2694 1816 et
2724 1761 2768 1814 si
2797 1759 3117 1828 negligentia
3150 1757 3490 1826 subrepserit,
3511 1755 3717 1808 contami-

558 1853 646 1904 tilii
698 1852 955 1903 habentes
1001 1859 1208 1916 patrum
1262 1847 1692 1913 similitudinem,
1721 1858 1776 1902 et
1805 1863 1904 1901 suo
1938 1859 1989 1902 et
2022 1864 2117 1917 pa-

558 1952 767 1994 rentum
840 1938 1042 1992 scelere
1111 1937 1426 2006 puniantur.
1487 1935 1640 2005 Sarpe
1693 1936 1915 2004 legimus
1973 1937 2119 2005 quod

558 2043 772 2100 propter
819 2039 1039 2084 sanctos
1076 2039 1276 2096 patres,
1315 2030 1546 2083 filiorum
1593 2029 1913 2083 misereatur
1956 2028 2117 2084 Deus.

560 2124 976 2191 Dereliquerunt
1051 2130 1231 2174 autem
1306 2131 1488 2187 patres
1559 2120 1738 2188 populi
1819 2120 2120 2187 peccatoris

559 2217 756 2277 Deum;
789 2225 843 2268 et
873 2210 978 2266 non
1013 2211 1266 2277 breviter,
1295 2213 1387 2265 sed
1431 2211 1590 2280 longo
1623 2221 1860 2278 tempore
1886 2251 1904 2276 ,
1932 2221 1984 2265 et
2026 2226 2123 2280 pro

558 2308 667 2360 Deo
710 2305 889 2370 secuti
941 2310 1067 2357 sunt
1113 2304 1438 2367 vanitatem,
1491 2302 1632 2356 idola
1668 2304 1952 2365 videlicet,
2005 2319 2124 2372 qua:

557 2398 687 2452 nihil
719 2403 945 2465 prosunt
976 2391 1278 2449 cultoribus
1304 2394 1418 2446 suis
1449 2431 1466 2456 ,
1495 2404 1550 2445 et
1585 2392 1718 2461 ipsis
1761 2395 1964 2448 similes
1993 2393 2121 2446 facti

555 2499 679 2542 sunt
726 2487 1020 2542 secundum
1071 2483 1202 2537 illud
1246 2483 1390 2551 quod
1445 2483 1705 2550 scriptum
1742 2495 1864 2537 est:
1910 2482 2121 2538 Similes

553 2579 660 2632 iiiis
703 2576 834 2643 ﬁant
863 2574 953 2643 qui
986 2573 1185 2642 faciunt
1219 2588 1279 2626 ea
1299 2590 1318 2637 ,'
1357 2580 1406 2625 et
1441 2589 1615 2626 omnes
1647 2574 1736 2641 qui
1768 2573 2034 2640 conﬁdunt
2070 2577 2123 2626 iu

553 2671 626 2722 eis
661 2667 832 2738 (l’sal.
867 2681 1017 2731 cxnt,
1053 2664 1132 2732 8).

627 2760 806 2829 (Vers.
843 2759 919 2828 6.)
959 2776 975 2808 ι
1009 2755 1075 2809 Et
1117 2771 1222 2810 non
1269 2755 1558 2810 dixerunt:
1597 2757 1698 2811 Ubi
1743 2766 1824 2809 est
1863 2756 2122 2811 Dominus

557 2856 646 2922 qui
675 2853 969 2909 ascendere
995 2863 1092 2904 nos
1121 2848 1250 2904 fecit
1283 2848 1350 2902 de
1378 2860 1518 2904 terra
1541 2848 1754 2918 [Egypli
1780 2864 1793 2903 :
1824 2849 1913 2915 qui
1949 2859 2125 2901 trans-

559 2947 712 2998 duxit
745 2958 846 2996 nos
877 2956 968 3007 per
1004 2941 1297 3004 desertum,
1341 2954 1434 3007 per
1475 2949 1673 2992 terram
1715 2939 2121 2991 inhabitabilem

559 3046 612 3089 et
632 3035 830 3088 inviam
854 3046 979 3098 :pcr
1000 3042 1196 3086 terram
1223 3033 1340 3084 sitis
1355 3042 1408 3084 et
1423 3029 1588 3100 8A5
1609 3030 1892 3098 iinagiuem
1914 3030 2121 3092 mortis,

560 3145 656 3197 per
689 3138 882 3180 terram
914 3127 965 3178 in
993 3139 1098 3192 qua
1126 3137 1232 3176 non
1265 3122 1561 3176 ambulavit
1586 3122 1688 3187 vir,
1721 3137 1892 3190 neque
1917 3121 2125 3174 habita-

560 3222 637 3272 bit
663 3219 848 3272 homo.
887 3237 906 3268 ι
945 3215 1046 3270 Pro
1076 3215 1316 3282 homine,
1343 3211 1483 3266 LXX
1506 3214 1675 3282 [ilium
1703 3214 1928 3267 hominis
1961 3215 2126 3266 inter-

561 3311 752 3379 pretati
799 3319 957 3372 sunt;
998 3315 1052 3362 et
1104 3322 1198 3376 pro
1243 3307 1474 3372 imagine
1524 3306 1734 3371 mortis,
1763 3307 1828 3360 de
1874 3305 2125 3360 Theodo-

560 3407 704 3457 tiune
744 3402 982 3456 additum
1017 3410 1125 3463 est,
1160 3398 1344 3450 umbra
1380 3399 1588 3451 martis.
1633 3399 1788 3462 Quod
1822 3413 1945 3450 cum
1970 3397 2125 3467 juxta

562 3496 839 3548 historiam
878 3491 1220 3544 manifestum
1267 3491 1359 3552 sit,
1384 3488 1520 3543 illud
1559 3489 2012 3543 considerandum
2044 3498 2127 3543 est

559 3587 858 3642 secundum
905 3598 1205 3650 auagogcn,
1239 3583 1378 3650 quod
1427 3583 1666 3649 quaudiu
1705 3583 1754 3634 in
1793 3582 1897 3634 isto
1930 3582 2126 3634 sarculo

560 3694 768 3739 smnus,
802 3687 855 3729 et
887 3678 952 3730 de
982 3675 1212 3745 Aﬂgypto
1243 3674 1546 3738 educimur,
1581 3673 1840 3742 paulatim
1876 3673 2126 3727 ascendi-

562 3787 699 3836 mus,
729 3779 782 3822 ct
811 3771 1044 3839 primum
1089 3770 1299 3821 deserta
1331 3767 1626 3820 transimus
1655 3774 1708 3821 et
1736 3774 1939 3818 terram
1968 3765 2124 3817 inha—

561 3863 862 3923 bitabilem,
897 3876 1057 3929 quant
1099 3869 1317 3913 sanctus
1358 3857 1664 3911 inhabitare
1706 3873 1812 3911 non
1857 3857 2038 3922 debet,
2073 3865 2128 3910 ct

559 3957 785 4019 inviam,
813 3966 868 4006 ut
899 3952 1262 4006 dillicultatem
1308 3960 1578 4004 monstret
1610 3950 1841 4004 itineris.
1883 3949 1984 4002 Per
2025 3960 2127 4002 ter-

564 4062 677 4097 ram
707 4047 847 4106 sitis,
879 4045 968 4096 ubi
997 4057 1212 4110 semper
1240 4041 1444 4108 majora
1472 4041 1739 4108 cupimus,
1767 4057 1862 4095 nec
1891 4057 2128 4110 praesen-

564 4141 702 4189 tibus
745 4134 984 4188 contenti
1025 4147 1254 4186 sumus:
1295 4141 1344 4184 et
1384 4133 1684 4199 imaginem,
1727 4133 1839 4183 sive
1885 4134 2127 4182 umbram

563 4228 745 4279 mortis
773 4241 792 4278 :
833 4240 1044 4293 semper
1071 4225 1216 4277 enim
1268 4224 1318 4276 in
1375 4222 1614 4290 periculo
1658 4223 2030 4281 consistimus,
2075 4229 2129 4273 et

565 4319 762 4384 ubique
804 4316 1050 4369 diabolus
1100 4314 1272 4368 tendit
1314 4313 1530 4381 laqueos
1577 4328 1702 4366 suos
1733 4328 1747 4368 :
1779 4328 1870 4378 per
1899 4323 2125 4374 terram,

2222 1869 2417 1908 namus
2458 1863 2658 1906 terram
2691 1853 2808 1916 Dei,
2841 1861 2893 1905 et
2931 1850 3302 1905 hatredilatem
3337 1850 3471 1904 illius
3500 1848 3717 1902 abomina-

2221 1947 2379 2000 bilem
2422 1945 2667 1998 facimus.

2291 2037 2472 2109 (Vers.
2515 2036 2592 2104 8.)
2639 2055 2659 2086 ‹
2695 2034 3020 2089 Sacerdotes
3073 2047 3178 2088 non
3226 2031 3502 2095 dixerunt,
3546 2029 3627 2083 Ubi
3660 2036 3718 2082 est

2223 2128 2519 2184 Dominus?
2554 2137 2608 2182 et
2661 2137 2907 2181 tenentes
2957 2125 3126 2194 legem
3175 2139 3353 2178 meam
3389 2126 3428 2189 ε,
3476 2121 3719 2175 nescierunt

2224 2237 2330 2286 me,
2367 2235 2421 2276 et
2466 2233 2713 2292 pastores
2763 2216 3101 2290 praevaricati
3151 2224 3282 2269 sunt
3330 2215 3378 2268 in
3424 2231 3518 2278 me,
3548 2223 3593 2266 et
3631 2228 3720 2282 pro-

2225 2320 2399 2382 phetae
2447 2312 2841 2381 prophetarum
2875 2311 2927 2362 in
2963 2308 3114 2372 Baal,
3146 2319 3200 2361 et
3246 2307 3384 2369 idola
3419 2303 3570 2382 secuti
3599 2299 3722 2374 856

2223 2412 2370 2458 Sunt.
2417 2420 2435 2453 ι
2487 2402 2610 2455 Post
2656 2410 2802 2454 tanta
2851 2397 3111 2453 beneficia
3155 2406 3432 2451 verterunt
3461 2378 3508 2447 iit
3536 2403 3722 2448 COtIlCItt-

2225 2505 2372 2559 ptum
2402 2493 2682 2561 privilegia
2712 2491 2989 2564 dignitatis
3019 2505 3033 2542 :
3069 2499 3127 2541 ut
3159 2490 3464 2542 sacerdotes
3497 2485 3719 2534 Dominum

2223 2602 2329 2638 non
2360 2594 2701 2654 quaererent;
2736 2593 2793 2636 ut
2827 2583 3074 2636 doctores
3115 2581 3256 2650 legis
3294 2581 3582 2648 ignorarent
3613 2589 3724 2631 cum,

2224 2682 2316 2748 qui
2361 2678 2496 2731 alios
2531 2677 2726 2731 docere
2761 2675 3052 2738 debebant,
3085 2684 3140 2726 et
3169 2682 3411 2740 pastores
3437 2669 3533 2741 [AL
3570 2666 3720 2736 praedi-

2226 2766 2458 2837 catores]
2499 2779 2595 2835 per
2643 2765 3025 2834 negligentiam
3081 2761 3520 2830 prmvaricatores
3562 2758 3723 2812 tierent,

2224 2870 2278 2915 et
2309 2860 2588 2929 propheta:
2623 2858 2710 2927 qui
2755 2857 2808 2909 in
2842 2855 3051 2930 populis
3092 2855 3392 2921 disputant,
3427 2867 3518 2904 non
3552 2850 3639 2901 Deo
3665 2845 3723 2898 lo-

2227 2961 2483 3019 quantur,
2538 2949 2631 3002 sed
2687 2949 2848 3012 idolo,
2888 2957 2942 3000 et
2990 2962 3085 3000 sua
3144 2946 3394 3012 tigtnenta
3444 2945 3723 2996 venerentur.

2231 3040 2323 3091 His
2355 3047 2537 3091 autem
2571 3037 2750 3091 verbis
2793 3037 3042 3090 utendum
3087 3045 3168 3089 est
3204 3038 3461 3087 adversus
3494 3029 3635 3084 uestri
3660 3043 3749 3092 οτι,

2229 3129 2371 3182 diuis
2422 3127 2742 3196 magistros,
2791 3127 2881 3194 qui
2933 3127 3192 3178 devorant
3247 3125 3448 3190 plebem
3497 3119 3577 3176 Dei
3618 3119 3728 3173 velut

2227 3221 2410 3272 cibum
2441 3220 2618 3287 panis,
2653 3229 2704 3271 et
2735 3230 2834 3288 per
2868 3217 3004 3270 mala
3043 3231 3206 3285 opera
3250 3232 3355 3271 non
3396 3216 3623 3268 invocant
3649 3210 3724 3261 Do-

2230 3311 2454 3363 minum.

2303 3403 2478 3474 (Vers.
2513 3403 2592 3473 9.)
2641 3421 2657 3453 ι
2695 3400 2985 3469 Propterea
3030 3401 3205 3454 adhuc
3235 3399 3435 3468 judicio
3465 3394 3727 3452 contendant

2230 3499 2534 3559 vobiscum,
2572 3495 2646 3546 ait
2682 3494 2943 3546 Dominus
2979 3511 2991 3545 :
3029 3501 3080 3544 et
3116 3507 3239 3543 eum
3289 3492 3410 3545 libis
3443 3489 3613 3543 vestris
3651 3483 3730 3534 dis-

2193 3637 2195 3642 .
2229 3590 2475 3656 ceplabo.
2514 3607 2531 3637 ι
2574 3585 2651 3640 Nc
2677 3587 2920 3639 videatur
2955 3584 2975 3614 ³
3019 3591 3300 3651 percutere
3348 3599 3432 3651 per
3474 3579 3729 3650 polt'tttiattt,

2230 3684 2386 3750 quasi
2433 3695 2554 3734 cum
2602 3681 2820 3749 paribus
2866 3678 3078 3731 ratione
3124 3679 3437 3739 contendit;
3467 3677 3598 3741 juxta
3634 3670 3728 3722 iilud

2229 3775 2370 3841 quod
2404 3772 2566 3825 David
2604 3773 2749 3825 canit
2779 3779 2832 3824 et
2877 3779 3106 3837 usurpat
3136 3771 3426 3836 Apostolus
3452 3785 3464 3820 :
3497 3763 3556 3817 Ut
3577 3759 3731 3830 justifi-

2229 3867 2360 3919 ceris
2411 3866 2466 3916 in
2517 3864 2843 3916 sermonibus
2891 3863 3014 3924 tuis,
3057 3871 3102 3913 et
3159 3862 3336 3914 vincas
3382 3875 3491 3912 cum
3526 3853 3732 3924 judicari!

2232 3957 2403 4027 (l’sal.
2438 3973 2489 4020 ιι,
2519 3956 2586 4022 6;
2644 3955 2794 4007 Itoni.
2839 3969 2923 4018 ιιι,
2961 3954 3037 4020 4).
3071 3953 3334 4021 Quodque
3384 3951 3563 4020 posuit,
3598 3946 3733 3996 aditur

2230 4067 2370 4121 smpe
2401 4049 2685 4106 se'fecisse
2727 4057 2953 4103 testatur
2983 4064 2998 4100 :
3033 4057 3086 4110 et
3115 4048 3260 4114 quod
3302 4047 3493 4110 intulit,
3519 4057 3616 4096 cum
3641 4037 3736 4105 ﬁliis

2231 4121 2435 4204 vestris,
2475 4141 2706 4195 similem
2758 4140 2998 4192 ostendit
3045 4138 3208 4192 etiam
3266 4139 3317 4189 in
3365 4138 3481 4187 liliis
3525 4131 3734 4184 malorum

2232 4233 2607 4303 pertinaciam.
2654 4217 2876 4284 Occulta
2925 4239 3103 4282 autem
3155 4228 3424 4294 significant
3474 4224 3599 4292 quod
3633 4231 3737 4273 aun-

2231 4345 2390 4396 quatn
2420 4327 2471 4380 in
2510 4327 2677 4378 Deum
2704 4323 3066 4390 negatimiem,
3088 4323 3250 4377 etiam
3276 4322 3369 4374 filii
3394 4333 3565 4374 eorum
3598 4317 3642 4367 in
3665 4326 3738 4363 at.-

563 4412 742 4475 inqua
795 4423 896 4459 non
949 4405 1234 4458 ambulavit
1276 4406 1381 4463 vir.
1410 4406 1499 4473 qui
1548 4404 1796 4471 perfectae
1843 4404 2019 4456 relatis
2071 4402 2123 4454 in
2163 4413 2204 4466 ι)
2237 4427 2400 4472 ventu
2432 4417 2639 4468 υωυίηί
2671 4417 2781 4468 sim
2809 4415 2998 4468 seculi.

562 4498 778 4552 Christo
807 4507 906 4550 est.
943 4497 1142 4552 Omnes
1165 4497 1306 4548 enim
1341 4508 1686 4561 resurgemus
1717 4498 1767 4546 lu
1799 4496 1971 4546 virum
2008 4508 2130 4561 per—

564 4597 788 4653 lectum,
823 4593 875 4642 in
924 4601 1233 4642 mensuram
1285 4588 1458 4640 astatis
1510 4587 1858 4655 plenitudinis
1902 4586 2127 4638 Christi.

563 4684 749 4754 Neque
783 4697 1017 4750 unquam
1053 4681 1103 4734 in
1135 4697 1196 4734 ea
1230 4680 1437 4733 habitat
1467 4681 1555 4747 qui
1591 4681 1752 4733 homo
1784 4677 1880 4731 Dei
1909 4687 2013 4742 est,
2045 4679 2130 4731 vel

563 4777 709 4829 titius
751 4773 1017 4838 hominis;
1056 4769 1148 4826 sed
1187 4768 1398 4839 semper
1431 4769 1498 4822 ad
1527 4769 1734 4836 majora
1781 4769 2020 4823 festinat.
2056 4767 2131 4821 Ex

561 4882 670 4936 quo
700 4866 1040 4936 perspicuum
1067 4873 1170 4925 est,
1197 4877 1303 4915 non
1339 4874 1462 4915 esse
1479 4861 1876 4930 perfectionem
1913 4863 1966 4915 in
2000 4863 2082 4914 via
2115 4877 2131 4914 :

565 4961 658 5012 sed
690 4960 742 5010 in
778 4959 882 5010 line
915 4956 1011 5008 viae
1039 4965 1093 5007 et
1136 4955 1188 5007 iu
1231 4956 1534 5015 mansione,
1563 4969 1682 5021 quae
1714 4955 1917 5006 sanctis
1948 4955 1998 5007 in
2025 4969 2136 5007 eoe-

568 5051 790 5103 lestibus
837 5058 1195 5119 praeparatur,
1229 5056 1284 5100 et
1325 5047 1521 5114 quibus
1560 5045 1803 5099 dicitur:
1841 5046 1945 5109 Qui
1977 5049 2135 5100 statis

566 5141 621 5192 in
648 5141 800 5192 domo
833 5140 1063 5206 Domini,
1098 5140 1151 5191 in
1192 5138 1345 5190 atriis
1387 5137 1574 5189 domus
1620 5136 1716 5188 Dei
1751 5140 1921 5191 nostri
1955 5137 2130 5208 (Psal.

643 5347 660 5377 ⁵
694 5343 1102 5412 Pelagianorum
1140 5341 1368 5406 scilicet,
1395 5341 1488 5412 qui
1515 5340 1789 5396 ἀπάθειαν
1822 5356 1850 5394 a
1914 5342 2136 5408 Stoicis,

566 5421 634 5472 ab
665 5416 923 5484 Origene.
957 5425 1011 5465 et
1060 5413 1348 5467 Joviuiano
1403 5425 1772 5480 sumpserant,
1812 5413 2139 5482 aiebantqne

566 5490 843 5544 hominem
877 5489 928 5535 in
964 5485 1062 5535 hac
1096 5485 1202 5535 vita
1235 5486 1587 5537 consumtum
1620 5498 1801 5550 posse,
1839 5493 1893 5535 et
1919 5488 2137 5550 quidem

566 5565 684 5611 sine
713 5555 804 5608 Dei
841 5555 1036 5621 gratia,
1069 5552 1287 5619 justitiae
1330 5555 1716 5619 perfectionem
1769 5557 2050 5619 ('t,tt|5t"t]lll,
2088 5567 2140 5606 ct

569 5625 826 5692 peccandi
888 5626 1127 5686 periculo
1180 5625 1558 5687 securitatem,
1626 5638 1786 5690 quam
1853 5635 2137 5688 pervertunt

568 5694 841 5744 victoriam
877 5693 1232 5758 Hieronymus
1266 5702 1442 5742 vocat.

2308 4509 2487 4579 (Vers.
2524 4501 2610 4572 f0,
2647 4509 2757 4577 11.)
2805 4527 2822 4558 ι
2860 4505 3114 4561 Trausite
3145 4509 3211 4561 ad
3251 4509 3452 4561 insulas
3480 4502 3678 4559 Cethim,
3702 4504 3740 4544 rt

2236 4605 2455 4658 videte:
2492 4612 2546 4656 et
2590 4604 2643 4654 in
2689 4601 2867 4655 Cedar
2911 4601 3131 4663 mittite,
3171 4610 3225 4653 et
3262 4601 3584 4654 considerate
3619 4591 3741 4642 Vehe-

2239 4707 2472 4759 menter,
2504 4707 2556 4747 et
2597 4694 2781 4749 videte
2828 4695 2873 4747 si
2928 4694 3124 4746 factum
3178 4703 3261 4746 est
3303 4684 3682 4759 hujuscemodi:
3711 4680 3742 4727 si

2241 4787 2466 4839 mutavit
2505 4799 2640 4854 gens
2689 4786 2820 4836 deos
2868 4781 2993 4850 (sive
3027 4782 3157 4835 deos
3205 4781 3374 4849 suos).
3413 4780 3474 4832 Et
3505 4782 3632 4829 certe
3667 4769 3742 4833 il’-"

2240 4893 2348 4930 non
2386 4887 2510 4930 sunt
2545 4876 2618 4930 dii
2657 4889 2672 4927 ε
2708 4874 2935 4943 populus
2971 4887 3097 4926 vero
3127 4886 3277 4925 meus
3319 4869 3538 4922 mutavit
3566 4861 3744 4932 gloriam

2241 4985 2388 5023 Suam
2435 4970 2490 5021 in
2538 4969 2736 5021 idolum
2772 4969 2900 5036 (sive
2932 4967 3135 5030 dequo
3182 4967 3231 5018 ei
3283 4963 3416 5016 nihil
3455 4953 3742 5029 proderit)!

2242 5061 2714 5129 Comparationum
2761 5059 2887 5112 facit
2929 5060 3045 5126 ejus
3090 5057 3164 5111 rei
3211 5072 3327 5125 quae
3373 5040 3750 5115 incommodi”is

2243 5165 2344 5214 est,
2378 5165 2428 5205 et
2495 5166 2679 5205 verum
2720 5151 2886 5204 Deum
2927 5149 3136 5202 confert
3183 5144 3540 5203 mendacibus.
3576 5140 3655 5196 llr.
3689 5133 3748 5182 ίιι·

2315 5357 2335 5384 ¹
2359 5353 2632 5424 Expungit
2649 5353 2852 5424 Victor.
2879 5368 3069 5415 meam,
3091 5362 3272 5424 utpote
3293 5365 3407 5417 qua:
3430 5355 3478 5424 et
3503 5345 3549 5398 in
3572 5339 3748 5393 Hiero".

2246 5421 2480 5477 editione
2513 5421 2570 5478 et
2599 5429 2648 5476 in
2689 5421 2974 5485 lli-br'aico,
3007 5440 3068 5476 ac
3101 5421 3235 5474 LXX
3269 5437 3369 5475 non
3405 5423 3487 5470 sit.
3587 5477 3618 5485 ﬂ
3698 5473 3705 5481 .
3744 5468 3750 5476 _

2319 5498 2338 5524 ³
2374 5477 2599 5549 conjs.
2634 5494 2824 5547 Crnt‘is
2866 5499 2917 5546 in
2953 5477 3252 5546 derusaletu
3291 5494 3357 5543 de
3399 5487 3543 5542 Ul‘ltci
3577 5477 3750 5552 Nemi”

2246 5568 2487 5617 videntur
2526 5576 2816 5632 percutere,
2867 5579 2955 5630 per
2993 5564 3300 5629 potentiam,
3332 5562 3378 5613 si
3408 5572 3514 5608 cum
3555 5550 3749 5618 patriot”

2248 5649 2471 5700 ratione,
2512 5648 2616 5688 etc.
