3950 6180
257 358 366 422 717

815 359 1314 421 COMMENTAB.
1356 361 1433 421 IN
1473 358 1721 422 ιΕιιΕΜ
1738 362 1836 420 ΙΑἙ

1956 360 2371 420 ROPHETAM
2408 358 2553 420 LIB.
2603 362 2644 419 1,
2691 360 2851 418 CAP.
2894 354 2974 418 ll.

3405 344 3513 414 718

257 477 401 545 quit,
432 474 498 529 ad
528 474 737 529 insulas
762 473 976 530 Cethim
1014 489 1030 528 :
1062 489 1203 545 quas
1233 475 1317 528 vel
1350 473 1541 540 Italiae,
1570 475 1655 529 vel
1687 473 1853 529 Occi-r
1874 495 1918 551 Α
1948 470 2148 540 quibus
2183 470 2396 541 plenius
2446 485 2546 526 suo
2593 468 2808 525 dicetur
2843 468 2987 521 loco.
3037 463 3302 531 Quodun
3336 463 3523 531 Amida

260 566 561 621 dentalium
609 568 843 636 partium
894 567 1156 621 debemus
1200 566 1451 633 accipere
1489 565 1558 620 ab
1598 582 1663 620 eo
1699 566 1845 635 quod

261 667 428 715 terra:
460 655 664 712 Iudaeae
693 656 903 727 Cyprus
925 657 1124 723 insula,
1154 655 1209 710 in
1242 672 1350 726 qua
1383 659 1515 712 urbs
1549 659 1651 711 hoc
1684 673 1845 712 voca-

258 750 393 808 bulo
430 760 775 823 nuncupatur
800 751 842 815 ⁸,
866 750 1047 806 vicina
1087 750 1178 804 sit.
1208 748 1284 805 De
1310 764 1418 819 qua
1442 758 1497 805 et
1523 747 1669 804 Zeno
1696 750 1843 817 prin-

260 858 399 915 ceps
433 842 743 909 Stoicorum
777 842 899 899 fuit.
930 842 1109 898 Cedar
1139 853 1322 896 autem
1352 842 1502 911 regio
1533 854 1617 896 est
1645 841 1842 898 solitu-

259 937 412 992 dinis
448 946 504 993 et
546 935 967 1001 lsmaelitarum,
997 951 1137 1005 quos
1183 950 1331 989 nunc
1375 934 1712 990 Sarracenos
1744 950 1837 989 vo-

255 1035 392 1079 cant
427 1041 441 1079 :
471 1034 661 1080 contra
705 1040 867 1095 quam
917 1025 1076 1096 hujus
1123 1024 1295 1094 ipsius
1341 1024 1618 1094 propheta:
1654 1025 1706 1079 in
1750 1040 1842 1079 cx—

258 1115 459 1172 tremis
511 1115 761 1185 partibus
803 1115 1006 1171 texitur
1050 1116 1365 1171 vaticinium
1409 1115 1574 1184 (infra
1613 1118 1681 1169 nd
1717 1132 1838 1185 cap.

255 1206 433 1277 χιιι),
474 1217 529 1261 et
582 1208 739 1277 cuius
792 1207 1021 1262 neminit
1067 1204 1260 1271 David,
1296 1206 1481 1261 dicens
1520 1222 1535 1261 :
1582 1205 1837 1261 Habitari

252 1313 379 1351 cum
396 1298 753 1352 habitantibus
772 1296 943 1352 Cedar
969 1314 990 1354 :
1014 1298 1239 1352 multum
1256 1300 1584 1368 peregrinata
1612 1310 1691 1354 est
1718 1303 1836 1353 ani-

255 1404 349 1441 ma
385 1405 496 1453 mea
529 1387 701 1460 (Plat.
734 1405 878 1457 cstx,
906 1389 986 1457 5).
1012 1390 1074 1443 Et
1093 1400 1175 1445 est
1202 1404 1396 1445 sensus
1431 1390 1651 1447 :-Vclad
1685 1391 1839 1445 Occi‘

255 1481 478 1535 dentem
524 1482 749 1551 pergite,
783 1483 867 1537 vel
919 1483 971 1536 in
1017 1482 1366 1537 solitudinem
1413 1482 1635 1547 mittite,
1670 1493 1724 1537 et
1762 1482 1840 1537 vi-

256 1572 383 1624 dcte
430 1571 477 1624 si
520 1586 627 1639 qua
668 1587 803 1645 gens
848 1573 949 1627 hoc
1000 1572 1188 1626 fecerit
1224 1574 1369 1641 quod
1417 1572 1643 1627 fecistis.
1678 1570 1836 1624 Nulla

255 1663 405 1716 enim
436 1677 625 1719 earum
658 1664 864 1733 sprevit
893 1664 1025 1718 deos
1057 1678 1207 1726 suos,
1243 1679 1341 1720 nec
1370 1663 1579 1732 ligneos
1609 1674 1663 1717 et
1698 1664 1837 1731 lapi-

256 1756 394 1814 deos
444 1772 745 1812 aureorum
775 1757 1179 1828 comparatione
1229 1758 1501 1813 mutavit:
1556 1757 1651 1811 sed
1691 1757 1834 1809 anti-

1953 572 2008 618 et
2059 562 2449 627 Symmachus,
2499 560 2696 625 caios;
2749 556 2892 612 LXX
2937 572 3069 611 vero
3115 564 3172 611 et
3221 551 3533 615 Theodotio

1951 653 2165 722 emtum,
2204 654 2547 723 interpretati
2581 662 2734 718 sunt,
2770 651 2976 704 nullum
3025 655 3258 704 moveat.
3301 643 3526 707 Hebrai-

1952 761 2075 802 cum
2105 747 2251 803 enim
2288 761 2483 801 suam
2513 746 2731 814 tum)
2759 743 3073 799 communis
3092 751 3185 797 est.
3204 739 3442 803 nuntiari,
3475 748 3532 793 et

1954 844 2061 893 tam
2104 838 2220 892 atrii
2255 852 2417 906 quam
2454 839 2641 891 calum
2667 835 2858 897 eodem
2885 832 3227 903 appellantur
3264 832 3483 889 immitte
3513 849 3527 883 :

1949 939 2009 985 ut
2037 930 2255 994 Thebae,
2288 927 2539 994 Athenae,
2569 937 2625 984 et
2654 926 2889 982 Salone.

2021 1019 2202 1091 (νθτθο
2235 1018 2350 1089 ΗΓ’)
2389 1037 2408 1071 ⁸
2440 1018 2696 1087 Νυιιίιιιω
2728 1032 2921 1073 servus
2950 1026 3037 1072 est
3066 1016 3253 1080 Israel,
3286 1021 3378 1068 aut
3408 1028 3529 1067 ver-

1949 1110 2222 1168 naculus?
2254 1129 2273 1164 ι
2308 1110 2445 1165 Ριιιο
2476 1125 2540 1163 ex
2567 1110 2671 1165 hoc
2713 1108 2834 1164 loco
2879 1109 2935 1162 in
2980 1108 3295 1177 superbiam
3333 1106 3526 1167 elatos,

1949 1204 2218 1259 Salvatori
2270 1204 2476 1257 dixisse
2527 1200 2791 1256 Judmos‘:
2824 1201 3013 1255 Semen
3058 1198 3283 1255 Abralta:
3319 1213 3527 1258 sumus,

1946 1304 1997 1347 et
2044 1294 2243 1348 nemini
2290 1293 2597 1347 seruiuimus
2642 1306 2899 1360 unquam.
2938 1289 3112 1361 848
3156 1290 3431 1356 Quomodo
3471 1297 3527 1341 tu

1946 1387 2080 1440 dicis
2101 1401 2120 1440 :
2135 1384 2311 1439 Liberi
2328 1386 2481 1438 eritis
2496 1384 2523 1438 2
2549 1382 2733 1455 (Joan.
2753 1398 2872 1448 vm,
2895 1384 3012 1451 ‘55.)
3047 1384 3363 1436 Nescientes
3386 1381 3529 1449 quod

1946 1475 2123 1530 omnis
2137 1475 2229 1545 qui
2248 1473 2377 1528 facit
2394 1482 2695 1543 peccatum,
2712 1471 3127 1539 servuspeccati
3147 1471 3239 1543 sit,
3254 1482 3308 1524 et
3326 1468 3532 1527 serviat

1948 1569 2322 1637 unusquisque
2360 1566 2409 1620 ei
2440 1581 2469 1617 a
2506 1579 2614 1631 qtto
2645 1566 2903 1619 vincitur.
2935 1564 3060 1618 Nati
3093 1577 3225 1632 ergo
3246 1562 3322 1621 ,de
3350 1560 3530 1617 amico
3572 1559 3577 1561 Α

1948 1660 2040 1713 Dei
2068 1662 2363 1723 Abraham,
2393 1661 2528 1715 vitio
2561 1677 2659 1716 suo
2693 1661 2822 1716 facti
2852 1669 2981 1714 sunt
3008 1658 3166 1727 quasi
3209 1656 3304 1711 lilii
3332 1653 3527 1713 Citam.

1944 1752 2030 1806 cui
2079 1752 2283 1807 dictum
2317 1762 2395 1806 est
2437 1767 2451 1804 ξ
2494 1751 2812 1806 Maledictus
2855 1751 3163 1813 Chaunum,
3205 1762 3382 1807 seruus
3425 1747 3523 1800 erit

259 1864 428 1917 quum
470 1864 712 1903 errorem
770 1836 991 1915 secnia,
1043 1848 1217 1903 tenuit
1268 1850 1409 1917 quod
1461 1862 1489 1899 a
1546 1846 1840 1917 majiribus
1874 1852 1913 1911 Β
1942 1846 2201 1914 fratribus
2227 1847 2338 1901 suis
2370 1846 2524 1916 (Gen.
2556 1862 2630 1912 ts,
2655 1846 2772 1914 ‘25).

255 1937 423 2011 847
460 1947 766 2007 acceperat.
804 1936 867 1991 Et
899 1947 1047 1992 certe
1098 1939 1223 2003 hoc,
1260 1952 1383 1991 cum
1432 1935 1610 1989 nullus
1652 1944 1839 1988 eorum

264 2030 406 2085 Deus
447 2030 542 2096 sit,
574 2033 666 2085 sed
703 2030 999 2084 simulacra
1046 2029 1327 2084 hominum
1363 2028 1485 2083 ﬂeta
1521 2043 1706 2082 manu.
1737 2025 1842 2079 Po-

261 2121 421 2189 pulus
455 2136 582 2173 vero
616 2135 768 2175 meus
808 2120 1039 2174 mutavit
1086 2118 1371 2173 mendacio
1417 2119 1701 2171 veritatem
1739 2131 1755 2173 :
1787 2127 1843 2171 et

260 2212 464 2268 idolum
495 2210 628 2265 mihi
658 2211 920 2283 praetulit,
949 2209 1092 2279 quod
1118 2209 1197 2264 eis
1225 2208 1564 2263 necessitatis
1596 2215 1841 2277 tempore

258 2303 526 2374 prodesse
561 2318 664 2355 non
701 2302 923 2372 poterit.
962 2299 1259 2356 Possumus
1292 2300 1393 2353 hoc
1424 2310 1477 2353 et
1514 2309 1702 2353 contra
1746 2313 1842 2355 eos

255 2396 617 2464 ιιὶεθιθ,ςιιιιί
671 2395 860 2464 majori
909 2393 1090 2450 studio
1140 2402 1444 2461 sequuntur
1496 2394 1627 2447 vitia
1679 2398 1841 2462 quam

254 2490 515 2555 virtutes;
548 2504 683 2560 quos
715 2498 899 2541 mouet
933 2485 1228 2555 Apostolus
1260 2485 1449 2539 dicens
1484 2500 1499 2539 :
1534 2483 1841 2538 Humanum

254 2580 464 2647 loquor,
519 2589 732 2650 propter
780 2577 1151 2647 inﬁrmitatem
1205 2580 1381 2629 carnis
1439 2588 1645 2632 vestrm.
1695 2577 1840 2631 Sicut

249 2671 569 2728 exhibuistis
608 2669 838 2725 membra
878 2682 1046 2723 vestra
1082 2669 1367 2723 servientia
1412 2670 1763 2723 intntunditite
1793 2680 1841 2722 et

252 2763 525 2834 iniquitati
551 2762 618 2814 ad
647 2761 980 2829 iniquitatem
1008 2777 1026 2815 :
1054 2762 1133 2815 ita
1167 2776 1305 2815 nunc
1336 2760 1573 2815 exhibete
1606 2763 1842 2814 membra

250 2865 435 2911 vestra
482 2855 761 2909 servientia
787 2852 1015 2923 justitite
1058 2854 1113 2906 in
1147 2851 1622 2921 sanctiﬁcationcm
1667 2851 1838 2925 (Rom.

254 2962 332 3011 vr,
358 2945 471 3015 l9).

316 3036 504 3107 (Vers.
536 3038 625 3102 12,
653 3035 765 3107 15.)
795 3055 813 3089 ι
850 3035 1231 3109 Obstupescite
1260 3037 1382 3091 (εωιί
1408 3050 1574 3106 super
1606 3038 1710 3090 hoc
1738 3052 1752 3092 :
1789 3045 1865 3090 et‘

254 3140 433 3203 porta:
468 3129 582 3200 ejus
615 3131 937 3213 desolatuini
983 3131 1357 3195 vehementer,
1394 3130 1526 3184 dicit
1560 3130 1839 3183 Dominus.

2017 1934 2199 2004 (Vers.
2235 1933 2361 2007 15)!
2389 1955 2408 1987 ι
2440 1938 2622 2002 Quare
2663 1951 2792 2006 ergo
2827 1936 3006 1991 iactus
3037 1945 3126 1991 est
3163 1936 3218 1989 in
3255 1930 3526 2003 praedam?

1940 2028 2135 2099 Super
2158 2045 2282 2085 eum
2334 2031 2619 2102 rugiermit
2672 2033 2880 2095 leoiies,
2919 2041 2972 2084 et
3023 2027 3297 2083 dederunt
3342 2039 3525 2079 vocem

1943 2140 2097 2179 suam
2130 2142 2146 2178 :
2182 2134 2483 2194 posuerunt
2538 2137 2742 2180 terram
2788 2127 2910 2191 ejus
2958 2123 3015 2178 in
3065 2121 3437 2181 solitudinem,
3474 2128 3529 2169 ct

1944 2217 2195 2272 civitates
2231 2218 2384 2272 illius
2423 2228 2631 2273 exustae
2663 2224 2788 2271 sunt
2817 2231 2831 2271 ἱ
2861 2228 2915 2270 et
2946 2225 3161 2271 nonest
3189 2214 3285 2283 qui
3317 2212 3527 2267 habites

1947 2312 1999 2363 in
2031 2311 2133 2366 eis.
2168 2329 2187 2363 ι
2226 2309 2528 2381 Interrogat
2568 2325 2750 2365 sermo
2782 2310 3022 2372 divinus,
3057 2317 3116 2362 ut
3148 2308 3265 2377 ipse
3298 2322 3526 2376 respon-

1943 2402 2088 2458 deat.
2122 2401 2335 2456 Leones
2367 2410 2550 2455 autem
2583 2412 2744 2455 vocat
2775 2401 3051 2469 principes
3086 2398 3401 2469 Babylonis,
3432 2402 3523 2466 qui

1944 2501 2145 2548 terram
2182 2496 2300 2562 ejus
2333 2501 2634 2562 posuerunt
2656 2492 2735 2547 sin
2780 2492 3151 2557 solitudinem,
3183 2500 3240 2546 et
3271 2491 3522 2545 civitates

1946 2586 2093 2640 illius
2128 2582 2379 2640 incendio
2426 2584 2768 2645 deleverunt.
2810 2581 2908 2638 Vel
2949 2581 3281 2649 certe-“juxta
3320 2594 3523 2650 anago-

1945 2691 2082 2745 gen,
2136 2676 2319 2731 leones
2375 2673 2742 2745 iutelliganuis
2789 2675 3139 2730 adversaries
3189 2679 3522 2742 potestates.

1943 2776 2035 2819 aut
2090 2765 2473 2821 htcreticorum
2524 2764 2818 2834 principes,
2866 2763 2959 2833 qui
3013 2773 3216 2839 terram
3267 2761 3523 2819 Ecclesiae
3568 2830 3574 2835 _

1945 2854 2273 2923 desolantes,
2316 2870 2509 2911 omnes
2555 2856 2702 2910 illius
2749 2854 2916 2912 urbes
2961 2855 3220 2915 heretico
3270 2852 3523 2915 incendio

1946 2954 2318 3012 vastaverunt,
2343 2955 2399 3000 et
2426 2947 2518 3001 illo
2551 2947 2675 3015 igne
2705 2946 2775 3001 de
2801 2960 2912 3016 quo
2942 2946 3204 3014 scriptum
3233 2954 3317 3000 est
3352 2958 3368 2997 :
3395 2942 3524 2999 0m.-

1945 3055 2034 3092 nes
2053 3039 2433 3103 adulterantes,
2446 3041 2604 3110 quasi
2618 3040 2858 3094 clibanus
2875 3047 3040 3094 corda
3052 3053 3237 3093 eorum
3257 3035 3415 3108 (Osee
3426 3051 3521 3097 vlt.

1948 3134 2021 3201 Α).
2060 3132 2136 3185 llti
2168 3132 2313 3186 cnim
2349 3148 2476 3187 vere
2504 3134 2634 3186 dant
2663 3147 2855 3188 vocem
2887 3147 3074 3198 suam;
3111 3140 3165 3185 et
3196 3133 3250 3186 in
3280 3131 3384 3185 hoc
3422 3144 3522 3185 eo-

255 3191 376 3276 Duo
409 3191 554 3277 enim
584 3202 727 3279 male
751 3191 880 3277 fecit
912 3207 1147 3292 populus
1181 3191 1386 3277 mensi:
1421 3236 1507 3277 me
1542 3223 1829 3290 dereiique
1865 3191 1909 3253 C
1943 3191 2064 3279 dem
2101 3227 2363 3295 propheta
2397 3228 2499 3282 sub
2529 3229 2766 3297 perdicis
2794 3243 3027 3295 persona
3055 3191 3297 3279 clamant
3329 3241 3344 3279 2
3376 3222 3516 3279 Cons

254 3320 385 3366 runt
413 3302 613 3366 [mith
638 3296 987 3382 aquae‘tis'ﬁ;
1020 3313 1270 3368 foderunt
1294 3313 1396 3367 sibi
1441 3315 1732 3377 cisternas,
1758 3315 1839 3369 cio

256 3418 479 3459 eternas
496 3405 803 3475 dissipatas,
823 3422 943 3476 quae
963 3407 1245 3461 continere
1267 3421 1373 3459 non
1394 3406 1574 3460 valent
1593 3422 1782 3476 aquas.
1812 3427 1831 3459 s

254 3497 401 3553 LXX
436 3516 449 3552 :
489 3516 509 3549 ι
545 3495 838 3569 Obstupuit
879 3499 1075 3555 ctelum
1117 3483 1283 3569 super
1321 3500 1447 3564 hoc,
1481 3506 1535 3553 et
1569 3500 1840 3553 inhorruit

253 3605 411 3646 extra
452 3594 670 3647 modum
702 3602 758 3647 et
790 3592 1157 3658 vehementer,
1192 3611 1211 3642 ν
1248 3602 1303 3648 et
1332 3604 1525 3647 caetera
1566 3594 1836 3649 similiter.

253 3682 468 3738 Caelum
502 3686 587 3738 cui
624 3685 825 3738 dictum
871 3695 955 3737 est
991 3698 1007 3738 :
1041 3684 1284 3751 Attende,
1312 3684 1517 3748 caelum,
1553 3694 1603 3736 et
1651 3684 1840 3753 loquar

255 3773 445 3839 (Deut.
476 3789 645 3841 xxxii,
679 3774 752 3843 l);
786 3782 859 3840 ct,
891 3776 1057 3843 Audi,
1095 3777 1300 3843 cretum,
1330 3787 1379 3829 et
1395 3781 1611 3830 auribus
1631 3778 1837 3844 percipe

258 3879 403 3923 terra
435 3869 574 3941 (ha.
610 3886 652 3934 ι,
687 3871 769 3940 2),
800 3869 993 3925 videns
1034 3869 1129 3924 Dei
1181 3886 1449 3940 praecepta
1495 3872 1725 3935 calcata,
1760 3874 1838 3924 in-

257 3964 560 4027 horrescit,
612 3970 664 4016 et
728 3973 1004 4031 stuporem
1059 3962 1406 4016 dissimulare
1468 3977 1576 4017 non
1639 3973 1836 4031 potest.

256 4052 452 4107 Omnis
474 4052 617 4108 enim
646 4064 897 4109 creatura
928 4055 1284 4129 congemiscit
1311 4065 1366 4108 et
1394 4054 1645 4109 condolct
1675 4069 1837 4124 super

259 4143 501 4212 peccatis
551 4146 853 4200 hominum.
904 4145 1017 4199 Duo
1060 4155 1243 4199 autem
1291 4146 1520 4215 populus
1568 4143 1659 4200 Dei
1709 4145 1837 4199 fecit

258 4239 507 4292 adversa.
538 4237 798 4305 Primum,
834 4246 895 4291 ut
927 4238 1258 4307 relinqueret
1288 4236 1457 4293 Deum
1486 4239 1579 4308 qui
1607 4251 1687 4293 ρει
1716 4238 1837 4292 tuus

259 4329 417 4394 vita),
464 4339 519 4383 et
568 4340 894 4397 praceptum
945 4329 1088 4382 dedit
1139 4330 1327 4385 dicens
1367 4344 1382 4383 :
1420 4327 1527 4397 Ego
1578 4329 1834 4383 Dominus

262 4420 399 4475 Deus
441 4430 581 4488 tuus,
614 4422 702 4491 qui
730 4421 889 4475 eduxi
914 4431 961 4475 te
994 4423 1058 4475 de
1085 4432 1228 4475 terra
1252 4420 1475 4492 {Egypti
1504 4422 1700 4492 (Exod.
1741 4438 1831 4488 xx,

1940 3327 2157 3387 gregant
2183 3330 2299 3387 qua
2328 3332 2433 3372 non
2459 3328 2791 3387 pepererunt,
2843 3322 3149 3390 faciuntque
3173 3318 3385 3372 divitias
3417 3333 3521 3371 nou

1939 3425 2056 3463 cum
2088 3409 2292 3479 judicio
2328 3410 2544 3481 (larem.
2579 3426 2711 3474 xm,
2742 3412 2855 3482 Π).
2886 3415 3181 3480 Frontema
3212 3424 3395 3471 autem
3428 3427 3521 3467 uri-

1943 3505 2038 3557 hes
2067 3503 2211 3559 illius
2249 3512 2474 3560 vastata:
2500 3514 2628 3560 sunt
2656 3514 2712 3560 et
2740 3506 2939 3560 deletae
2965 3523 2981 3560 :
3012 3505 3140 3574 quis
3175 3518 3285 3557 non
3319 3506 3520 3560 habent

1942 3596 2301 3651 habitatorem
2349 3596 2542 3663 Deum,
2574 3598 2790 3652 dicente
2826 3598 3110 3668 Scriptura
3147 3612 3159 3650 :
3198 3596 3267 3649 Et
3301 3612 3407 3649 non
3439 3605 3518 3651 est

1940 3683 2030 3752 qui
2056 3685 2250 3738 habitet
2279 3685 2333 3738 in
2361 3686 2436 3740 eis
2467 3685 2635 3755 (tbid.
2663 3687 2741 3756 4).

2014 3776 2192 3846 (Vere.
2225 3778 2311 3843 i6,
2339 3779 2450 3847 17.)
2484 3799 2502 3830 ι
2533 3779 2654 3833 Filii
2680 3795 2897 3849 quoque
2921 3779 3235 3849 Memphcos
3258 3790 3317 3835 et
3337 3780 3518 3846 Taph-

1942 3882 2071 3920 neos
2111 3879 2604 3938 constupravcrunt
2641 3879 2694 3925 te
2738 3886 2910 3939 usque
2931 3874 3001 3931 ad
3045 3874 3325 3927 verticem.
3366 3869 3517 3925 Nun-

1941 3960 2066 4027 quid
2116 3976 2224 4013 non
2268 3962 2408 4015 istud
2457 3961 2657 4016 factum
2713 3973 2797 4016 est
2846 3964 2964 4029 tibi,
3001 3963 3127 4032 quia
3179 3963 3513 4033 dereliqltisti

1945 4051 2229 4105 Dominum
2262 4054 2430 4107 Deum
2465 4063 2611 4106 tuum
2651 4068 2717 4108 eo
2761 4063 3006 4122 tempore
3039 4069 3148 4123 quo
3190 4056 3424 4110 ducebat
3460 4068 3513 4109 tu

1944 4157 2039 4210 per
2064 4141 2243 4195 viam?
2274 4162 2291 4193 ι
2323 4141 2437 4197 lloc
2465 4144 2607 4213 quod
2626 4158 2725 4199 nos
2762 4144 3023 4211 diximus,
3058 4162 3119 4199 eo
3155 4155 3389 4214 tempore
3407 4164 3510 4217 quo

1939 4234 2161 4287 ducebat
2210 4245 2257 4288 te
2305 4250 2396 4302 per
2438 4238 2596 4301 riam,
2632 4236 2685 4289 in
2742 4235 2883 4290 LXX
2928 4253 3036 4292 non
3080 4240 3331 4294 habetur.
3366 4239 3511 4292 Duas

1941 4336 2116 4380 autem
2150 4327 2312 4382 urbes
2340 4328 2606 4381 maximas
2636 4326 2876 4397 Egypti,
2912 4328 3203 4400 Memphim
3238 4341 3293 4387 et
3323 4330 3510 4401 Tanhu

1940 4418 2049 4468 uim
2102 4417 2363 4482 nominat,
2404 4430 2701 4488 earumque
2751 4420 2886 4476 dicit
2935 4420 3077 4476 lilios
3120 4433 3510 4495 constuprasse

254 4514 334 4583 2).
368 4513 700 4578 Secundum,
732 4516 875 4582 quod
912 4515 967 4568 in
1000 4517 1190 4569 eodem
1233 4514 1351 4570 loco
1390 4518 1652 4586 scriptum
1693 4527 1778 4571 est
1810 4535 1825 4571 :
1860 4532 1911 4591 ι)
1941 4509 2108 4564 181⁸³61
2157 4523 2332 4579 usque
2377 4514 2444 4565 ad
2494 4512 2793 4577 νετιίοεηις
2837 4513 2929 4568 illo
2976 4529 3137 4570 sensu
3186 4531 3294 4586 quo
3341 4518 3512 4574 Isaias

257 4603 383 4658 Non
415 4606 523 4658 sint
550 4606 644 4659 tibi
678 4606 753 4658 dii
783 4607 837 4658 in
865 4616 1142 4675 conspectu
1168 4622 1315 4672 meo;
1345 4622 1442 4678 pro
1472 4623 1580 4678 quo
1612 4621 1831 4664 secutus

255 4707 345 4753 est
388 4700 684 4759 daemones,
728 4711 866 4767 quos
906 4698 1200 4768 dissipatas
1246 4700 1517 4754 cisternas
1556 4711 1731 4763 vocat,
1766 4719 1832 4756 co

255 4789 399 4858 quod
423 4788 515 4843 Dei
545 4791 797 4843 mandata
819 4804 972 4845 serva
984 4804 1039 4845 re
1062 4806 1167 4845 non
1186 4793 1421 4846 valeant.
1445 4793 1503 4846 Et
1529 4795 1629 4848 hoc
1654 4804 1833 4847 atten-

255 4880 515 4946 dendum,
556 4878 858 4949 quod'l‘ous
894 4892 1185 4950 perpetuus
1216 4892 1319 4951 est,
1356 4892 1409 4938 et
1444 4884 1634 4939 vitales
1672 4886 1832 4939 ltuth

254 4986 449 5041 aquas.
480 4970 744 5027 Cisternte
774 4985 954 5029 autem
979 4986 1033 5029 et
1062 4975 1234 5042 lacus,
1265 4977 1347 5031 vel
1376 4978 1444 5032 de
1471 4978 1827 5044 torrentibus,

254 5067 340 5117 vel
378 5079 442 5119 ex
475 5063 631 5133 aquis
667 5064 919 5133 turbidis,
953 5076 1098 5121 terra
1132 5069 1478 5138 complentur
1516 5079 1570 5126 et
1610 5070 1825 5140 pluviis.

256 5158 452 5213 Portas
487 5171 663 5215 autem
708 5162 970 5216 ctelorum
1005 5160 1126 5217 illas
1157 5175 1335 5230 vocat,
1369 5168 1433 5218 de
1468 5165 1663 5233 quibus
1692 5174 1747 5218 et
1776 5166 1827 5217 in

254 5250 515 5304 vicesimo
539 5254 699 5305 tertio
720 5251 935 5308 Psahno
958 5257 1223 5325 scriptum
1251 5264 1337 5310 est
1362 5274 1375 5310 :
1402 5255 1611 5320 Levate,
1636 5268 1825 5320 parur,

251 5342 429 5409 capita
462 5351 660 5406 vestra,
693 5355 742 5397 et
775 5346 1012 5399 introibit
1052 5361 1145 5400 res:
1180 5345 1386 5416 gloriae.
1413 5345 1520 5403 Pro
1550 5361 1656 5416 quo
1686 5344 1825 5399 LXX

256 5435 655 5490 transtulerunt
684 5452 698 5489 :
734 5435 922 5492 Leonte
957 5447 1137 5504 portas
1183 5438 1448 5507 principes
1484 5450 1684 5493 vestras
1704 5454 1728 5503 ;
1762 5440 1828 5493 de

320 5597 339 5627 ί
368 5596 565 5651 Citium
596 5598 867 5663 videlicet,
900 5597 983 5651 vel
1023 5597 1259 5663 Cittium,
1295 5607 1387 5651 aut
1422 5597 1646 5657 Cetinm.
1683 5599 1828 5654 unde

250 5666 397 5721 Zeno
419 5682 447 5721 τι
474 5669 705 5739 Diogene
733 5668 950 5739 Laertia
978 5672 1069 5722 lib.
1098 5686 1190 5734 vn,
1213 5672 1434 5732 Κιτιεὺς
1461 5669 1542 5721 vel
1572 5673 1824 5739 ιςιττειὺς

252 5749 496 5804 vocatur,
531 5730 816 5792 a'Latints
862 5730 1218 5807 scriptoribus
1259 5730 1457 5795 Citictts
1491 5752 1545 5792 et
1575 5730 1822 5792 Cittieus.

252 5807 445 5864 hoster
490 5809 967 5877 lltcronytii.is,'iu
1018 5815 1215 5873 unit'st.
1241 5813 1293 5863 in
1335 5808 1464 5863 Gen.
1503 5826 1517 5863 :
1559 5828 1576 5862 t
1617 5809 1819 5874 Cetim,

1941 4607 2119 4670 posuit
2154 4618 2170 4657 :
2206 4601 2250 4655 Α
2292 4603 2477 4671 planta
2509 4604 2654 4673 pedis
2703 4620 2867 4674 usque
2905 4609 2975 4662 ad
3013 4610 3257 4663 uerticem
3294 4628 3402 4666 non
3434 4630 3510 4668 est

1935 4694 1991 4747 in
2043 4709 2102 4747 eo
2153 4695 2357 4749 sanitas
2404 4696 2537 4767 (ιω.
2576 4714 2617 4764 ι,
2648 4698 2723 4768 6).
2767 4699 2942 4758 Tanta
2992 4703 3137 4757 enim
3195 4702 3295 4757 fuit
3342 4704 3511 4758 libido

1938 4786 2313 4858 [Egyptiorum
2365 4791 2461 4859 qui
2509 4800 2641 4845 sunt
2686 4794 2900 4863 magnis
2948 4795 3229 4860 carnibus,
3267 4805 3328 4849 ut
3376 4797 3505 4849 nulli

1936 4890 2222 4950 parcerent
2246 4885 2512 4950 membro,
2554 4887 2648 4940 sed
2674 4886 2861 4940 omnia
2885 4895 3324 4957 constuprareut.
3346 4885 3507 4942 Juxta
3604 4878 3611 4885 ’

1935 4975 2168 5030 litteram
2214 4974 2451 5030 refertur
2490 4977 2556 5031 ad
2606 4978 2748 5034 idola
2782 4978 3191 5049 Egyptiorum;
3224 4979 3380 5048 juxta
3423 4981 3509 5035 in-

1934 5066 2282 5135 tclligentlam
2341 5067 2715 5136 spiritualcm,
2784 5074 2857 5122 ad
2912 5071 3198 5141 magistros
3265 5073 3504 5139 perversi

1934 5158 2223 5227 dogmatis,
2252 5158 2344 5228 qui
2378 5159 2630 5214 Ecclesiae
2658 5161 2949 5228 puritatem
2978 5174 3074 5214 sua
3108 5163 3353 5229 polluant
3392 5172 3508 5223 ωτι

1935 5248 2198 5317 pitudine.
2235 5248 2359 5305 Haec
2389 5260 2567 5304 autem
2607 5249 2811 5305 idcirco
2850 5251 3106 5306 eveniunt
3134 5253 3204 5320 ei,
3238 5254 3365 5324 quia
3407 5255 3505 5308 de-

1932 5342 2152 5410 reliquit
2179 5341 2468 5401 Dominum
2494 5341 2659 5398 Deum
2691 5359 2880 5412 suum;
2912 5354 2964 5401 et
2993 5346 3082 5402 illo
3112 5348 3341 5402 maxime
3368 5356 3504 5403 tem-

1931 5448 2064 5506 pore
2092 5450 2199 5503 quo
2227 5435 2409 5503 ipsum
2440 5435 2716 5491 ductorem
2753 5438 2907 5508 sequi
2942 5439 3148 5497 debuit.

1932 5599 2307 5670 inquithsunt
2340 5597 2490 5659 Citii,
2533 5613 2560 5649 a
2613 5599 2808 5666 quibus
2858 5617 3030 5669 usque
3075 5601 3235 5655 hodie
3287 5615 3505 5670 quoque

1935 5668 2243 5738 urbi-Cypri
2270 5668 2470 5739 Citium
2497 5683 2829 5727 noiumatur.
2863 5692 2882 5722 ι
2923 5668 3122 5725 Recole
3150 5687 3268 5739 qua:
3294 5668 3500 5725 {luteum

1934 5742 2109 5794 locum
2144 5738 2540 5807 adnotavimus,
2571 5751 2626 5795 et
2657 5743 2747 5795 lib.
2789 5756 2823 5795 ll
2858 5744 2907 5793 in
2935 5740 3139 5807 lorin.,
3171 5738 3319 5795 num.
3347 5742 3439 5796 ‘21.
