3906 6172
421 346 531 411 ’119

1598 326 1659 383 S.
1688 318 1998 381 EUSEBII
2046 311 2478 376 IllERONYMl

3569 290 3655 351 720

497 458 676 532 (Vers.
702 454 812 525 l8.)
851 470 869 504 ι
900 449 964 503 Et
994 461 1135 504 nunc
1159 444 1287 514 quid
1316 441 1410 496 tibi
1440 438 1540 499 vis,
1564 438 1617 491 in
1642 436 1725 488 via
1756 434 1992 503 Egypti,
2034 451 2075 503 Α
2106 428 2329 484 ditionis
2370 434 2424 481 ct
2464 421 2714 478 sublimis
2746 414 3013 475 scientias,
3045 409 3296 479 polluunt
3355 401 3661 460 credentium

1653 529 1662 532 _
1922 526 1933 532 -
2187 520 2196 530 .
2356 525 2392 532 ..
2431 513 2592 532 -..Α
2641 509 2924 532 unum..-
2957 502 3153 532 r-..:.....
3194 497 3357 532 nnJac
3392 509 3516 532 cum
3540 497 3661 532 nmni

427 526 667 609 utbibas
711 561 904 616 aquam
941 540 1103 596 Sior?
1136 537 1202 592 Et
1229 534 1357 604 quid
1392 532 1489 586 tibi
1520 537 1577 584 et
1618 529 1715 582 via:
1748 526 2004 594 Assyrio-

427 663 575 711 rum,
609 652 666 699 ut
694 642 850 695 bibas
898 649 1092 707 aquam
1131 627 1404 684 (luminis?
1440 624 1544 678 Pro
1586 623 1709 677 Sior
1739 618 1960 689 ('Wl’tv)
1987 653 2005 680 .

432 754 531 794 nos
561 736 824 791 turbidam
846 724 1187 795 interpretati
1223 734 1440 783 sumus,
1479 714 1623 786 quod
1649 713 1873 768 verbum
1902 708 2009 763 lle-

431 830 674 884 braicum
700 822 999 893 signiﬁcat:
1038 829 1136 884 pro
1157 811 1449 884 δωριιο
1479 803 1791 861 communis
1840 800 2011 855 editio

433 922 597 976 habet
624 914 832 969 Ccon‘.
881 909 1191 976 Quia,ergu
1242 916 1407 971 supra
1460 899 1601 953 filios
1640 893 1909 963 Memphis
1957 898 2015 945 et

433 1009 676 1079 Taphuis
700 1013 981 1075 posuerat,
1009 999 1101 1067 qui
1130 998 1625 1063 constupraverunt
1653 986 1815 1041 lsrael
1842 996 2014 1053 usque

434 1073 824 1152 ad'vertieem
865 1108 880 1146 :
918 1103 1060 1142 nunc
1111 1083 1455 1138 manifestius
1504 1079 1674 1145 ipsam
1721 1073 2014 1143 Egyptum

438 1189 701 1243 nominat.
732 1184 985 1252 Nullique
1019 1179 1244 1234 dubium
1276 1174 1407 1242 quin
1442 1171 1599 1225 Nilus
1630 1181 1800 1237 aquas
1838 1164 2013 1218 turbi-

436 1284 537 1337 das
578 1281 804 1341 habeat;
838 1282 892 1328 et
925 1272 1068 1342 quod
1111 1268 1335 1322 ﬂuvium
1381 1262 1730 1333 AssyriOi-um
1774 1256 2019 1325 Euphra-

440 1386 548 1428 tem
601 1369 894 1440 significet,
933 1366 1147 1418 dicente
1191 1358 1496 1427 Scriptura,
1533 1352 1678 1421 quod
1723 1349 2020 1418 repromis-

442 1467 615 1521 sionis
655 1435 801 1513 terra
850 1457 923 1511 sit
971 1470 1000 1506 a
1048 1457 1288 1506 torrente
1325 1445 1565 1516 ngypti,
1600 1456 1771 1509 usque
1812 1438 1876 1490 ad
1918 1435 2021 1488 llu-

446 1558 594 1611 vium
652 1565 906 1622 magnum
960 1544 1310 1613 Euphratem.
1358 1540 1457 1605 Qui
1511 1546 1694 1591 autem
1742 1532 2021 1587 Christum

449 1649 793 1717 reliquerint,
827 1645 1028 1697 fontem
1066 1640 1210 1699 vitaz,
1242 1645 1295 1690 et
1326 1631 1700 1688 litereticorum
1733 1627 1831 1681 sibi
1871 1624 2023 1677 fode-

448 1746 556 1798 rint
600 1743 775 1802 laeus,
815 1738 907 1804 qui
961 1744 1134 1802 aquas
1180 1728 1549 1783 doctrinarum
1595 1723 1876 1777 continere
1918 1732 2022 1770 non

600 1785 775 1802 ._...._,
820 1785 906 1804 Γ-
967 1785 1031 1802 ,1

448 1841 698 1904 possunt,
743 1841 967 1883 necesse
1012 1833 1097 1879 est
1137 1833 1195 1875 ut
1247 1821 1495 1873 leonibus
1547 1815 1888 1884 subjaceaut,
1930 1810 2021 1878 qui
2052 1785 2099 1846 Β

446 1927 695 1992 redigant
728 1932 930 1974 teri-am
959 1930 1146 1969 eorum
1179 1912 1232 1965 in
1259 1910 1628 1972 solitudinem,
1655 1914 1710 1959 et
1742 1902 2026 1956 universas

447 2016 723 2073 Ecclesias
754 2014 1040 2065 destruant
1070 2022 1085 2069 ;
1118 2016 1172 2059 et
1205 2016 1373 2069 usque
1402 1999 1470 2053 ad
1501 1998 1756 2052 verticem
1788 1995 2029 2061 polluan-

446 2122 560 2173 tur,
599 2118 655 2161 et
705 2106 892 2161 bibant
941 2112 1113 2167 aquas
1169 2094 1440 2155 turbidas,
1474 2100 1529 2145 et
1577 2088 1776 2142 ﬂuenta
1824 2087 2028 2156 Assyrii

450 2199 695 2255 ﬂuminis
722 2205 776 2250 et
800 2189 1105 2262 Aquilonis,
1139 2187 1284 2242 unde
1312 2183 1673 2240 exardescunt
1698 2178 1838 2234 mala
1868 2193 2031 2247 super

454 2305 675 2348 terram.

524 2382 706 2456 (Vers.
741 2380 854 2449 l9).
895 2397 912 2429 ι
948 2377 1157 2446 Arguet
1206 2381 1255 2427 te
1298 2369 1503 2424 malitia
1543 2377 1632 2422 tua
1666 2367 1791 2436 (sive
1824 2363 2034 2420 erudiet

455 2490 507 2533 te
542 2474 923 2549 praevaricatio
973 2470 1091 2538 tua)
1126 2477 1182 2520 et
1227 2464 1441 2525 aversio
1474 2472 1567 2515 tua
1610 2456 1915 2529 increpabit
1960 2466 2031 2508 te.

450 2571 602 2626 Scito
648 2578 702 2621 et
746 2566 890 2629 vide,
925 2565 1052 2633 quia
1105 2558 1309 2613 malum
1358 2565 1412 2611 et
1463 2566 1708 2607 amarum
1759 2558 1864 2611 est,
1912 2546 2037 2601 reli-

452 2665 637 2731 quisse
668 2673 719 2714 Ie
750 2658 1039 2713 Dominum
1074 2653 1242 2706 Deum
1273 2657 1422 2702 tuum
1458 2662 1473 2701 :
1501 2656 1553 2700 et
1583 2657 1691 2697 non
1724 2656 1844 2697 esse
1877 2640 2038 2694 timo-

382 2828 389 2831 _
453 2771 570 2811 rem
601 2754 704 2808 mei
729 2751 873 2820 apud
909 2758 980 2813 te,
1005 2748 1135 2801 dicit
1164 2741 1432 2797 Dominus
1465 2738 1608 2792 Deus
1636 2736 2030 2791 exercituum.»

455 2848 762 2903 Notandum
811 2841 955 2912 quod
1010 2837 1216 2893 malitia
1265 2834 1380 2888 sive
1423 2828 1842 2900 przevaricatio,
1892 2834 2039 2895 pust-

456 2954 618 3010 quant
659 2931 993 2991 saturaverit
1039 2927 1508 2998 pravaricantem,
1542 2930 1596 2975 et
1637 2921 1804 2973 instar
1847 2924 2037 2970 cotur-

461 3033 639 3084 uicum
673 3038 844 3093 usque
874 3021 942 3074 ad
980 3032 1242 3072 nauseam
1276 3012 1508 3074 venerit,
1539 3008 1754 3063 erudiat
1785 3017 2037 3075 agentem

458 3119 842 3194 pteuitentiam
874 3131 888 3167 :
914 3112 1002 3166 cui
1029 3110 1335 3178 imperatur
1359 3114 1417 3157 ut
1442 3103 1621 3156 videat
1646 3100 1773 3169 quid
1807 3098 2038 3166 relique-
2068 3125 2112 3184 ο

462 3216 555 3277 rit,
591 3222 646 3266 et
674 3208 803 3276 quid
838 3213 1064 3261 secutus
1091 3202 1193 3266 sit;
1224 3210 1281 3253 et
1305 3193 1580 3268 quomodo
1605 3206 1869 3261 spernens
1900 3191 2039 3245 bona

461 3316 520 3363 et
550 3304 751 3367 dulcia,
777 3298 916 3354 mala
942 3305 998 3351 et
1023 3309 1209 3348 amara
1240 3292 1485 3362 elegerit.
1517 3287 1632 3343 Hoc
1658 3297 1837 3341 autem
1867 3292 2038 3336 totum

465 3404 668 3456 factum
708 3408 791 3450 est
827 3393 955 3463 quia
994 3386 1285 3457 dereliquit
1326 3380 1613 3438 Demimtin
1653 3378 1821 3431 Deum
1857 3389 2039 3437 suum,

464 3502 521 3548 et
549 3492 718 3545 timor
752 3487 900 3541 illius
932 3497 1038 3535 non
1068 3488 1151 3533 est
1179 3474 1321 3547 apud
1349 3488 1495 3528 eum.
1533 3468 1862 3537 Principium
1895 3464 2040 3518 enim

466 3584 749 3654 sapientiae
779 3580 943 3632 timor
974 3572 1188 3628 Domini
1221 3567 1398 3638 (Prov.
1433 3569 1510 3634 ix)
1537 3580 1551 3618 :
1584 3576 1742 3631 quem
1783 3560 1907 3627 quia
1935 3572 2042 3611 non

466 3678 678 3740 habuit,
708 3670 851 3725 malo
880 3676 936 3722 et
962 3658 1316 3718 amaritudini
1347 3656 1602 3709 traditur.

540 3766 719 3839 (Vers.
755 3760 875 3830 20.)
915 3776 933 3809 ι
971 3757 1015 3809 Α
1054 3750 1251 3809 smculo
1287 3746 1602 3813 confregisti
1639 3741 1826 3811 jogum
1867 3751 2045 3792 memn

471 3863 599 3931 (sive
658 3856 850 3921 tuum),
894 3849 1087 3920 rupisti
1148 3840 1362 3897 vincula
1428 3852 1545 3892 mea
1603 3836 1727 3904 (sive
1779 3832 1931 3899 tua);
1994 3838 2048 3883 et

471 3951 684 4015 dixisti,
708 3947 823 4003 Non
850 3944 1103 4000 serviam.
1132 3937 1189 3991 lu
1216 3934 1359 3990 onmi
1388 3929 1531 3985 enim
1567 3929 1702 3982 colle
1731 3923 1965 3987 sublimi,
1996 3930 2050 3974 et

465 4047 578 4129 sub
597 4014 745 4098 omni
775 4040 921 4108 ligno
957 4031 1213 4089 frondoso
1242 4036 1297 4080 tu
1330 4017 1763 4092 prosternebatis
1794 4014 2049 4068 meretrix

840 4128 843 4129 '
945 4128 949 4129 '
996 4126 1005 4129 ‘
1094 4124 1104 4129 ”
1180 4121 1191 4129 ·
1277 4115 1300 4129 ⁸
1402 4113 1414 4126 ’
1493 4110 1653 4129 -9~--\
1725 4126 1737 4129 -
1783 4107 1942 4129 n...--:
1988 4102 2049 4129 ...ι

473 4102 604 4207 {sive
642 4136 715 4189 ibi
752 4102 1139 4185 diffundebaris
1180 4121 1232 4175 in
1275 4110 1678 4179 fornicatione).
1724 4126 1742 4158 ι
1782 4107 1942 4172 Quasi
1986 4102 2052 4156 ad

474 4228 815 4285 meretricem
847 4218 1086 4288 loquitur
1111 4209 1302 4273 Israel,
1327 4204 1473 4277 quod
1516 4201 1819 4270 coniugalia
1848 4198 2051 4251 hedera

476 4318 708 4388 ruperit,
741 4324 795 4369 et
827 4311 1040 4373 dixerit,
1089 4304 1211 4360 Non
1247 4301 1471 4357 serviam
1515 4312 1534 4351 :
1579 4292 1904 4349 subauditur
1954 4289 2053 4341 do—

475 4412 648 4475 mino,
676 4405 760 4460 vel
790 4403 986 4459 marito
1018 4414 1034 4455 :
1071 4396 1164 4453 sed
1190 4397 1242 4449 in
1270 4391 1417 4448 omni
1442 4388 1579 4445 colle
1603 4383 1840 4445 sublimi,
1873 4390 1929 4434 et
1956 4378 2055 4432 sub

474 4501 623 4556 omni
680 4499 825 4566 ligno
860 4492 1115 4548 frondoso

476 4600 705 4651 Autmna
731 4590 877 4644 enim
900 4596 1116 4653 semper
1143 4590 1197 4634 et
1224 4576 1439 4633 excelsa
1471 4573 1586 4627 loca
1616 4570 1771 4626 idolis
1799 4565 2051 4621 dedican-

479 4700 589 4744 tur.
624 4685 807 4740 Potest
839 4680 942 4733 hoc
974 4686 1028 4731 et
1062 4673 1129 4727 ad
1164 4685 1288 4727 eum
1323 4666 1429 4722 dici
1467 4666 1556 4735 qui
1595 4664 1662 4716 ab
1704 4659 1859 4714 initio
1892 4656 2059 4710 Chi-i-

480 4783 708 4839 stiauus,
755 4783 809 4827 et
836 4784 902 4825 ex
938 4775 1092 4837 parte
1124 4763 1297 4816 sacris
1325 4756 1548 4813 Litteris
1575 4751 1839 4815 eruditus,
1873 4756 2059 4815 postea

479 4869 750 4927 desiderio
789 4836 1067 4918 saecularis
1104 4856 1449 4912 litteratum,
1486 4859 1605 4915 quae
1639 4840 1977 4912 significatur
2008 4836 2060 4889 in

480 4962 730 5025 collibus,
789 4966 845 5012 et
893 4964 1123 5007 armeme
1178 4941 1501 5016 eloquentiae
1562 4936 1674 5009 [ΑΙ.
1740 4937 1791 4988 iu
1848 4943 2063 4985 amoma

481 5046 838 5123 eloquentia],
872 5060 991 5115 quae
1021 5043 1073 5097 in
1108 5037 1381 5095 frondosis
1414 5039 1744 5088 monstratur
1758 5026 2064 5088 arboribus,

484 5119 885 5216 prostertiat'se
920 5132 1258 5191 daemonibus
1301 5144 1314 5181 :
1353 5125 1446 5197 qui
1479 5124 1580 5177 sub
1617 5119 1901 5177 occasione
1941 5129 2065 5171 eru-

561 5376 577 5406 ¹
613 5371 754 5425 Sunt
782 5380 910 5422 vero
942 5363 1069 5421 Sior
1091 5369 1145 5416 ct
1175 5357 1310 5413 Cion
1338 5354 1445 5409 duo
1468 5363 1650 5407 vetera
1825 5343 2068 5425 nomina,

488 5414 1166 5517 quodme'xulibtdfiiocis,
1198 5442 1251 5517 et
1283 5428 1530 5517 Ausculto
1556 5421 1858 5517 Antiqui“.
1880 5414 2069 5517 limiti,

1044 5486 1234 5570 liquet.
1282 5486 1602 5572 Communis
1648 5486 1849 5567 itaque.
1880 5486 2070 5549 editio,

490 5559 653 5656 quam
690 5559 916 5656 llieroi'i.
959 5559 1131 5635 notat',
1165 5584 1390 5656 sensqu
1430 5565 1601 5656 magis
1642 5559 1880 5656 respexit
1921 5570 1935 5609 ;
1973 5570 2076 5607 no-

1477 5652 1499 5656 η
1924 5643 1948 5656 ..
1995 5626 2076 5656 .,;_

497 5626 609 5714 idm
652 5626 856 5720 quippe
896 5626 1077 5720 Nlltltll
1118 5626 1193 5720 eo
1241 5635 1504 5720 vocabulo
1522 5626 1882 5720 vappellatuuli
1923 5643 1949 5705 ξι
1994 5626 2078 5675 ni—

698 5696 746 5704 ..-
812 5696 855 5700 -_

493 5696 717 5799 grediiie
738 5696 767 5774 ζ’
792 5696 1198 5799 IundenGrtecis
1250 5707 1566 5799 iit-ietoribus
1584 5696 1596 5700 ⁷
1616 5696 1786 5799 μέλας
1834 5696 2040 5775 dicitur
2059 5736 2072 5756 ,

494 5768 551 5854 ξι
618 5797 888 5847 Ausonius
928 5768 1219 5851 'l‘apyrunt
1287 5775 1510 5830 Melanis
1576 5772 1749 5825 albam
1822 5768 2070 5834 paginam

2112 520 2321 573 animas
2345 525 2398 569 et
2429 513 2596 584 850
2624 509 2926 566 divaricare
2957 502 3162 557 faciunt
3194 497 3359 567 pedes
3391 509 3517 549 suos
3540 497 3664 550 omni

2116 609 2439 665 transeunti.

2190 702 2371 772 (Vers.
2394 698 2512 763 2i.)
2553 716 2571 748 ι
2607 695 2720 766 Ego
2754 702 2931 747 autem
2963 684 3197 761 plantavi
3226 693 3279 738 te
3304 681 3518 733 vincam
3549 677 3668 732 ειυς-

2117 803 2251 859 tam,
2306 803 2465 845 omne
2514 802 2697 844 semen
2737 796 2925 837 verum
2968 777 3294 847 :quomodo
3326 783 3577 823 conversa
3622 783 3670 820 es

2119 886 2249 940 mihi
2281 884 2332 937 in
2363 894 2586 952 pravum
2618 878 2773 931 vinea
2798 870 3013 927 aliena?
3050 887 3069 921 ι
3101 864 3246 923 LXX
3281 882 3297 917 :
3334 883 3352 914 ι
3389 861 3495 931 Ego
3516 868 3670 910 autem

2118 974 2357 1047 plantavi
2386 983 2435 1028 te
2461 971 2676 1024 vineam
2704 963 3043 1035 frugiferam,
3067 972 3281 1013 omnem
3316 967 3499 1007 veram
3530 968 3542 1003 :
3566 964 3675 1015 qun-

2119 1067 2278 1122 modo
2310 1077 2573 1121 conversa
2604 1074 2664 1115 es
2702 1059 2756 1112 in
2789 1052 3203 1109 amaritudinem
3232 1046 3361 1101 vltis
3382 1043 3553 1097 aliena
3580 1038 3673 1109 μί.

2120 1157 2375 1229 alienae]?
2414 1175 2431 1206 ι
2495 1154 2599 1208 Pro
2662 1151 2821 1204 vinea
2888 1143 3167 1215 frugifera,
3222 1142 3337 1194 sive
3390 1137 3578 1197 electa,
3633 1132 3675 1182 iu

2123 1222 2348 1303 Hebraeo
2373 1259 2531 1299 sonec
2562 1241 2733 1322 (putt?)
2763 1237 2991 1292 habetur
3023 1250 3039 1287 :
3072 1246 3188 1300 qua:
3222 1230 3274 1283 iu
3303 1226 3458 1282 lsaize
3490 1222 3678 1274 cantico

2122 1340 2344 1412 ponitur
2368 1336 2506 1409 (lsa.
2527 1318 2602 1406 ι).
2636 1335 2730 1388 Est
2750 1342 2934 1386 autem
2962 1341 3135 1397 genus
3158 1323 3286 1376 vitis
3309 1318 3526 1389 optimae
3554 1330 3566 1371 :
3594 1329 3681 1384 quo

2124 1434 2344 1487 surculo
2374 1441 2428 1484 et
2451 1426 2616 1482 Israel
2650 1423 2907 1477 Dominus
2938 1420 3212 1489 plantassc
3238 1428 3295 1467 se
3322 1412 3491 1473 dicit;
3527 1420 3575 1460 et
3600 1405 3683 1458 iui-

2128 1536 2279 1577 ratur
2318 1518 2588 1590 quomodo
2620 1530 2805 1570 semen
2840 1525 3027 1565 verum
3060 1507 3341 1571 eleCtaque
3383 1500 3543 1552 vinea
3573 1511 3683 1549 cou-

2127 1632 2284 1670 versa
2324 1616 2393 1667 sit
2432 1612 2485 1666 in
2520 1606 2940 1664 amaritudinem
2979 1620 2992 1655 :
3025 1612 3080 1656 et
3118 1599 3239 1653 ideo
3275 1595 3411 1651 facta
3449 1593 3518 1645 sit
3555 1591 3686 1641 vinea

2131 1711 2303 1764 aliena
2329 1725 2346 1772 ;
2372 1706 2658 1772 nullusque
2689 1712 2916 1755 securus
2934 1698 3027 1757 sit,
3058 1695 3100 1747 si
3130 1700 3182 1744 et
3209 1686 3472 1759 plautatio
3502 1682 3686 1736 Domitii

2128 1813 2183 1858 et
2213 1815 2396 1856 semen
2429 1810 2617 1851 verum
2667 1800 2721 1847 et
2769 1791 2922 1844 vinea
2984 1783 3188 1840 Sorecli
3233 1781 3288 1835 in
3342 1785 3553 1831 tantum
3606 1786 3690 1825 suo

2130 1895 2263 1951 vitio
2296 1897 2686 1953 coiumutatur,
2729 1894 2790 1939 ut
2820 1898 2915 1953 per
2946 1876 3368 1934 amaritudinem
3414 1867 3619 1923 recedat
3664 1879 3688 1915 a

2130 1986 2383 2053 Domino,
2414 1995 2468 2039 et
2496 1982 2591 2035 fiat
2629 1979 2753 2033 vitis
2777 1976 2975 2029 aliena.
3005 1971 3070 2025 Et
3099 1969 3150 2022 in
3193 1969 3296 2020 hoc
3320 1956 3691 2018 consideranda

2130 2050 2419 2135 clementia
2453 2073 2773 2132 Salvatoris,
2812 2067 2956 2137 quod
2995 2062 3085 2131 qui
3118 2062 3169 2113 in
3202 2054 3497 2125 Evangelia
3536 2050 3691 2103 dixit:

2131 2171 2249 2241 Ego
2292 2184 2409 2222 sum
2451 2166 2568 2221 vitis
2599 2178 2721 2215 vera
2768 2157 2956 2230 (Joan.
3004 2168 3092 2219 xv,
3144 2151 3231 2220 l);
3279 2144 3561 2213 discipulis
3603 2139 3694 2211 [AL

2133 2236 2467 2329 disciplinis]
2499 2267 2714 2325 quoque
2728 2250 2841 2307 suis
2867 2244 3078 2302 dederit
3107 2250 3160 2296 et
3188 2236 3430 2293 credenti
3463 2236 3516 2287 in
3551 2246 3603 2286 se
3620 2246 3698 2298 po-

2136 2327 2294 2425 pulo,
2325 2361 2387 2411 ut
2410 2351 2535 2404 vitis
2572 2348 2747 2401 electa
2789 2342 2873 2397 vel
2907 2352 3033 2393 vera
3072 2336 3163 2399 sit,
3200 2335 3244 2388 si
3280 2330 3514 2386 voluerit
3545 2327 3594 2380 iu
3646 2340 3698 2377 eo

2135 2444 2279 2517 quod
2310 2444 2552 2513 plantata
2579 2448 2683 2503 est,
2715 2445 3056 2507 permanere.

2209 2508 2388 2607 (Vers.
2424 2529 2547 2603 22.)
2591 2549 2611 2581 ι
2651 2528 2708 2583 Si
2741 2526 2939 2582 laveris
2969 2533 3019 2577 te
3056 2521 3220 2585 nitro,
3272 2508 3700 2582 multiplicavcris

2140 2605 2234 2684 tibi
2273 2626 2499 2681 herbam
2530 2620 2739 2685 Boritb,
2779 2615 3047 2672 maculata
3082 2626 3140 2665 es
3191 2611 3241 2662 in
3292 2605 3577 2673 iniquitate
3626 2609 3698 2651 tua

2140 2735 2323 2777 coram
2350 2732 2434 2773 me
2465 2734 2481 2772 :
2512 2715 2648 2770 dicit
2668 2713 2927 2766 Dominus
2952 2709 3115 2762 Deus.
3144 2722 3162 2755 ι
3198 2701 3304 2755 Pro
3335 2697 3499 2754 herba
3526 2705 3703 2749 BOBI‘I‘I

2143 2815 2369 2889 (nt-in),
2393 2827 2555 2882 quam
2584 2825 2679 2864 nos
2709 2818 2765 2863 ut
2795 2806 2847 2859 in
2877 2802 3103 2858 Hebraeo
3125 2796 3299 2869 posita
3324 2802 3410 2850 est
3439 2791 3701 2847 vertimus,

2144 2881 2280 2963 LXX
2320 2881 2714 2961 transtulerunt
2743 2900 2882 2951 πόαν
2918 2906 2974 2950 ιιι
3006 2889 3378 2962 significarent
3425 2886 3447 2917 ⁸
3502 2881 3706 2937 herbam

2144 3003 2430 3064 fullonum,
2465 3011 2584 3067 qua:
2623 2995 2780 3064 juxta
2809 2993 2971 3044 ritum
2998 2983 3290 3054 provinciae
3316 2978 3637 3038 Palaestinae,
3660 2973 3707 3024 in

2148 3092 2447 3147 virentibus
2479 3099 2535 3143 et
2562 3085 2832 3142 lmmectis
2860 3081 3099 3135 nascitur
3133 3075 3262 3130 locis
3300 3091 3314 3127 :
3349 3080 3401 3127 et
3430 3073 3497 3123 ad
3540 3070 3710 3121 lavan-

2148 3186 2245 3240 das
2290 3181 2481 3236 sordes
2532 3178 2777 3232 eamdem
2843 3172 2949 3225 vim
2995 3170 3155 3224 habet
3198 3178 3359 3234 quam
3396 3172 3451 3216 et
3503 3162 3709 3213 nitrum.

2149 3281 2358 3333 Nitrum
2392 3282 2573 3325 autem
2607 3278 2875 3326 nostrum.
2904 3272 2957 3317 et
2988 3261 3163 3316 herba
3187 3254 3428 3319 fullonis,
3465 3252 3710 3321 ρωιιίιειιο

2153 3371 2223 3423 tia
2255 3376 2356 3422 est.
2401 3361 2815 3418 Ecclesiasticus
2848 3369 3065 3426 quoque
3096 3367 3298 3415 sermo,
3333 3351 3422 3419 qui
3451 3346 3627 3415 arguit
3670 3354 3715 3394 et

2153 3465 2396 3527 increpat
2433 3468 2489 3511 et
2518 3453 2741 3521 corripit
2769 3452 3166 3518 delinquentes,
3206 3439 3564 3496 mordacioris
3604 3435 3715 3488 uitri

2155 3550 2313 3602 habet
2375 3543 2807 3599 similitudinem.
2862 3536 2967 3604 Qui
3023 3550 3153 3589 vero
3215 3532 3318 3586 levi
3380 3538 3716 3600 peccatorum

2153 3642 2315 3695 sorde
2360 3638 2667 3692 maculatus
2707 3641 2811 3698 est,
2850 3629 3140 3685 levioribus
3180 3634 3446 3695 purgatur
3486 3618 3715 3675 monitis.

2156 3732 2324 3787 Porro
2357 3739 2570 3797 peccata
2598 3727 2807 3798 gravia,
2839 3739 2959 3794 qua:
2987 3723 3051 3776 ad
3082 3706 3311 3774 mortem
3351 3718 3595 3780 trahunt,
3632 3727 3717 3766 nec

2158 3831 2299 3881 uitro
2333 3839 2431 3878 nec
2462 3822 2629 3876 herba
2666 3818 2850 3872 Burith
2883 3815 3012 3869 dilui
3044 3823 3267 3884 possunt
3298 3828 3313 3865 :
3346 3810 3439 3865 sed
3470 3807 3720 3879 graviori-

2159 3919 2257 3972 bus
2292 3913 2576 3971 tormentis
2627 3912 2888 3979 indigent.
2926 3905 3361 3974 Uniuscujusque
3404 3904 3545 3956 enim
3598 3911 3724 3965 opus

2159 4009 2318 4078 quale
2351 4008 2443 4068 sit,
2485 4006 2623 4073 ignis
2663 4003 2935 4071 probabit,
2966 4008 3021 4072 et
3052 3999 3104 4053 in
3149 4000 3270 4067 igne
3316 3994 3642 4049 revelabitur
3680 3990 3722 4058 (Ι

2161 4103 2281 4158 Cor.
2322 4098 2423 4170 ιιι).
2454 4096 2794 4162 Pulchreque
2825 4090 3031 4145 addidit
3068 4106 3082 4143 :
3140 4089 3417 4141 Jlaculala
3459 4102 3512 4140 es
3552 4085 3725 4137 inini—

2160 4193 2361 4260 quilate
2396 4199 2485 4240 tua
2511 4189 2563 4239 in
2595 4193 2873 4253 caitspecm
2901 4197 3011 4234 mea
3048 4198 3066 4235 :
3099 4180 3242 4249 quod
3270 4178 3480 4233 etiamsi
3508 4176 3729 4230 homini-

2163 4288 2265 4338 bus
2298 4281 2497 4334 munda
2528 4278 2787 4345 videaris,
2827 4276 2957 4328 mihi
2990 4274 3185 4325 munda
3216 4288 3322 4324 non
3349 4271 3445 4333 sis,
3474 4267 3562 4338 qui
3616 4270 3729 4320 novi

2165 4374 2530 4429 conscientias
2561 4371 2921 4438 singulorum.
2968 4364 3117 4420 Unde
3143 4377 3198 4419 et
3231 4367 3285 4419 in
3316 4368 3425 4417 alio
3460 4364 3577 4417 loco
3606 4360 3731 4415 dici-

1168 4492 1441 4556 prostrata
1496 4478 1661 4534 fuerit
1712 4473 2051 4530 idololatriae.
2091 4484 2136 4541 ι)
2166 4478 2251 4520 tur
2283 4482 2297 4521 :
2326 4464 2445 4518 Non
2465 4455 2850 4534 justi/imbitur
2880 4462 2933 4515 in
2961 4468 3231 4527 corispeclu
3271 4467 3360 4510 tuo
3388 4460 3552 4509 omnis
3577 4458 3735 4509 vitim

2163 4559 2341 4629 (l’sal.
2371 4574 2498 4623 sui,
2528 4557 2605 4629 2).

2236 4654 2416 4724 (\‘ers.
2455 4650 2568 4715 23.)
2609 4667 2626 4699 ι
2670 4645 2952 4713 Quomodo
2988 4644 3145 4707 dicis,
3188 4643 3308 4696 Non
3347 4658 3466 4696 sum
3523 4640 3736 4709 polluta.

2164 4754 2286 4814 post
2323 4743 2524 4796 Baalim
2566 4756 2670 4794 non
2703 4740 2852 4794 abii?
2890 4739 3019 4793 Vide
3060 4740 3172 4791 vias
3206 4746 3327 4791 tuas
3371 4736 3423 4790 in
3447 4732 3736 4789 convalle.»

2166 4836 2295 4890 Sive
2346 4834 2503 4897 valle,
2550 4847 2667 4902 quze
2717 4832 2983 4886 Hebraice
3018 4832 3214 4883 dicitur
3238 4842 3326 4894 se,
3359 4837 3413 4882 et
3442 4844 3471 4881 a
3503 4823 3641 4880 LXX
3666 4826 3745 4875 in-

2166 4936 2501 4996 terpretatur
2535 4922 2914 4993 πολυάνδριον,
2951 4921 3094 4983 quod
3130 4934 3381 4974 sermone
3410 4927 3589 4973 nostro
3642 4910 3742 4964 ιιιιί

2169 5030 2371 5092 potest,
2406 5021 2706 5089 sepulcrum
2742 5015 3118 5071 multitudinis.
3156 5012 3318 5083 851
3363 5014 3600 5071 Frustra,
3658 5009 3745 5060 iu-

2170 5115 2307 5187 quit,
2342 5128 2452 5169 non
2489 5117 2567 5169 vis
2593 5111 2839 5167 conliteri
2877 5109 3083 5164 scelera
3117 5116 3229 5171 tua,
3262 5116 3315 5161 et
3338 5106 3515 5175 jactas
3538 5100 3749 5157 mundi-

2175 5350 2355 5400 νοοεη.

2248 5420 2269 5448 ⁸
2309 5417 2479 5480 Quam
2510 5412 2658 5469 enim
2691 5411 2927 5483 propria
2951 5425 3079 5465 voce
3103 5407 3380 5476 appellare
3410 5404 3465 5458 in
3500 5412 3751 5471 promptu

2179 5502 2283 5541 non
2328 5494 2467 5549 erat,
2525 5482 2767 5551 generali
2818 5482 3033 5534 herbam
3084 5488 3552 5551 nuncupaverunt,
3587 5487 3753 5522 πων.

2178 5545 2546 5610 Tlieodoritus
2570 5556 2625 5607 in
2657 5556 2800 5607 hunc
2829 5554 3031 5614 locum,
3065 5550 3203 5600 πόιν
3234 5552 3303 5598 τὰ
3352 5547 3458 5598 ἀπὸ
3496 5547 3588 5611 γῆς
3623 5545 3755 5614 φρό-

2185 5643 2322 5695 μενα
2354 5625 2619 5703 patipati:
2645 5623 2935 5703 _t_5vopéi;at.
2970 5612 3205 5697 flerbam.
3238 5617 3491 5703 (ιρριῗίιιιι,2
3521 5628 3633 5703 quae.
3666 5612 3761 5660 de-

2182 5682 2490 5773 tergen'dijvi.
2508 5682 2765 5773 pi'ardira,
2779 5711 2805 5745 ε
2832 5682 3328 5773 terru‘proveniuut.
3346 5685 3540 5741 Confer
3561 5682 3759 5735 librum

2188 5776 2252 5819 de
2282 5765 2603 5819 Nominibus
2635 5767 2698 5818 ad
2733 5778 2914 5819 vocem
2946 5762 3084 5815 lt‘ua.
