3950 6180
296 319 395 387 721

843 327 994 387 CUM
1005 328 1052 384 Μ
1063 328 1336 392 ENTAR.
1386 329 1467 389 IN
1509 331 1760 394 JEREM
1773 336 1797 394 Ι
1810 336 1850 393 Α

1973 341 2412 405 PPOPHETAM
2455 349 2598 411 LIB.
2645 353 2692 422 Ι,
2734 353 2892 413 CAP.
2933 353 3014 418 ll.

3442 359 3556 420 792

296 441 445 536 tiam,
469 455 588 506 qum
619 439 940 496 idololatriae
970 442 1174 510 polluta
1201 459 1260 498 es
1292 447 1572 513 sordibus;
1603 457 1657 501 et
1681 449 1859 518 itttptt-
1889 451 1933 508 A
1965 462 2017 506 et
2072 465 2340 513 amatores
2399 460 2464 513 ad
2525 459 2808 517 libidinem
2856 464 3220 534 provocabat,
3281 470 3556 536 aperiebat

293 531 484 584 denter
529 545 692 598 negas
712 543 763 586 te
780 533 1013 589 coluisse
1036 536 1236 588 idolum
1259 535 1460 592 Baalim
1491 539 1692 609 (Infra.
1726 542 1864 609 xu).

295 625 523 693 Respice
591 629 892 683 convallem
967 631 1200 685 ﬁliorum
1263 633 1476 688 Ennon.
1541 651 1662 705 qua:
1726 637 1869 692 Siloe

292 719 532 773 fontibus
580 722 855 788 irrigatur,
911 734 966 776 et
1016 724 1087 778 ibi
1143 740 1336 780 cernes
1384 727 1668 782 delubrum
1717 731 1864 796 Baal,

290 827 449 876 quem
478 812 668 866 relicto
703 814 834 879 Deo,
867 827 1122 888 venerata
1155 832 1233 871 es.
1270 818 1534 888 Quodque
1578 823 1796 876 additur
1848 842 1863 878 :

287 900 430 955 Scito
460 903 587 971 quid
617 903 824 971 feceris,
857 885 1072 961 clausos
1105 909 1290 962 oculos
1319 885 1495 980 aper—it
1527 911 1863 982 deuegautis,

289 1005 346 1046 ut
388 1006 576 1050 cernat
622 996 763 1063 quod
808 999 1080 1054 erubescit
1118 1001 1384 1070 aspicere.
1421 988 1582 1058 iuxta
1631 1009 1864 1075 tropolo-

288 1087 454 1147 giam,
500 1086 890 1154 impudentiam
939 1090 1134 1146 frontis
1173 1107 1360 1146 eorum
1396 1095 1487 1162 qui
1531 1097 1721 1150 nolunt
1765 1112 1860 1150 sua

288 1176 417 1229 vitia
479 1178 746 1248 conﬁteri,
805 1183 1422 1257 Operibnsrarguamus.
1481 1187 1860 1256 llujuscemodi

284 1270 432 1322 cnim
467 1269 710 1322 homines
765 1287 870 1324 non
901 1273 1181 1327 ambulant
1215 1276 1266 1328 in
1297 1287 1446 1332 arcta
1477 1280 1605 1332 etin
1634 1293 1862 1350 angusta

287 1362 532 1428 via,qna-
554 1363 703 1416 ducit
730 1366 795 1417 ad
827 1367 990 1420 vitam
1020 1385 1034 1420 :
1064 1367 1156 1420 sed
1193 1368 1244 1420 in
1273 1369 1378 1422 lata
1401 1381 1457 1423 et
1478 1374 1736 1438 Spatiosa,
1766 1388 1863 1442 per

286 1469 454 1517 quam
490 1455 864 1523 ingrediuntur
899 1457 1137 1523 plurimi,
1173 1475 1291 1528 quae
1321 1460 1466 1516 ducit
1521 1465 1587 1516 ad
1633 1476 1859 1518 mortem

286 1544 506 1610 (Matth.
569 1545 683 1616 vn).
741 1546 898 1602 Unde
958 1560 1014 1603 et
1069 1549 1442 1617 signiﬁcanter
1507 1553 1859 1624 πολυάνδριον

286 1636 565 1691 nominata
593 1647 698 1702 est,
729 1639 845 1693 sive
873 1640 1024 1708 juxta
1054 1641 1355 1706 historiam,
1388 1645 1532 1715 quod
1570 1647 1640 1700 ibi
1693 1648 1858 1701 inter-

1976 545 2090 599 vias
2141 550 2490 616 turpitudinis
2531 569 2662 618 sum,
2718 564 2772 608 et
2816 555 3147 610 divariCabat
3193 555 3355 624 pedes
3405 559 3552 611 omni

1979 641 2277 694 transeunti
2313 640 2490 710 (Prov.
2524 661 2554 698 v
2582 656 2629 698 et
2660 644 2755 712 vi).
2777 645 2902 699 Erat
2939 658 3118 701 autem
3143 649 3299 702 locus
3325 650 3554 706 animai-

1973 737 2139 783 tatem
2173 732 2381 787 habens
2420 748 2684 804 aquarum
2717 735 3020 804 fluentium,
3054 740 3145 806 qui
3185 739 3556 799 delectabilior

1972 819 2050 882 fit,
2084 822 2304 888 quando
2344 822 2395 877 iu
2427 825 2661 880 circuitu
2695 827 2929 882 solitudo
2954 837 3057 894 est,
3087 838 3147 883 nt
3167 829 3348 884 nullus
3377 831 3554 884 videat

1969 910 2360 969 fornicantem.
2396 914 2463 969 In
2488 917 2772 984 desiderio,
2797 921 2990 990 inquit,
3016 924 3209 976 anima:
3237 938 3348 976 suis
3391 939 3556 976 πνευ-

1972 1008 2356 1072 ματοφορεῖτο,
2407 1006 2523 1062 sive
2564 1023 2819 1076 perverso
2855 1011 3045 1079 spiritu
3081 1011 3395 1075 ducebatur,
3438 1011 3552 1066 sive

1970 1097 2217 1148 trahebat
2276 1099 2480 1150 amoris
2525 1099 2864 1170 refrigerium
2923 1115 2940 1157 :
2988 1101 3070 1153 vol
3125 1113 3272 1155 certe
3321 1104 3548 1155 canebat

1969 1187 2324 1254 turpitudinis
2358 1202 2469 1242 suae
2497 1189 2758 1244 carmina.
2794 1189 3012 1244 Tradita
3049 1203 3146 1257 est,
3177 1192 3370 1258 inquit,
3408 1193 3548 1245 vitiis

1964 1277 2080 1331 suis
2115 1287 2169 1332 et
2212 1279 2420 1334 libidini
2464 1298 2478 1334 :
2521 1280 2703 1335 nullus
2755 1297 2874 1337 eam
2915 1297 3234 1338 convertere
3281 1285 3477 1352 poterit
3531 1280 3544 1319 ί

1963 1384 2156 1424 omnes
2196 1372 2286 1440 qui
2319 1372 2593 1426 voluerint
2621 1387 2741 1428 eam
2779 1374 3047 1440 invenire,
3087 1375 3141 1433 in
3199 1376 3546 1442 turpitudinis

1962 1459 2268 1517 humilitate
2303 1463 2600 1534 reperient,
2651 1472 2709 1519 ut
2741 1480 3015 1535 nunquam
3049 1468 3218 1537 possit
3259 1465 3544 1534 voluptatis

1962 1569 2149 1609 amore
2177 1555 2388 1610 satiari.

2033 1650 2214 1717 (Vers.
2246 1649 2366 1720 25.)
2406 1670 2425 1703 s
2465 1651 2696 1706 Prohibe
2731 1651 2920 1720 pedem
2953 1661 3102 1706 tuum
3135 1668 3164 1706 a
3202 1654 3462 1715 nuditate,
3490 1662 3542 1707 et

289 1729 430 1784 fecta
464 1741 516 1784 et
549 1731 758 1800 perdita
793 1732 867 1787 sit
899 1732 1219 1791 idololatriae
1248 1738 1408 1804 male,
1443 1739 1622 1808 populi
1671 1741 1857 1794 multi-
1895 1782 1935 1836 Β
1965 1749 2317 1808 gutturtuum
2337 1757 2366 1796 a
2391 1743 2482 1798 siti
2513 1759 2527 1796 :
2554 1753 2606 1796 et
2633 1743 2841 1806 dixisti,
2870 1743 3178 1810 DeSperavi.
3204 1760 3536 1814 nequaquam

287 1821 439 1876 Ludo.

360 1913 544 1982 (Vers.
572 1915 690 1978 24.)
728 1937 745 1970 ι
783 1917 986 1974 Cursor
1013 1919 1148 1975 levis
1177 1922 1456 1990 explicans
1504 1925 1618 1978 vias
1671 1941 1796 1979 suas
1846 1945 1860 1981 :

284 2021 496 2076 onager
518 2017 767 2063 assuetus
798 2011 1097 2078 solitudini,
1125 2013 1176 2067 in
1210 2015 1481 2069 desiderio
1521 2016 1715 2069 animm
1754 2033 1866 2072 sine

286 2095 510 2151 attraxit
543 2105 759 2152 ventum
791 2101 992 2157 amoris
1024 2102 1108 2156 sui
1143 2119 1156 2156 :
1191 2103 1372 2159 nullus
1422 2116 1629 2161 avertet
1673 2121 1795 2162 eam
1845 2125 1861 2162 :

283 2204 478 2244 otnnes
497 2190 585 2258 qui
617 2200 864 2260 quaerunt
891 2207 1032 2256 eam,
1060 2209 1164 2248 non
1187 2195 1459 2252 deﬁcient.
1486 2197 1546 2251 In
1570 2200 1867 2256 menstruis

283 2282 406 2348 ejus
425 2281 703 2338 invenient
727 2299 870 2338 eam.
907 2304 926 2337 ι
959 2283 1099 2339 LXX
1126 2302 1142 2341 :
1171 2305 1191 2338 ι
1225 2287 1305 2340 Ad
1327 2302 1599 2357 vesperam
1629 2306 1728 2346 vox
1751 2292 1868 2361 ejus

287 2374 542 2438 ululavit,
579 2377 693 2432 vias
719 2392 844 2431 suas
873 2375 1119 2432 dilatavit
1151 2395 1315 2449 super
1336 2397 1504 2451 aquas
1535 2385 1865 2457 solitudinis,

287 2466 345 2520 in
386 2467 657 2523 desiderio
684 2469 875 2524 animm
905 2485 1015 2526 sua:
1049 2473 1241 2539 spiritu
1269 2477 1588 2544 portabatur
1618 2495 1632 2532 :
1669 2479 1864 2543 tradita

287 2569 414 2614 est:
450 2559 572 2627 quis
598 2571 868 2616 convertet
899 2564 1057 2619 eam?
1079 2563 1280 2621 Omnes
1302 2568 1392 2635 qui
1423 2580 1670 2635 quaerunt
1697 2571 1865 2634 illam,

285 2670 400 2710 non
449 2653 818 2721 laborabunt,‘
867 2669 923 2711 et.
963 2659 1016 2711 in
1062 2659 1368 2715 humilitate
1413 2662 1559 2717 illius
1595 2664 1868 2730 reperient

285 2750 459 2805 illam.
503 2768 522 2801 ι
555 2749 776 2804 Multum
803 2753 852 2805 itt
871 2753 974 2808 hoc
1003 2753 1123 2807 loco
1148 2752 1289 2808 LXX
1321 2754 1489 2810 editio
1515 2756 1583 2810 ab
1598 2755 1865 2811 Hebraica

285 2843 519 2897 veritate
561 2843 830 2898 discordat
883 2860 899 2899 :
942 2853 1118 2899 tamen
1168 2854 1396 2916 utraque
1439 2848 1606 2904 habet
1649 2864 1867 2905 sensum

286 2949 472 2988 suum.
507 2935 640 2998 Quia
674 2949 836 3004 supra
871 2935 1029 2995 dixit,
1061 2953 1164 2990 non
1194 2954 1308 2990 sum
1349 2939 1589 3005 polluta;
1619 2951 1671 2994 et
1714 2951 1867 3009 quasi

284 3025 354 3079 ad
385 3026 663 3080 mulierem
689 3041 809 3095 qua:
838 3027 1068 3095 turpiter
1093 3043 1151 3082 se
1179 3040 1421 3099 gesserat
1461 3031 1475 3062 ³
1515 3031 1867 3097 loquebatur.

1966 1831 2160 1886 faciam
2198 1834 2480 1888 :adamavi
2503 1835 2702 1903 quippe
2733 1835 2964 1897 alienos.
2997 1846 3050 1889 et
3082 1843 3201 1904 post
3225 1850 3316 1888 eos
3348 1837 3540 1890 ambu-

1966 1922 2108 1977 labo.
2148 1943 2168 1976 ι
2197 1923 2338 1977 LXX
2369 1941 2384 1980 :
2419 1943 2438 1976 ι
2467 1923 2735 1980 Converte
2768 1925 2957 1995 pedem
2981 1936 3127 1978 tunm
3161 1942 3187 1978 a
3216 1929 3296 1978 via
3328 1943 3536 1996 aspera,

1965 2023 2022 2068 et
2051 2025 2237 2082 guttur
2269 2025 2419 2070 tuum
2450 2030 2479 2068 a
2523 2017 2612 2069 siti
2651 2032 2668 2070 :
2713 2033 2835 2086 quae
2873 2016 3030 2082 dixit,
3084 2018 3321 2073 Viriliter
3362 2007 3536 2088 agam.

1967 2106 2221 2175 quoniam
2255 2105 2417 2161 dilexi
2457 2105 2684 2172 alienos,
2717 2117 2771 2162 et
2803 2117 2924 2176 post
2974 2124 3067 2163 eos
3109 2109 3374 2164 ambulavi
3427 2110 3537 2183 Lall.

1968 2197 2303 2270 ambulabo].
2342 2217 2362 2252 ι
2401 2197 2608 2255 Pascha
2641 2201 2856 2265 facturi,
2897 2200 3246 2256 calciamenta
3287 2201 3542 2270 jubcutur

1969 2289 2170 2346 habere
2195 2292 2248 2344 in
2277 2291 2507 2360 pedibus
2533 2289 2732 2360 (Exod.
2756 2293 2878 2362 xu).
2907 2294 2967 2345 Et
3002 2292 3292 2362 Apostolus
3322 2293 3537 2363 (Ep/tes.

1968 2383 2065 2451 vt),
2101 2383 2357 2437 calciatos
2388 2384 2650 2450 praedicat
2687 2387 2847 2453 pedes
2877 2399 3065 2439 eorum
3113 2386 3204 2452 qtti
3251 2385 3540 2456 Evangelia

1967 2470 2340 2544 prmparantur
2373 2491 2387 2530 :
2420 2487 2486 2528 ne
2506 2473 2635 2528 dum
2669 2489 2765 2544 per
2793 2475 2974 2530 saeculi
3002 2475 3162 2544 huius
3191 2475 3538 2530 solitudinem

1970 2569 2310 2639 gradiuntur,
2338 2569 2623 2624 venenatis
2648 2576 2862 2639 pateant
2884 2566 3271 2630 animantibus,
3302 2581 3420 2631 quae
3445 2567 3538 2620 de-

1969 2664 2097 2718 bent
2147 2661 2473 2731 Evangelico
2519 2663 2654 2732 pede
2707 2660 2902 2716 calcari
2956 2669 3009 2715 et
3057 2658 3285 2714 conteri.
3346 2657 3541 2712 Gullt'll'

1969 2754 2320 2825 prohibemus
2350 2769 2379 2808 a
2409 2753 2520 2818 siti,
2559 2753 2777 2822 quando
2810 2750 3107 2806 Salvatoris
3141 2760 3410 2820 praecepta
3441 2749 3541 2801 im-

1969 2841 2182 2910 plemus
2211 2842 2233 2874 ³
2265 2841 2498 2896 dicentis
2531 2841 2680 2911 τρυε
2717 2843 2828 2896 sitit
2858 2841 3030 2894 veniat
3065 2841 3133 2894 ad
3182 2855 3282 2902 me,
3324 2850 3368 2891 et
3403 2840 3542 2891 bilvat

1973 2933 2156 3001 (Joan.
2193 2933 2574 3003 vtt.3'l).Qn:e
2599 2934 2978 3000 desperatione
3027 2932 3288 2985 malorum
3335 2931 3546 2999 negavit

1972 3039 2032 3080 se
2090 3024 2353 3080 fat-turum
2398 3025 2537 3094 quod
2578 3023 2837 3078 Dominus
2873 3024 3179 3088 imperavit,
3219 3038 3543 3090 causamque

287 3116 555 3171 describit
589 3116 998 3172 fornicationem
1039 3118 1178 3188 ejus.
1214 3117 1516 3184 Quomodo,
1545 3121 1738 3191 inquit,
1770 3136 1864 3176 ea-
1889 3108 1934 3174 C
1967 3118 2219 3185 exposuit
2247 3117 2435 3172 dicens
2473 3133 2488 3176 :
2519 3115 2776 3169 Adamm’i
2807 3116 3034 3182 alienos).
3068 3125 3122 3169 et
3150 3115 3266 3169 i|l03
3301 3131 3497 3184 St‘tluat'
3527 3133 3542 3171 :

287 3224 414 3276 prea
443 3207 592 3270 levis,
626 3223 788 3273 quam
816 3223 914 3262 nos
944 3223 1138 3279 genere
1165 3210 1462 3275 communi,
1488 3227 1752 3266 cursorem
1780 3214 1862 3267 d2-

284 3299 486 3359 ximus,
543 3297 1054 3364 significantiusque
1103 3297 1317 3368 Aquila,
1370 3298 1746 3369 Symmachus,
1805 3314 1859 3357 et.

283 3390 586 3446 Theodotio
628 3400 844 3444 vertere
891 3389 1095 3458 δρομὰς
1147 3389 1322 3460 κούφη
1369 3393 1414 3452 ³,
1459 3392 1858 3468 θιρΙίοοιξνίιιε

283 3500 437 3548 suas,
476 3493 528 3538 et
567 3484 722 3538 velox
763 3483 936 3538 fertur
973 3483 1038 3536 ad
1081 3481 1274 3549 pabula
1321 3499 1336 3540 :
1377 3491 1428 3536 et
1460 3483 1615 3539 sicuti
1665 3501 1864 3549 onager

283 3583 536 3630 assuetus
559 3575 612 3628 in
640 3574 952 3635 solitudine,
974 3573 1140 3627 trahit
1172 3572 1224 3625 in
1245 3572 1512 3628 desiderio
1543 3575 1732 3629 anima:
1747 3591 1858 3629 sua:

285 3676 508 3720 ventum
560 3667 639 3721 vel
685 3665 931 3735 spiritum
967 3662 1169 3718 amoris
1211 3665 1290 3718 sui
1340 3664 1470 3734 (uno
1521 3666 1662 3720 enim
1718 3665 1858 3730 apud

286 3757 542 3812 Hchrtcos
577 3756 795 3811 nomine
832 3771 932 3810 nus
965 3753 1106 3823 (ΓΠ-Ἰ)
1139 3762 1190 3808 et
1229 3765 1407 3810 ventus
1454 3756 1758 3825 appellatur
1805 3768 1861 3811 et

281 3848 543 3917 spiritus).
579 3849 659 3902 sic
676 3857 729 3901 et
745 3845 937 3909 lsrael,
959 3846 1074 3901 sive
1104 3845 1404 3901 Jerusalem
1431 3855 1542 3900 tcto
1567 3846 1766 3913 impetu
1789 3847 1855 3902 ad

284 3939 619 3996 desiderium
667 3937 908 3993 libidinis
954 3936 1249 4004 ferebatur,
1297 3949 1349 3993 et
1391 3940 1536 3994 omni
1593 3939 1854 3994 idolorum

286 4047 472 4087 amore
507 4030 746 4085 fervebat
776 4047 790 4082 :
829 4028 1112 4097 nullusque
1144 4037 1229 4084 est
1261 4029 1352 4098 qui
1380 4044 1496 4084 eam
1530 4030 1642 4085 suis
1677 4033 1857 4086 moui-

285 4126 357 4180 t's
387 4138 485 4191 pos
518 4122 558 4176 it
586 4122 654 4175 ab
677 4121 780 4176 hoc
810 4121 1015 4189 impetu
1048 4128 1296 4174 avertere
1333 4136 1348 4174 :
1384 4133 1489 4174 non
1516 4135 1625 4189 quo
1654 4121 1858 4190 impos-

285 4213 520 4270 sibilitas
547 4213 652 4268 hoc
685 4213 870 4268 fecerit
898 4212 1301 4282 prophetarum,
1336 4213 1431 4267 sed
1481 4213 1684 4267 malitia
1736 4231 1855 4284 per-

287 4319 442 4359 versa
473 4303 760 4372 cupientis.
793 4301 1132 4369 Quicunque,
1185 4301 1284 4364 ait,
1344 4316 1462 4355 eam
1521 4303 1857 4370 quaesierint,

287 4409 393 4448 non
420 4406 740 4462 magnopere
765 4391 1104 4446 laborabunt.
1140 4391 1195 4444 ln
1239 4392 1533 4447 menstruis
1571 4401 1624 4446 et
1657 4391 1709 4445 in
1755 4393 1857 4446 im-

1980 3209 2273 3276 impudenti
2311 3205 2652 3261 confessione
2685 3215 2878 3274 putans
2909 3222 2967 3262 se
3002 3208 3230 3261 crimina
3281 3207 3541 3263 devitarc.

1982 3299 2152 3353 νοιτο
2178 3299 2328 3366 juxta
2362 3296 2498 3349 LXX
2531 3296 2615 3349 via
2652 3308 2991 3362 peccatorum
3027 3311 3218 3366 aspera
3248 3306 3348 3361 est,
3376 3312 3493 3366 quur
3515 3317 3542 3373 a

1979 3391 2201 3446 Domino
2256 3390 2589 3442 convertitur
2642 3388 2694 3440 itt
2743 3389 2882 3441 viam
2947 3388 3180 3456 planam.
3229 3389 3541 3454 Quicunque

1979 3483 2265 3536 hmreticos
2301 3480 2566 3547 sequitur,
2596 3479 2785 3533 horum
2820 3494 3070 3534 versuum
3097 3489 3310 3533 notetur
3335 3479 3537 3550 elogio;

1976 3573 2117 3644 quod
2145 3573 2362 3637 dixerit,
2394 3571 2675 3641 Desperari
2699 3571 2811 3626 sive
2843 3571 2894 3625 in
2921 3570 3060 3625 malo
3091 3571 3362 3640 proposito
3385 3586 3536 3640 agam

1976 3666 2224 3727 viriliter,
2255 3671 2308 3717 et
2337 3665 2390 3716 in
2425 3679 2544 3717 meo
2573 3663 2922 3718 confortabor
2947 3677 3152 3728 errore.
3187 3661 3412 3716 Necesse
3440 3675 3539 3714 au-

1977 3769 2082 3814 tem
2116 3768 2218 3820 est,
2255 3765 2315 3810 ttt
2345 3757 2435 3824 qui
2466 3755 2691 3810 alienam
2728 3755 2796 3810 ab
2830 3755 3191 3810 ecclesiastica
3243 3752 3538 3808 doctrinam

1974 3847 2242 3915 sequitur,
2279 3846 2483 3899 alienos
2514 3844 2731 3911 diligat;
2766 3853 2819 3898 et
2849 3859 3033 3898 eorum
3069 3851 3324 3912 sequatur
3376 3843 3509 3896 vesti
3531 3869 3544 3882 ς

1972 3938 2083 4008 gia,
2114 3937 2195 3990 vel
2221 3937 2512 3998 daemones,
2552 3935 2636 3987 vel
2667 3933 3042 3989 haereticorum
3076 3933 3364 4003 principes,
3392 3933 3480 4000 qui
3511 3948 3539 3983 a

1975 4026 2082 4081 Deo
2113 4024 2272 4078 alieni
2295 4033 2440 4079 sunt.
2649 4075 2653 4078 λ
3470 4076 3506 4110 ο

2047 4115 2228 4187 (Vere.
2245 4117 2337 4182 26,
2355 4115 2470 4183 27.)
2497 4135 2514 4167 ι
2539 4115 2818 4181 Quomodo
2835 4114 3182 4170 confunditur
3204 4116 3310 4177 fur,
3329 4116 3542 4183 quando

1977 4206 2420 4276 deprehenditur,
2457 4205 2535 4258 sic
2562 4202 2774 4258 confusi
2802 4212 2926 4258 sunt
2955 4205 3147 4259 domus
3181 4203 3341 4257 Israel
3377 4220 3392 4262 :
3441 4207 3537 4270 ipsi

1975 4309 2030 4352 et
2057 4313 2208 4368 reges
2231 4311 2442 4357 eorum,
2463 4295 2738 4364 principes
2758 4305 2812 4350 et
2836 4296 3166 4362 sacerdotes,
3190 4306 3243 4350 et
3271 4297 3543 4365 prophetae

1973 4405 2184 4445 eorum.
2224 4407 2242 4440 ι
2278 4388 2536 4454 Quamvis
2553 4389 2625 4443 sit
2648 4387 2928 4456 impudens
2959 4397 3012 4442 et
3034 4403 3230 4456 procax
3258 4389 3434 4440 Vltillls
3458 4391 3538 4441 fu-

287 4480 554 4538 muntlitia
579 4480 696 4550 ejus
725 4481 998 4535 invenient
1031 4494 1174 4535 eam.
1222 4479 1327 4534 Pro
1374 4494 1482 4545 quo
1516 4481 1708 4542 Aquila
1735 4497 1865 4534 vso-
1899 4470 1942 4526 υ
1974 4482 2231 4541 rantium,
2262 4489 2439 4533 tamen
2469 4479 2765 4544 erubescit,
2789 4477 2950 4548 853
2978 4495 3098 4534 cum
3130 4481 3189 4532 in
3212 4479 3352 4532 furto
3380 4479 3540 4532 fuerit

291 4575 513 4644 μηνὶαν,
560 4573 666 4626 hoc
703 4579 802 4633 est,
851 4571 1138 4635 Kalendas,
1188 4569 1568 4640 Symmachus.
1613 4587 1856 4637 mensem,

291 4665 641 4735 Septuaginta
673 4663 838 4734 852
867 4671 922 4716 et
959 4660 1281 4720 'l'heodotio.
1315 4662 1662 4717 humilitatem
1695 4666 1862 4717 inter-

288 4757 485 4827 pretati
512 4764 654 4809 sunt.
683 4755 846 4809 l’orro
865 4753 1015 4822 juxta
1043 4751 1184 4810 LXX
1216 4754 1301 4807 hic
1325 4769 1514 4810 sensus
1543 4763 1622 4809 est
1650 4771 1665 4810 :
1691 4755 1863 4810 Mere-

290 4848 397 4902 trix
428 4846 749 4911 Jerusalem,
775 4846 926 4913 juxta
962 4844 1108 4899 illam
1150 4845 1426 4899 mulierem
1471 4861 1593 4913 quae
1639 4847 1690 4898 in
1730 4844 1863 4897 Pru-

292 4941 494 4997 verbiis
523 4938 866 5004 describitur,
894 4938 959 4993 ad
993 4953 1269 5006 vesperam
1302 4938 1540 4991 ululabat
1565 4952 1694 4992 voce
1738 4953 1857 5003 sua,

365 5076 380 5106 ι
414 5071 669 5125 Voculam
701 5088 757 5126 se
783 5071 902 5124 cod.
937 5069 995 5123 S.
1032 5069 1221 5123 Crucis
1249 5085 1355 5123 non
1388 5069 1632 5136 agnoscit
1662 5085 1676 5122 :
1709 5084 1858 5122 mox-

290 5159 393 5207 que
431 5143 592 5196 habet
629 5157 749 5195 cum
784 5141 993 5194 duobus
1025 5140 1166 5203 aliis,
1209 5141 1486 5204 adscribit,
1524 5155 1621 5208 pro
1671 5141 1860 5194 rescri-

289 5214 382 5315 ‘m;
415 5281 681 5349 Legerant
715 5279 978 5334 hactenus
1006 5277 1204 5347 vulgati
1227 5279 1459 5348 δρομεὺς
1496 5294 1593 5346 pro
1622 5279 1853 5349 δρομᾷς,

289 5347 526 5414 dromas,
561 5350 704 5418 quod
736 5350 872 5404 tniro
906 5363 1202 5413 consensu,
1230 5347 1389 5416 idque
1419 5349 1639 5412 rectius,
1671 5347 1858 5417 pra-fe-

319 5433 409 5473 unt
443 5435 570 5474 mss.

291 5439 314 5474 τ
362 5493 381 5522 ³
416 5489 552 5542 Tres
587 5504 717 5542 mss.
746 5489 1080 5552 suscipimus,
1118 5502 1213 5549 pro
1253 5487 1530 5556 implemus
1564 5505 1576 5540 :
1611 5497 1662 5540 et
1697 5487 1856 5554 paulo

293 5569 407 5622 post
458 5559 820 5624 desperatione
862 5558 1157 5616 meliorum,
1211 5573 1309 5622 pro
1365 5556 1620 5608 malorum
1676 5572 1687 5608 :
1735 5573 1854 5609 eaut

292 5629 577 5682 lectionem
612 5631 800 5696 prohat
829 5638 882 5680 et
919 5627 1145 5696 Victum,
1177 5627 1468 5696 laudatque
1493 5626 1724 5679 similent
1750 5628 1854 5693 (Zy-

291 5697 467 5764 priani
502 5697 674 5749 locum
697 5697 854 5763 epist.
883 5698 945 5748 ad
972 5695 1164 5748 Donat.
1197 5713 1209 5750 :
1245 5713 1262 5746 ι
1295 5695 1386 5751 Sic
1411 5695 1552 5749 vitiis
1576 5697 1856 5747 adhwrm-

295 5767 436 5823 tibus
465 5765 844 5823 obsecundaus
875 5781 1044 5831 cram,
1071 5777 1121 5820 et
1149 5767 1525 5836 desperatione
1545 5765 1851 5831 tneliortun,

1965 4572 2357 4640 deprehensus.
2415 4570 2481 4626 Et
2531 4570 2696 4624 Israel
2745 4585 2878 4640 ergo
2926 4571 3112 4625 dicens
3159 4571 3322 4640 ligno,
3379 4569 3540 4623 Pater

1964 4680 2107 4717 meus
2145 4680 2198 4717 es
2237 4672 2292 4716 tu
2325 4678 2344 4718 :
2381 4672 2430 4716 et
2468 4663 2654 4730 lapidi,
2687 4661 2765 4715 Tu
2783 4678 2864 4716 me
2893 4663 3155 4733 genuisti;
3177 4672 3233 4716 ut
3261 4678 3354 4716 eos
3380 4678 3539 4714 vora-

1966 4765 2046 4810 ret
2075 4763 2352 4823 parentes,
2383 4768 2527 4821 quos
2559 4754 2673 4822 ipse
2704 4753 3000 4809 fabricatus
3029 4766 3130 4816 est,
3189 4755 3537 4808 confunditur

1963 4860 2086 4899 cum
2107 4846 2158 4897 in
2193 4860 2286 4897 stta
2321 4841 2628 4897 idololatria
2659 4842 2820 4897 luerit
2840 4845 3224 4910 deprehensus.
3256 4844 3316 4896 Et
3341 4859 3407 4897 ne
3434 4860 3536 4913 pn-

1963 4948 2137 4992 tentus
2169 4935 2190 4967 ⁸
2219 4939 2321 4990 hoc
2353 4936 2421 4991 de
2452 4935 2608 5004 plebe
2641 4951 2762 4991 eum
2796 4935 2976 4991 dicere
3030 4951 3044 4989 :
3092 4950 3243 5003 reges
3288 4939 3438 5004 ponit
3481 4953 3535 4991 et

1963 5071 2124 5142 malis
2180 5073 2315 5127 meis
2359 5071 2528 5126 veluti
2570 5071 2679 5142 jam
2729 5070 2962 5140 propriis
2999 5085 3060 5124 ac
3091 5073 3397 5130 vernaculis
3439 5079 3530 5131 ad-

1964 5141 2014 5194 fa
2026 5142 2236 5195 vebam.
2269 5159 2286 5192 ι

2032 5211 2050 5242 ⁸
2086 5211 2548 5282 Periodusistmc,
2588 5209 2652 5263 Et
2683 5227 2745 5265 ne
2775 5222 3013 5276 putemus
3043 5225 3214 5280 usque
3256 5217 3530 5282 prophetas

1961 5295 2166 5340 eorum,
2204 5280 2256 5332 in
2282 5281 2451 5345 nullo,
2471 5297 2502 5335 e
2525 5282 2722 5349 quibus
2753 5284 2955 5334 utimur
2977 5296 3104 5335 mss.
3125 5293 3216 5335 aut
3241 5280 3402 5350 penes
3427 5285 3528 5338 Ra.

1960 5351 2161 5404 hanum
2186 5350 2272 5403 hic
2298 5350 2400 5402 loci
2425 5351 2678 5414 habetur,
2701 5350 2794 5403 sed
2823 5351 2985 5416 paulo
3005 5351 3232 5405 inferius
3257 5351 3529 5406 Zachariae

1961 5418 2129 5488 textui
2168 5418 2442 5488 subditur.
2469 5418 2572 5472 Sed
2603 5429 2656 5472 et
2689 5421 2933 5488 proxime
2981 5421 3313 5488 subsequens
3341 5422 3391 5474 in
3441 5423 3529 5477 Ci-

1959 5486 2241 5541 Stereieusi
2292 5503 2391 5541 ms.
2439 5489 2615 5540 variat
2665 5486 2743 5544 ;ἰ
2795 5490 3021 5542 Utantur
3058 5486 3174 5542 hoc
3196 5492 3524 5554 testimonio,

1959 5559 2000 5610 si
2030 5559 2247 5628 quando
2275 5558 2544 5626 principes
2564 5558 2757 5628 nostri,
2786 5569 2840 5613 et
2873 5559 2923 5611 hi
2953 5560 3042 5626 qui
3075 5559 3126 5611 in
3159 5558 3395 5613 Ecclesia
3429 5578 3525 5628 pu-

1960 5635 2146 5701 tantur
2197 5626 2385 5693 duces,
2433 5628 2484 5680 in
2533 5627 2768 5695 peccatis
2820 5628 3065 5697 turpibus
3100 5628 3303 5683 fuerint
3339 5626 3520 5701 depre-

1961 5696 2131 5750 housi.
2171 5715 2188 5746 ι
2911 5696 2920 5697 ί
3067 5767 3122 5852 '
