3906 6172
431 320 539 387 723

1605 337 1664 402 s.
1709 339 2028 403 EUSEBII
2066 345 2510 411 HIERONY‘MI
2892 396 2893 399 γ
3586 334 3674 432 at

434 436 729 537 principes.
758 445 809 490 et
828 440 1161 537 sacerdotes,
1181 453 1232 537 et
1250 446 1544 516 prophetas
1561 462 1776 509 eorum.
1799 451 2029 511 Utamur
2055 466 2103 522 Α
2131 460 2343 527 gladius
2374 463 2659 531 prophetas
2684 470 2882 518 uestros
2896 471 3003 532 ;ut
3030 470 3360 525 ostendatur
3380 473 3462 528 vel
3496 476 3676 537 hostilis

433 527 538 581 hoc
571 528 886 583 testimonio
920 543 1112 585 contra
1147 535 1422 604 principes
1454 548 1698 606 nostros,
1740 552 1797 598 et
1838 554 2025 599 contra

442 618 545 673 hos
574 619 667 687 qui
699 620 752 673 in
783 619 1028 675 Ecclesia
1054 633 1314 694 putantur
1337 627 1527 697 duces,
1558 645 1682 687 cum
1710 633 1765 691 in
1790 636 2031 705 peccatis

435 702 688 779 ‘urpib‘us
723 706 925 766 fuerint
953 714 1301 783 deprehensi.
1558 708 1559 711 “
1733 784 1740 792 ,

515 822 534 854 ‹
570 803 865 858 Verteruut
894 806 960 859 ad
988 823 1073 862 me
1103 819 1335 882 tergum,
1360 824 1419 869 et
1445 831 1551 871 non
1587 806 1808 879 faciem.
1846 839 1867 871 ι
1927 819 2028 887 Qui

430 896 729 964 'projiciunt
785 906 1066 956 sermones
1114 902 1211 958 Dei
1264 917 1585 976 retrorsum,
1644 912 1746 982 ipsi
1808 920 2029 970 vertunt

412 987 622 1043 contra
674 1004 799 1045 eum
849 1000 1058 1063 tergum
1091 1006 1146 1051 et
1194 1013 1301 1054 non
1349 1001 1564 1057 faciem.
1609 1003 1836 1071 Quando
1883 1008 2029 1063 enim

437 1080 696 1153 magister
743 1085 1012 1154 praecipit,
1057 1087 1365 1147 obedientis
1404 1093 1663 1150 indicium
1700 1105 1785 1153 est
1828 1099 1873 1153 si
1933 1102 2030 1154 de-

438 1172 603 1227 misso
623 1183 813 1228 contra
839 1177 1022 1231 audiat
1047 1181 1246 1250 capite.
1274 1181 1369 1238 Sin
1394 1194 1572 1240 autem
1597 1197 1775 1243 vertat
1797 1200 2029 1260 tergum,

437 1263 651 1334 signum
665 1275 748 1321 est
766 1272 1164 1327 contemnentis
1184 1289 1200 1338 ;
1218 1284 1275 1328 ut
1294 1276 1345 1328 in
1367 1276 1472 1330 alio
1493 1278 1610 1331 loco
1625 1280 1889 1344 scriptum
1913 1289 2030 1334 est:

440 1355 505 1409 Et
533 1368 808 1413 verterunt
834 1362 904 1415 ad
933 1380 1014 1416 me
1044 1365 1319 1429 scopulum
1355 1370 1681 1425 recedentem
1711 1370 1898 1437 (Zuch.
1934 1387 2029 1434 vn,

444 1451 553 1519 ll).
592 1451 650 1505 In
679 1461 916 1519 tantum,
942 1455 1115 1524 inquit
1147 1457 1312 1520 Deus.
1357 1475 1476 1512 mea
1503 1470 1878 1529 contempsere
1900 1477 2036 1529 pra!-

442 1554 621 1612 ccpta,
653 1554 711 1598 ut
745 1561 815 1599 ne
845 1549 1038 1601 audire
1067 1550 1285 1617 quidem
1318 1553 1611 1621 voluerint,
1641 1554 1735 1609 sed
1750 1564 2031 1633 tumorem

441 1635 635 1699 animi,
664 1647 817 1704 gestu
846 1641 1092 1708 corporis
1121 1642 1438 1698 iudicarint.

2132 553 2375 621 gladius,
2410 556 2493 610 vel
2514 555 2732 626 gladius
2760 572 2936 626 meus,
2964 574 3067 630 per
3095 574 3257 632 quem
3276 576 3500 633 peccata
3527 582 3676 627 vestra

2133 644 2373 700 confodi.

2211 752 2233 789 ι
2257 736 2421 802 Quasi
2485 739 2574 793 leo
2632 751 2879 798 vastator
2906 746 3189 815 generatio
3238 758 3439 804 vestra.
3470 771 3491 803 ι
3523 748 3678 813 LXX:

2140 847 2159 878 α
2191 827 2360 894 Quasi
2397 830 2482 885 leo
2512 840 2781 899 vastator,
2832 845 2887 891 et
2917 852 3021 905 non
3060 838 3340 895 timuistis.
3372 859 3391 892 ι
3463 841 3681 914 Gladius,

2134 917 2333 986 inquit,
2361 920 2451 989 qui
2486 921 2772 977 devoravit
2810 926 3107 994 prophetas
3146 938 3389 995 vestros,
3441 931 3578 987 haud
3606 934 3684 988 du-

2136 1010 2299 1063 bium-
2330 1012 2463 1077 quin
2521 1013 2652 1068 Baal
2700 1025 2757 1070 et
2806 1016 3077 1074 idolorum
3130 1021 3373 1079 hariolos
3421 1024 3681 1095 signiticet,

2136 1099 2311 1153 iustar
2360 1100 2536 1157 leonis
2561 1104 2829 1159 universa-
2865 1108 3098 1162 vastavit
3136 1125 3152 1164 :
3204 1119 3261 1165 et
3312 1120 3492 1167 tamen
3530 1125 3683 1169 vestra

2135 1194 2418 1259 generatio
2465 1210 2593 1262 quae
2642 1200 2950 1266 paucorum
3015 1201 3395 1260 interiectione
3453 1206 3687 1264 debuerat

2135 1286 2440 1349 emendari,
2489 1288 2667 1344 multis
2714 1293 3093 1359 perseveravit
3153 1294 3209 1347 in
3263 1296 3497 1353 scelere.
3550 1298 3684 1355 Juxta

2135 1372 2487 1447 Septuaginta
2531 1392 2660 1433 vero
2720 1381 2809 1435 hic
2851 1386 3054 1439 sensus
3119 1396 3205 1441 est
3266 1404 3282 1444 :
3345 1387 3437 1444 Sic
3502 1391 3687 1461 gladius

2140 1467 2377 1531 Domini,
2416 1471 2515 1538 qui
2553 1470 2994 1530 adversariorum
3027 1474 3264 1546 gladium
3300 1483 3322 1512 '
3366 1481 3687 1538 demonstra-

2136 1559 2237 1622 vit.
2286 1560 2595 1628 devoravit,
2664 1574 2833 1633 atque
2888 1567 3150 1623 laceravit
3200 1573 3688 1643 pseudoprophetas

2136 1660 2370 1717 vestros,
2409 1653 2566 1722 quasi
2607 1654 2716 1722 leo,
2749 1660 2842 1724 qui
2884 1659 3235 1717 avidissimus
3264 1671 3542 1731 repertam
3570 1680 3689 1733 prm-

515 1744 534 1777 ι
572 1726 637 1780 Et
668 1729 720 1782 in
745 1736 994 1799 tempore
1022 1732 1335 1790 amictionis
1359 1750 1472 1790 suae
1497 1736 1678 1792 dicent
1712 1753 1729 1794 ε
1763 1735 1956 1808 Surge,
1982 1745 2037 1791 et
2066 1785 2071 1789 .
2139 1742 2263 1795 dam
2299 1742 2524 1810 lacerat,
2554 1756 2607 1801 et
2634 1756 2825 1802 tamen
2852 1762 2957 1804 nec
2991 1726 3382 1821 prophetarum
3406 1726 3689 1811 vestrorum

442 1818 610 1880 libera
638 1835 761 1874 nos.
809 1841 827 1872 ι
862 1820 962 1887 Qui
997 1837 1092 1891 per
1116 1824 1384 1880 benetleia
1433 1842 1538 1882 non
1587 1839 1899 1894 senserunt,
1944 1843 2038 1900 per
2074 1822 2114 1875 Β
2141 1833 2410 1901 supplicio
2442 1836 2698 1904 potuistis
2733 1839 2798 1890 ad
2831 1840 3054 1895 meliora
3087 1818 3354 1902 converti.

444 1915 710 1964 tormenta
741 1910 977 1967 sentient
1028 1914 1214 1971 Deum.

2211 1925 2398 1993 (Vera.
2430 1927 2547 1997 51.)
2604 1948 2623 1980 ι
2654 1926 2847 1984 Videte
2870 1932 3097 1986 verbum
3146 1929 3360 1989 Domini
3390 1952 3406 1991 :
3445 1934 3688 2008 Numquid

513 2001 694 2071 (Vers.
721 2004 835 2073 58.)
860 2023 879 2058 ι
907 2006 1007 2063 Ubi
1026 2019 1151 2062 sunt
1179 2006 1253 2063 dii
1276 2011 1377 2076 tui,
1401 2025 1538 2079 quos
1562 2012 1736 2068 fecisti
1761 2014 1897 2070 tibi?
1918 2027 2039 2071 sur-

443 2105 571 2166 gant
599 2104 652 2150 et
678 2096 910 2152 libereut
944 2108 995 2153 te
1021 2100 1074 2153 in
1121 2109 1373 2171 tempore
1410 2100 1523 2173 [AL
1573 2103 1685 2176 die]
1732 2105 2039 2161 alllietiouis

446 2201 568 2255 iure.
606 2205 627 2240 ι
667 2188 956 2256 lmpudens
990 2191 1308 2259 postulatio,
1339 2201 1579 2257 tempore
1601 2198 1946 2253 necessitatis
1976 2205 2029 2253 et

446 2281 718 2348 angustiae
759 2281 829 2334 ab
879 2297 943 2338 eo
992 2297 1237 2352 qumrere
1279 2284 1565 2349 auxilium,
1604 2303 1766 2356 quem
1814 2290 1865 2341 in
1910 2304 2040 2358 pace

444 2373 889 2441 contempserint.
934 2372 1357 2448 Legendumque
1393 2378 1725 2444 increpantis
1760 2379 1956 2435 allectu
2021 2397 2035 2439 :

447 2463 661 2516 liberem
706 2475 756 2518 te
799 2464 877 2520 dii
909 2468 1005 2534 tui,
1055 2484 1183 2538 quos
1218 2471 1393 2540 fecisti
1431 2470 1526 2526 tibi
1569 2486 1589 2524 :
1632 2482 1690 2526 ut
1728 2487 1849 2527 eum
1894 2472 2039 2529 Deus

446 2555 672 2611 Creator
713 2558 784 2611 sit
816 2556 1122 2626 hominum,
1165 2562 1328 2619 homo
1372 2563 1568 2623 fecerit
1608 2565 1801 2629 Deum,
1842 2567 2039 2634 prohat

449 2651 752 2704 necessitas
780 2652 911 2721 quid
945 2654 1178 2723 possint,
1213 2670 1354 2726 quos
1382 2671 1612 2712 securus
1642 2668 1765 2712 ante
1799 2660 2036 2714 coluisti.

524 2760 544 2790 σ
595 2741 907 2798 Secundum
953 2760 1244 2803 numerum
1290 2748 1574 2805 civitatum
1614 2759 1828 2805 tuarum
1881 2760 2039 2804 erant

446 2834 518 2886 dii
541 2834 615 2887 tui
639 2834 795 2889 Juda.
831 2854 849 2887 ι
882 2836 979 2891 Vel
995 2838 1216 2903 eosdem
1240 2839 1320 2894 vel
1343 2841 1586 2909 singulos
1605 2852 1769 2909 atque
1792 2842 2037 2898 diversos

450 2927 677 2994 singulae
708 2926 962 2982 civitates
990 2927 1245 2985 colebant
1275 2933 1405 2985 deos
1441 2948 1457 2989 ς
1511 2942 1568 2987 ιιι
1606 2948 1712 2987 nec
1758 2934 2038 3003 impietate

2140 2019 2385 2075 solitudo
2434 2020 2619 2077 factus
2672 2038 2792 2077 sum
2826 2013 3060 2089 ‘lsraeli,
3091 2036 3184 2081 aut
3232 2037 3380 2083 terra
3434 2032 3691 2086 serotinal

2142 2111 2322 2177 Quare
2344 2127 2479 2180 ergo
2509 2114 2652 2170 dixit
2705 2116 2940 2186 populus
2970 2133 3149 2184 mens,
3183 2118 3561 2190 Recessimus,
3604 2139 3691 2179 nou

2139 2205 2426 2261 veniemus
2464 2209 2606 2263 ultra
2638 2209 2705 2264 ad
2732 2211 2817 2265 te?
2853 2230 2871 2262 ι
2936 2211 3081 2267 LXX
3112 2228 3134 2270 τ
3169 2232 3196 2267 r
3242 2216 3447 2274 Audite
3486 2218 3690 2274 verbum

2143 2297 2356 2356 Domini
2395 2318 2409 2355 :
2464 2304 2581 2357 huic
2635 2303 2765 2358 dicit
2815 2304 3127 2363 Dominus:
3159 2306 3436 2378 Numquid
3480 2311 3694 2366 solitudo

2140 2389 2323 2447 factus
2351 2407 2469 2447 sum
2496 2394 2711 2460 lsraeli,
2758 2407 2850 2451 aut
2897 2406 3039 2452 terra
3072 2399 3232 2468 plena
3268 2401 3510 2456 sentiam
3547 2403 3693 2471 :quia

2140 2485 2273 2559 dicit
2304 2487 2539 2556 populus
2585 2502 2764 2556 meus,
2791 2487 2910 2544 Non
2939 2492 3265 2556 serviemus,
3308 2508 3410 2549 nec
3435 2495 3697 2551 veniemus

2142 2580 2210 2634 ad
2270 2580 2369 2635 te?
2409 2600 2429 2633 ι
2466 2581 2531 2635 Ει
2564 2581 2779 2653 Moyses
2833 2583 3053 2640 videbat
3102 2600 3293 2642 vocem
3350 2586 3451 2643 Dei
3519 2588 3695 2659 (Exod.

2142 2674 2362 2741 χχχιιι),
2404 2684 2458 2731 et
2496 2675 2738 2731 Joannes
2780 2678 3064 2745 apostolus
3093 2681 3326 2737 verbum
3379 2681 3471 2737 Dei
3508 2683 3699 2739 vidisse

2139 2775 2195 2820 et
2239 2776 2561 2822 attrectasse
2606 2782 2668 2823 se
2713 2767 2850 2824 dicit
2880 2769 2939 2838 (1
2959 2768 3126 2827 Joan.
3160 2773 3224 2843 t).
3280 2772 3510 2831 Miratur
3535 2785 3695 2830 autem

2140 2857 2418 2925 quomodo
2472 2857 2716 2927 pepulus
2772 2855 2939 2913 Israel
3007 2858 3174 2912 Deum
3255 2860 3504 2915 habuerit
3557 2864 3696 2931 quasi

454 3016 769 3071 viderentur
795 3018 995 3074 habere
1029 3034 1384 3088 consensum,
1438 3026 1534 3078 sed
1566 3040 1818 3095 pugnans
1845 3036 2035 3081 eontra

450 3122 510 3159 se
531 3108 871 3177 superstitio,
908 3110 1184 3166 diversum
1216 3122 1539 3183 sequeretur
1560 3131 1826 3172 errorem.
1850 3117 2034 3183 Quod-

452 3216 557 3268 que
608 3200 875 3269 sequitur,
908 3214 963 3259 et
992 3203 1152 3271 juxta
1187 3222 1464 3260 numerum
1503 3209 1709 3263 viarum
1741 3208 2037 3265 Jerusalem
2066 3181 2109 3238 θ

454 3292 801 3350 immolabant
833 3295 996 3363 Beat,
1028 3313 1056 3351 ιι
1086 3297 1225 3353 LXX
1260 3300 1503 3355 additum
1536 3311 1647 3356 est.

526 3388 709 3449 εγω-ς.
741 3387 859 3459 29.)
894 3407 913 3441 r
949 3388 1086 3456 Quid
1117 3391 1282 3446 vultis
1318 3406 1532 3447 meemn
1559 3389 1772 3458 judicio
1809 3404 2038 3450 conten-

454 3480 623 3533 dare?
657 3480 860 3538 Omnes
912 3480 1289 3551 dereliquistis
1341 3501 1450 3552 me,
1505 3486 1638 3541 dicit
1674 3486 1953 3543 Dominus.
2017 3508 2035 3541 ι

459 3577 631 3630 Pruna
662 3586 751 3631 est
782 3576 850 3632 ad
875 3578 1282 3633 evcusatiouem
1306 3579 1391 3633 sui
1422 3581 1659 3634 immane
1684 3582 2038 3649 perversitas,

456 3676 520 3724 ut
544 3669 808 3740 quidquid
842 3671 1035 3725 merito
1062 3672 1357 3735 sustinent,
1384 3671 1590 3741 injuste
1635 3675 1914 3730 sustinere
1953 3678 2041 3729 vi-

456 3763 712 3827 deantur,
760 3773 812 3816 et
848 3763 1123 3833 propriam
1157 3764 1375 3833 culpam
1409 3766 1647 3822 referant
1677 3768 1744 3822 ad
1770 3767 2041 3837 judicium

462 3854 578 3908 "ei.
611 3853 834 3910 Frustra
869 3855 1054 3925 igitur,
1086 3855 1184 3918 ait.
1213 3855 1515 3912 obtenditis
1545 3859 1939 3927 querimonias,
1989 3868 2045 3912 et

460 3946 700 4015 iniquam
728 3960 951 4000 causam
982 3948 1036 3999 in
1067 3948 1328 4014 iudicem,
1370 3964 1493 4004 cum
1528 3951 1823 4018 impietatis
1851 3959 2046 4005 vestra:

460 4038 554 4103 sit,
598 4038 743 4106 quod
796 4038 1068 4107 patimini.
1116 4038 1285 4111 855
1320 4041 1584 4111 Quodque
1626 4044 1874 4110 sequitur
1926 4058 1942 4097 :
1978 4041 2044 4099 Et

460 4111 639 4186 n'mucs
671 4131 849 4198 inique
872 4131 1062 4201 egistis
1088 4133 1145 4186 in
1174 4149 1333 4199 me,-a
1359 4134 1717 4204 Septuaginta
1754 4135 1770 4166 ¹
1797 4134 2044 4190 additum

461 4233 568 4278 εει.

534 4314 715 4385 (Vera.
749 4317 867 4388 '50.)
908 4336 927 4370 ι
953 4318 1083 4374 Sine
1107 4334 1271 4373 causa
1322 4324 1569 4389 percussi
1604 4322 1745 4378 filios
1780 4332 1992 4378 vestros
2024 4338 2041 4378 :

464 4409 810 4480 disciplinam
861 4426 969 4465 non
1012 4422 1362 4482 receperunt.
1397 4431 1418 4464 ι
1489 4411 1595 4467 Pro
1632 4431 1741 4481 quo
1801 4428 2044 4483 posuere

2141 2950 2514 3016 solitudinem,
2545 2966 2671 3003 cum
2702 2949 2852 3005 idola
2884 2950 3044 3020 quasi
3074 2951 3458 3008 celebritatem
3505 2954 3698 3009 urbium

2143 3042 2213 3096 sit
2240 3050 2489 3097 secutus.
2532 3040 2699 3096 Terra
2758 3043 3002 3098 serotina
3064 3053 3171 3108 est,
3216 3059 3342 3114 qua:
3384 3045 3583 3101 imbres
3607 3062 3698 3101 non

2142 3133 2341 3202 recipit
2380 3132 2782 3196 doctrinarum,
2836 3148 2951 3190 nec
3011 3133 3292 3204 Evangelii
3336 3135 3699 3204 disciplinam;

2143 3226 2411 3293 plenaque
2442 3226 2703 3288 seutium,
2729 3227 2859 3294 quia
2884 3226 3098 3281 exculta
3124 3237 3232 3280 non
3266 3226 3461 3282 inerat.
3481 3226 3701 3296 Populus

2144 3317 2309 3385 igitur
2349 3318 2621 3383 quondam
2687 3316 2807 3379 Dei,
2859 3317 2911 3370 in
2961 3330 3028 3369 eo
3076 3325 3163 3371 est
3206 3316 3541 3381 sceleratior,
3574 3316 3701 3384 quod

2144 3409 2372 3463 recessit
2397 3423 2424 3459 ιι
2460 3392 2711 3474 Domino,
2746 3418 2797 3463 et
2839 3422 2946 3460 non
2990 3407 3103 3461 volt
3135 3408 3281 3461 ultra
3325 3409 3524 3463 reverti
3552 3406 3699 3479 855

2144 3503 2212 3555 ad
2244 3501 2531 3571 Dominum
2562 3516 2749 3557 suum.
2795 3499 3033 3556 Grandis
3064 3500 3273 3555 oll'eusa
3312 3502 3459 3556 nolle
3506 3501 3703 3571 placare

2141 3587 2305 3662 quem
2336 3590 2660 3646 ollenderis.’

2208 3682 2397 3752 (Vera.
2434 3681 2553 3749 32.)
2602 3700 2619 3730 ι
2644 3678 2920 3748 Numquid
2959 3679 3315 3734 obliviscetur
3360 3681 3510 3747 virgo
3555 3694 3705 3732 orna-

2145 3775 2311 3830 menti
2347 3775 2455 3836 sui,
2484 3782 2538 3827 et
2557 3786 2755 3839 sponsa
2782 3771 2963 3824 last-iw
2986 3771 3280 3838 pectoralis
3299 3772 3457 3825 sum?
3489 3771 3704 3837 Puptdus

2145 3883 2298 3922 mens
2327 3866 2537 3922 oblitus
2568 3876 2654 3920 est
2695 3865 2800 3919 mei
2835 3865 3025 3918 diebus
3057 3865 3384 3918 innumeris.
3427 3883 3445 3915 ι
3486 3866 3580 3916 Per
3598 3865 3704 3917 iure

2144 3961 2410 4017 discimus
2446 3958 2723 4013 Christum
2753 3972 2873 4012 esse
2904 3972 3165 4025 sponsum
3190 3956 3417 4026 virginis
3446 3956 3700 4015 Ecclesia,

2145 4068 2266 4122 qum
2293 4068 2400 4107 non
2437 4041 2603 4106 habet
2633 4050 2925 4113 maculam,
2958 4060 3137 4116 neque
3174 4061 3388 4115 rugam;
3455 4046 3511 4100 Si
3538 4054 3701 4099 autem

2147 4144 2268 4212 ipse
2297 4152 2381 4199 est
2400 4155 2660 4212 sponsus,
2693 4139 2867 4206 ipsius
2892 4139 3062 4192 verba
3087 4146 3233 4201 sunt,
3265 4137 3332 4190 de
3357 4151 3468 4205 quo
3489 4135 3703 4200 loquitur

2147 4233 2389 4290 Joannes
2435 4225 2692 4299 Baptista
2726 4245 2740 4284 :
2781 4228 3053 4293 Quihabet
3089 4242 3354 4293 sponsam,
3397 4240 3606 4294 sponsus
3633 4231 3700 4276 est

2148 4326 2334 4397 (loco.
2368 4341 2449 4389 ιιι,
2472 4325 2586 4391 29).
2620 4323 3013 4377 Ornamentum
3044 4336 3175 4388 ergo
3208 4334 3367 4373 suunt
3402 4318 3590 4386 perdit,
3617 4312 3702 4380 qui

2147 4421 2354 4474 recedit
2390 4434 2419 4472 ιι
2470 4418 2720 4473 Domino.
2760 4423 2813 4469 et
2838 4414 3051 4467 amittit
3080 4412 3491 4480 intelligentiam
3520 4406 3703 4461 doctri-

466 4500 607 4556 LXX
639 4520 654 4556 :
692 4501 808 4558 Non
837 4505 1140 4573 recepistis.
1182 4503 1506 4573 Sensusque
1528 4514 1612 4561 est
1635 4507 1687 4562 in
1720 4509 1994 4564 Hebraico
2026 4524 2041 4562 :
2072 4524 2123 4581 ι)
2154 4523 2370 4571 narum,
2400 4522 2520 4577 qum
2549 4507 2890 4581 signiﬁcatur
2926 4506 2977 4558 in
3010 4511 3252 4572 pectore.
3298 4501 3455 4557 Unde
3482 4510 3535 4555 et
3552 4499 3703 4555 Joan-

470 4594 575 4663 lpsi
613 4597 704 4663 qui
744 4596 989 4663 percussi
1029 4607 1175 4658 sunt.
1201 4596 1549 4665 disciplinam
1582 4600 1825 4668 recipere
1848 4600 2047 4656 nolue-

468 4699 620 4747 runt.
690 4691 746 4745 In
813 4688 1171 4759 Septuaginta
1226 4691 1557 4747 verozldeo
1602 4694 1850 4761 percussi
1908 4695 2048 4749 illius

466 4794 701 4848 vestros,
741 4791 801 4836 ut
834 4781 1051 4838 illorum
1101 4797 1234 4837 nece
1280 4797 1379 4838 vos
1418 4783 1805 4839 erudiremini.
1872 4784 1941 4839 Et
1981 4799 2048 4840 ne

460 4875 610 4930 forte
626 4876 889 4930 diceretis
916 4891 930 4928 :
961 4883 1255 4944 peccantes
1280 4875 1564 4944 corripere
1587 4873 1839 4955 uoluisti,
1874 4877 2048 4947 plagis

466 4968 662 5022 discite
720 4966 958 5021 ﬁliorum
1011 4975 1342 5030 vestrorum,
1397 4969 1540 5035 quod
1594 4969 1887 5023 austeriori
1955 4983 2050 5025 vos

472 5060 734 5128 cupierint
760 5074 961 5114 curare
990 5060 1373 5115 medicamine.

551 5171 570 5203 ι
604 5152 892 5207 Devoravit
928 5152 1144 5223 gladius
1186 5164 1373 5207 vester
1403 5153 1703 5223 pr0pbetas
1756 5167 1990 5209 vestros.
2024 5171 2047 5206 ι

472 5244 588 5300 Non
644 5257 816 5309 meos,
875 5245 969 5299 sed
1024 5254 1241 5300 vestros
1303 5245 1654 5315 prophetas:
1704 5260 2050 5314 nequaquam

474 5351 649 5405 mens,
685 5337 778 5391 sed
811 5344 993 5392 vester
1018 5336 1231 5408 gladius
1260 5337 1564 5400 devoravit,
1595 5353 1752 5405 quem
1788 5338 2057 5396 sustinui-

476 5431 575 5486 stis
603 5444 701 5499 pro
750 5429 994 5498 peccatis
1037 5430 1258 5494 vestris,
1313 5426 1486 5483 Porro
1521 5428 1663 5483 LXX
1714 5444 1819 5485 non
1852 5430 2055 5486 habent

480 5532 645 5581 vester
676 5539 694 5579 :
732 5523 829 5578 sed
872 5521 1196 5590 simpliciter
1229 5523 1575 5592 interpretati
1612 5532 1740 5578 sunt
1785 5525 2054 5579 devoravit

554 5666 569 5696 ¹
599 5664 821 5719 Addunt
851 5664 958 5719 duo
988 5678 1128 5719 mss.
1160 5662 1513 5719 Cistercieus.
1536 5673 1591 5717 et
1627 5662 1829 5729 Vatie.,
1863 5664 2053 5717 simili-

483 5744 561 5789 ιρι·

560 5807 581 5834 ³
612 5800 778 5862 Iidem
803 5804 1024 5870 rectius,
1058 5811 1117 5857 ut
1152 5804 1385 5867 \it'etur,
1422 5807 1511 5871 qui
1540 5807 1593 5860 in
1630 5805 2053 5862 adversariorum

2148 4617 2248 4656 nes
2295 4600 2636 4669 Evangelista
2692 4597 2959 4652 recumbit
3002 4610 3166 4665 super
3244 4601 3439 4661 pectus
3513 4588 3702 4645 Domini

2151 4695 2338 4763 (Joau.
2372 4693 2514 4761 xm),
2547 4702 2603 4746 et
2626 4689 3002 4744 sacerdotibus
3036 4688 3181 4742 inter
3214 4695 3411 4740 cmtera
3440 4692 3704 4754 separatur

2155 4786 2529 4855 pectusculum
2555 4783 2907 4839 victimarum
2953 4776 3143 4850 (Nam.
3176 4777 3352 4846 svnt).
3383 4776 3589 4844 Quanto
3617 4786 3705 4824 au-

2156 4886 2261 4930 tem
2298 4874 2472 4943 major
2512 4881 2597 4927 est
2629 4882 2892 4925 numerus
2933 4880 3263 4939 temporum,
3298 4868 3499 4939 quibus
3526 4861 3705 4920 oblivio

2151 4966 2359 5019 scimur
2411 4961 2646 5025 Domini,
2714 4969 2865 5016 tanto
2894 4958 3081 5029 .major
3113 4974 3275 5029 paena
3308 4958 3535 5028 peccati,
3572 4950 3704 5024 quod

2154 5074 2254 5113 nec
2285 5055 2622 5125 longitudine
2646 5054 2972 5111 smculorum
3014 5053 3255 5123 potuerit
3280 5051 3545 5108 edomari.

2224 5148 2408 5221 (Vers.
2446 5148 2537 5214 53.
2582 5147 2699 5217 54.)
2762 5146 2951 5217 aQuid
2989 5148 3193 5203 niteris
3239 5146 3531 5201 ostendere
3574 5140 3703 5193 viam

2159 5252 2304 5296 tuam
2332 5242 2531 5297 bonam
2558 5240 2623 5294 ad
2655 5239 3004 5309 quaerendam
3031 5236 3405 5301 dilectionem,
3431 5250 3543 5306 qua:
3570 5232 3705 5283 insu—

2154 5352 2250 5404 per
2274 5346 2330 5391 et
2368 5334 2603 5391 malitias
2648 5343 2771 5390 tuas
2803 5331 3040 5390 docuisti
3106 5330 3226 5387 vias
3260 5339 3381 5385 tuas
3410 5344 3429 5389 :
3467 5337 3518 5383 et
3539 5327 3586 5380 in
3606 5319 3702 5376 alis

2158 5432 2267 5484 tuis
2302 5430 2432 5499 (sive
2465 5429 2518 5482 in
2552 5427 2823 5493 manibus)
2858 5425 3231 5480 iuventusest
3261 5421 3486 5493 sanguis
3513 5416 3703 5471 atuma-

2161 5538 2278 5576 rum
2313 5536 2616 5593 pauperum
2651 5530 2705 5575 et
2736 5518 3137 5574 innocentium.
3170 5514 3290 5570 Non
3326 5515 3381 5570 in
3413 5510 3562 5570 fossis
3584 5504 3705 5575 (sive

2157 5660 2329 5729 gladio
2397 5659 2792 5714 demonstratur
2847 5666 2945 5725 est,
2992 5655 3073 5710 vel
3101 5663 3158 5709 ut
3199 5652 3315 5720 alii,
3344 5642 3701 5707 demonstratis

2158 5734 2361 5803 absque
2388 5733 2570 5789 addito
2587 5741 2681 5784 est.
