  <div class='ocr_page' id='page_1' title='image "/cluster/home/n/w/nwhite01/storage/ocr_20150623/24/hvd.32044096580485/368.png"; bbox 0 0 3950 6180; ppageno 0'>
   <div class='ocr_carea' id='block_1_1' title="bbox 273 315 390 375">
    <p class='ocr_par' dir='ltr' id='par_1_1' title="bbox 273 315 390 375">
     <span class='ocr_line' id='line_1_1' title="bbox 273 315 390 375; baseline 0.009 -1"><span class='ocrx_word' id='word_1_1' title='bbox 273 315 390 375; x_wconf 63' lang='grc'><strong>’725</strong></span> 
     </span>
    </p>
   </div>
   <div class='ocr_carea' id='block_1_2' title="bbox 809 310 3026 384">
    <p class='ocr_par' dir='ltr' id='par_1_2' title="bbox 809 310 3026 384">
     <span class='ocr_line' id='line_1_2' title="bbox 809 310 3026 384; baseline 0 -10"><span class='ocrx_word' id='word_1_2' title='bbox 809 314 1302 376; x_wconf 75' lang='lat' dir='ltr'><strong>COMMENTAB.</strong></span> <span class='ocrx_word' id='word_1_3' title='bbox 1347 312 1422 370; x_wconf 78' lang='lat' dir='ltr'><strong>IN</strong></span> <span class='ocrx_word' id='word_1_4' title='bbox 1459 311 1855 370; x_wconf 76' lang='lat' dir='ltr'><strong>JEllEMIAM</strong></span> <span class='ocrx_word' id='word_1_5' title='bbox 1907 313 2368 373; x_wconf 72' lang='lat' dir='ltr'><strong>PHOI’IIETAM</strong></span> <span class='ocrx_word' id='word_1_6' title='bbox 2406 310 2571 375; x_wconf 63' lang='lat' dir='ltr'><strong>TLIB.</strong></span> <span class='ocrx_word' id='word_1_7' title='bbox 2631 318 2673 384; x_wconf 85' lang='lat' dir='ltr'><strong>l,</strong></span> <span class='ocrx_word' id='word_1_8' title='bbox 2714 316 2868 376; x_wconf 74' lang='lat' dir='ltr'><strong>CAI‘.</strong></span> <span class='ocrx_word' id='word_1_9' title='bbox 2913 316 3026 375; x_wconf 88' lang='lat' dir='ltr'><strong>IlI.</strong></span> 
     </span>
    </p>
   </div>
   <div class='ocr_carea' id='block_1_3' title="bbox 3410 317 3514 376">
    <p class='ocr_par' dir='ltr' id='par_1_3' title="bbox 3410 317 3514 376">
     <span class='ocr_line' id='line_1_3' title="bbox 3410 317 3514 376; baseline 0.01 -1"><span class='ocrx_word' id='word_1_10' title='bbox 3410 317 3514 376; x_wconf 51' lang='lat'><strong>7‘6</strong></span> 
     </span>
    </p>
   </div>
   <div class='ocr_carea' id='block_1_4' title="bbox 273 423 3514 495">
    <p class='ocr_par' dir='ltr' id='par_1_4' title="bbox 273 423 3514 495">
     <span class='ocr_line' id='line_1_4' title="bbox 273 423 3514 495; baseline 0.001 -19"><span class='ocrx_word' id='word_1_11' title='bbox 273 423 476 492; x_wconf 68' lang='lat' dir='ltr'><strong>ferreis)</strong></span> <span class='ocrx_word' id='word_1_12' title='bbox 511 423 694 476; x_wconf 89' lang='lat' dir='ltr'><strong>inveni</strong></span> <span class='ocrx_word' id='word_1_13' title='bbox 726 438 862 478; x_wconf 87' lang='lat' dir='ltr'><strong>eos:</strong></span> <span class='ocrx_word' id='word_1_14' title='bbox 894 424 988 479; x_wconf 89' lang='lat' dir='ltr'><strong>sed</strong></span> <span class='ocrx_word' id='word_1_15' title='bbox 1021 425 1072 476; x_wconf 90' lang='lat' dir='ltr'><strong>in</strong></span> <span class='ocrx_word' id='word_1_16' title='bbox 1108 423 1362 477; x_wconf 88' lang='lat' dir='ltr'><strong>omnibus</strong></span> <span class='ocrx_word' id='word_1_17' title='bbox 1391 424 1506 478; x_wconf 90' lang='lat' dir='ltr'><strong>istis</strong></span> <span class='ocrx_word' id='word_1_18' title='bbox 1539 425 1551 453; x_wconf 86' lang='lat'>&#39;</span> <span class='ocrx_word' id='word_1_19' title='bbox 1582 425 1708 487; x_wconf 83' lang='lat' dir='ltr'><strong>(sive</strong></span> <span class='ocrx_word' id='word_1_20' title='bbox 1749 425 1850 476; x_wconf 90' lang='lat' dir='ltr'><strong>sub</strong></span> <span class='ocrx_word' id='word_1_21' title='bbox 1883 440 1924 486; x_wconf 77' lang='grc' dir='ltr'><strong>Α</strong></span> <span class='ocrx_word' id='word_1_22' title='bbox 1956 428 2024 478; x_wconf 89' lang='lat' dir='ltr'><strong>ab</strong></span> <span class='ocrx_word' id='word_1_23' title='bbox 2056 428 2292 495; x_wconf 76' lang='lat' dir='ltr'><strong>Assyriis</strong></span> <span class='ocrx_word' id='word_1_24' title='bbox 2328 439 2612 495; x_wconf 75' lang='lat' dir='ltr'><strong>superatos</strong></span> <span class='ocrx_word' id='word_1_25' title='bbox 2671 438 2847 478; x_wconf 84' lang='lat' dir='ltr'><strong>narrat</strong></span> <span class='ocrx_word' id='word_1_26' title='bbox 2887 428 3132 480; x_wconf 78' lang='lat' dir='ltr'><strong>historia.</strong></span> <span class='ocrx_word' id='word_1_27' title='bbox 3165 427 3514 494; x_wconf 70' lang='lat' dir='ltr'><strong>lnt‘rt‘patttttr</strong></span> 
     </span>
    </p>
   </div>
   <div class='ocr_carea' id='block_1_5' title="bbox 274 514 1842 584">
    <p class='ocr_par' dir='ltr' id='par_1_5' title="bbox 274 514 1842 584">
     <span class='ocr_line' id='line_1_5' title="bbox 274 514 1842 584; baseline 0.003 -20"><span class='ocrx_word' id='word_1_28' title='bbox 274 516 425 568; x_wconf 83' lang='lat' dir='ltr'><strong>omni</strong></span> <span class='ocrx_word' id='word_1_29' title='bbox 457 516 706 581; x_wconf 88' lang='lat' dir='ltr'><strong>quercu).</strong></span> <span class='ocrx_word' id='word_1_30' title='bbox 733 534 752 566; x_wconf 81' lang='grc' dir='ltr'><strong>ι</strong></span> <span class='ocrx_word' id='word_1_31' title='bbox 789 514 1034 578; x_wconf 82' lang='lat' dir='ltr'><strong>Frustra,</strong></span> <span class='ocrx_word' id='word_1_32' title='bbox 1070 516 1262 584; x_wconf 93' lang='lat' dir='ltr'><strong>inquit,</strong></span> <span class='ocrx_word' id='word_1_33' title='bbox 1294 526 1346 568; x_wconf 81' lang='lat' dir='ltr'><strong>te</strong></span> <span class='ocrx_word' id='word_1_34' title='bbox 1373 516 1528 583; x_wconf 86' lang='lat' dir='ltr'><strong>cupis</strong></span> <span class='ocrx_word' id='word_1_35' title='bbox 1557 517 1842 569; x_wconf 74' lang='lat' dir='ltr'><strong>verborum</strong></span> 
     </span>
    </p>
   </div>
   <div class='ocr_carea' id='block_1_6' title="bbox 275 605 1847 675">
    <p class='ocr_par' dir='ltr' id='par_1_6' title="bbox 275 605 1847 675">
     <span class='ocr_line' id='line_1_6' title="bbox 275 605 1847 675; baseline 0.003 -19"><span class='ocrx_word' id='word_1_36' title='bbox 275 613 398 657; x_wconf 78' lang='lat' dir='ltr'><strong>arte</strong></span> <span class='ocrx_word' id='word_1_37' title='bbox 423 605 736 671; x_wconf 71' lang='lat' dir='ltr'><strong>defendere,</strong></span> <span class='ocrx_word' id='word_1_38' title='bbox 766 616 822 659; x_wconf 88' lang='lat' dir='ltr'><strong>et.</strong></span> <span class='ocrx_word' id='word_1_39' title='bbox 850 607 1004 673; x_wconf 81' lang='lat' dir='ltr'><strong>quasi</strong></span> <span class='ocrx_word' id='word_1_40' title='bbox 1045 606 1184 660; x_wconf 77' lang='lat' dir='ltr'><strong>bona</strong></span> <span class='ocrx_word' id='word_1_41' title='bbox 1224 608 1515 661; x_wconf 89' lang='lat' dir='ltr'><strong>ostendere</strong></span> <span class='ocrx_word' id='word_1_42' title='bbox 1545 622 1710 675; x_wconf 86' lang='lat' dir='ltr'><strong>opera</strong></span> <span class='ocrx_word' id='word_1_43' title='bbox 1756 617 1847 660; x_wconf 91' lang='lat' dir='ltr'><strong>tua</strong></span> 
     </span>
    </p>
   </div>
   <div class='ocr_carea' id='block_1_7' title="bbox 278 698 1850 768">
    <p class='ocr_par' dir='ltr' id='par_1_7' title="bbox 278 698 1850 768">
     <span class='ocr_line' id='line_1_7' title="bbox 278 698 1850 768; baseline 0 -18"><span class='ocrx_word' id='word_1_44' title='bbox 278 709 340 750; x_wconf 87' lang='lat' dir='ltr'><strong>ut</strong></span> <span class='ocrx_word' id='word_1_45' title='bbox 381 699 642 752; x_wconf 90' lang='lat' dir='ltr'><strong>merearis</strong></span> <span class='ocrx_word' id='word_1_46' title='bbox 676 699 1018 754; x_wconf 76' lang='lat' dir='ltr'><strong>dilectionem</strong></span> <span class='ocrx_word' id='word_1_47' title='bbox 1050 716 1065 756; x_wconf 89' lang='lat'><strong>:</strong></span> <span class='ocrx_word' id='word_1_48' title='bbox 1097 715 1218 768; x_wconf 73' lang='lat' dir='ltr'><strong>qua:</strong></span> <span class='ocrx_word' id='word_1_49' title='bbox 1250 700 1476 766; x_wconf 85' lang='lat' dir='ltr'><strong>insuper</strong></span> <span class='ocrx_word' id='word_1_50' title='bbox 1505 699 1671 751; x_wconf 89' lang='lat' dir='ltr'><strong>etiam</strong></span> <span class='ocrx_word' id='word_1_51' title='bbox 1711 698 1850 751; x_wconf 89' lang='lat' dir='ltr'><strong>alios</strong></span> 
     </span>
    </p>
   </div>
   <div class='ocr_carea' id='block_1_8' title="bbox 280 788 1852 859">
    <p class='ocr_par' dir='ltr' id='par_1_8' title="bbox 280 788 1852 859">
     <span class='ocr_line' id='line_1_8' title="bbox 280 788 1852 859; baseline 0 -17"><span class='ocrx_word' id='word_1_52' title='bbox 280 788 515 843; x_wconf 88' lang='lat' dir='ltr'><strong>docuisti</strong></span> <span class='ocrx_word' id='word_1_53' title='bbox 568 789 685 844; x_wconf 87' lang='lat' dir='ltr'><strong>vias</strong></span> <span class='ocrx_word' id='word_1_54' title='bbox 732 799 875 857; x_wconf 83' lang='lat' dir='ltr'><strong>luas,</strong></span> <span class='ocrx_word' id='word_1_55' title='bbox 921 802 976 844; x_wconf 91' lang='lat' dir='ltr'><strong>et</strong></span> <span class='ocrx_word' id='word_1_56' title='bbox 1025 790 1335 859; x_wconf 75' lang='lat' dir='ltr'><strong>exemplum</strong></span> <span class='ocrx_word' id='word_1_57' title='bbox 1394 789 1543 844; x_wconf 88' lang='lat' dir='ltr'><strong>fuisti</strong></span> <span class='ocrx_word' id='word_1_58' title='bbox 1596 789 1852 844; x_wconf 84' lang='lat' dir='ltr'><strong>omnibus</strong></span> 
     </span>
    </p>
   </div>
   <div class='ocr_carea' id='block_1_9' title="bbox 280 881 1848 953">
    <p class='ocr_par' dir='ltr' id='par_1_9' title="bbox 280 881 1848 953">
     <span class='ocr_line' id='line_1_9' title="bbox 280 881 1848 953; baseline 0.001 -20"><span class='ocrx_word' id='word_1_59' title='bbox 280 881 549 934; x_wconf 84' lang='lat' dir='ltr'><strong>malorum</strong></span> <span class='ocrx_word' id='word_1_60' title='bbox 604 896 858 950; x_wconf 88' lang='lat' dir='ltr'><strong>operttm,</strong></span> <span class='ocrx_word' id='word_1_61' title='bbox 906 894 963 938; x_wconf 89' lang='lat' dir='ltr'><strong>et</strong></span> <span class='ocrx_word' id='word_1_62' title='bbox 999 884 1054 935; x_wconf 90' lang='lat' dir='ltr'><strong>in</strong></span> <span class='ocrx_word' id='word_1_63' title='bbox 1105 882 1207 936; x_wconf 88' lang='lat' dir='ltr'><strong>alis</strong></span> <span class='ocrx_word' id='word_1_64' title='bbox 1246 881 1360 953; x_wconf 77' lang='grc' dir='ltr'><strong>[ΑΙ.</strong></span> <span class='ocrx_word' id='word_1_65' title='bbox 1398 881 1581 952; x_wconf 72' lang='lat' dir='ltr'><strong>malis]</strong></span> <span class='ocrx_word' id='word_1_66' title='bbox 1626 881 1848 950; x_wconf 83' lang='lat' dir='ltr'><strong>quippe,</strong></span> 
     </span>
    </p>
   </div>
   <div class='ocr_carea' id='block_1_10' title="bbox 277 973 1852 1042">
    <p class='ocr_par' dir='ltr' id='par_1_10' title="bbox 277 973 1852 1042">
     <span class='ocr_line' id='line_1_10' title="bbox 277 973 1852 1042; baseline 0 -16"><span class='ocrx_word' id='word_1_67' title='bbox 277 973 396 1026; x_wconf 86' lang='lat' dir='ltr'><strong>sive</strong></span> <span class='ocrx_word' id='word_1_68' title='bbox 445 973 498 1026; x_wconf 91' lang='lat' dir='ltr'><strong>in</strong></span> <span class='ocrx_word' id='word_1_69' title='bbox 533 974 787 1030; x_wconf 85' lang='lat' dir='ltr'><strong>manibus</strong></span> <span class='ocrx_word' id='word_1_70' title='bbox 820 975 950 1039; x_wconf 89' lang='lat' dir='ltr'><strong>tuis,</strong></span> <span class='ocrx_word' id='word_1_71' title='bbox 1005 977 1257 1029; x_wconf 82' lang='lat' dir='ltr'><strong>inventus</strong></span> <span class='ocrx_word' id='word_1_72' title='bbox 1305 983 1388 1030; x_wconf 87' lang='lat' dir='ltr'><strong>est</strong></span> <span class='ocrx_word' id='word_1_73' title='bbox 1415 975 1644 1042; x_wconf 77' lang='lat' dir='ltr'><strong>sanguis</strong></span> <span class='ocrx_word' id='word_1_74' title='bbox 1694 973 1852 1027; x_wconf 90' lang='lat' dir='ltr'><strong>inno-</strong></span> 
     </span>
    </p>
   </div>
   <div class='ocr_carea' id='block_1_11' title="bbox 277 1063 1852 1134">
    <p class='ocr_par' dir='ltr' id='par_1_11' title="bbox 277 1063 1852 1134">
     <span class='ocr_line' id='line_1_11' title="bbox 277 1063 1852 1134; baseline 0.001 -18"><span class='ocrx_word' id='word_1_75' title='bbox 277 1063 545 1129; x_wconf 90' lang='lat' dir='ltr'><strong>centium,</strong></span> <span class='ocrx_word' id='word_1_76' title='bbox 580 1080 721 1134; x_wconf 91' lang='lat' dir='ltr'><strong>quos</strong></span> <span class='ocrx_word' id='word_1_77' title='bbox 761 1066 918 1127; x_wconf 78' lang='lat' dir='ltr'><strong>idolis</strong></span> <span class='ocrx_word' id='word_1_78' title='bbox 949 1067 1263 1131; x_wconf 71' lang='lat' dir='ltr'><strong>immolasti,</strong></span> <span class='ocrx_word' id='word_1_79' title='bbox 1315 1066 1430 1120; x_wconf 85' lang='lat' dir='ltr'><strong>sive</strong></span> <span class='ocrx_word' id='word_1_80' title='bbox 1457 1079 1688 1134; x_wconf 87' lang='lat' dir='ltr'><strong>quorum</strong></span> <span class='ocrx_word' id='word_1_81' title='bbox 1735 1065 1852 1118; x_wconf 82' lang='lat' dir='ltr'><strong>ani-</strong></span> 
     </span>
    </p>
   </div>
   <div class='ocr_carea' id='block_1_12' title="bbox 280 1157 1849 1225">
    <p class='ocr_par' dir='ltr' id='par_1_12' title="bbox 280 1157 1849 1225">
     <span class='ocr_line' id='line_1_12' title="bbox 280 1157 1849 1225; baseline 0.002 -18"><span class='ocrx_word' id='word_1_82' title='bbox 280 1171 400 1208; x_wconf 89' lang='lat' dir='ltr'><strong>mas</strong></span> <span class='ocrx_word' id='word_1_83' title='bbox 423 1157 706 1224; x_wconf 79' lang='lat' dir='ltr'><strong>perdidisti</strong></span> <span class='ocrx_word' id='word_1_84' title='bbox 729 1158 1126 1214; x_wconf 79' lang='lat' dir='ltr'><strong>sacrificiorum</strong></span> <span class='ocrx_word' id='word_1_85' title='bbox 1151 1158 1530 1212; x_wconf 80' lang='lat' dir='ltr'><strong>similitudine.</strong></span> <span class='ocrx_word' id='word_1_86' title='bbox 1562 1158 1849 1225; x_wconf 82' lang='lat' dir='ltr'><strong>Pauperet,</strong></span> 
     </span>
    </p>
   </div>
   <div class='ocr_carea' id='block_1_13' title="bbox 277 1247 1849 1320">
    <p class='ocr_par' dir='ltr' id='par_1_13' title="bbox 277 1247 1849 1320">
     <span class='ocr_line' id='line_1_13' title="bbox 277 1247 1849 1320; baseline 0.003 -22"><span class='ocrx_word' id='word_1_87' title='bbox 277 1247 347 1299; x_wconf 87' lang='lat' dir='ltr'><strong>de</strong></span> <span class='ocrx_word' id='word_1_88' title='bbox 397 1247 662 1303; x_wconf 87' lang='lat' dir='ltr'><strong>Hebraico</strong></span> <span class='ocrx_word' id='word_1_89' title='bbox 702 1251 1004 1317; x_wconf 88' lang='lat' dir='ltr'><strong>posuimus,</strong></span> <span class='ocrx_word' id='word_1_90' title='bbox 1055 1252 1148 1320; x_wconf 86' lang='lat' dir='ltr'><strong>qui</strong></span> <span class='ocrx_word' id='word_1_91' title='bbox 1212 1251 1266 1304; x_wconf 89' lang='lat' dir='ltr'><strong>itt</strong></span> <span class='ocrx_word' id='word_1_92' title='bbox 1327 1249 1689 1319; x_wconf 70' lang='lat' dir='ltr'><strong>Septuaginta</strong></span> <span class='ocrx_word' id='word_1_93' title='bbox 1742 1265 1849 1303; x_wconf 91' lang='lat' dir='ltr'><strong>non</strong></span> 
     </span>
    </p>
   </div>
   <div class='ocr_carea' id='block_1_14' title="bbox 280 1341 1852 1412">
    <p class='ocr_par' dir='ltr' id='par_1_14' title="bbox 280 1341 1852 1412">
     <span class='ocr_line' id='line_1_14' title="bbox 280 1341 1852 1412; baseline 0.002 -20"><span class='ocrx_word' id='word_1_94' title='bbox 280 1342 570 1406; x_wconf 79' lang='lat' dir='ltr'><strong>habentur.</strong></span> <span class='ocrx_word' id='word_1_95' title='bbox 626 1341 736 1396; x_wconf 87' lang='lat' dir='ltr'><strong>Hos</strong></span> <span class='ocrx_word' id='word_1_96' title='bbox 778 1352 982 1406; x_wconf 87' lang='lat' dir='ltr'><strong>autem,</strong></span> <span class='ocrx_word' id='word_1_97' title='bbox 1029 1343 1224 1412; x_wconf 85' lang='lat' dir='ltr'><strong>inquit,</strong></span> <span class='ocrx_word' id='word_1_98' title='bbox 1279 1357 1565 1412; x_wconf 71' lang='lat' dir='ltr'><strong>pauperes.</strong></span> <span class='ocrx_word' id='word_1_99' title='bbox 1586 1351 1641 1396; x_wconf 88' lang='lat' dir='ltr'><strong>et</strong></span> <span class='ocrx_word' id='word_1_100' title='bbox 1692 1343 1852 1395; x_wconf 87' lang='lat' dir='ltr'><strong>inno-</strong></span> 
     </span>
    </p>
   </div>
   <div class='ocr_carea' id='block_1_15' title="bbox 280 1434 1852 1502">
    <p class='ocr_par' dir='ltr' id='par_1_15' title="bbox 280 1434 1852 1502">
     <span class='ocr_line' id='line_1_15' title="bbox 280 1434 1852 1502; baseline 0.001 -18"><span class='ocrx_word' id='word_1_101' title='bbox 280 1443 476 1489; x_wconf 58' lang='lat' dir='ltr'><strong>centes</strong></span> <span class='ocrx_word' id='word_1_102' title='bbox 531 1451 636 1488; x_wconf 90' lang='lat' dir='ltr'><strong>non</strong></span> <span class='ocrx_word' id='word_1_103' title='bbox 676 1436 864 1492; x_wconf 76' lang='lat' dir='ltr'><strong>inveni</strong></span> <span class='ocrx_word' id='word_1_104' title='bbox 897 1435 950 1489; x_wconf 91' lang='lat' dir='ltr'><strong>in</strong></span> <span class='ocrx_word' id='word_1_105' title='bbox 979 1435 1150 1489; x_wconf 78' lang='lat' dir='ltr'><strong>foveis</strong></span> <span class='ocrx_word' id='word_1_106' title='bbox 1182 1436 1522 1499; x_wconf 81' lang='lat' dir='ltr'><strong>interiectos,</strong></span> <span class='ocrx_word' id='word_1_107' title='bbox 1552 1435 1695 1502; x_wconf 89' lang='lat' dir='ltr'><strong>quod</strong></span> <span class='ocrx_word' id='word_1_108' title='bbox 1715 1434 1852 1488; x_wconf 76' lang='lat' dir='ltr'><strong>solet</strong></span> 
     </span>
    </p>
   </div>
   <div class='ocr_carea' id='block_1_16' title="bbox 280 1525 1853 1594">
    <p class='ocr_par' dir='ltr' id='par_1_16' title="bbox 280 1525 1853 1594">
     <span class='ocr_line' id='line_1_16' title="bbox 280 1525 1853 1594; baseline -0.002 -14"><span class='ocrx_word' id='word_1_109' title='bbox 280 1525 606 1594; x_wconf 87' lang='lat' dir='ltr'><strong>plerumque</strong></span> <span class='ocrx_word' id='word_1_110' title='bbox 641 1526 892 1582; x_wconf 77' lang='lat' dir='ltr'><strong>accidere</strong></span> <span class='ocrx_word' id='word_1_111' title='bbox 923 1527 1197 1586; x_wconf 77' lang='lat' dir='ltr'><strong>latronum</strong></span> <span class='ocrx_word' id='word_1_112' title='bbox 1230 1525 1442 1580; x_wconf 87' lang='lat' dir='ltr'><strong>insidiis</strong></span> <span class='ocrx_word' id='word_1_113' title='bbox 1480 1541 1496 1580; x_wconf 87' lang='lat'><strong>:</strong></span> <span class='ocrx_word' id='word_1_114' title='bbox 1524 1527 1616 1578; x_wconf 87' lang='lat' dir='ltr'><strong>sed</strong></span> <span class='ocrx_word' id='word_1_115' title='bbox 1649 1525 1701 1578; x_wconf 92' lang='lat' dir='ltr'><strong>in</strong></span> <span class='ocrx_word' id='word_1_116' title='bbox 1732 1532 1853 1578; x_wconf 87' lang='lat' dir='ltr'><strong>om-</strong></span> 
     </span>
    </p>
   </div>
   <div class='ocr_carea' id='block_1_17' title="bbox 281 1617 1851 1686">
    <p class='ocr_par' dir='ltr' id='par_1_17' title="bbox 281 1617 1851 1686">
     <span class='ocr_line' id='line_1_17' title="bbox 281 1617 1851 1686; baseline 0 -16"><span class='ocrx_word' id='word_1_117' title='bbox 281 1617 448 1670; x_wconf 84' lang='lat' dir='ltr'><strong>nibus</strong></span> <span class='ocrx_word' id='word_1_118' title='bbox 478 1632 596 1684; x_wconf 83' lang='lat' dir='ltr'><strong>quae</strong></span> <span class='ocrx_word' id='word_1_119' title='bbox 633 1633 794 1686; x_wconf 82' lang='lat' dir='ltr'><strong>supra</strong></span> <span class='ocrx_word' id='word_1_120' title='bbox 834 1619 1154 1682; x_wconf 81' lang='lat' dir='ltr'><strong>memoravi,</strong></span> <span class='ocrx_word' id='word_1_121' title='bbox 1186 1619 1300 1672; x_wconf 85' lang='lat' dir='ltr'><strong>sive</strong></span> <span class='ocrx_word' id='word_1_122' title='bbox 1327 1619 1427 1671; x_wconf 86' lang='lat' dir='ltr'><strong>sub</strong></span> <span class='ocrx_word' id='word_1_123' title='bbox 1479 1635 1694 1686; x_wconf 82' lang='lat' dir='ltr'><strong>quercu,</strong></span> <span class='ocrx_word' id='word_1_124' title='bbox 1731 1632 1851 1686; x_wconf 71' lang='lat' dir='ltr'><strong>quire</strong></span> 
     </span>
    </p>
   </div>
   <div class='ocr_carea' id='block_1_18' title="bbox 285 1694 1847 1780">
    <p class='ocr_par' dir='ltr' id='par_1_18' title="bbox 285 1694 1847 1780">
     <span class='ocr_line' id='line_1_18' title="bbox 285 1694 1847 1780; baseline 0.001 -24"><span class='ocrx_word' id='word_1_125' title='bbox 285 1706 553 1763; x_wconf 85' lang='lat' dir='ltr'><strong>Hebraice</strong></span> <span class='ocrx_word' id='word_1_126' title='bbox 587 1709 787 1764; x_wconf 89' lang='lat' dir='ltr'><strong>dicitur</strong></span> <span class='ocrx_word' id='word_1_127' title='bbox 812 1726 954 1764; x_wconf 31' lang='lat' dir='ltr'><strong>sua,</strong></span> <span class='ocrx_word' id='word_1_128' title='bbox 987 1694 1143 1780; x_wconf 66' lang='lat' dir='ltr'><strong>(n‘m)</strong></span> <span class='ocrx_word' id='word_1_129' title='bbox 1178 1727 1194 1765; x_wconf 86' lang='grc'>;</span> <span class='ocrx_word' id='word_1_130' title='bbox 1235 1725 1357 1780; x_wconf 72' lang='lat' dir='ltr'><strong>qua:</strong></span> <span class='ocrx_word' id='word_1_131' title='bbox 1398 1710 1614 1776; x_wconf 84' lang='lat' dir='ltr'><strong>quidem</strong></span> <span class='ocrx_word' id='word_1_132' title='bbox 1658 1719 1710 1760; x_wconf 89' lang='lat' dir='ltr'><strong>et</strong></span> <span class='ocrx_word' id='word_1_133' title='bbox 1747 1709 1847 1761; x_wconf 81' lang='lat' dir='ltr'><strong>ista</strong></span> 
     </span>
    </p>
   </div>
   <div class='ocr_carea' id='block_1_19' title="bbox 279 1770 1927 1866">
    <p class='ocr_par' dir='ltr' id='par_1_19' title="bbox 279 1770 1927 1866">
     <span class='ocr_line' id='line_1_19' title="bbox 279 1770 1927 1866; baseline 0.001 -16"><span class='ocrx_word' id='word_1_134' title='bbox 279 1798 596 1866; x_wconf 72' lang='lat' dir='ltr'><strong>significat;</strong></span> <span class='ocrx_word' id='word_1_135' title='bbox 656 1811 714 1856; x_wconf 90' lang='lat' dir='ltr'><strong>ut</strong></span> <span class='ocrx_word' id='word_1_136' title='bbox 769 1803 840 1858; x_wconf 88' lang='lat' dir='ltr'><strong>sit</strong></span> <span class='ocrx_word' id='word_1_137' title='bbox 873 1818 1066 1858; x_wconf 81' lang='lat' dir='ltr'><strong>sensus</strong></span> <span class='ocrx_word' id='word_1_138' title='bbox 1115 1819 1129 1854; x_wconf 74' lang='grc' dir='ltr'><strong>ι</strong></span> <span class='ocrx_word' id='word_1_139' title='bbox 1169 1804 1224 1856; x_wconf 92' lang='lat' dir='ltr'><strong>In</strong></span> <span class='ocrx_word' id='word_1_140' title='bbox 1260 1803 1517 1856; x_wconf 88' lang='lat' dir='ltr'><strong>omnibus</strong></span> <span class='ocrx_word' id='word_1_141' title='bbox 1554 1802 1694 1863; x_wconf 88' lang='lat' dir='ltr'><strong>istis,</strong></span> <span class='ocrx_word' id='word_1_142' title='bbox 1733 1801 1850 1853; x_wconf 86' lang='lat' dir='ltr'><strong>sive</strong></span> <span class='ocrx_word' id='word_1_143' title='bbox 1880 1770 1927 1831; x_wconf 73' lang='grc' dir='ltr'><strong><em>Β</em></strong></span> 
     </span>
    </p>
   </div>
   <div class='ocr_carea' id='block_1_20' title="bbox 281 1893 1852 1960">
    <p class='ocr_par' dir='ltr' id='par_1_20' title="bbox 281 1893 1852 1960">
     <span class='ocr_line' id='line_1_20' title="bbox 281 1893 1852 1960; baseline -0.001 -15"><span class='ocrx_word' id='word_1_144' title='bbox 281 1905 310 1941; x_wconf 77' lang='lat' dir='ltr'><strong>s</strong></span> <span class='ocrx_word' id='word_1_145' title='bbox 334 1893 386 1938; x_wconf 67' lang='lat' dir='ltr'><strong>tl»</strong></span> <span class='ocrx_word' id='word_1_146' title='bbox 414 1908 645 1957; x_wconf 86' lang='lat' dir='ltr'><strong>quercu,</strong></span> <span class='ocrx_word' id='word_1_147' title='bbox 677 1905 838 1960; x_wconf 88' lang='lat' dir='ltr'><strong>atque</strong></span> <span class='ocrx_word' id='word_1_148' title='bbox 881 1895 1214 1958; x_wconf 88' lang='lat' dir='ltr'><strong>terebintho,</strong></span> <span class='ocrx_word' id='word_1_149' title='bbox 1257 1894 1361 1948; x_wconf 89' lang='lat' dir='ltr'><strong>sub</strong></span> <span class='ocrx_word' id='word_1_150' title='bbox 1393 1893 1548 1958; x_wconf 85' lang='lat' dir='ltr'><strong>cujus</strong></span> <span class='ocrx_word' id='word_1_151' title='bbox 1579 1894 1768 1945; x_wconf 88' lang='lat' dir='ltr'><strong>umbra</strong></span> <span class='ocrx_word' id='word_1_152' title='bbox 1797 1903 1852 1945; x_wconf 90' lang='lat' dir='ltr'><strong>et</strong></span> 
     </span>
    </p>
   </div>
   <div class='ocr_carea' id='block_1_21' title="bbox 207 1980 1852 2056">
    <p class='ocr_par' dir='ltr' id='par_1_21' title="bbox 207 1980 1852 2056">
     <span class='ocr_line' id='line_1_21' title="bbox 207 1980 1852 2056; baseline 0.001 -22"><span class='ocrx_word' id='word_1_153' title='bbox 207 2053 211 2056; x_wconf 20' lang='lat'>.</span> <span class='ocrx_word' id='word_1_154' title='bbox 280 1980 570 2039; x_wconf 79' lang='lat' dir='ltr'><strong>frondibus</strong></span> <span class='ocrx_word' id='word_1_155' title='bbox 600 1987 752 2052; x_wconf 87' lang='lat' dir='ltr'><strong>quasi</strong></span> <span class='ocrx_word' id='word_1_156' title='bbox 786 1985 838 2040; x_wconf 93' lang='lat' dir='ltr'><strong>in</strong></span> <span class='ocrx_word' id='word_1_157' title='bbox 894 1987 1126 2042; x_wconf 79' lang='lat' dir='ltr'><strong>amomis</strong></span> <span class='ocrx_word' id='word_1_158' title='bbox 1161 1987 1299 2041; x_wconf 88' lang='lat' dir='ltr'><strong>locis</strong></span> <span class='ocrx_word' id='word_1_159' title='bbox 1328 1986 1644 2040; x_wconf 70' lang='lat' dir='ltr'><strong>idololatria:</strong></span> <span class='ocrx_word' id='word_1_160' title='bbox 1679 1984 1852 2039; x_wconf 87' lang='lat' dir='ltr'><strong>scele-</strong></span> 
     </span>
    </p>
   </div>
   <div class='ocr_carea' id='block_1_22' title="bbox 283 2075 797 2132">
    <p class='ocr_par' dir='ltr' id='par_1_22' title="bbox 283 2075 797 2132">
     <span class='ocr_line' id='line_1_22' title="bbox 283 2075 797 2132; baseline 0.008 -3"><span class='ocrx_word' id='word_1_161' title='bbox 283 2075 437 2130; x_wconf 82' lang='lat' dir='ltr'><strong>ribus</strong></span> <span class='ocrx_word' id='word_1_162' title='bbox 455 2078 474 2106; x_wconf 81' lang='grc'>⁸</span> <span class='ocrx_word' id='word_1_163' title='bbox 503 2075 797 2132; x_wconf 81' lang='lat' dir='ltr'><strong>fruebaris.</strong></span> 
     </span>
    </p>
   </div>
   <div class='ocr_carea' id='block_1_23' title="bbox 357 2167 1852 2240">
    <p class='ocr_par' dir='ltr' id='par_1_23' title="bbox 357 2167 1852 2240">
     <span class='ocr_line' id='line_1_23' title="bbox 357 2167 1852 2240; baseline -0.001 -19"><span class='ocrx_word' id='word_1_164' title='bbox 357 2167 540 2237; x_wconf 82' lang='lat' dir='ltr'><strong>(Vers.</strong></span> <span class='ocrx_word' id='word_1_165' title='bbox 571 2169 660 2234; x_wconf 81' lang='lat'><strong>&#39;55,</strong></span> <span class='ocrx_word' id='word_1_166' title='bbox 705 2169 817 2240; x_wconf 71' lang='lat'><strong>56.)</strong></span> <span class='ocrx_word' id='word_1_167' title='bbox 865 2187 884 2220; x_wconf 72' lang='grc' dir='ltr'><strong>ι</strong></span> <span class='ocrx_word' id='word_1_168' title='bbox 913 2171 980 2225; x_wconf 83' lang='grc' dir='ltr'>Ει</span> <span class='ocrx_word' id='word_1_169' title='bbox 1008 2171 1200 2225; x_wconf 74' lang='lat' dir='ltr'><strong>dixisti</strong></span> <span class='ocrx_word' id='word_1_170' title='bbox 1237 2187 1251 2226; x_wconf 84' lang='lat'><strong>:</strong></span> <span class='ocrx_word' id='word_1_171' title='bbox 1284 2170 1506 2240; x_wconf 79' lang='lat' dir='ltr'><strong>Absque</strong></span> <span class='ocrx_word' id='word_1_172' title='bbox 1534 2179 1760 2233; x_wconf 86' lang='lat' dir='ltr'><strong>peccato</strong></span> <span class='ocrx_word' id='word_1_173' title='bbox 1798 2177 1852 2221; x_wconf 87' lang='lat' dir='ltr'><strong>et</strong></span> 
     </span>
    </p>
   </div>
   <div class='ocr_carea' id='block_1_24' title="bbox 285 2257 1849 2331">
    <p class='ocr_par' dir='ltr' id='par_1_24' title="bbox 285 2257 1849 2331">
     <span class='ocr_line' id='line_1_24' title="bbox 285 2257 1849 2331; baseline 0.001 -21"><span class='ocrx_word' id='word_1_174' title='bbox 285 2257 558 2315; x_wconf 85' lang='lat' dir='ltr'><strong>innocens</strong></span> <span class='ocrx_word' id='word_1_175' title='bbox 585 2275 688 2329; x_wconf 78' lang='lat' dir='ltr'><strong>ego</strong></span> <span class='ocrx_word' id='word_1_176' title='bbox 718 2277 836 2316; x_wconf 89' lang='lat' dir='ltr'><strong>sum</strong></span> <span class='ocrx_word' id='word_1_177' title='bbox 875 2279 890 2318; x_wconf 85' lang='lat'><strong>:</strong></span> <span class='ocrx_word' id='word_1_178' title='bbox 929 2271 984 2316; x_wconf 90' lang='lat' dir='ltr'><strong>et</strong></span> <span class='ocrx_word' id='word_1_179' title='bbox 1028 2270 1316 2331; x_wconf 77' lang='lat' dir='ltr'><strong>propterea</strong></span> <span class='ocrx_word' id='word_1_180' title='bbox 1369 2271 1647 2317; x_wconf 84' lang='lat' dir='ltr'><strong>avertatur</strong></span> <span class='ocrx_word' id='word_1_181' title='bbox 1692 2261 1849 2314; x_wconf 86' lang='lat' dir='ltr'><strong>furor</strong></span> 
     </span>
    </p>
   </div>
   <div class='ocr_carea' id='block_1_25' title="bbox 287 2355 1852 2426">
    <p class='ocr_par' dir='ltr' id='par_1_25' title="bbox 287 2355 1852 2426">
     <span class='ocr_line' id='line_1_25' title="bbox 287 2355 1852 2426; baseline 0 -20"><span class='ocrx_word' id='word_1_182' title='bbox 287 2362 412 2406; x_wconf 90' lang='lat' dir='ltr'><strong>tuus</strong></span> <span class='ocrx_word' id='word_1_183' title='bbox 445 2368 474 2406; x_wconf 85' lang='lat' dir='ltr'><strong>a</strong></span> <span class='ocrx_word' id='word_1_184' title='bbox 510 2369 615 2408; x_wconf 88' lang='lat' dir='ltr'><strong>me.</strong></span> <span class='ocrx_word' id='word_1_185' title='bbox 651 2355 788 2410; x_wconf 83' lang='lat' dir='ltr'><strong>Ecce</strong></span> <span class='ocrx_word' id='word_1_186' title='bbox 813 2371 914 2426; x_wconf 77' lang='lat' dir='ltr'><strong>ego</strong></span> <span class='ocrx_word' id='word_1_187' title='bbox 935 2359 1146 2426; x_wconf 88' lang='lat' dir='ltr'><strong>judicio</strong></span> <span class='ocrx_word' id='word_1_188' title='bbox 1174 2357 1507 2410; x_wconf 86' lang='lat' dir='ltr'><strong>contendam</strong></span> <span class='ocrx_word' id='word_1_189' title='bbox 1551 2365 1754 2416; x_wconf 85' lang='lat' dir='ltr'><strong>tecum,</strong></span> <span class='ocrx_word' id='word_1_190' title='bbox 1787 2367 1852 2406; x_wconf 91' lang='lat' dir='ltr'><strong>eo</strong></span> 
     </span>
    </p>
   </div>
   <div class='ocr_carea' id='block_1_26' title="bbox 281 2445 1850 2517">
    <p class='ocr_par' dir='ltr' id='par_1_26' title="bbox 281 2445 1850 2517">
     <span class='ocr_line' id='line_1_26' title="bbox 281 2445 1850 2517; baseline -0.001 -20"><span class='ocrx_word' id='word_1_191' title='bbox 281 2446 428 2515; x_wconf 81' lang='lat' dir='ltr'><strong>quod</strong></span> <span class='ocrx_word' id='word_1_192' title='bbox 458 2446 689 2512; x_wconf 74' lang='lat' dir='ltr'><strong>dixeris,</strong></span> <span class='ocrx_word' id='word_1_193' title='bbox 737 2447 854 2502; x_wconf 82' lang='lat' dir='ltr'><strong>Non</strong></span> <span class='ocrx_word' id='word_1_194' title='bbox 900 2450 1118 2517; x_wconf 84' lang='lat' dir='ltr'><strong>peccavi</strong></span> <span class='ocrx_word' id='word_1_195' title='bbox 1171 2465 1186 2502; x_wconf 87' lang='lat'><strong>;</strong></span> <span class='ocrx_word' id='word_1_196' title='bbox 1231 2462 1390 2516; x_wconf 83' lang='lat' dir='ltr'><strong>quam</strong></span> <span class='ocrx_word' id='word_1_197' title='bbox 1429 2446 1551 2500; x_wconf 89' lang='lat' dir='ltr'><strong>vilis</strong></span> <span class='ocrx_word' id='word_1_198' title='bbox 1587 2461 1646 2500; x_wconf 88' lang='lat' dir='ltr'><strong>es</strong></span> <span class='ocrx_word' id='word_1_199' title='bbox 1712 2445 1850 2496; x_wconf 87' lang='lat' dir='ltr'><strong>facta</strong></span> 
     </span>
    </p>
   </div>
   <div class='ocr_carea' id='block_1_27' title="bbox 284 2537 1855 2609">
    <p class='ocr_par' dir='ltr' id='par_1_27' title="bbox 284 2537 1855 2609">
     <span class='ocr_line' id='line_1_27' title="bbox 284 2537 1855 2609; baseline 0.001 -21"><span class='ocrx_word' id='word_1_200' title='bbox 284 2538 452 2592; x_wconf 84' lang='lat' dir='ltr'><strong>nimis</strong></span> <span class='ocrx_word' id='word_1_201' title='bbox 501 2539 625 2606; x_wconf 77' lang='lat' dir='ltr'><strong>(sive</strong></span> <span class='ocrx_word' id='word_1_202' title='bbox 651 2540 966 2609; x_wconf 79' lang='lat' dir='ltr'><strong>quomodo&#39;</strong></span> <span class='ocrx_word' id='word_1_203' title='bbox 1029 2539 1403 2608; x_wconf 86' lang='lat' dir='ltr'><strong>contempsisti</strong></span> <span class='ocrx_word' id='word_1_204' title='bbox 1456 2537 1651 2607; x_wconf 90' lang='lat' dir='ltr'><strong>nimis)</strong></span> <span class='ocrx_word' id='word_1_205' title='bbox 1688 2537 1855 2606; x_wconf 79' lang='lat'><strong>856</strong></span> 
     </span>
    </p>
   </div>
   <div class='ocr_carea' id='block_1_28' title="bbox 242 2629 1853 2688">
    <p class='ocr_par' dir='ltr' id='par_1_28' title="bbox 242 2629 1853 2688">
     <span class='ocr_line' id='line_1_28' title="bbox 242 2629 1853 2688; baseline 0.001 -6"><span class='ocrx_word' id='word_1_206' title='bbox 242 2641 254 2646; x_wconf 83' lang='lat'>&#39;</span> <span class='ocrx_word' id='word_1_207' title='bbox 282 2629 490 2685; x_wconf 87' lang='lat' dir='ltr'><strong>iterans</strong></span> <span class='ocrx_word' id='word_1_208' title='bbox 519 2634 630 2686; x_wconf 85' lang='lat' dir='ltr'><strong>vias</strong></span> <span class='ocrx_word' id='word_1_209' title='bbox 671 2641 847 2688; x_wconf 87' lang='lat' dir='ltr'><strong>tuas.t</strong></span> <span class='ocrx_word' id='word_1_210' title='bbox 887 2629 982 2686; x_wconf 84' lang='lat' dir='ltr'><strong>llis</strong></span> <span class='ocrx_word' id='word_1_211' title='bbox 1022 2635 1285 2687; x_wconf 87' lang='lat' dir='ltr'><strong>utendum</strong></span> <span class='ocrx_word' id='word_1_212' title='bbox 1321 2641 1404 2686; x_wconf 86' lang='lat' dir='ltr'><strong>est</strong></span> <span class='ocrx_word' id='word_1_213' title='bbox 1451 2634 1717 2685; x_wconf 89' lang='lat' dir='ltr'><strong>adversus</strong></span> <span class='ocrx_word' id='word_1_214' title='bbox 1754 2646 1853 2684; x_wconf 88' lang='lat' dir='ltr'><strong>eos</strong></span> 
     </span>
    </p>
   </div>
   <div class='ocr_carea' id='block_1_29' title="bbox 282 2721 1854 2794">
    <p class='ocr_par' dir='ltr' id='par_1_29' title="bbox 282 2721 1854 2794">
     <span class='ocr_line' id='line_1_29' title="bbox 282 2721 1854 2794; baseline 0.001 -22"><span class='ocrx_word' id='word_1_215' title='bbox 282 2721 378 2789; x_wconf 83' lang='lat' dir='ltr'><strong>qui</strong></span> <span class='ocrx_word' id='word_1_216' title='bbox 408 2722 596 2774; x_wconf 91' lang='lat' dir='ltr'><strong>nolunt</strong></span> <span class='ocrx_word' id='word_1_217' title='bbox 620 2738 716 2777; x_wconf 88' lang='lat' dir='ltr'><strong>sua</strong></span> <span class='ocrx_word' id='word_1_218' title='bbox 746 2733 969 2792; x_wconf 84' lang='lat' dir='ltr'><strong>peccata</strong></span> <span class='ocrx_word' id='word_1_219' title='bbox 984 2738 1317 2794; x_wconf 81' lang='lat' dir='ltr'><strong>cognoscere</strong></span> <span class='ocrx_word' id='word_1_220' title='bbox 1337 2763 1353 2789; x_wconf 91' lang='lat'><strong>,</strong></span> <span class='ocrx_word' id='word_1_221' title='bbox 1387 2723 1481 2777; x_wconf 89' lang='lat' dir='ltr'><strong>sed</strong></span> <span class='ocrx_word' id='word_1_222' title='bbox 1521 2723 1574 2775; x_wconf 92' lang='lat' dir='ltr'><strong>in</strong></span> <span class='ocrx_word' id='word_1_223' title='bbox 1609 2731 1854 2788; x_wconf 89' lang='lat' dir='ltr'><strong>tempore</strong></span> 
     </span>
    </p>
   </div>
   <div class='ocr_carea' id='block_1_30' title="bbox 283 2812 1853 2884">
    <p class='ocr_par' dir='ltr' id='par_1_30' title="bbox 283 2812 1853 2884">
     <span class='ocr_line' id='line_1_30' title="bbox 283 2812 1853 2884; baseline 0.001 -21"><span class='ocrx_word' id='word_1_224' title='bbox 283 2812 595 2868; x_wconf 84' lang='lat' dir='ltr'><strong>atllictionis</strong></span> <span class='ocrx_word' id='word_1_225' title='bbox 621 2823 676 2868; x_wconf 90' lang='lat' dir='ltr'><strong>et</strong></span> <span class='ocrx_word' id='word_1_226' title='bbox 718 2816 983 2884; x_wconf 68' lang='lat' dir='ltr'><strong>angustiae</strong></span> <span class='ocrx_word' id='word_1_227' title='bbox 1013 2816 1201 2870; x_wconf 88' lang='lat' dir='ltr'><strong>dicunt</strong></span> <span class='ocrx_word' id='word_1_228' title='bbox 1241 2831 1300 2870; x_wconf 91' lang='lat' dir='ltr'><strong>se</strong></span> <span class='ocrx_word' id='word_1_229' title='bbox 1332 2815 1536 2884; x_wconf 86' lang='lat' dir='ltr'><strong>injuste</strong></span> <span class='ocrx_word' id='word_1_230' title='bbox 1579 2814 1853 2867; x_wconf 90' lang='lat' dir='ltr'><strong>sustinere</strong></span> 
     </span>
    </p>
   </div>
   <div class='ocr_carea' id='block_1_31' title="bbox 279 2902 1852 2976">
    <p class='ocr_par' dir='ltr' id='par_1_31' title="bbox 279 2902 1852 2976">
     <span class='ocr_line' id='line_1_31' title="bbox 279 2902 1852 2976; baseline -0.001 -21"><span class='ocrx_word' id='word_1_231' title='bbox 279 2916 407 2970; x_wconf 69' lang='lat' dir='ltr'><strong>quae</strong></span> <span class='ocrx_word' id='word_1_232' title='bbox 425 2907 727 2969; x_wconf 80' lang='lat' dir='ltr'><strong>sustinent,</strong></span> <span class='ocrx_word' id='word_1_233' title='bbox 780 2906 1060 2975; x_wconf 74' lang='lat' dir='ltr'><strong>magisque</strong></span> <span class='ocrx_word' id='word_1_234' title='bbox 1087 2914 1380 2976; x_wconf 89' lang='lat' dir='ltr'><strong>provocant</strong></span> <span class='ocrx_word' id='word_1_235' title='bbox 1404 2905 1541 2958; x_wconf 90' lang='lat' dir='ltr'><strong>iram</strong></span> <span class='ocrx_word' id='word_1_236' title='bbox 1573 2903 1692 2970; x_wconf 88' lang='lat' dir='ltr'><strong>Dei,</strong></span> <span class='ocrx_word' id='word_1_237' title='bbox 1725 2902 1852 2956; x_wconf 88' lang='lat' dir='ltr'><strong>dum</strong></span> 
     </span>
    </p>
   </div>
   <div class='ocr_carea' id='block_1_32' title="bbox 281 2995 1852 3066">
    <p class='ocr_par' dir='ltr' id='par_1_32' title="bbox 281 2995 1852 3066">
     <span class='ocr_line' id='line_1_32' title="bbox 281 2995 1852 3066; baseline 0 -18"><span class='ocrx_word' id='word_1_238' title='bbox 281 2995 543 3057; x_wconf 82' lang='lat' dir='ltr'><strong>alterum,</strong></span> <span class='ocrx_word' id='word_1_239' title='bbox 577 2997 864 3066; x_wconf 85' lang='lat' dir='ltr'><strong>majusque</strong></span> <span class='ocrx_word' id='word_1_240' title='bbox 888 3005 1173 3065; x_wconf 85' lang='lat' dir='ltr'><strong>peccatum</strong></span> <span class='ocrx_word' id='word_1_241' title='bbox 1205 2997 1300 3061; x_wconf 91' lang='lat' dir='ltr'><strong>sit,</strong></span> <span class='ocrx_word' id='word_1_242' title='bbox 1335 3012 1442 3050; x_wconf 91' lang='lat' dir='ltr'><strong>non</strong></span> <span class='ocrx_word' id='word_1_243' title='bbox 1482 2996 1668 3065; x_wconf 79' lang='lat' dir='ltr'><strong>lugere</strong></span> <span class='ocrx_word' id='word_1_244' title='bbox 1709 2995 1852 3064; x_wconf 90' lang='lat' dir='ltr'><strong>quod</strong></span> 
     </span>
    </p>
   </div>
   <div class='ocr_carea' id='block_1_33' title="bbox 281 3086 1924 3161">
    <p class='ocr_par' dir='ltr' id='par_1_33' title="bbox 281 3086 1924 3161">
     <span class='ocr_line' id='line_1_33' title="bbox 281 3086 1924 3161; baseline 0.002 -23"><span class='ocrx_word' id='word_1_245' title='bbox 281 3086 537 3149; x_wconf 78' lang='lat' dir='ltr'><strong>fecerint,</strong></span> <span class='ocrx_word' id='word_1_246' title='bbox 566 3087 659 3142; x_wconf 88' lang='lat' dir='ltr'><strong>sed</strong></span> <span class='ocrx_word' id='word_1_247' title='bbox 710 3103 877 3142; x_wconf 86' lang='lat' dir='ltr'><strong>vanas</strong></span> <span class='ocrx_word' id='word_1_248' title='bbox 913 3087 1294 3143; x_wconf 77' lang='lat' dir='ltr'><strong>excusationes</strong></span> <span class='ocrx_word' id='word_1_249' title='bbox 1323 3087 1627 3142; x_wconf 85' lang='lat' dir='ltr'><strong>obtendere</strong></span> <span class='ocrx_word' id='word_1_250' title='bbox 1657 3101 1851 3154; x_wconf 86' lang='lat' dir='ltr'><strong>pecca-</strong></span> <span class='ocrx_word' id='word_1_251' title='bbox 1877 3096 1924 3161; x_wconf 68' lang='grc' dir='ltr'><strong>(ζ</strong></span> 
     </span>
    </p>
   </div>
   <div class='ocr_carea' id='block_1_34' title="bbox 281 3177 1851 3249">
    <p class='ocr_par' dir='ltr' id='par_1_34' title="bbox 281 3177 1851 3249">
     <span class='ocr_line' id='line_1_34' title="bbox 281 3177 1851 3249; baseline 0.003 -22"><span class='ocrx_word' id='word_1_252' title='bbox 281 3183 490 3230; x_wconf 88' lang='lat' dir='ltr'><strong>torum.</strong></span> <span class='ocrx_word' id='word_1_253' title='bbox 532 3177 761 3244; x_wconf 68' lang='lat' dir='ltr'><strong>Iudicio,</strong></span> <span class='ocrx_word' id='word_1_254' title='bbox 814 3179 1008 3249; x_wconf 88' lang='lat' dir='ltr'><strong>inquit,</strong></span> <span class='ocrx_word' id='word_1_255' title='bbox 1064 3180 1376 3232; x_wconf 84' lang='lat' dir='ltr'><strong>contendant</strong></span> <span class='ocrx_word' id='word_1_256' title='bbox 1434 3189 1604 3233; x_wconf 83' lang='lat' dir='ltr'><strong>tecum</strong></span> <span class='ocrx_word' id='word_1_257' title='bbox 1643 3195 1739 3247; x_wconf 89' lang='lat' dir='ltr'><strong>pro</strong></span> <span class='ocrx_word' id='word_1_258' title='bbox 1793 3195 1851 3232; x_wconf 88' lang='lat' dir='ltr'><strong>eo</strong></span> 
     </span>
    </p>
   </div>
   <div class='ocr_carea' id='block_1_35' title="bbox 279 3268 1850 3341">
    <p class='ocr_par' dir='ltr' id='par_1_35' title="bbox 279 3268 1850 3341">
     <span class='ocr_line' id='line_1_35' title="bbox 279 3268 1850 3341; baseline 0.002 -20"><span class='ocrx_word' id='word_1_259' title='bbox 279 3270 426 3338; x_wconf 74' lang='lat' dir='ltr'><strong>quod</strong></span> <span class='ocrx_word' id='word_1_260' title='bbox 462 3268 685 3335; x_wconf 70' lang='lat' dir='ltr'><strong>dixeris,</strong></span> <span class='ocrx_word' id='word_1_261' title='bbox 720 3269 840 3325; x_wconf 85' lang='lat' dir='ltr'><strong>Non</strong></span> <span class='ocrx_word' id='word_1_262' title='bbox 863 3274 1071 3338; x_wconf 82' lang='lat' dir='ltr'><strong>peccavi</strong></span> <span class='ocrx_word' id='word_1_263' title='bbox 1101 3287 1121 3325; x_wconf 91' lang='lat'><strong><em>:</em></strong></span> <span class='ocrx_word' id='word_1_264' title='bbox 1170 3271 1323 3340; x_wconf 89' lang='lat' dir='ltr'><strong>quasi</strong></span> <span class='ocrx_word' id='word_1_265' title='bbox 1356 3271 1532 3341; x_wconf 87' lang='lat' dir='ltr'><strong>majus</strong></span> <span class='ocrx_word' id='word_1_266' title='bbox 1571 3272 1850 3340; x_wconf 86' lang='lat' dir='ltr'><strong>quippiam</strong></span> 
     </span>
    </p>
   </div>
   <div class='ocr_carea' id='block_1_36' title="bbox 281 3360 1850 3430">
    <p class='ocr_par' dir='ltr' id='par_1_36' title="bbox 281 3360 1850 3430">
     <span class='ocr_line' id='line_1_36' title="bbox 281 3360 1850 3430; baseline 0.003 -17"><span class='ocrx_word' id='word_1_267' title='bbox 281 3360 498 3416; x_wconf 83' lang='lat' dir='ltr'><strong>sithoc</strong></span> <span class='ocrx_word' id='word_1_268' title='bbox 553 3372 856 3429; x_wconf 85' lang='lat' dir='ltr'><strong>peccatum,</strong></span> <span class='ocrx_word' id='word_1_269' title='bbox 915 3363 1061 3418; x_wconf 82' lang='lat' dir='ltr'><strong>aliud</strong></span> <span class='ocrx_word' id='word_1_270' title='bbox 1124 3364 1330 3418; x_wconf 90' lang='lat' dir='ltr'><strong>habere</strong></span> <span class='ocrx_word' id='word_1_271' title='bbox 1389 3366 1441 3417; x_wconf 92' lang='lat' dir='ltr'><strong>in</strong></span> <span class='ocrx_word' id='word_1_272' title='bbox 1487 3364 1850 3430; x_wconf 87' lang='lat' dir='ltr'><strong>conscientia,</strong></span> 
     </span>
    </p>
   </div>
   <div class='ocr_carea' id='block_1_37' title="bbox 284 3452 1851 3522">
    <p class='ocr_par' dir='ltr' id='par_1_37' title="bbox 284 3452 1851 3522">
     <span class='ocr_line' id='line_1_37' title="bbox 284 3452 1851 3522; baseline 0.003 -18"><span class='ocrx_word' id='word_1_273' title='bbox 284 3453 432 3506; x_wconf 85' lang='lat' dir='ltr'><strong>aliud</strong></span> <span class='ocrx_word' id='word_1_274' title='bbox 467 3452 524 3506; x_wconf 91' lang='lat' dir='ltr'><strong>in</strong></span> <span class='ocrx_word' id='word_1_275' title='bbox 567 3468 824 3507; x_wconf 87' lang='lat' dir='ltr'><strong>sermone</strong></span> <span class='ocrx_word' id='word_1_276' title='bbox 867 3454 1130 3522; x_wconf 89' lang='lat' dir='ltr'><strong>proferre.</strong></span> <span class='ocrx_word' id='word_1_277' title='bbox 1186 3455 1388 3508; x_wconf 80' lang='lat' dir='ltr'><strong>Audiat</strong></span> <span class='ocrx_word' id='word_1_278' title='bbox 1419 3471 1557 3508; x_wconf 88' lang='lat' dir='ltr'><strong>nova</strong></span> <span class='ocrx_word' id='word_1_279' title='bbox 1582 3469 1646 3508; x_wconf 78' lang='lat' dir='ltr'><strong>ex</strong></span> <span class='ocrx_word' id='word_1_280' title='bbox 1680 3454 1851 3508; x_wconf 87' lang='lat' dir='ltr'><strong>veteri</strong></span> 
     </span>
    </p>
   </div>
   <div class='ocr_carea' id='block_1_38' title="bbox 282 3542 1854 3616">
    <p class='ocr_par' dir='ltr' id='par_1_38' title="bbox 282 3542 1854 3616">
     <span class='ocr_line' id='line_1_38' title="bbox 282 3542 1854 3616; baseline 0.003 -21"><span class='ocrx_word' id='word_1_281' title='bbox 282 3542 534 3609; x_wconf 70' lang='lat' dir='ltr'><strong>haeresis,</strong></span> <span class='ocrx_word' id='word_1_282' title='bbox 565 3543 704 3596; x_wconf 89' lang='lat' dir='ltr'><strong>iram</strong></span> <span class='ocrx_word' id='word_1_283' title='bbox 742 3544 837 3598; x_wconf 87' lang='lat' dir='ltr'><strong>Dei</strong></span> <span class='ocrx_word' id='word_1_284' title='bbox 872 3558 995 3599; x_wconf 89' lang='lat' dir='ltr'><strong>esse</strong></span> <span class='ocrx_word' id='word_1_285' title='bbox 1032 3545 1113 3599; x_wconf 86' lang='lat' dir='ltr'><strong>vel</strong></span> <span class='ocrx_word' id='word_1_286' title='bbox 1146 3546 1458 3610; x_wconf 78' lang='lat' dir='ltr'><strong>maximam,</strong></span> <span class='ocrx_word' id='word_1_287' title='bbox 1491 3547 1633 3599; x_wconf 89' lang='lat' dir='ltr'><strong>nolle</strong></span> <span class='ocrx_word' id='word_1_288' title='bbox 1660 3561 1854 3616; x_wconf 88' lang='lat' dir='ltr'><strong>pecca-</strong></span> 
     </span>
    </p>
   </div>
   <div class='ocr_carea' id='block_1_39' title="bbox 284 3632 1853 3708">
    <p class='ocr_par' dir='ltr' id='par_1_39' title="bbox 284 3632 1853 3708">
     <span class='ocr_line' id='line_1_39' title="bbox 284 3632 1853 3708; baseline 0.006 -24"><span class='ocrx_word' id='word_1_289' title='bbox 284 3642 398 3686; x_wconf 88' lang='lat' dir='ltr'><strong>tutn</strong></span> <span class='ocrx_word' id='word_1_290' title='bbox 452 3632 696 3687; x_wconf 88' lang='lat' dir='ltr'><strong>confiteri</strong></span> <span class='ocrx_word' id='word_1_291' title='bbox 754 3633 1064 3700; x_wconf 83' lang='lat' dir='ltr'><strong>humiliter;</strong></span> <span class='ocrx_word' id='word_1_292' title='bbox 1117 3637 1212 3690; x_wconf 83' lang='lat' dir='ltr'><strong>sed</strong></span> <span class='ocrx_word' id='word_1_293' title='bbox 1269 3637 1617 3706; x_wconf 89' lang='lat' dir='ltr'><strong>impudenter</strong></span> <span class='ocrx_word' id='word_1_294' title='bbox 1644 3638 1853 3708; x_wconf 89' lang='lat' dir='ltr'><strong>jactare</strong></span> 
     </span>
    </p>
   </div>
   <div class='ocr_carea' id='block_1_40' title="bbox 278 3723 599 3788">
    <p class='ocr_par' dir='ltr' id='par_1_40' title="bbox 278 3723 599 3788">
     <span class='ocr_line' id='line_1_40' title="bbox 278 3723 599 3788; baseline 0.009 -12"><span class='ocrx_word' id='word_1_295' title='bbox 278 3723 546 3788; x_wconf 84' lang='lat' dir='ltr'><strong>justitiam</strong></span> <span class='ocrx_word' id='word_1_296' title='bbox 583 3741 599 3779; x_wconf 85' lang='lat'><strong>:</strong></span> 
     </span>
    </p>
   </div>
   <div class='ocr_carea' id='block_1_41' title="bbox 356 3834 1854 3905">
    <p class='ocr_par' dir='ltr' id='par_1_41' title="bbox 356 3834 1854 3905">
     <span class='ocr_line' id='line_1_41' title="bbox 356 3834 1854 3905; baseline 0.002 -17"><span class='ocrx_word' id='word_1_297' title='bbox 356 3835 538 3898; x_wconf 71' lang='lat' dir='ltr'><strong>(Vere.</strong></span> <span class='ocrx_word' id='word_1_298' title='bbox 573 3835 690 3904; x_wconf 78' lang='grc'><strong>57.)</strong></span> <span class='ocrx_word' id='word_1_299' title='bbox 736 3850 757 3886; x_wconf 72' lang='grc' dir='ltr'><strong>ι</strong></span> <span class='ocrx_word' id='word_1_300' title='bbox 795 3834 861 3888; x_wconf 84' lang='lat' dir='ltr'><strong>Et</strong></span> <span class='ocrx_word' id='word_1_301' title='bbox 894 3835 961 3888; x_wconf 89' lang='lat' dir='ltr'><strong>ah</strong></span> <span class='ocrx_word' id='word_1_302' title='bbox 988 3834 1222 3904; x_wconf 65' lang='lat' dir='ltr'><strong>Egypto</strong></span> <span class='ocrx_word' id='word_1_303' title='bbox 1267 3835 1624 3892; x_wconf 71' lang='lat' dir='ltr'><strong>confunderis</strong></span> <span class='ocrx_word' id='word_1_304' title='bbox 1647 3877 1664 3905; x_wconf 92' lang='lat'><strong>,</strong></span> <span class='ocrx_word' id='word_1_305' title='bbox 1709 3837 1854 3892; x_wconf 81' lang='lat' dir='ltr'><strong>sicut</strong></span> 
     </span>
    </p>
   </div>
   <div class='ocr_carea' id='block_1_42' title="bbox 281 3927 1852 3998">
    <p class='ocr_par' dir='ltr' id='par_1_42' title="bbox 281 3927 1852 3998">
     <span class='ocr_line' id='line_1_42' title="bbox 281 3927 1852 3998; baseline 0.001 -17"><span class='ocrx_word' id='word_1_306' title='bbox 281 3928 510 3981; x_wconf 80' lang='lat' dir='ltr'><strong>confusa</strong></span> <span class='ocrx_word' id='word_1_307' title='bbox 541 3942 602 3982; x_wconf 91' lang='lat' dir='ltr'><strong>es</strong></span> <span class='ocrx_word' id='word_1_308' title='bbox 628 3929 698 3981; x_wconf 81' lang='lat' dir='ltr'><strong>ab</strong></span> <span class='ocrx_word' id='word_1_309' title='bbox 721 3929 891 3982; x_wconf 84' lang='lat' dir='ltr'><strong>Assur</strong></span> <span class='ocrx_word' id='word_1_310' title='bbox 921 3943 937 3984; x_wconf 88' lang='lat'><strong>:</strong></span> <span class='ocrx_word' id='word_1_311' title='bbox 968 3942 1094 3980; x_wconf 85' lang='lat' dir='ltr'><strong>nam</strong></span> <span class='ocrx_word' id='word_1_312' title='bbox 1130 3937 1186 3982; x_wconf 90' lang='lat' dir='ltr'><strong>et</strong></span> <span class='ocrx_word' id='word_1_313' title='bbox 1217 3930 1284 3981; x_wconf 88' lang='lat' dir='ltr'><strong>ab</strong></span> <span class='ocrx_word' id='word_1_314' title='bbox 1316 3928 1414 3981; x_wconf 89' lang='lat' dir='ltr'><strong>ista</strong></span> <span class='ocrx_word' id='word_1_315' title='bbox 1444 3927 1760 3998; x_wconf 79' lang='lat' dir='ltr'><strong>egredieris,</strong></span> <span class='ocrx_word' id='word_1_316' title='bbox 1798 3937 1852 3982; x_wconf 86' lang='lat' dir='ltr'><strong>et</strong></span> 
     </span>
    </p>
   </div>
   <div class='ocr_carea' id='block_1_43' title="bbox 285 4019 1846 4088">
    <p class='ocr_par' dir='ltr' id='par_1_43' title="bbox 285 4019 1846 4088">
     <span class='ocr_line' id='line_1_43' title="bbox 285 4019 1846 4088; baseline 0.001 -17"><span class='ocrx_word' id='word_1_317' title='bbox 285 4031 482 4072; x_wconf 84' lang='lat' dir='ltr'><strong>manus</strong></span> <span class='ocrx_word' id='word_1_318' title='bbox 542 4029 646 4072; x_wconf 69' lang='lat' dir='ltr'><strong>tua:</strong></span> <span class='ocrx_word' id='word_1_319' title='bbox 675 4029 840 4072; x_wconf 89' lang='lat' dir='ltr'><strong>erunt</strong></span> <span class='ocrx_word' id='word_1_320' title='bbox 890 4034 1056 4088; x_wconf 87' lang='lat' dir='ltr'><strong>super</strong></span> <span class='ocrx_word' id='word_1_321' title='bbox 1111 4028 1274 4087; x_wconf 90' lang='lat' dir='ltr'><strong>caput</strong></span> <span class='ocrx_word' id='word_1_322' title='bbox 1328 4029 1526 4082; x_wconf 91' lang='lat' dir='ltr'><strong>tuum,</strong></span> <span class='ocrx_word' id='word_1_323' title='bbox 1588 4019 1846 4086; x_wconf 87' lang='lat' dir='ltr'><strong>quoniam</strong></span> 
     </span>
    </p>
   </div>
   <div class='ocr_carea' id='block_1_44' title="bbox 284 4109 1848 4182">
    <p class='ocr_par' dir='ltr' id='par_1_44' title="bbox 284 4109 1848 4182">
     <span class='ocr_line' id='line_1_44' title="bbox 284 4109 1848 4182; baseline 0.001 -21"><span class='ocrx_word' id='word_1_324' title='bbox 284 4109 545 4162; x_wconf 89' lang='lat' dir='ltr'><strong>contrivit</strong></span> <span class='ocrx_word' id='word_1_325' title='bbox 578 4109 840 4164; x_wconf 85' lang='lat' dir='ltr'><strong>Dominus</strong></span> <span class='ocrx_word' id='word_1_326' title='bbox 869 4111 1252 4164; x_wconf 88' lang='lat' dir='ltr'><strong>confidentiam</strong></span> <span class='ocrx_word' id='word_1_327' title='bbox 1303 4111 1436 4180; x_wconf 80' lang='lat' dir='ltr'><strong>(sive</strong></span> <span class='ocrx_word' id='word_1_328' title='bbox 1465 4110 1636 4182; x_wconf 83' lang='lat' dir='ltr'><strong>spem)</strong></span> <span class='ocrx_word' id='word_1_329' title='bbox 1675 4120 1848 4174; x_wconf 90' lang='lat' dir='ltr'><strong>tuam,</strong></span> 
     </span>
    </p>
   </div>
   <div class='ocr_carea' id='block_1_45' title="bbox 285 4200 1848 4272">
    <p class='ocr_par' dir='ltr' id='par_1_45' title="bbox 285 4200 1848 4272">
     <span class='ocr_line' id='line_1_45' title="bbox 285 4200 1848 4272; baseline 0.001 -18"><span class='ocrx_word' id='word_1_330' title='bbox 285 4213 340 4254; x_wconf 87' lang='lat' dir='ltr'><strong>et</strong></span> <span class='ocrx_word' id='word_1_331' title='bbox 363 4201 497 4254; x_wconf 86' lang='lat' dir='ltr'><strong>nihil</strong></span> <span class='ocrx_word' id='word_1_332' title='bbox 521 4201 575 4254; x_wconf 91' lang='lat' dir='ltr'><strong>in</strong></span> <span class='ocrx_word' id='word_1_333' title='bbox 601 4217 664 4254; x_wconf 86' lang='lat' dir='ltr'><strong>ea</strong></span> <span class='ocrx_word' id='word_1_334' title='bbox 692 4201 915 4256; x_wconf 88' lang='lat' dir='ltr'><strong>habebis</strong></span> <span class='ocrx_word' id='word_1_335' title='bbox 935 4215 1277 4271; x_wconf 90' lang='lat' dir='ltr'><strong>prosperum.</strong></span> <span class='ocrx_word' id='word_1_336' title='bbox 1313 4219 1333 4252; x_wconf 83' lang='lat' dir='ltr'><strong>t</strong></span> <span class='ocrx_word' id='word_1_337' title='bbox 1374 4200 1442 4255; x_wconf 92' lang='lat' dir='ltr'><strong>Ut</strong></span> <span class='ocrx_word' id='word_1_338' title='bbox 1469 4200 1848 4272; x_wconf 65' lang='lat' dir='ltr'><strong>Egyptiorum</strong></span> 
     </span>
    </p>
   </div>
   <div class='ocr_carea' id='block_1_46' title="bbox 289 4292 1888 4361">
    <p class='ocr_par' dir='ltr' id='par_1_46' title="bbox 289 4292 1888 4361">
     <span class='ocr_line' id='line_1_46' title="bbox 289 4292 1888 4361; baseline 0.001 -17"><span class='ocrx_word' id='word_1_339' title='bbox 289 4292 547 4360; x_wconf 88' lang='lat' dir='ltr'><strong>impetum</strong></span> <span class='ocrx_word' id='word_1_340' title='bbox 607 4293 968 4356; x_wconf 87' lang='lat' dir='ltr'><strong>declinarent,</strong></span> <span class='ocrx_word' id='word_1_341' title='bbox 1029 4293 1418 4360; x_wconf 78' lang='lat' dir='ltr'><strong>confugiebant</strong></span> <span class='ocrx_word' id='word_1_342' title='bbox 1456 4293 1523 4346; x_wconf 85' lang='lat' dir='ltr'><strong>ad</strong></span> <span class='ocrx_word' id='word_1_343' title='bbox 1575 4294 1888 4361; x_wconf 68' lang='lat' dir='ltr'><strong>Assyrios,’</strong></span> 
     </span>
    </p>
   </div>
   <div class='ocr_carea' id='block_1_47' title="bbox 285 4382 1850 4452">
    <p class='ocr_par' dir='ltr' id='par_1_47' title="bbox 285 4382 1850 4452">
     <span class='ocr_line' id='line_1_47' title="bbox 285 4382 1850 4452; baseline 0.003 -17"><span class='ocrx_word' id='word_1_344' title='bbox 285 4399 518 4450; x_wconf 89' lang='lat' dir='ltr'><strong>quorum</strong></span> <span class='ocrx_word' id='word_1_345' title='bbox 573 4399 785 4436; x_wconf 86' lang='lat' dir='ltr'><strong>cassum</strong></span> <span class='ocrx_word' id='word_1_346' title='bbox 823 4382 928 4436; x_wconf 86' lang='lat' dir='ltr'><strong>fuit</strong></span> <span class='ocrx_word' id='word_1_347' title='bbox 977 4385 1309 4452; x_wconf 63' lang='lat' dir='ltr'><strong>praesidium,</strong></span> <span class='ocrx_word' id='word_1_348' title='bbox 1365 4385 1538 4438; x_wconf 73' lang='lat' dir='ltr'><strong>victos</strong></span> <span class='ocrx_word' id='word_1_349' title='bbox 1573 4385 1718 4437; x_wconf 90' lang='lat' dir='ltr'><strong>enim</strong></span> <span class='ocrx_word' id='word_1_350' title='bbox 1755 4400 1850 4440; x_wconf 86' lang='lat' dir='ltr'><strong>cos</strong></span> 
     </span>
    </p>
   </div>
   <div class='ocr_carea' id='block_1_48' title="bbox 284 4473 1852 4546">
    <p class='ocr_par' dir='ltr' id='par_1_48' title="bbox 284 4473 1852 4546">
     <span class='ocr_line' id='line_1_48' title="bbox 284 4473 1852 4546; baseline 0.001 -20"><span class='ocrx_word' id='word_1_351' title='bbox 284 4474 354 4528; x_wconf 83' lang='lat' dir='ltr'><strong>ab</strong></span> <span class='ocrx_word' id='word_1_352' title='bbox 391 4473 657 4544; x_wconf 67' lang='lat' dir='ltr'><strong>Algyptﬁs</strong></span> <span class='ocrx_word' id='word_1_353' title='bbox 683 4476 934 4544; x_wconf 75' lang='lat' dir='ltr'><strong>legimus.</strong></span> <span class='ocrx_word' id='word_1_354' title='bbox 986 4475 1223 4528; x_wconf 79' lang='lat' dir='ltr'><strong>Rursum</strong></span> <span class='ocrx_word' id='word_1_355' title='bbox 1255 4485 1311 4528; x_wconf 89' lang='lat' dir='ltr'><strong>ut</strong></span> <span class='ocrx_word' id='word_1_356' title='bbox 1343 4476 1477 4527; x_wconf 90' lang='lat' dir='ltr'><strong>iram</strong></span> <span class='ocrx_word' id='word_1_357' title='bbox 1513 4477 1720 4546; x_wconf 80' lang='lat' dir='ltr'><strong>Assyrii</strong></span> <span class='ocrx_word' id='word_1_358' title='bbox 1767 4475 1852 4528; x_wconf 87' lang='lat' dir='ltr'><strong>fu-</strong></span> 
     </span>
    </p>
   </div>
   <div class='ocr_carea' id='block_1_49' title="bbox 285 4565 1850 4636">
    <p class='ocr_par' dir='ltr' id='par_1_49' title="bbox 285 4565 1850 4636">
     <span class='ocr_line' id='line_1_49' title="bbox 285 4565 1850 4636; baseline 0.003 -16"><span class='ocrx_word' id='word_1_359' title='bbox 285 4576 497 4635; x_wconf 79' lang='lat' dir='ltr'><strong>gerent,</strong></span> <span class='ocrx_word' id='word_1_360' title='bbox 544 4565 922 4636; x_wconf 73' lang='lat' dir='ltr'><strong>.Egyptiorum</strong></span> <span class='ocrx_word' id='word_1_361' title='bbox 970 4565 1236 4632; x_wconf 80' lang='lat' dir='ltr'><strong>adiutorio</strong></span> <span class='ocrx_word' id='word_1_362' title='bbox 1291 4568 1672 4636; x_wconf 62' lang='lat' dir='ltr'><strong>utebantnr‘;</strong></span> <span class='ocrx_word' id='word_1_363' title='bbox 1713 4584 1850 4636; x_wconf 87' lang='lat' dir='ltr'><strong>quos</strong></span> 
     </span>
    </p>
   </div>
   <div class='ocr_carea' id='block_1_50' title="bbox 359 4794 1850 4878">
    <p class='ocr_par' dir='ltr' id='par_1_50' title="bbox 359 4794 1850 4878">
     <span class='ocr_line' id='line_1_50' title="bbox 359 4794 1850 4878; baseline 0.001 -30"><span class='ocrx_word' id='word_1_364' title='bbox 359 4797 377 4827; x_wconf 82' lang='grc'>¹</span> <span class='ocrx_word' id='word_1_365' title='bbox 412 4794 595 4878; x_wconf 79' lang='lat' dir='ltr'><strong>Denuo</strong></span> <span class='ocrx_word' id='word_1_366' title='bbox 621 4795 828 4850; x_wconf 90' lang='lat' dir='ltr'><strong>addunt</strong></span> <span class='ocrx_word' id='word_1_367' title='bbox 850 4795 1010 4853; x_wconf 89' lang='lat' dir='ltr'><strong>iidem</strong></span> <span class='ocrx_word' id='word_1_368' title='bbox 1035 4795 1144 4852; x_wconf 90' lang='lat' dir='ltr'><strong>duo</strong></span> <span class='ocrx_word' id='word_1_369' title='bbox 1178 4811 1337 4863; x_wconf 88' lang='lat' dir='ltr'><strong>mss.,</strong></span> <span class='ocrx_word' id='word_1_370' title='bbox 1366 4810 1483 4866; x_wconf 77' lang='lat' dir='ltr'><strong>qua:</strong></span> <span class='ocrx_word' id='word_1_371' title='bbox 1511 4812 1674 4864; x_wconf 82' lang='lat' dir='ltr'><strong>supra</strong></span> <span class='ocrx_word' id='word_1_372' title='bbox 1702 4813 1850 4850; x_wconf 83' lang='lat' dir='ltr'><strong>com-</strong></span> 
     </span>
    </p>
   </div>
   <div class='ocr_carea' id='block_1_51' title="bbox 286 4883 586 4920">
    <p class='ocr_par' dir='ltr' id='par_1_51' title="bbox 286 4883 586 4920">
     <span class='ocr_line' id='line_1_51' title="bbox 286 4883 586 4920; baseline -0.007 0"><span class='ocrx_word' id='word_1_373' title='bbox 286 4883 586 4920; x_wconf 62' lang='lat' dir='ltr'><strong>memorata.</strong></span> 
     </span>
    </p>
   </div>
   <div class='ocr_carea' id='block_1_52' title="bbox 356 4933 1352 4997">
    <p class='ocr_par' dir='ltr' id='par_1_52' title="bbox 356 4933 1352 4997">
     <span class='ocr_line' id='line_1_52' title="bbox 356 4933 1352 4997; baseline 0.007 -14"><span class='ocrx_word' id='word_1_374' title='bbox 356 4939 377 4967; x_wconf 74' lang='grc'>⁸</span> <span class='ocrx_word' id='word_1_375' title='bbox 404 4935 598 4997; x_wconf 79' lang='lat' dir='ltr'><strong>Vatic.,</strong></span> <span class='ocrx_word' id='word_1_376' title='bbox 629 4933 946 4990; x_wconf 61' lang='lat' dir='ltr'><strong>Idololatrfa</strong></span> <span class='ocrx_word' id='word_1_377' title='bbox 968 4942 1020 4990; x_wconf 78' lang='lat' dir='ltr'><strong>et</strong></span> <span class='ocrx_word' id='word_1_378' title='bbox 1050 4936 1352 4991; x_wconf 74' lang='lat' dir='ltr'><strong>sceleribus.</strong></span> 
     </span>
    </p>
   </div>
   <div class='ocr_carea' id='block_1_53' title="bbox 357 5005 1492 5076">
    <p class='ocr_par' dir='ltr' id='par_1_53' title="bbox 357 5005 1492 5076">
     <span class='ocr_line' id='line_1_53' title="bbox 357 5005 1492 5076; baseline 0.006 -20"><span class='ocrx_word' id='word_1_379' title='bbox 357 5007 378 5038; x_wconf 86' lang='grc'><strong><em>³</em></strong></span> <span class='ocrx_word' id='word_1_380' title='bbox 401 5005 536 5076; x_wconf 71' lang='lat' dir='ltr'><strong>Tres</strong></span> <span class='ocrx_word' id='word_1_381' title='bbox 570 5020 724 5070; x_wconf 86' lang='lat' dir='ltr'><strong>mss.,</strong></span> <span class='ocrx_word' id='word_1_382' title='bbox 755 5008 861 5060; x_wconf 84' lang='lat' dir='ltr'><strong>sive</strong></span> <span class='ocrx_word' id='word_1_383' title='bbox 887 5006 1098 5076; x_wconf 84' lang='lat' dir='ltr'><strong>quando</strong></span> <span class='ocrx_word' id='word_1_384' title='bbox 1119 5009 1492 5076; x_wconf 80' lang='lat' dir='ltr'><strong>contempsisti.</strong></span> 
     </span>
    </p>
   </div>
   <div class='ocr_carea' id='block_1_54' title="bbox 355 5074 1849 5146">
    <p class='ocr_par' dir='ltr' id='par_1_54' title="bbox 355 5074 1849 5146">
     <span class='ocr_line' id='line_1_54' title="bbox 355 5074 1849 5146; baseline 0.005 -20"><span class='ocrx_word' id='word_1_385' title='bbox 355 5077 377 5106; x_wconf 70' lang='grc' dir='ltr'>δ</span> <span class='ocrx_word' id='word_1_386' title='bbox 404 5074 533 5130; x_wconf 81' lang='lat' dir='ltr'><strong>Mss.</strong></span> <span class='ocrx_word' id='word_1_387' title='bbox 591 5074 914 5141; x_wconf 77' lang='lat' dir='ltr'><strong>nitebantur,</strong></span> <span class='ocrx_word' id='word_1_388' title='bbox 961 5090 1059 5146; x_wconf 88' lang='lat' dir='ltr'><strong>pro</strong></span> <span class='ocrx_word' id='word_1_389' title='bbox 1094 5074 1381 5130; x_wconf 84' lang='lat' dir='ltr'><strong>utebantur</strong></span> <span class='ocrx_word' id='word_1_390' title='bbox 1428 5089 1483 5134; x_wconf 87' lang='lat' dir='ltr'><strong>et</strong></span> <span class='ocrx_word' id='word_1_391' title='bbox 1509 5079 1849 5136; x_wconf 75' lang='lat' dir='ltr'><strong>coluerenter</strong></span> 
     </span>
    </p>
   </div>
   <div class='ocr_carea' id='block_1_55' title="bbox 289 5146 1280 5215">
    <p class='ocr_par' dir='ltr' id='par_1_55' title="bbox 289 5146 1280 5215">
     <span class='ocr_line' id='line_1_55' title="bbox 289 5146 1280 5215; baseline 0.009 -24"><span class='ocrx_word' id='word_1_392' title='bbox 289 5147 450 5215; x_wconf 79' lang='lat' dir='ltr'><strong>paulo</strong></span> <span class='ocrx_word' id='word_1_393' title='bbox 481 5156 601 5213; x_wconf 82' lang='lat' dir='ltr'><strong>post</strong></span> <span class='ocrx_word' id='word_1_394' title='bbox 624 5146 885 5210; x_wconf 75' lang='lat' dir='ltr'><strong>nitantur,</strong></span> <span class='ocrx_word' id='word_1_395' title='bbox 911 5162 1012 5215; x_wconf 88' lang='lat' dir='ltr'><strong>pro</strong></span> <span class='ocrx_word' id='word_1_396' title='bbox 1039 5157 1280 5200; x_wconf 83' lang='lat' dir='ltr'><strong>utuntur.</strong></span> 
     </span>
    </p>
   </div>
   <div class='ocr_carea' id='block_1_56' title="bbox 359 5214 1848 5285">
    <p class='ocr_par' dir='ltr' id='par_1_56' title="bbox 359 5214 1848 5285">
     <span class='ocr_line' id='line_1_56' title="bbox 359 5214 1848 5285; baseline 0.005 -19"><span class='ocrx_word' id='word_1_397' title='bbox 359 5217 380 5247; x_wconf 85' lang='grc'>⁸</span> <span class='ocrx_word' id='word_1_398' title='bbox 416 5215 471 5266; x_wconf 93' lang='lat' dir='ltr'><strong>ln</strong></span> <span class='ocrx_word' id='word_1_399' title='bbox 502 5218 772 5269; x_wconf 84' lang='lat' dir='ltr'><strong>hodieruis</strong></span> <span class='ocrx_word' id='word_1_400' title='bbox 787 5216 898 5268; x_wconf 85' lang='grc' dir='ltr'><strong>τῶν</strong></span> <span class='ocrx_word' id='word_1_401' title='bbox 931 5214 1067 5268; x_wconf 85' lang='lat' dir='ltr'><strong>LXX</strong></span> <span class='ocrx_word' id='word_1_402' title='bbox 1093 5217 1492 5285; x_wconf 82' lang='lat' dir='ltr'><strong>exemplaribus</strong></span> <span class='ocrx_word' id='word_1_403' title='bbox 1521 5219 1654 5272; x_wconf 83' lang='lat' dir='ltr'><strong>nihil</strong></span> <span class='ocrx_word' id='word_1_404' title='bbox 1685 5219 1848 5274; x_wconf 86' lang='lat' dir='ltr'><strong>habe—</strong></span> 
     </span>
    </p>
   </div>
   <div class='ocr_carea' id='block_1_57' title="bbox 291 5286 1845 5353">
    <p class='ocr_par' dir='ltr' id='par_1_57' title="bbox 291 5286 1845 5353">
     <span class='ocr_line' id='line_1_57' title="bbox 291 5286 1845 5353; baseline 0.003 -15"><span class='ocrx_word' id='word_1_405' title='bbox 291 5296 396 5350; x_wconf 88' lang='lat' dir='ltr'><strong>tur,</strong></span> <span class='ocrx_word' id='word_1_406' title='bbox 431 5288 580 5353; x_wconf 71' lang='lat' dir='ltr'><strong>qunti</strong></span> <span class='ocrx_word' id='word_1_407' title='bbox 599 5287 805 5340; x_wconf 90' lang='lat' dir='ltr'><strong>duabus</strong></span> <span class='ocrx_word' id='word_1_408' title='bbox 839 5286 991 5341; x_wconf 87' lang='lat' dir='ltr'><strong>hisce</strong></span> <span class='ocrx_word' id='word_1_409' title='bbox 1019 5289 1242 5341; x_wconf 79' lang='lat' dir='ltr'><strong>vocibus</strong></span> <span class='ocrx_word' id='word_1_410' title='bbox 1283 5298 1488 5342; x_wconf 85' lang='lat' dir='ltr'><strong>tantum</strong></span> <span class='ocrx_word' id='word_1_411' title='bbox 1509 5289 1722 5352; x_wconf 88' lang='lat' dir='ltr'><strong>dicitur,</strong></span> <span class='ocrx_word' id='word_1_412' title='bbox 1753 5301 1845 5343; x_wconf 88' lang='lat' dir='ltr'><strong>aut</strong></span> 
     </span>
    </p>
   </div>
   <div class='ocr_carea' id='block_1_58' title="bbox 289 5354 1846 5423">
    <p class='ocr_par' dir='ltr' id='par_1_58' title="bbox 289 5354 1846 5423">
     <span class='ocr_line' id='line_1_58' title="bbox 289 5354 1846 5423; baseline 0.003 -15"><span class='ocrx_word' id='word_1_413' title='bbox 289 5357 380 5408; x_wconf 93' lang='lat' dir='ltr'><strong>uni</strong></span> <span class='ocrx_word' id='word_1_414' title='bbox 438 5354 651 5416; x_wconf 86' lang='lat' dir='ltr'><strong>dicitur,</strong></span> <span class='ocrx_word' id='word_1_415' title='bbox 707 5359 1050 5423; x_wconf 85' lang='lat' dir='ltr'><strong>respondeat.</strong></span> <span class='ocrx_word' id='word_1_416' title='bbox 1123 5355 1388 5411; x_wconf 68' lang='lat' dir='ltr'><strong>Praeterea</strong></span> <span class='ocrx_word' id='word_1_417' title='bbox 1443 5358 1571 5410; x_wconf 88' lang='lat' dir='ltr'><strong>illud</strong></span> <span class='ocrx_word' id='word_1_418' title='bbox 1638 5369 1846 5412; x_wconf 85' lang='lat' dir='ltr'><strong>tantum</strong></span> 
     </span>
    </p>
   </div>
   <div class='ocr_carea' id='block_1_59' title="bbox 287 5424 1842 5492">
    <p class='ocr_par' dir='ltr' id='par_1_59' title="bbox 287 5424 1842 5492">
     <span class='ocr_line' id='line_1_59' title="bbox 287 5424 1842 5492; baseline 0.003 -15"><span class='ocrx_word' id='word_1_419' title='bbox 287 5426 428 5479; x_wconf 83' lang='lat' dir='ltr'><strong>haud</strong></span> <span class='ocrx_word' id='word_1_420' title='bbox 479 5424 638 5488; x_wconf 86' lang='lat' dir='ltr'><strong>bene,</strong></span> <span class='ocrx_word' id='word_1_421' title='bbox 673 5427 889 5492; x_wconf 90' lang='lat' dir='ltr'><strong>opinor,</strong></span> <span class='ocrx_word' id='word_1_422' title='bbox 925 5429 1252 5480; x_wconf 88' lang='lat' dir='ltr'><strong>describitur</strong></span> <span class='ocrx_word' id='word_1_423' title='bbox 1287 5426 1470 5480; x_wconf 91' lang='lat' dir='ltr'><strong>Italico</strong></span> <span class='ocrx_word' id='word_1_424' title='bbox 1501 5427 1842 5492; x_wconf 85' lang='lat' dir='ltr'><strong>charactere,</strong></span> 
     </span>
    </p>
   </div>
   <div class='ocr_carea' id='block_1_60' title="bbox 287 5494 1846 5563">
    <p class='ocr_par' dir='ltr' id='par_1_60' title="bbox 287 5494 1846 5563">
     <span class='ocr_line' id='line_1_60' title="bbox 287 5494 1846 5563; baseline 0.001 -15"><span class='ocrx_word' id='word_1_425' title='bbox 287 5511 350 5548; x_wconf 86' lang='lat' dir='ltr'><strong>ac</strong></span> <span class='ocrx_word' id='word_1_426' title='bbox 372 5497 416 5548; x_wconf 89' lang='lat' dir='ltr'><strong>si</strong></span> <span class='ocrx_word' id='word_1_427' title='bbox 472 5508 537 5546; x_wconf 80' lang='lat' dir='ltr'><strong>ex</strong></span> <span class='ocrx_word' id='word_1_428' title='bbox 593 5494 701 5548; x_wconf 79' lang='grc' dir='ltr'><strong>τῶν</strong></span> <span class='ocrx_word' id='word_1_429' title='bbox 729 5495 871 5548; x_wconf 70' lang='lat' dir='ltr'><strong>LXX</strong></span> <span class='ocrx_word' id='word_1_430' title='bbox 905 5496 1354 5563; x_wconf 85' lang='lat' dir='ltr'><strong>interpretatione</strong></span> <span class='ocrx_word' id='word_1_431' title='bbox 1389 5507 1550 5559; x_wconf 87' lang='lat' dir='ltr'><strong>esset,</strong></span> <span class='ocrx_word' id='word_1_432' title='bbox 1590 5512 1710 5551; x_wconf 91' lang='lat' dir='ltr'><strong>cum</strong></span> <span class='ocrx_word' id='word_1_433' title='bbox 1747 5498 1846 5550; x_wconf 88' lang='lat' dir='ltr'><strong>abs</strong></span> 
     </span>
    </p>
   </div>
   <div class='ocr_carea' id='block_1_61' title="bbox 289 5565 1844 5634">
    <p class='ocr_par' dir='ltr' id='par_1_61' title="bbox 289 5565 1844 5634">
     <span class='ocr_line' id='line_1_61' title="bbox 289 5565 1844 5634; baseline 0.003 -18"><span class='ocrx_word' id='word_1_434' title='bbox 289 5565 613 5632; x_wconf 84' lang='lat' dir='ltr'><strong>llieronytno</strong></span> <span class='ocrx_word' id='word_1_435' title='bbox 645 5567 878 5634; x_wconf 87' lang='lat' dir='ltr'><strong>positum</strong></span> <span class='ocrx_word' id='word_1_436' title='bbox 921 5566 1188 5627; x_wconf 84' lang='lat' dir='ltr'><strong>videatur,</strong></span> <span class='ocrx_word' id='word_1_437' title='bbox 1224 5578 1279 5618; x_wconf 91' lang='lat' dir='ltr'><strong>ut</strong></span> <span class='ocrx_word' id='word_1_438' title='bbox 1310 5568 1547 5631; x_wconf 86' lang='lat' dir='ltr'><strong>doceret,</strong></span> <span class='ocrx_word' id='word_1_439' title='bbox 1583 5576 1674 5620; x_wconf 88' lang='lat' dir='ltr'><strong>aut</strong></span> <span class='ocrx_word' id='word_1_440' title='bbox 1701 5566 1844 5620; x_wconf 73' lang='lat' dir='ltr'><strong>LXX</strong></span> 
     </span>
    </p>
   </div>
   <div class='ocr_carea' id='block_1_62' title="bbox 292 5636 1845 5702">
    <p class='ocr_par' dir='ltr' id='par_1_62' title="bbox 292 5636 1845 5702">
     <span class='ocr_line' id='line_1_62' title="bbox 292 5636 1845 5702; baseline 0.003 -19"><span class='ocrx_word' id='word_1_441' title='bbox 292 5645 520 5696; x_wconf 84' lang='lat' dir='ltr'><strong>tantum,</strong></span> <span class='ocrx_word' id='word_1_442' title='bbox 551 5649 709 5688; x_wconf 86' lang='lat' dir='ltr'><strong>secus</strong></span> <span class='ocrx_word' id='word_1_443' title='bbox 762 5652 926 5702; x_wconf 86' lang='lat' dir='ltr'><strong>quam</strong></span> <span class='ocrx_word' id='word_1_444' title='bbox 955 5636 1046 5688; x_wconf 91' lang='lat' dir='ltr'><strong>alii</strong></span> <span class='ocrx_word' id='word_1_445' title='bbox 1079 5639 1423 5702; x_wconf 69' lang='lat' dir='ltr'><strong>interpretes,</strong></span> <span class='ocrx_word' id='word_1_446' title='bbox 1458 5637 1686 5690; x_wconf 83' lang='lat' dir='ltr'><strong>vertisse</strong></span> <span class='ocrx_word' id='word_1_447' title='bbox 1709 5639 1845 5688; x_wconf 82' lang='lat' dir='ltr'><strong>dici-</strong></span> 
     </span>
    </p>
   </div>
   <div class='ocr_carea' id='block_1_63' title="bbox 293 5707 1840 5775">
    <p class='ocr_par' dir='ltr' id='par_1_63' title="bbox 293 5707 1840 5775">
     <span class='ocr_line' id='line_1_63' title="bbox 293 5707 1840 5775; baseline 0.005 -21"><span class='ocrx_word' id='word_1_448' title='bbox 293 5713 395 5768; x_wconf 81' lang='lat' dir='ltr'><strong>tur,</strong></span> <span class='ocrx_word' id='word_1_449' title='bbox 429 5714 542 5768; x_wconf 88' lang='lat' dir='ltr'><strong>aut,</strong></span> <span class='ocrx_word' id='word_1_450' title='bbox 584 5708 722 5774; x_wconf 81' lang='lat' dir='ltr'><strong>quod</strong></span> <span class='ocrx_word' id='word_1_451' title='bbox 753 5707 1085 5774; x_wconf 80' lang='lat' dir='ltr'><strong>probabilius</strong></span> <span class='ocrx_word' id='word_1_452' title='bbox 1137 5717 1238 5770; x_wconf 76' lang='lat' dir='ltr'><strong>est,</strong></span> <span class='ocrx_word' id='word_1_453' title='bbox 1285 5722 1379 5775; x_wconf 78' lang='lat' dir='ltr'><strong>pro</strong></span> <span class='ocrx_word' id='word_1_454' title='bbox 1415 5707 1625 5760; x_wconf 88' lang='lat' dir='ltr'><strong>duobus</strong></span> <span class='ocrx_word' id='word_1_455' title='bbox 1657 5708 1840 5761; x_wconf 82' lang='lat' dir='ltr'><strong>verbis</strong></span> 
     </span>
    </p>
   </div>
   <div class='ocr_carea' id='block_1_64' title="bbox 1951 517 3512 586">
    <p class='ocr_par' dir='ltr' id='par_1_64' title="bbox 1951 517 3512 586">
     <span class='ocr_line' id='line_1_64' title="bbox 1951 517 3512 586; baseline 0.001 -18"><span class='ocrx_word' id='word_1_456' title='bbox 1951 532 2104 585; x_wconf 79' lang='lat' dir='ltr'><strong>ergo,</strong></span> <span class='ocrx_word' id='word_1_457' title='bbox 2155 519 2302 584; x_wconf 80' lang='lat' dir='ltr'><strong>quod</strong></span> <span class='ocrx_word' id='word_1_458' title='bbox 2353 520 2554 574; x_wconf 84' lang='lat' dir='ltr'><strong>omissa</strong></span> <span class='ocrx_word' id='word_1_459' title='bbox 2615 531 2708 586; x_wconf 86' lang='lat' dir='ltr'><strong>spe</strong></span> <span class='ocrx_word' id='word_1_460' title='bbox 2756 522 2805 570; x_wconf 89' lang='lat' dir='ltr'><strong>in</strong></span> <span class='ocrx_word' id='word_1_461' title='bbox 2862 519 3168 577; x_wconf 87' lang='lat' dir='ltr'><strong>Dominum,</strong></span> <span class='ocrx_word' id='word_1_462' title='bbox 3230 517 3512 569; x_wconf 85' lang='lat' dir='ltr'><strong>hominum</strong></span> 
     </span>
    </p>
   </div>
   <div class='ocr_carea' id='block_1_65' title="bbox 1952 611 3512 678">
    <p class='ocr_par' dir='ltr' id='par_1_65' title="bbox 1952 611 3512 678">
     <span class='ocr_line' id='line_1_65' title="bbox 1952 611 3512 678; baseline 0 -17"><span class='ocrx_word' id='word_1_463' title='bbox 1952 618 2174 661; x_wconf 82' lang='lat' dir='ltr'><strong>utantur</strong></span> <span class='ocrx_word' id='word_1_464' title='bbox 2221 611 2444 672; x_wconf 78' lang='lat' dir='ltr'><strong>auxilio,</strong></span> <span class='ocrx_word' id='word_1_465' title='bbox 2491 611 2639 678; x_wconf 83' lang='lat' dir='ltr'><strong>quod</strong></span> <span class='ocrx_word' id='word_1_466' title='bbox 2700 625 2864 663; x_wconf 88' lang='lat' dir='ltr'><strong>omne</strong></span> <span class='ocrx_word' id='word_1_467' title='bbox 2894 611 3187 662; x_wconf 87' lang='lat' dir='ltr'><strong>contritum</strong></span> <span class='ocrx_word' id='word_1_468' title='bbox 3235 621 3310 662; x_wconf 72' lang='grc' dir='ltr'><strong>ρει</strong></span> <span class='ocrx_word' id='word_1_469' title='bbox 3351 620 3402 662; x_wconf 91' lang='lat' dir='ltr'><strong>et</strong></span> <span class='ocrx_word' id='word_1_470' title='bbox 3441 611 3512 661; x_wconf 76' lang='lat' dir='ltr'><strong>ita</strong></span> 
     </span>
    </p>
   </div>
   <div class='ocr_carea' id='block_1_66' title="bbox 1950 702 3516 767">
    <p class='ocr_par' dir='ltr' id='par_1_66' title="bbox 1950 702 3516 767">
     <span class='ocr_line' id='line_1_66' title="bbox 1950 702 3516 767; baseline -0.002 -11"><span class='ocrx_word' id='word_1_471' title='bbox 1950 705 2297 765; x_wconf 81' lang='lat' dir='ltr'><strong>subversum,</strong></span> <span class='ocrx_word' id='word_1_472' title='bbox 2350 712 2411 755; x_wconf 91' lang='lat' dir='ltr'><strong>ut</strong></span> <span class='ocrx_word' id='word_1_473' title='bbox 2453 704 2586 755; x_wconf 88' lang='lat' dir='ltr'><strong>nihil</strong></span> <span class='ocrx_word' id='word_1_474' title='bbox 2634 704 2687 756; x_wconf 90' lang='lat' dir='ltr'><strong>in</strong></span> <span class='ocrx_word' id='word_1_475' title='bbox 2721 719 2787 757; x_wconf 89' lang='lat' dir='ltr'><strong>eo</strong></span> <span class='ocrx_word' id='word_1_476' title='bbox 2818 704 3069 756; x_wconf 85' lang='lat' dir='ltr'><strong>utilitatis</strong></span> <span class='ocrx_word' id='word_1_477' title='bbox 3107 702 3328 755; x_wconf 86' lang='lat' dir='ltr'><strong>valeant</strong></span> <span class='ocrx_word' id='word_1_478' title='bbox 3364 716 3516 767; x_wconf 78' lang='lat' dir='ltr'><strong>repe-</strong></span> 
     </span>
    </p>
   </div>
   <div class='ocr_carea' id='block_1_67' title="bbox 1951 791 3515 863">
    <p class='ocr_par' dir='ltr' id='par_1_67' title="bbox 1951 791 3515 863">
     <span class='ocr_line' id='line_1_67' title="bbox 1951 791 3515 863; baseline -0.002 -18"><span class='ocrx_word' id='word_1_479' title='bbox 1951 793 2081 846; x_wconf 85' lang='lat' dir='ltr'><strong>rire.</strong></span> <span class='ocrx_word' id='word_1_480' title='bbox 2142 792 2296 847; x_wconf 86' lang='lat' dir='ltr'><strong>Unde</strong></span> <span class='ocrx_word' id='word_1_481' title='bbox 2345 795 2461 848; x_wconf 86' lang='lat' dir='ltr'><strong>ait:</strong></span> <span class='ocrx_word' id='word_1_482' title='bbox 2501 794 2567 846; x_wconf 77' lang='lat' dir='ltr'><strong>Et</strong></span> <span class='ocrx_word' id='word_1_483' title='bbox 2599 797 2662 846; x_wconf 86' lang='lat' dir='ltr'><strong>ab</strong></span> <span class='ocrx_word' id='word_1_484' title='bbox 2693 795 2798 847; x_wconf 79' lang='lat' dir='ltr'><strong>ista</strong></span> <span class='ocrx_word' id='word_1_485' title='bbox 2829 795 3134 863; x_wconf 81' lang='lat' dir='ltr'><strong>egredieris,</strong></span> <span class='ocrx_word' id='word_1_486' title='bbox 3174 793 3274 846; x_wconf 88' lang='lat' dir='ltr'><strong>hoc</strong></span> <span class='ocrx_word' id='word_1_487' title='bbox 3305 803 3409 854; x_wconf 75' lang='lat' dir='ltr'><strong>est,</strong></span> <span class='ocrx_word' id='word_1_488' title='bbox 3447 791 3515 843; x_wconf 84' lang='lat' dir='ltr'><strong>ab</strong></span> 
     </span>
    </p>
   </div>
   <div class='ocr_carea' id='block_1_68' title="bbox 1953 883 3516 955">
    <p class='ocr_par' dir='ltr' id='par_1_68' title="bbox 1953 883 3516 955">
     <span class='ocr_line' id='line_1_68' title="bbox 1953 883 3516 955; baseline -0.001 -19"><span class='ocrx_word' id='word_1_489' title='bbox 1953 883 2207 954; x_wconf 66' lang='lat' dir='ltr'><strong>Egypto,</strong></span> <span class='ocrx_word' id='word_1_490' title='bbox 2262 886 2404 938; x_wconf 90' lang='lat' dir='ltr'><strong>sicut</strong></span> <span class='ocrx_word' id='word_1_491' title='bbox 2459 899 2679 954; x_wconf 79' lang='lat' dir='ltr'><strong>egressa</strong></span> <span class='ocrx_word' id='word_1_492' title='bbox 2711 898 2768 939; x_wconf 89' lang='lat' dir='ltr'><strong>es</strong></span> <span class='ocrx_word' id='word_1_493' title='bbox 2812 887 2878 940; x_wconf 90' lang='lat' dir='ltr'><strong>ab</strong></span> <span class='ocrx_word' id='word_1_494' title='bbox 2914 885 3188 955; x_wconf 83' lang='lat' dir='ltr'><strong>Assyriis;</strong></span> <span class='ocrx_word' id='word_1_495' title='bbox 3238 894 3289 936; x_wconf 84' lang='lat' dir='ltr'><strong>et</strong></span> <span class='ocrx_word' id='word_1_496' title='bbox 3329 900 3516 936; x_wconf 82' lang='lat' dir='ltr'><strong>manus</strong></span> 
     </span>
    </p>
   </div>
   <div class='ocr_carea' id='block_1_69' title="bbox 1959 976 3517 1046">
    <p class='ocr_par' dir='ltr' id='par_1_69' title="bbox 1959 976 3517 1046">
     <span class='ocr_line' id='line_1_69' title="bbox 1959 976 3517 1046; baseline 0 -19"><span class='ocrx_word' id='word_1_497' title='bbox 1959 985 2064 1029; x_wconf 77' lang='lat' dir='ltr'><strong>tute</strong></span> <span class='ocrx_word' id='word_1_498' title='bbox 2112 985 2270 1028; x_wconf 85' lang='lat' dir='ltr'><strong>erunt</strong></span> <span class='ocrx_word' id='word_1_499' title='bbox 2305 991 2464 1043; x_wconf 81' lang='lat' dir='ltr'><strong>super</strong></span> <span class='ocrx_word' id='word_1_500' title='bbox 2493 987 2651 1044; x_wconf 84' lang='lat' dir='ltr'><strong>caput</strong></span> <span class='ocrx_word' id='word_1_501' title='bbox 2681 987 2848 1043; x_wconf 87' lang='lat' dir='ltr'><strong>tuum,</strong></span> <span class='ocrx_word' id='word_1_502' title='bbox 2883 977 3195 1046; x_wconf 83' lang='lat' dir='ltr'><strong>lugebisque</strong></span> <span class='ocrx_word' id='word_1_503' title='bbox 3231 986 3280 1028; x_wconf 79' lang='lat' dir='ltr'><strong>te</strong></span> <span class='ocrx_word' id='word_1_504' title='bbox 3315 976 3517 1029; x_wconf 88' lang='lat' dir='ltr'><strong>frustra</strong></span> 
     </span>
    </p>
   </div>
   <div class='ocr_carea' id='block_1_70' title="bbox 1953 1063 3519 1135">
    <p class='ocr_par' dir='ltr' id='par_1_70' title="bbox 1953 1063 3519 1135">
     <span class='ocr_line' id='line_1_70' title="bbox 1953 1063 3519 1135; baseline 0 -18"><span class='ocrx_word' id='word_1_505' title='bbox 1953 1065 2021 1118; x_wconf 89' lang='lat' dir='ltr'><strong>ab</strong></span> <span class='ocrx_word' id='word_1_506' title='bbox 2081 1063 2352 1135; x_wconf 62' lang='lat' dir='ltr'><strong>[Egyptiis</strong></span> <span class='ocrx_word' id='word_1_507' title='bbox 2382 1078 2730 1135; x_wconf 79' lang='lat' dir='ltr'><strong>exspectasse</strong></span> <span class='ocrx_word' id='word_1_508' title='bbox 2786 1068 3117 1135; x_wconf 63' lang='lat' dir='ltr'><strong>prarsidium.</strong></span> <span class='ocrx_word' id='word_1_509' title='bbox 3153 1067 3519 1120; x_wconf 79' lang='lat' dir='ltr'><strong>Recordentur</strong></span> 
     </span>
    </p>
   </div>
   <div class='ocr_carea' id='block_1_71' title="bbox 1957 1155 3518 1222">
    <p class='ocr_par' dir='ltr' id='par_1_71' title="bbox 1957 1155 3518 1222">
     <span class='ocr_line' id='line_1_71' title="bbox 1957 1155 3518 1222; baseline 0 -16"><span class='ocrx_word' id='word_1_510' title='bbox 1957 1155 2198 1208; x_wconf 70' lang='lat' dir='ltr'><strong>historiae</strong></span> <span class='ocrx_word' id='word_1_511' title='bbox 2255 1157 2473 1222; x_wconf 86' lang='lat' dir='ltr'><strong>quando</strong></span> <span class='ocrx_word' id='word_1_512' title='bbox 2520 1157 2588 1210; x_wconf 87' lang='lat' dir='ltr'><strong>ab</strong></span> <span class='ocrx_word' id='word_1_513' title='bbox 2621 1159 2835 1210; x_wconf 86' lang='lat' dir='ltr'><strong>Amnon</strong></span> <span class='ocrx_word' id='word_1_514' title='bbox 2892 1156 3061 1210; x_wconf 89' lang='lat' dir='ltr'><strong>fratre</strong></span> <span class='ocrx_word' id='word_1_515' title='bbox 3096 1155 3518 1212; x_wconf 79' lang='lat' dir='ltr'><strong>sceleratissimo</strong></span> 
     </span>
    </p>
   </div>
   <div class='ocr_carea' id='block_1_72' title="bbox 1953 1246 3517 1316">
    <p class='ocr_par' dir='ltr' id='par_1_72' title="bbox 1953 1246 3517 1316">
     <span class='ocr_line' id='line_1_72' title="bbox 1953 1246 3517 1316; baseline -0.001 -15"><span class='ocrx_word' id='word_1_516' title='bbox 1953 1257 2208 1314; x_wconf 87' lang='lat' dir='ltr'><strong>corrupta</strong></span> <span class='ocrx_word' id='word_1_517' title='bbox 2241 1246 2482 1300; x_wconf 86' lang='lat' dir='ltr'><strong>Thamar</strong></span> <span class='ocrx_word' id='word_1_518' title='bbox 2531 1257 2587 1302; x_wconf 85' lang='lat' dir='ltr'><strong>et</strong></span> <span class='ocrx_word' id='word_1_519' title='bbox 2612 1250 2833 1311; x_wconf 88' lang='lat' dir='ltr'><strong>violata,</strong></span> <span class='ocrx_word' id='word_1_520' title='bbox 2880 1264 3040 1316; x_wconf 92' lang='lat' dir='ltr'><strong>supra</strong></span> <span class='ocrx_word' id='word_1_521' title='bbox 3085 1258 3244 1314; x_wconf 83' lang='lat' dir='ltr'><strong>caput</strong></span> <span class='ocrx_word' id='word_1_522' title='bbox 3269 1263 3517 1316; x_wconf 87' lang='lat' dir='ltr'><strong>sparsum</strong></span> 
     </span>
    </p>
   </div>
   <div class='ocr_carea' id='block_1_73' title="bbox 1952 1337 3518 1404">
    <p class='ocr_par' dir='ltr' id='par_1_73' title="bbox 1952 1337 3518 1404">
     <span class='ocr_line' id='line_1_73' title="bbox 1952 1337 3518 1404; baseline -0.001 -14"><span class='ocrx_word' id='word_1_523' title='bbox 1952 1337 2140 1390; x_wconf 85' lang='lat' dir='ltr'><strong>cinere</strong></span> <span class='ocrx_word' id='word_1_524' title='bbox 2164 1353 2354 1390; x_wconf 85' lang='lat' dir='ltr'><strong>manus</strong></span> <span class='ocrx_word' id='word_1_525' title='bbox 2379 1340 2716 1404; x_wconf 89' lang='lat' dir='ltr'><strong>posuerit,ct</strong></span> <span class='ocrx_word' id='word_1_526' title='bbox 2756 1341 2830 1393; x_wconf 85' lang='lat' dir='ltr'><strong>ita</strong></span> <span class='ocrx_word' id='word_1_527' title='bbox 2866 1353 3079 1394; x_wconf 85' lang='lat' dir='ltr'><strong>reversa</strong></span> <span class='ocrx_word' id='word_1_528' title='bbox 3107 1340 3177 1392; x_wconf 87' lang='lat' dir='ltr'><strong>sit</strong></span> <span class='ocrx_word' id='word_1_529' title='bbox 3212 1341 3264 1391; x_wconf 92' lang='lat' dir='ltr'><strong>in</strong></span> <span class='ocrx_word' id='word_1_530' title='bbox 3299 1339 3518 1391; x_wconf 85' lang='lat' dir='ltr'><strong>domum</strong></span> 
     </span>
    </p>
   </div>
   <div class='ocr_carea' id='block_1_74' title="bbox 1953 1431 2561 1501">
    <p class='ocr_par' dir='ltr' id='par_1_74' title="bbox 1953 1431 2561 1501">
     <span class='ocr_line' id='line_1_74' title="bbox 1953 1431 2561 1501; baseline 0.003 -17"><span class='ocrx_word' id='word_1_531' title='bbox 1953 1445 2106 1484; x_wconf 84' lang='lat' dir='ltr'><strong>suam</strong></span> <span class='ocrx_word' id='word_1_532' title='bbox 2135 1431 2234 1499; x_wconf 87' lang='lat' dir='ltr'><strong>(ll</strong></span> <span class='ocrx_word' id='word_1_533' title='bbox 2264 1433 2390 1501; x_wconf 84' lang='lat' dir='ltr'><strong>Reg.</strong></span> <span class='ocrx_word' id='word_1_534' title='bbox 2425 1436 2561 1501; x_wconf 83' lang='lat' dir='ltr'><strong>xm).</strong></span> 
     </span>
    </p>
   </div>
   <div class='ocr_carea' id='block_1_75' title="bbox 2024 1522 3522 1595">
    <p class='ocr_par' dir='ltr' id='par_1_75' title="bbox 2024 1522 3522 1595">
     <span class='ocr_line' id='line_1_75' title="bbox 2024 1522 3522 1595; baseline 0.006 -24"><span class='ocrx_word' id='word_1_535' title='bbox 2024 1523 2180 1590; x_wconf 74' lang='lat' dir='ltr'><strong>(Cap.</strong></span> <span class='ocrx_word' id='word_1_536' title='bbox 2246 1522 2339 1576; x_wconf 92' lang='grc'><strong>111.</strong></span> <span class='ocrx_word' id='word_1_537' title='bbox 2360 1551 2429 1563; x_wconf 91' lang='lat'><strong>--</strong></span> <span class='ocrx_word' id='word_1_538' title='bbox 2456 1523 2613 1578; x_wconf 81' lang='lat' dir='ltr'><strong>Vers.</strong></span> <span class='ocrx_word' id='word_1_539' title='bbox 2645 1525 2722 1595; x_wconf 83' lang='grc'><strong>1.)</strong></span> <span class='ocrx_word' id='word_1_540' title='bbox 2776 1544 2794 1577; x_wconf 78' lang='lat' dir='ltr'><strong>t</strong></span> <span class='ocrx_word' id='word_1_541' title='bbox 2840 1525 3011 1593; x_wconf 70' lang='lat' dir='ltr'><strong>Vulgo</strong></span> <span class='ocrx_word' id='word_1_542' title='bbox 3040 1527 3238 1581; x_wconf 87' lang='lat' dir='ltr'><strong>dicitur</strong></span> <span class='ocrx_word' id='word_1_543' title='bbox 3269 1527 3382 1594; x_wconf 86' lang='lat' dir='ltr'><strong>(pro</strong></span> <span class='ocrx_word' id='word_1_544' title='bbox 3420 1544 3522 1594; x_wconf 80' lang='lat' dir='ltr'><strong>quo</strong></span> 
     </span>
    </p>
   </div>
   <div class='ocr_carea' id='block_1_76' title="bbox 1945 1610 3522 1687">
    <p class='ocr_par' dir='ltr' id='par_1_76' title="bbox 1945 1610 3522 1687">
     <span class='ocr_line' id='line_1_76' title="bbox 1945 1610 3522 1687; baseline 0.002 -22"><span class='ocrx_word' id='word_1_545' title='bbox 1945 1610 2105 1663; x_wconf 73' lang='lat' dir='ltr'><strong>LXX</strong></span> <span class='ocrx_word' id='word_1_546' title='bbox 2131 1621 2340 1667; x_wconf 87' lang='lat' dir='ltr'><strong>tantum</strong></span> <span class='ocrx_word' id='word_1_547' title='bbox 2377 1617 2397 1645; x_wconf 79' lang='grc'><strong><em>⁵</em></strong></span> <span class='ocrx_word' id='word_1_548' title='bbox 2428 1613 2629 1670; x_wconf 88' lang='lat' dir='ltr'><strong>dicitur</strong></span> <span class='ocrx_word' id='word_1_549' title='bbox 2661 1617 3104 1687; x_wconf 83' lang='lat' dir='ltr'><strong>transtulerunt).</strong></span> <span class='ocrx_word' id='word_1_550' title='bbox 3165 1618 3222 1670; x_wconf 88' lang='lat' dir='ltr'><strong>Si</strong></span> <span class='ocrx_word' id='word_1_551' title='bbox 3255 1618 3522 1670; x_wconf 74' lang='lat' dir='ltr'><strong>dimiserit</strong></span> 
     </span>
    </p>
   </div>
   <div class='ocr_carea' id='block_1_77' title="bbox 1956 1704 3520 1770">
    <p class='ocr_par' dir='ltr' id='par_1_77' title="bbox 1956 1704 3520 1770">
     <span class='ocr_line' id='line_1_77' title="bbox 1956 1704 3520 1770; baseline 0.003 -16"><span class='ocrx_word' id='word_1_552' title='bbox 1956 1704 2038 1755; x_wconf 89' lang='lat' dir='ltr'><strong>vir</strong></span> <span class='ocrx_word' id='word_1_553' title='bbox 2068 1719 2289 1757; x_wconf 85' lang='lat' dir='ltr'><strong>uxorem</strong></span> <span class='ocrx_word' id='word_1_554' title='bbox 2320 1720 2494 1770; x_wconf 89' lang='lat' dir='ltr'><strong>suam,</strong></span> <span class='ocrx_word' id='word_1_555' title='bbox 2531 1716 2583 1760; x_wconf 89' lang='lat' dir='ltr'><strong>et</strong></span> <span class='ocrx_word' id='word_1_556' title='bbox 2618 1707 2878 1762; x_wconf 86' lang='lat' dir='ltr'><strong>recedens</strong></span> <span class='ocrx_word' id='word_1_557' title='bbox 2910 1711 2977 1761; x_wconf 87' lang='lat' dir='ltr'><strong>ab</strong></span> <span class='ocrx_word' id='word_1_558' title='bbox 3007 1724 3070 1762; x_wconf 90' lang='lat' dir='ltr'><strong>eo</strong></span> <span class='ocrx_word' id='word_1_559' title='bbox 3095 1710 3313 1762; x_wconf 73' lang='lat' dir='ltr'><strong>duxerit</strong></span> <span class='ocrx_word' id='word_1_560' title='bbox 3347 1710 3520 1759; x_wconf 88' lang='lat' dir='ltr'><strong>virum</strong></span> 
     </span>
    </p>
   </div>
   <div class='ocr_carea' id='block_1_78' title="bbox 1956 1797 3521 1866">
    <p class='ocr_par' dir='ltr' id='par_1_78' title="bbox 1956 1797 3521 1866">
     <span class='ocr_line' id='line_1_78' title="bbox 1956 1797 3521 1866; baseline 0.001 -18"><span class='ocrx_word' id='word_1_561' title='bbox 1956 1797 2182 1848; x_wconf 90' lang='lat' dir='ltr'><strong>alterum</strong></span> <span class='ocrx_word' id='word_1_562' title='bbox 2220 1812 2234 1850; x_wconf 89' lang='lat'><strong>:</strong></span> <span class='ocrx_word' id='word_1_563' title='bbox 2267 1800 2526 1866; x_wconf 88' lang='lat' dir='ltr'><strong>numquid</strong></span> <span class='ocrx_word' id='word_1_564' title='bbox 2567 1811 2873 1854; x_wconf 84' lang='lat' dir='ltr'><strong>revertetur</strong></span> <span class='ocrx_word' id='word_1_565' title='bbox 2905 1800 2970 1852; x_wconf 88' lang='lat' dir='ltr'><strong>ad</strong></span> <span class='ocrx_word' id='word_1_566' title='bbox 3003 1816 3121 1854; x_wconf 91' lang='lat' dir='ltr'><strong>eam</strong></span> <span class='ocrx_word' id='word_1_567' title='bbox 3153 1801 3338 1854; x_wconf 86' lang='lat' dir='ltr'><strong>ultra?</strong></span> <span class='ocrx_word' id='word_1_568' title='bbox 3369 1817 3521 1852; x_wconf 87' lang='lat' dir='ltr'><strong>num-</strong></span> 
     </span>
    </p>
   </div>
   <div class='ocr_carea' id='block_1_79' title="bbox 1956 1887 3525 1956">
    <p class='ocr_par' dir='ltr' id='par_1_79' title="bbox 1956 1887 3525 1956">
     <span class='ocr_line' id='line_1_79' title="bbox 1956 1887 3525 1956; baseline 0.003 -19"><span class='ocrx_word' id='word_1_569' title='bbox 1956 1887 2083 1956; x_wconf 83' lang='lat' dir='ltr'><strong>quid</strong></span> <span class='ocrx_word' id='word_1_570' title='bbox 2114 1903 2220 1943; x_wconf 90' lang='lat' dir='ltr'><strong>non</strong></span> <span class='ocrx_word' id='word_1_571' title='bbox 2282 1889 2485 1956; x_wconf 87' lang='lat' dir='ltr'><strong>polluta</strong></span> <span class='ocrx_word' id='word_1_572' title='bbox 2515 1898 2568 1944; x_wconf 85' lang='lat' dir='ltr'><strong>et</strong></span> <span class='ocrx_word' id='word_1_573' title='bbox 2614 1895 2983 1944; x_wconf 87' lang='lat' dir='ltr'><strong>contaminata</strong></span> <span class='ocrx_word' id='word_1_574' title='bbox 3034 1903 3138 1946; x_wconf 76' lang='lat' dir='ltr'><strong>erit</strong></span> <span class='ocrx_word' id='word_1_575' title='bbox 3176 1893 3369 1944; x_wconf 81' lang='lat' dir='ltr'><strong>mulier</strong></span> <span class='ocrx_word' id='word_1_576' title='bbox 3398 1892 3525 1944; x_wconf 73' lang='lat' dir='ltr'><strong>illa?</strong></span> 
     </span>
    </p>
   </div>
   <div class='ocr_carea' id='block_1_80' title="bbox 1956 1980 3523 2051">
    <p class='ocr_par' dir='ltr' id='par_1_80' title="bbox 1956 1980 3523 2051">
     <span class='ocr_line' id='line_1_80' title="bbox 1956 1980 3523 2051; baseline 0.001 -20"><span class='ocrx_word' id='word_1_577' title='bbox 1956 1981 2086 2045; x_wconf 75' lang='lat' dir='ltr'><strong>(sive</strong></span> <span class='ocrx_word' id='word_1_578' title='bbox 2105 1990 2249 2033; x_wconf 87' lang='lat' dir='ltr'><strong>terra</strong></span> <span class='ocrx_word' id='word_1_579' title='bbox 2285 1980 2450 2051; x_wconf 80' lang='lat' dir='ltr'><strong>illa?)</strong></span> <span class='ocrx_word' id='word_1_580' title='bbox 2487 1993 2542 2036; x_wconf 94' lang='lat' dir='ltr'><strong>et</strong></span> <span class='ocrx_word' id='word_1_581' title='bbox 2567 1992 2621 2036; x_wconf 94' lang='lat' dir='ltr'><strong>tu</strong></span> <span class='ocrx_word' id='word_1_582' title='bbox 2653 1982 2917 2036; x_wconf 86' lang='lat' dir='ltr'><strong>fornicata</strong></span> <span class='ocrx_word' id='word_1_583' title='bbox 2950 1998 3009 2038; x_wconf 92' lang='lat' dir='ltr'><strong>es</strong></span> <span class='ocrx_word' id='word_1_584' title='bbox 3033 1999 3156 2037; x_wconf 89' lang='lat' dir='ltr'><strong>cum</strong></span> <span class='ocrx_word' id='word_1_585' title='bbox 3186 1984 3523 2036; x_wconf 74' lang='lat' dir='ltr'><strong>amatoribus</strong></span> 
     </span>
    </p>
   </div>
   <div class='ocr_carea' id='block_1_81' title="bbox 1956 2070 3521 2143">
    <p class='ocr_par' dir='ltr' id='par_1_81' title="bbox 1956 2070 3521 2143">
     <span class='ocr_line' id='line_1_81' title="bbox 1956 2070 3521 2143; baseline 0.006 -21"><span class='ocrx_word' id='word_1_586' title='bbox 1956 2070 2135 2124; x_wconf 85' lang='lat' dir='ltr'><strong>multis</strong></span> <span class='ocrx_word' id='word_1_587' title='bbox 2172 2072 2298 2142; x_wconf 84' lang='lat' dir='ltr'><strong>(sive</strong></span> <span class='ocrx_word' id='word_1_588' title='bbox 2329 2073 2715 2142; x_wconf 53' lang='lat' dir='ltr'><strong>pastoribus)»</strong></span> <span class='ocrx_word' id='word_1_589' title='bbox 2745 2073 2978 2128; x_wconf 76' lang='lat' dir='ltr'><strong>Verbum</strong></span> <span class='ocrx_word' id='word_1_590' title='bbox 3003 2075 3148 2128; x_wconf 90' lang='lat' dir='ltr'><strong>enim</strong></span> <span class='ocrx_word' id='word_1_591' title='bbox 3169 2089 3292 2127; x_wconf 71' lang='lat' dir='ltr'><strong>astu</strong></span> <span class='ocrx_word' id='word_1_592' title='bbox 3313 2076 3521 2143; x_wconf 60' lang='grc' dir='ltr'><strong>(ωιτη).</strong></span> 
     </span>
    </p>
   </div>
   <div class='ocr_carea' id='block_1_82' title="bbox 1954 2165 3522 2232">
    <p class='ocr_par' dir='ltr' id='par_1_82' title="bbox 1954 2165 3522 2232">
     <span class='ocr_line' id='line_1_82' title="bbox 1954 2165 3522 2232; baseline 0.001 -16"><span class='ocrx_word' id='word_1_593' title='bbox 1954 2165 2096 2230; x_wconf 91' lang='lat' dir='ltr'><strong>quod</strong></span> <span class='ocrx_word' id='word_1_594' title='bbox 2131 2176 2367 2232; x_wconf 89' lang='lat' dir='ltr'><strong>quatuor</strong></span> <span class='ocrx_word' id='word_1_595' title='bbox 2398 2166 2592 2221; x_wconf 78' lang='lat' dir='ltr'><strong>litteris</strong></span> <span class='ocrx_word' id='word_1_596' title='bbox 2617 2168 2880 2222; x_wconf 87' lang='lat' dir='ltr'><strong>scribitur</strong></span> <span class='ocrx_word' id='word_1_597' title='bbox 2912 2182 3035 2230; x_wconf 81' lang='lat' dir='ltr'><strong>aes,</strong></span> <span class='ocrx_word' id='word_1_598' title='bbox 3084 2182 3200 2229; x_wconf 69' lang='lat' dir='ltr'><strong>tux,</strong></span> <span class='ocrx_word' id='word_1_599' title='bbox 3237 2184 3353 2231; x_wconf 80' lang='lat' dir='ltr'><strong>JOD,</strong></span> <span class='ocrx_word' id='word_1_600' title='bbox 3388 2183 3522 2228; x_wconf 69' lang='lat' dir='ltr'><strong>Men,</strong></span> 
     </span>
    </p>
   </div>
   <div class='ocr_carea' id='block_1_83' title="bbox 1955 2257 3522 2327">
    <p class='ocr_par' dir='ltr' id='par_1_83' title="bbox 1955 2257 3522 2327">
     <span class='ocr_line' id='line_1_83' title="bbox 1955 2257 3522 2327; baseline 0.002 -22"><span class='ocrx_word' id='word_1_601' title='bbox 1955 2260 2010 2305; x_wconf 90' lang='lat' dir='ltr'><strong>et</strong></span> <span class='ocrx_word' id='word_1_602' title='bbox 2034 2262 2323 2316; x_wconf 85' lang='lat' dir='ltr'><strong>amatores,</strong></span> <span class='ocrx_word' id='word_1_603' title='bbox 2360 2264 2414 2308; x_wconf 90' lang='lat' dir='ltr'><strong>et</strong></span> <span class='ocrx_word' id='word_1_604' title='bbox 2451 2264 2688 2322; x_wconf 84' lang='lat' dir='ltr'><strong>pastores</strong></span> <span class='ocrx_word' id='word_1_605' title='bbox 2719 2268 3011 2326; x_wconf 88' lang='lat' dir='ltr'><strong>utrumque</strong></span> <span class='ocrx_word' id='word_1_606' title='bbox 3045 2257 3339 2327; x_wconf 75' lang='lat' dir='ltr'><strong>signiﬁcat.</strong></span> <span class='ocrx_word' id='word_1_607' title='bbox 3394 2257 3522 2310; x_wconf 80' lang='lat' dir='ltr'><strong>Etsi</strong></span> 
     </span>
    </p>
   </div>
   <div class='ocr_carea' id='block_1_84' title="bbox 1956 2344 3522 2418">
    <p class='ocr_par' dir='ltr' id='par_1_84' title="bbox 1956 2344 3522 2418">
     <span class='ocr_line' id='line_1_84' title="bbox 1956 2344 3522 2418; baseline 0.003 -22"><span class='ocrx_word' id='word_1_608' title='bbox 1956 2344 2198 2412; x_wconf 77' lang='lat' dir='ltr'><strong>legamus</strong></span> <span class='ocrx_word' id='word_1_609' title='bbox 2238 2359 2389 2411; x_wconf 74' lang='lat' dir='ltr'><strong>netu,</strong></span> <span class='ocrx_word' id='word_1_610' title='bbox 2419 2356 2686 2400; x_wconf 84' lang='lat' dir='ltr'><strong>amatores</strong></span> <span class='ocrx_word' id='word_1_611' title='bbox 2721 2349 3019 2417; x_wconf 66' lang='lat' dir='ltr'><strong>significat;</strong></span> <span class='ocrx_word' id='word_1_612' title='bbox 3071 2349 3116 2403; x_wconf 88' lang='lat' dir='ltr'><strong>si</strong></span> <span class='ocrx_word' id='word_1_613' title='bbox 3161 2363 3306 2412; x_wconf 73' lang='lat' dir='ltr'><strong>noui,</strong></span> <span class='ocrx_word' id='word_1_614' title='bbox 3339 2359 3522 2418; x_wconf 80' lang='lat' dir='ltr'><strong>pasto-</strong></span> 
     </span>
    </p>
   </div>
   <div class='ocr_carea' id='block_1_85' title="bbox 1957 2451 2062 2490">
    <p class='ocr_par' dir='ltr' id='par_1_85' title="bbox 1957 2451 2062 2490">
     <span class='ocr_line' id='line_1_85' title="bbox 1957 2451 2062 2490; baseline 0.019 -2"><span class='ocrx_word' id='word_1_615' title='bbox 1957 2451 2062 2490; x_wconf 72' lang='grc'><strong>1³88.</strong></span> 
     </span>
    </p>
   </div>
   <div class='ocr_carea' id='block_1_86' title="bbox 2034 2527 3522 2604">
    <p class='ocr_par' dir='ltr' id='par_1_86' title="bbox 2034 2527 3522 2604">
     <span class='ocr_line' id='line_1_86' title="bbox 2034 2527 3522 2604; baseline 0.008 -26"><span class='ocrx_word' id='word_1_616' title='bbox 2034 2547 2052 2578; x_wconf 75' lang='grc' dir='ltr'><strong>ι</strong></span> <span class='ocrx_word' id='word_1_617' title='bbox 2089 2527 2294 2583; x_wconf 87' lang='lat' dir='ltr'><strong>Tamen</strong></span> <span class='ocrx_word' id='word_1_618' title='bbox 2355 2541 2631 2586; x_wconf 88' lang='lat' dir='ltr'><strong>revertere</strong></span> <span class='ocrx_word' id='word_1_619' title='bbox 2677 2532 2742 2586; x_wconf 89' lang='lat' dir='ltr'><strong>ad</strong></span> <span class='ocrx_word' id='word_1_620' title='bbox 2776 2547 2886 2597; x_wconf 89' lang='lat' dir='ltr'><strong>me,</strong></span> <span class='ocrx_word' id='word_1_621' title='bbox 2921 2532 3051 2586; x_wconf 86' lang='lat' dir='ltr'><strong>dicit</strong></span> <span class='ocrx_word' id='word_1_622' title='bbox 3074 2533 3334 2587; x_wconf 85' lang='lat' dir='ltr'><strong>Dominus</strong></span> <span class='ocrx_word' id='word_1_623' title='bbox 3357 2533 3522 2604; x_wconf 80' lang='lat'><strong>857</strong></span> 
     </span>
    </p>
   </div>
   <div class='ocr_carea' id='block_1_87' title="bbox 1959 2619 3520 2693">
    <p class='ocr_par' dir='ltr' id='par_1_87' title="bbox 1959 2619 3520 2693">
     <span class='ocr_line' id='line_1_87' title="bbox 1959 2619 3520 2693; baseline 0.005 -21"><span class='ocrx_word' id='word_1_624' title='bbox 1959 2619 2084 2689; x_wconf 84' lang='lat' dir='ltr'><strong>(sive</strong></span> <span class='ocrx_word' id='word_1_625' title='bbox 2106 2622 2470 2678; x_wconf 87' lang='lat' dir='ltr'><strong>revertebaris</strong></span> <span class='ocrx_word' id='word_1_626' title='bbox 2500 2624 2568 2677; x_wconf 87' lang='lat' dir='ltr'><strong>ad</strong></span> <span class='ocrx_word' id='word_1_627' title='bbox 2601 2639 2710 2687; x_wconf 87' lang='lat' dir='ltr'><strong>me,</strong></span> <span class='ocrx_word' id='word_1_628' title='bbox 2742 2625 2875 2680; x_wconf 89' lang='lat' dir='ltr'><strong>dicit</strong></span> <span class='ocrx_word' id='word_1_629' title='bbox 2906 2625 3247 2693; x_wconf 87' lang='lat' dir='ltr'><strong>Dominus).t</strong></span> <span class='ocrx_word' id='word_1_630' title='bbox 3302 2627 3357 2679; x_wconf 92' lang='lat' dir='ltr'><strong>In</strong></span> <span class='ocrx_word' id='word_1_631' title='bbox 3414 2625 3520 2680; x_wconf 86' lang='lat' dir='ltr'><strong>Ile-</strong></span> 
     </span>
    </p>
   </div>
   <div class='ocr_carea' id='block_1_88' title="bbox 1955 2712 3514 2784">
    <p class='ocr_par' dir='ltr' id='par_1_88' title="bbox 1955 2712 3514 2784">
     <span class='ocr_line' id='line_1_88' title="bbox 1955 2712 3514 2784; baseline 0.001 -17"><span class='ocrx_word' id='word_1_632' title='bbox 1955 2712 2102 2767; x_wconf 74' lang='lat' dir='ltr'><strong>hrteo</strong></span> <span class='ocrx_word' id='word_1_633' title='bbox 2133 2713 2298 2766; x_wconf 87' lang='lat' dir='ltr'><strong>etiam</strong></span> <span class='ocrx_word' id='word_1_634' title='bbox 2335 2724 2456 2782; x_wconf 89' lang='lat' dir='ltr'><strong>post</strong></span> <span class='ocrx_word' id='word_1_635' title='bbox 2488 2715 2900 2769; x_wconf 85' lang='lat' dir='ltr'><strong>fornicationem</strong></span> <span class='ocrx_word' id='word_1_636' title='bbox 2933 2717 3162 2784; x_wconf 84' lang='lat' dir='ltr'><strong>suscipit</strong></span> <span class='ocrx_word' id='word_1_637' title='bbox 3191 2717 3212 2746; x_wconf 73' lang='lat'><strong><em>°</em></strong></span> <span class='ocrx_word' id='word_1_638' title='bbox 3245 2717 3514 2784; x_wconf 58' lang='lat' dir='ltr'><strong>paeniten-</strong></span> 
     </span>
    </p>
   </div>
   <div class='ocr_carea' id='block_1_89' title="bbox 1956 2804 3518 2870">
    <p class='ocr_par' dir='ltr' id='par_1_89' title="bbox 1956 2804 3518 2870">
     <span class='ocr_line' id='line_1_89' title="bbox 1956 2804 3518 2870; baseline 0.003 -17"><span class='ocrx_word' id='word_1_639' title='bbox 1956 2807 2091 2860; x_wconf 86' lang='lat' dir='ltr'><strong>tem.</strong></span> <span class='ocrx_word' id='word_1_640' title='bbox 2131 2813 2183 2855; x_wconf 82' lang='lat' dir='ltr'><strong>et</strong></span> <span class='ocrx_word' id='word_1_641' title='bbox 2213 2804 2460 2857; x_wconf 90' lang='lat' dir='ltr'><strong>hortatur</strong></span> <span class='ocrx_word' id='word_1_642' title='bbox 2493 2814 2550 2858; x_wconf 92' lang='lat' dir='ltr'><strong>ut</strong></span> <span class='ocrx_word' id='word_1_643' title='bbox 2580 2816 2884 2860; x_wconf 84' lang='lat' dir='ltr'><strong>revertatur</strong></span> <span class='ocrx_word' id='word_1_644' title='bbox 2912 2808 2978 2860; x_wconf 88' lang='lat' dir='ltr'><strong>ad</strong></span> <span class='ocrx_word' id='word_1_645' title='bbox 3005 2821 3085 2860; x_wconf 88' lang='lat' dir='ltr'><strong>se.</strong></span> <span class='ocrx_word' id='word_1_646' title='bbox 3110 2805 3166 2858; x_wconf 89' lang='lat' dir='ltr'><strong>lu</strong></span> <span class='ocrx_word' id='word_1_647' title='bbox 3195 2807 3334 2860; x_wconf 61' lang='lat' dir='ltr'><strong>LXX</strong></span> <span class='ocrx_word' id='word_1_648' title='bbox 3368 2823 3518 2870; x_wconf 89' lang='lat' dir='ltr'><strong>vero,</strong></span> 
     </span>
    </p>
   </div>
   <div class='ocr_carea' id='block_1_90' title="bbox 1957 2897 3522 2967">
    <p class='ocr_par' dir='ltr' id='par_1_90' title="bbox 1957 2897 3522 2967">
     <span class='ocr_line' id='line_1_90' title="bbox 1957 2897 3522 2967; baseline 0.003 -23"><span class='ocrx_word' id='word_1_649' title='bbox 1957 2907 2064 2945; x_wconf 90' lang='lat' dir='ltr'><strong>non</strong></span> <span class='ocrx_word' id='word_1_650' title='bbox 2099 2905 2360 2962; x_wconf 88' lang='lat' dir='ltr'><strong>provocat</strong></span> <span class='ocrx_word' id='word_1_651' title='bbox 2389 2897 2456 2949; x_wconf 92' lang='lat' dir='ltr'><strong>ad</strong></span> <span class='ocrx_word' id='word_1_652' title='bbox 2482 2898 2878 2964; x_wconf 76' lang='lat' dir='ltr'><strong>pmnitentiam,</strong></span> <span class='ocrx_word' id='word_1_653' title='bbox 2908 2899 3002 2952; x_wconf 89' lang='lat' dir='ltr'><strong>sed</strong></span> <span class='ocrx_word' id='word_1_654' title='bbox 3031 2899 3209 2967; x_wconf 78' lang='lat' dir='ltr'><strong>arguit</strong></span> <span class='ocrx_word' id='word_1_655' title='bbox 3237 2899 3522 2967; x_wconf 83' lang='lat' dir='ltr'><strong>impuden-</strong></span> 
     </span>
    </p>
   </div>
   <div class='ocr_carea' id='block_1_91' title="bbox 1962 2984 3524 3056">
    <p class='ocr_par' dir='ltr' id='par_1_91' title="bbox 1962 2984 3524 3056">
     <span class='ocr_line' id='line_1_91' title="bbox 1962 2984 3524 3056; baseline 0.004 -20"><span class='ocrx_word' id='word_1_656' title='bbox 1962 2984 2090 3037; x_wconf 85' lang='lat' dir='ltr'><strong>tiam</strong></span> <span class='ocrx_word' id='word_1_657' title='bbox 2135 2987 2460 3049; x_wconf 88' lang='lat' dir='ltr'><strong>meretricis,</strong></span> <span class='ocrx_word' id='word_1_658' title='bbox 2504 2987 2648 3056; x_wconf 81' lang='lat' dir='ltr'><strong>quod</strong></span> <span class='ocrx_word' id='word_1_659' title='bbox 2685 2998 2807 3056; x_wconf 90' lang='lat' dir='ltr'><strong>post</strong></span> <span class='ocrx_word' id='word_1_660' title='bbox 2849 2989 3176 3042; x_wconf 87' lang='lat' dir='ltr'><strong>adulterium</strong></span> <span class='ocrx_word' id='word_1_661' title='bbox 3205 2990 3401 3042; x_wconf 85' lang='lat' dir='ltr'><strong>reverti</strong></span> <span class='ocrx_word' id='word_1_662' title='bbox 3428 3006 3524 3042; x_wconf 85' lang='lat' dir='ltr'><strong>an-</strong></span> 
     </span>
    </p>
   </div>
   <div class='ocr_carea' id='block_1_92' title="bbox 1957 3065 3522 3148">
    <p class='ocr_par' dir='ltr' id='par_1_92' title="bbox 1957 3065 3522 3148">
     <span class='ocr_line' id='line_1_92' title="bbox 1957 3065 3522 3148; baseline 0.004 -20"><span class='ocrx_word' id='word_1_663' title='bbox 1957 3076 2082 3129; x_wconf 86' lang='lat' dir='ltr'><strong>deat</strong></span> <span class='ocrx_word' id='word_1_664' title='bbox 2139 3077 2207 3130; x_wconf 90' lang='lat' dir='ltr'><strong>ad</strong></span> <span class='ocrx_word' id='word_1_665' title='bbox 2258 3079 2536 3133; x_wconf 90' lang='lat' dir='ltr'><strong>maritum.</strong></span> <span class='ocrx_word' id='word_1_666' title='bbox 2587 3079 2850 3148; x_wconf 85' lang='lat' dir='ltr'><strong>Quodque</strong></span> <span class='ocrx_word' id='word_1_667' title='bbox 2905 3082 2981 3135; x_wconf 84' lang='lat' dir='ltr'><strong>ait</strong></span> <span class='ocrx_word' id='word_1_668' title='bbox 3021 3080 3130 3136; x_wconf 82' lang='lat' dir='ltr'><strong>:Et</strong></span> <span class='ocrx_word' id='word_1_669' title='bbox 3165 3065 3522 3134; x_wconf 77' lang='lat' dir='ltr'><strong>contaminata</strong></span> 
     </span>
    </p>
   </div>
   <div class='ocr_carea' id='block_1_93' title="bbox 1955 3167 3519 3240">
    <p class='ocr_par' dir='ltr' id='par_1_93' title="bbox 1955 3167 3519 3240">
     <span class='ocr_line' id='line_1_93' title="bbox 1955 3167 3519 3240; baseline 0.003 -20"><span class='ocrx_word' id='word_1_670' title='bbox 1955 3167 2051 3220; x_wconf 90' lang='lat' dir='ltr'><strong>erit</strong></span> <span class='ocrx_word' id='word_1_671' title='bbox 2083 3167 2397 3234; x_wconf 80' lang='lat' dir='ltr'><strong>mulierilta,</strong></span> <span class='ocrx_word' id='word_1_672' title='bbox 2417 3185 2516 3240; x_wconf 90' lang='lat' dir='ltr'><strong>pro</strong></span> <span class='ocrx_word' id='word_1_673' title='bbox 2545 3187 2651 3240; x_wconf 86' lang='lat' dir='ltr'><strong>quo</strong></span> <span class='ocrx_word' id='word_1_674' title='bbox 2674 3173 2725 3224; x_wconf 90' lang='lat' dir='ltr'><strong>in</strong></span> <span class='ocrx_word' id='word_1_675' title='bbox 2751 3172 3018 3227; x_wconf 81' lang='lat' dir='ltr'><strong>llebraico</strong></span> <span class='ocrx_word' id='word_1_676' title='bbox 3041 3173 3270 3239; x_wconf 78' lang='lat' dir='ltr'><strong>legimus</strong></span> <span class='ocrx_word' id='word_1_677' title='bbox 3301 3183 3519 3235; x_wconf 81' lang='lat' dir='ltr'><strong>terram,</strong></span> 
     </span>
    </p>
   </div>
   <div class='ocr_carea' id='block_1_94' title="bbox 1957 3261 3520 3332">
    <p class='ocr_par' dir='ltr' id='par_1_94' title="bbox 1957 3261 3520 3332">
     <span class='ocr_line' id='line_1_94' title="bbox 1957 3261 3520 3332; baseline 0.004 -20"><span class='ocrx_word' id='word_1_678' title='bbox 1957 3261 2215 3328; x_wconf 82' lang='lat' dir='ltr'><strong>relinquit</strong></span> <span class='ocrx_word' id='word_1_679' title='bbox 2254 3264 2585 3332; x_wconf 79' lang='lat' dir='ltr'><strong>exemptum,</strong></span> <span class='ocrx_word' id='word_1_680' title='bbox 2615 3276 2668 3319; x_wconf 91' lang='lat' dir='ltr'><strong>et</strong></span> <span class='ocrx_word' id='word_1_681' title='bbox 2702 3265 3045 3320; x_wconf 86' lang='lat' dir='ltr'><strong>manifestius</strong></span> <span class='ocrx_word' id='word_1_682' title='bbox 3075 3269 3140 3320; x_wconf 85' lang='lat' dir='ltr'><strong>de</strong></span> <span class='ocrx_word' id='word_1_683' title='bbox 3167 3275 3307 3319; x_wconf 89' lang='lat' dir='ltr'><strong>terra</strong></span> <span class='ocrx_word' id='word_1_684' title='bbox 3345 3265 3520 3332; x_wconf 86' lang='lat' dir='ltr'><strong>loqui—</strong></span> 
     </span>
    </p>
   </div>
   <div class='ocr_carea' id='block_1_95' title="bbox 1957 3355 3516 3426">
    <p class='ocr_par' dir='ltr' id='par_1_95' title="bbox 1957 3355 3516 3426">
     <span class='ocr_line' id='line_1_95' title="bbox 1957 3355 3516 3426; baseline 0.001 -19"><span class='ocrx_word' id='word_1_685' title='bbox 1957 3362 2043 3407; x_wconf 89' lang='lat' dir='ltr'><strong>tur</strong></span> <span class='ocrx_word' id='word_1_686' title='bbox 2069 3355 2260 3424; x_wconf 81' lang='lat' dir='ltr'><strong>lsracl,</strong></span> <span class='ocrx_word' id='word_1_687' title='bbox 2290 3372 2408 3426; x_wconf 77' lang='lat' dir='ltr'><strong>qua:</strong></span> <span class='ocrx_word' id='word_1_688' title='bbox 2438 3358 2696 3410; x_wconf 81' lang='lat' dir='ltr'><strong>adulterae</strong></span> <span class='ocrx_word' id='word_1_689' title='bbox 2721 3358 2936 3411; x_wconf 88' lang='lat' dir='ltr'><strong>mulieri</strong></span> <span class='ocrx_word' id='word_1_690' title='bbox 2975 3367 3348 3426; x_wconf 82' lang='lat' dir='ltr'><strong>comparatur.</strong></span> <span class='ocrx_word' id='word_1_691' title='bbox 3385 3356 3516 3412; x_wconf 84' lang='lat' dir='ltr'><strong>Uta-</strong></span> 
     </span>
    </p>
   </div>
   <div class='ocr_carea' id='block_1_96' title="bbox 1956 3449 3520 3527">
    <p class='ocr_par' dir='ltr' id='par_1_96' title="bbox 1956 3449 3520 3527">
     <span class='ocr_line' id='line_1_96' title="bbox 1956 3449 3520 3527; baseline -0.001 -25"><span class='ocrx_word' id='word_1_692' title='bbox 1956 3465 2076 3502; x_wconf 90' lang='lat' dir='ltr'><strong>mur</strong></span> <span class='ocrx_word' id='word_1_693' title='bbox 2101 3450 2203 3504; x_wconf 91' lang='lat' dir='ltr'><strong>hoc</strong></span> <span class='ocrx_word' id='word_1_694' title='bbox 2225 3449 2538 3504; x_wconf 87' lang='lat' dir='ltr'><strong>testimonio</strong></span> <span class='ocrx_word' id='word_1_695' title='bbox 2572 3450 2832 3504; x_wconf 86' lang='lat' dir='ltr'><strong>adversus</strong></span> <span class='ocrx_word' id='word_1_696' title='bbox 2866 3464 2963 3504; x_wconf 89' lang='lat' dir='ltr'><strong>eos</strong></span> <span class='ocrx_word' id='word_1_697' title='bbox 2990 3449 3084 3518; x_wconf 89' lang='lat' dir='ltr'><strong>qui</strong></span> <span class='ocrx_word' id='word_1_698' title='bbox 3111 3451 3270 3527; x_wconf 79' lang='lat' dir='ltr'><strong>tidem</strong></span> <span class='ocrx_word' id='word_1_699' title='bbox 3308 3450 3520 3505; x_wconf 87' lang='lat' dir='ltr'><strong>Domini</strong></span> 
     </span>
    </p>
   </div>
   <div class='ocr_carea' id='block_1_97' title="bbox 1957 3541 3517 3610">
    <p class='ocr_par' dir='ltr' id='par_1_97' title="bbox 1957 3541 3517 3610">
     <span class='ocr_line' id='line_1_97' title="bbox 1957 3541 3517 3610; baseline -0.001 -16"><span class='ocrx_word' id='word_1_700' title='bbox 1957 3541 2347 3610; x_wconf 88' lang='lat' dir='ltr'><strong>relinquentes,</strong></span> <span class='ocrx_word' id='word_1_701' title='bbox 2380 3551 2436 3596; x_wconf 91' lang='lat' dir='ltr'><strong>et</strong></span> <span class='ocrx_word' id='word_1_702' title='bbox 2473 3541 2857 3595; x_wconf 68' lang='lat' dir='ltr'><strong>hatreticorum</strong></span> <span class='ocrx_word' id='word_1_703' title='bbox 2899 3541 3182 3596; x_wconf 89' lang='lat' dir='ltr'><strong>erroribus</strong></span> <span class='ocrx_word' id='word_1_704' title='bbox 3215 3541 3517 3609; x_wconf 68' lang='lat' dir='ltr'><strong>prmpediti,</strong></span> 
     </span>
    </p>
   </div>
   <div class='ocr_carea' id='block_1_98' title="bbox 1955 3631 3516 3700">
    <p class='ocr_par' dir='ltr' id='par_1_98' title="bbox 1955 3631 3516 3700">
     <span class='ocr_line' id='line_1_98' title="bbox 1955 3631 3516 3700; baseline -0.003 -15"><span class='ocrx_word' id='word_1_705' title='bbox 1955 3639 2078 3700; x_wconf 88' lang='lat' dir='ltr'><strong>post</strong></span> <span class='ocrx_word' id='word_1_706' title='bbox 2106 3633 2300 3685; x_wconf 87' lang='lat' dir='ltr'><strong>multas</strong></span> <span class='ocrx_word' id='word_1_707' title='bbox 2331 3631 2718 3686; x_wconf 84' lang='lat' dir='ltr'><strong>fornicationes</strong></span> <span class='ocrx_word' id='word_1_708' title='bbox 2742 3639 2797 3686; x_wconf 90' lang='lat' dir='ltr'><strong>et</strong></span> <span class='ocrx_word' id='word_1_709' title='bbox 2816 3631 3164 3697; x_wconf 87' lang='lat' dir='ltr'><strong>dcceptiones</strong></span> <span class='ocrx_word' id='word_1_710' title='bbox 3190 3631 3516 3696; x_wconf 89' lang='lat' dir='ltr'><strong>animarum,</strong></span> 
     </span>
    </p>
   </div>
   <div class='ocr_carea' id='block_1_99' title="bbox 1954 3721 3517 3788">
    <p class='ocr_par' dir='ltr' id='par_1_99' title="bbox 1954 3721 3517 3788">
     <span class='ocr_line' id='line_1_99' title="bbox 1954 3721 3517 3788; baseline 0 -13"><span class='ocrx_word' id='word_1_711' title='bbox 1954 3721 2213 3775; x_wconf 88' lang='lat' dir='ltr'><strong>simulant</strong></span> <span class='ocrx_word' id='word_1_712' title='bbox 2272 3737 2330 3776; x_wconf 90' lang='lat' dir='ltr'><strong>se</strong></span> <span class='ocrx_word' id='word_1_713' title='bbox 2386 3721 2584 3777; x_wconf 88' lang='lat' dir='ltr'><strong>reverti</strong></span> <span class='ocrx_word' id='word_1_714' title='bbox 2627 3722 2694 3775; x_wconf 88' lang='lat' dir='ltr'><strong>ad</strong></span> <span class='ocrx_word' id='word_1_715' title='bbox 2727 3723 3014 3788; x_wconf 88' lang='lat' dir='ltr'><strong>pristinam</strong></span> <span class='ocrx_word' id='word_1_716' title='bbox 3049 3721 3332 3775; x_wconf 88' lang='lat' dir='ltr'><strong>veritatem</strong></span> <span class='ocrx_word' id='word_1_717' title='bbox 3365 3735 3380 3776; x_wconf 75' lang='grc' dir='ltr'>ε</span> <span class='ocrx_word' id='word_1_718' title='bbox 3413 3735 3517 3775; x_wconf 92' lang='lat' dir='ltr'><strong>non</strong></span> 
     </span>
    </p>
   </div>
   <div class='ocr_carea' id='block_1_100' title="bbox 1956 3813 3520 3884">
    <p class='ocr_par' dir='ltr' id='par_1_100' title="bbox 1956 3813 3520 3884">
     <span class='ocr_line' id='line_1_100' title="bbox 1956 3813 3520 3884; baseline 0.002 -18"><span class='ocrx_word' id='word_1_719' title='bbox 1956 3823 2016 3866; x_wconf 93' lang='lat' dir='ltr'><strong>ut</strong></span> <span class='ocrx_word' id='word_1_720' title='bbox 2043 3813 2316 3880; x_wconf 78' lang='lat' dir='ltr'><strong>deponant</strong></span> <span class='ocrx_word' id='word_1_721' title='bbox 2349 3829 2557 3868; x_wconf 89' lang='lat' dir='ltr'><strong>venena</strong></span> <span class='ocrx_word' id='word_1_722' title='bbox 2589 3816 2848 3884; x_wconf 88' lang='lat' dir='ltr'><strong>pectoris,</strong></span> <span class='ocrx_word' id='word_1_723' title='bbox 2900 3813 2994 3870; x_wconf 88' lang='lat' dir='ltr'><strong>sed</strong></span> <span class='ocrx_word' id='word_1_724' title='bbox 3045 3823 3104 3869; x_wconf 91' lang='lat' dir='ltr'><strong>ut</strong></span> <span class='ocrx_word' id='word_1_725' title='bbox 3134 3815 3345 3868; x_wconf 72' lang='lat' dir='ltr'><strong>caneris</strong></span> <span class='ocrx_word' id='word_1_726' title='bbox 3387 3816 3520 3869; x_wconf 89' lang='lat' dir='ltr'><strong>insi-</strong></span> 
     </span>
    </p>
   </div>
   <div class='ocr_carea' id='block_1_101' title="bbox 1956 3915 2143 3961">
    <p class='ocr_par' dir='ltr' id='par_1_101' title="bbox 1956 3915 2143 3961">
     <span class='ocr_line' id='line_1_101' title="bbox 1956 3915 2143 3961; baseline 0 -1"><span class='ocrx_word' id='word_1_727' title='bbox 1956 3915 2143 3961; x_wconf 91' lang='lat' dir='ltr'><strong>nuent.</strong></span> 
     </span>
    </p>
   </div>
   <div class='ocr_carea' id='block_1_102' title="bbox 2027 4015 3520 4086">
    <p class='ocr_par' dir='ltr' id='par_1_102' title="bbox 2027 4015 3520 4086">
     <span class='ocr_line' id='line_1_102' title="bbox 2027 4015 3520 4086; baseline 0.007 -22"><span class='ocrx_word' id='word_1_728' title='bbox 2027 4015 2314 4085; x_wconf 71' lang='lat' dir='ltr'><strong>(Vers.2.)</strong></span> <span class='ocrx_word' id='word_1_729' title='bbox 2369 4033 2388 4067; x_wconf 73' lang='grc' dir='ltr'><strong>ι</strong></span> <span class='ocrx_word' id='word_1_730' title='bbox 2418 4015 2558 4070; x_wconf 86' lang='lat' dir='ltr'><strong>Leva</strong></span> <span class='ocrx_word' id='word_1_731' title='bbox 2609 4017 2794 4072; x_wconf 87' lang='lat' dir='ltr'><strong>oculos</strong></span> <span class='ocrx_word' id='word_1_732' title='bbox 2865 4029 2986 4073; x_wconf 88' lang='lat' dir='ltr'><strong>tuos</strong></span> <span class='ocrx_word' id='word_1_733' title='bbox 3034 4027 3087 4073; x_wconf 87' lang='lat' dir='ltr'><strong>tn</strong></span> <span class='ocrx_word' id='word_1_734' title='bbox 3129 4021 3414 4086; x_wconf 88' lang='lat' dir='ltr'><strong>directum,</strong></span> <span class='ocrx_word' id='word_1_735' title='bbox 3467 4032 3520 4075; x_wconf 92' lang='lat' dir='ltr'><strong>ct</strong></span> 
     </span>
    </p>
   </div>
   <div class='ocr_carea' id='block_1_103' title="bbox 1953 4107 3519 4181">
    <p class='ocr_par' dir='ltr' id='par_1_103' title="bbox 1953 4107 3519 4181">
     <span class='ocr_line' id='line_1_103' title="bbox 1953 4107 3519 4181; baseline 0.007 -23"><span class='ocrx_word' id='word_1_736' title='bbox 1953 4107 2075 4162; x_wconf 87' lang='lat' dir='ltr'><strong>vide</strong></span> <span class='ocrx_word' id='word_1_737' title='bbox 2093 4109 2182 4161; x_wconf 91' lang='lat' dir='ltr'><strong>ubi</strong></span> <span class='ocrx_word' id='word_1_738' title='bbox 2213 4125 2320 4162; x_wconf 93' lang='lat' dir='ltr'><strong>non</strong></span> <span class='ocrx_word' id='word_1_739' title='bbox 2340 4116 2604 4178; x_wconf 86' lang='lat' dir='ltr'><strong>prostrata</strong></span> <span class='ocrx_word' id='word_1_740' title='bbox 2627 4111 2720 4162; x_wconf 86' lang='lat' dir='ltr'><strong>sis.</strong></span> <span class='ocrx_word' id='word_1_741' title='bbox 2749 4109 2801 4163; x_wconf 91' lang='lat' dir='ltr'><strong>lu</strong></span> <span class='ocrx_word' id='word_1_742' title='bbox 2823 4111 2925 4166; x_wconf 87' lang='lat' dir='ltr'><strong>viis</strong></span> <span class='ocrx_word' id='word_1_743' title='bbox 2950 4112 3176 4167; x_wconf 86' lang='lat' dir='ltr'><strong>sedebas</strong></span> <span class='ocrx_word' id='word_1_744' title='bbox 3199 4125 3519 4181; x_wconf 81' lang='lat' dir='ltr'><strong>exspectans</strong></span> 
     </span>
    </p>
   </div>
   <div class='ocr_carea' id='block_1_104' title="bbox 1953 4201 3516 4274">
    <p class='ocr_par' dir='ltr' id='par_1_104' title="bbox 1953 4201 3516 4274">
     <span class='ocr_line' id='line_1_104' title="bbox 1953 4201 3516 4274; baseline 0.004 -21"><span class='ocrx_word' id='word_1_745' title='bbox 1953 4213 2048 4253; x_wconf 87' lang='lat' dir='ltr'><strong>eos</strong></span> <span class='ocrx_word' id='word_1_746' title='bbox 2077 4201 2234 4266; x_wconf 89' lang='lat' dir='ltr'><strong>quasi</strong></span> <span class='ocrx_word' id='word_1_747' title='bbox 2282 4201 2424 4255; x_wconf 88' lang='lat' dir='ltr'><strong>latro</strong></span> <span class='ocrx_word' id='word_1_748' title='bbox 2483 4201 2536 4253; x_wconf 91' lang='lat' dir='ltr'><strong>in</strong></span> <span class='ocrx_word' id='word_1_749' title='bbox 2595 4201 2890 4256; x_wconf 86' lang='lat' dir='ltr'><strong>solitudine</strong></span> <span class='ocrx_word' id='word_1_750' title='bbox 2956 4205 3084 4272; x_wconf 78' lang='lat' dir='ltr'><strong>(sive</strong></span> <span class='ocrx_word' id='word_1_751' title='bbox 3116 4207 3272 4274; x_wconf 86' lang='lat' dir='ltr'><strong>quasi</strong></span> <span class='ocrx_word' id='word_1_752' title='bbox 3327 4208 3516 4260; x_wconf 78' lang='lat' dir='ltr'><strong>cornix</strong></span> 
     </span>
    </p>
   </div>
   <div class='ocr_carea' id='block_1_105' title="bbox 1959 4290 3517 4367">
    <p class='ocr_par' dir='ltr' id='par_1_105' title="bbox 1959 4290 3517 4367">
     <span class='ocr_line' id='line_1_105' title="bbox 1959 4290 3517 4367; baseline 0.006 -25"><span class='ocrx_word' id='word_1_753' title='bbox 1959 4291 2222 4365; x_wconf 87' lang='lat' dir='ltr'><strong>deserta).</strong></span> <span class='ocrx_word' id='word_1_754' title='bbox 2262 4310 2279 4342; x_wconf 82' lang='lat' dir='ltr'><strong>t</strong></span> <span class='ocrx_word' id='word_1_755' title='bbox 2339 4290 2442 4345; x_wconf 88' lang='lat' dir='ltr'><strong>Pro</strong></span> <span class='ocrx_word' id='word_1_756' title='bbox 2473 4291 2703 4358; x_wconf 90' lang='lat' dir='ltr'><strong>latrone,</strong></span> <span class='ocrx_word' id='word_1_757' title='bbox 2738 4295 2851 4348; x_wconf 88' lang='lat' dir='ltr'><strong>sive</strong></span> <span class='ocrx_word' id='word_1_758' title='bbox 2907 4293 3018 4365; x_wconf 79' lang='grc' dir='ltr'><strong>[ΑΙ.</strong></span> <span class='ocrx_word' id='word_1_759' title='bbox 3049 4295 3124 4367; x_wconf 75' lang='lat' dir='ltr'><strong>et]</strong></span> <span class='ocrx_word' id='word_1_760' title='bbox 3185 4302 3424 4363; x_wconf 81' lang='lat' dir='ltr'><strong>cornice,</strong></span> <span class='ocrx_word' id='word_1_761' title='bbox 3465 4302 3517 4352; x_wconf 91' lang='lat' dir='ltr'><strong>in</strong></span> 
     </span>
    </p>
   </div>
   <div class='ocr_carea' id='block_1_106' title="bbox 1965 4381 3519 4459">
    <p class='ocr_par' dir='ltr' id='par_1_106' title="bbox 1965 4381 3519 4459">
     <span class='ocr_line' id='line_1_106' title="bbox 1965 4381 3519 4459; baseline 0.007 -25"><span class='ocrx_word' id='word_1_762' title='bbox 1965 4381 2192 4437; x_wconf 70' lang='lat' dir='ltr'><strong>Hebraeo</strong></span> <span class='ocrx_word' id='word_1_763' title='bbox 2211 4385 2476 4452; x_wconf 86' lang='lat' dir='ltr'><strong>scriptum</strong></span> <span class='ocrx_word' id='word_1_764' title='bbox 2501 4393 2586 4439; x_wconf 86' lang='lat' dir='ltr'><strong>est</strong></span> <span class='ocrx_word' id='word_1_765' title='bbox 2617 4401 2788 4439; x_wconf 73' lang='lat' dir='ltr'><strong>ARABB</strong></span> <span class='ocrx_word' id='word_1_766' title='bbox 2821 4394 2976 4452; x_wconf 51' lang='lat' dir='ltr'><strong>tuan,</strong></span> <span class='ocrx_word' id='word_1_767' title='bbox 3041 4391 3185 4458; x_wconf 90' lang='lat' dir='ltr'><strong>quod</strong></span> <span class='ocrx_word' id='word_1_768' title='bbox 3233 4402 3408 4459; x_wconf 87' lang='lat' dir='ltr'><strong>potest</strong></span> <span class='ocrx_word' id='word_1_769' title='bbox 3467 4405 3519 4445; x_wconf 85' lang='lat' dir='ltr'><strong>ct</strong></span> 
     </span>
    </p>
   </div>
   <div class='ocr_carea' id='block_1_107' title="bbox 1966 4475 3514 4552">
    <p class='ocr_par' dir='ltr' id='par_1_107' title="bbox 1966 4475 3514 4552">
     <span class='ocr_line' id='line_1_107' title="bbox 1966 4475 3514 4552; baseline 0.008 -26"><span class='ocrx_word' id='word_1_770' title='bbox 1966 4475 2174 4530; x_wconf 85' lang='lat' dir='ltr'><strong>Arabas</strong></span> <span class='ocrx_word' id='word_1_771' title='bbox 2228 4477 2720 4547; x_wconf 73' lang='lat' dir='ltr'><strong>significare,‘qute</strong></span> <span class='ocrx_word' id='word_1_772' title='bbox 2776 4494 2907 4545; x_wconf 78' lang='lat' dir='ltr'><strong>gens</strong></span> <span class='ocrx_word' id='word_1_773' title='bbox 2962 4482 3265 4538; x_wconf 88' lang='lat' dir='ltr'><strong>latrociniis</strong></span> <span class='ocrx_word' id='word_1_774' title='bbox 3313 4486 3514 4552; x_wconf 76' lang='lat' dir='ltr'><strong>dedita,</strong></span> 
     </span>
    </p>
   </div>
   <div class='ocr_carea' id='block_1_108' title="bbox 1959 4568 3519 4640">
    <p class='ocr_par' dir='ltr' id='par_1_108' title="bbox 1959 4568 3519 4640">
     <span class='ocr_line' id='line_1_108' title="bbox 1959 4568 3519 4640; baseline 0.003 -17"><span class='ocrx_word' id='word_1_775' title='bbox 1959 4583 2132 4638; x_wconf 85' lang='lat' dir='ltr'><strong>usque</strong></span> <span class='ocrx_word' id='word_1_776' title='bbox 2150 4569 2312 4623; x_wconf 86' lang='lat' dir='ltr'><strong>hodie</strong></span> <span class='ocrx_word' id='word_1_777' title='bbox 2333 4568 2580 4624; x_wconf 88' lang='lat' dir='ltr'><strong>incursat</strong></span> <span class='ocrx_word' id='word_1_778' title='bbox 2610 4571 2857 4626; x_wconf 88' lang='lat' dir='ltr'><strong>terminis</strong></span> <span class='ocrx_word' id='word_1_779' title='bbox 2879 4570 3205 4640; x_wconf 62' lang='lat' dir='ltr'><strong>Palaestinae,</strong></span> <span class='ocrx_word' id='word_1_780' title='bbox 3227 4585 3279 4629; x_wconf 89' lang='lat' dir='ltr'><strong>et</strong></span> <span class='ocrx_word' id='word_1_781' title='bbox 3295 4575 3519 4630; x_wconf 77' lang='lat' dir='ltr'><strong>descen-</strong></span> 
     </span>
    </p>
   </div>
   <div class='ocr_carea' id='block_1_109' title="bbox 1958 4795 3520 4876">
    <p class='ocr_par' dir='ltr' id='par_1_109' title="bbox 1958 4795 3520 4876">
     <span class='ocr_line' id='line_1_109' title="bbox 1958 4795 3520 4876; baseline 0.004 -26"><span class='ocrx_word' id='word_1_782' title='bbox 1958 4796 2109 4876; x_wconf 78' lang='lat' dir='ltr'><strong>vulgo</strong></span> <span class='ocrx_word' id='word_1_783' title='bbox 2169 4795 2388 4861; x_wconf 87' lang='lat' dir='ltr'><strong>dicitur,</strong></span> <span class='ocrx_word' id='word_1_784' title='bbox 2446 4809 2610 4850; x_wconf 89' lang='lat' dir='ltr'><strong>unum</strong></span> <span class='ocrx_word' id='word_1_785' title='bbox 2655 4805 2883 4862; x_wconf 87' lang='lat' dir='ltr'><strong>tantum,</strong></span> <span class='ocrx_word' id='word_1_786' title='bbox 2932 4813 3125 4868; x_wconf 89' lang='lat' dir='ltr'><strong>nempe</strong></span> <span class='ocrx_word' id='word_1_787' title='bbox 3173 4801 3388 4865; x_wconf 81' lang='lat' dir='ltr'><strong>dicitur,</strong></span> <span class='ocrx_word' id='word_1_788' title='bbox 3426 4817 3520 4857; x_wconf 87' lang='lat' dir='ltr'><strong>cos</strong></span> 
     </span>
    </p>
   </div>
   <div class='ocr_carea' id='block_1_110' title="bbox 1955 4881 3512 5005">
    <p class='ocr_par' dir='ltr' id='par_1_110' title="bbox 1955 4881 3512 5005">
     <span class='ocr_line' id='line_1_110' title="bbox 1955 4881 2223 4935; baseline 0 -16"><span class='ocrx_word' id='word_1_789' title='bbox 1955 4881 2223 4935; x_wconf 81' lang='lat' dir='ltr'><strong>posuisse.</strong></span> 
     </span>
     <span class='ocr_line' id='line_1_111' title="bbox 2025 4935 3512 5005; baseline 0.004 -19"><span class='ocrx_word' id='word_1_790' title='bbox 2025 4935 2322 4990; x_wconf 75' lang='lat' dir='ltr'><strong>‘D‘rximus</strong></span> <span class='ocrx_word' id='word_1_791' title='bbox 2374 4935 2429 4989; x_wconf 93' lang='lat' dir='ltr'><strong>in</strong></span> <span class='ocrx_word' id='word_1_792' title='bbox 2464 4937 2610 4991; x_wconf 88' lang='lat' dir='ltr'><strong>notis</strong></span> <span class='ocrx_word' id='word_1_793' title='bbox 2661 4936 2728 4988; x_wconf 87' lang='lat' dir='ltr'><strong>ad</strong></span> <span class='ocrx_word' id='word_1_794' title='bbox 2781 4938 2944 5005; x_wconf 88' lang='lat' dir='ltr'><strong>epist.</strong></span> <span class='ocrx_word' id='word_1_795' title='bbox 2997 4937 3120 4998; x_wconf 72' lang='grc'><strong>122,</strong></span> <span class='ocrx_word' id='word_1_796' title='bbox 3179 4937 3244 4990; x_wconf 91' lang='lat' dir='ltr'><strong>ad</strong></span> <span class='ocrx_word' id='word_1_797' title='bbox 3280 4938 3512 5004; x_wconf 59' lang='lat' dir='ltr'><strong>Rustic,</strong></span> 
     </span>
    </p>
   </div>
   <div class='ocr_carea' id='block_1_111' title="bbox 1950 5005 3514 5074">
    <p class='ocr_par' dir='ltr' id='par_1_111' title="bbox 1950 5005 3514 5074">
     <span class='ocr_line' id='line_1_112' title="bbox 1950 5005 3514 5074; baseline 0.003 -15"><span class='ocrx_word' id='word_1_798' title='bbox 1950 5020 2102 5059; x_wconf 90' lang='lat' dir='ltr'><strong>num.</strong></span> <span class='ocrx_word' id='word_1_799' title='bbox 2145 5008 2200 5066; x_wconf 78' lang='grc'><strong>2.</strong></span> <span class='ocrx_word' id='word_1_800' title='bbox 2235 5006 2326 5072; x_wconf 90' lang='lat' dir='ltr'><strong>qui</strong></span> <span class='ocrx_word' id='word_1_801' title='bbox 2360 5007 2432 5059; x_wconf 89' lang='lat' dir='ltr'><strong>sit</strong></span> <span class='ocrx_word' id='word_1_802' title='bbox 2461 5005 2748 5074; x_wconf 88' lang='lat' dir='ltr'><strong>bujusloci</strong></span> <span class='ocrx_word' id='word_1_803' title='bbox 2775 5021 2968 5060; x_wconf 86' lang='lat' dir='ltr'><strong>sensus</strong></span> <span class='ocrx_word' id='word_1_804' title='bbox 2997 5010 3049 5059; x_wconf 91' lang='lat' dir='ltr'><strong>in</strong></span> <span class='ocrx_word' id='word_1_805' title='bbox 3075 5006 3514 5063; x_wconf 75' lang='lat' dir='ltr'><strong>llebrazoarcbe-</strong></span> 
     </span>
    </p>
   </div>
   <div class='ocr_carea' id='block_1_112' title="bbox 1953 5076 3510 5145">
    <p class='ocr_par' dir='ltr' id='par_1_112' title="bbox 1953 5076 3510 5145">
     <span class='ocr_line' id='line_1_113' title="bbox 1953 5076 3510 5145; baseline 0.003 -18"><span class='ocrx_word' id='word_1_806' title='bbox 1953 5084 2103 5143; x_wconf 85' lang='lat' dir='ltr'><strong>typo.</strong></span> <span class='ocrx_word' id='word_1_807' title='bbox 2153 5076 2286 5145; x_wconf 84' lang='lat' dir='ltr'><strong>Cum</strong></span> <span class='ocrx_word' id='word_1_808' title='bbox 2327 5077 2471 5128; x_wconf 91' lang='lat' dir='ltr'><strong>enim</strong></span> <span class='ocrx_word' id='word_1_809' title='bbox 2509 5078 2771 5129; x_wconf 86' lang='lat' dir='ltr'><strong>hodierna</strong></span> <span class='ocrx_word' id='word_1_810' title='bbox 2817 5076 2933 5142; x_wconf 89' lang='lat' dir='ltr'><strong>ejus</strong></span> <span class='ocrx_word' id='word_1_811' title='bbox 2980 5086 3156 5130; x_wconf 81' lang='lat' dir='ltr'><strong>textus</strong></span> <span class='ocrx_word' id='word_1_812' title='bbox 3188 5079 3510 5145; x_wconf 74' lang='lat' dir='ltr'><strong>cxetnplaria</strong></span> 
     </span>
    </p>
   </div>
   <div class='ocr_carea' id='block_1_113' title="bbox 1950 5144 3515 5214">
    <p class='ocr_par' dir='ltr' id='par_1_113' title="bbox 1950 5144 3515 5214">
     <span class='ocr_line' id='line_1_114' title="bbox 1950 5144 3515 5214; baseline 0.003 -17"><span class='ocrx_word' id='word_1_813' title='bbox 1950 5145 2085 5197; x_wconf 86' lang='lat' dir='ltr'><strong>nihil</strong></span> <span class='ocrx_word' id='word_1_814' title='bbox 2141 5144 2376 5198; x_wconf 87' lang='lat' dir='ltr'><strong>habeant</strong></span> <span class='ocrx_word' id='word_1_815' title='bbox 2440 5156 2713 5214; x_wconf 69' lang='lat' dir='ltr'><strong>pratterea</strong></span> <span class='ocrx_word' id='word_1_816' title='bbox 2737 5159 2895 5210; x_wconf 87' lang='lat' dir='ltr'><strong>quam</strong></span> <span class='ocrx_word' id='word_1_817' title='bbox 2932 5154 3052 5203; x_wconf 75' lang='lat' dir='ltr'><strong>mm</strong></span> <span class='ocrx_word' id='word_1_818' title='bbox 3105 5157 3217 5205; x_wconf 58' lang='lat' dir='ltr'><strong>an:</strong></span> <span class='ocrx_word' id='word_1_819' title='bbox 3242 5144 3356 5205; x_wconf 60' lang='lat' dir='ltr'><strong>79st</strong></span> <span class='ocrx_word' id='word_1_820' title='bbox 3382 5158 3515 5208; x_wconf 64' lang='lat' dir='ltr'><strong>mum</strong></span> 
     </span>
    </p>
   </div>
   <div class='ocr_carea' id='block_1_114' title="bbox 1887 5211 3509 5278">
    <p class='ocr_par' dir='ltr' id='par_1_114' title="bbox 1887 5211 3509 5278">
     <span class='ocr_line' id='line_1_115' title="bbox 1887 5211 3509 5278; baseline 0.002 -12"><span class='ocrx_word' id='word_1_821' title='bbox 1887 5211 1907 5226; x_wconf 83' lang='grc'><strong><em>⁸</em></strong></span> <span class='ocrx_word' id='word_1_822' title='bbox 1949 5223 1997 5266; x_wconf 88' lang='lat' dir='ltr'><strong>et</strong></span> <span class='ocrx_word' id='word_1_823' title='bbox 2032 5229 2286 5268; x_wconf 79' lang='lat' dir='ltr'><strong>revertere</strong></span> <span class='ocrx_word' id='word_1_824' title='bbox 2308 5217 2378 5268; x_wconf 87' lang='lat' dir='ltr'><strong>ad</strong></span> <span class='ocrx_word' id='word_1_825' title='bbox 2406 5211 2506 5278; x_wconf 78' lang='lat' dir='ltr'><strong>tne,</strong></span> <span class='ocrx_word' id='word_1_826' title='bbox 2528 5215 2657 5267; x_wconf 83' lang='lat' dir='ltr'><strong>dicit</strong></span> <span class='ocrx_word' id='word_1_827' title='bbox 2687 5213 2962 5278; x_wconf 84' lang='lat' dir='ltr'><strong>Dominus,</strong></span> <span class='ocrx_word' id='word_1_828' title='bbox 2993 5217 3128 5271; x_wconf 88' lang='lat' dir='ltr'><strong>satis</strong></span> <span class='ocrx_word' id='word_1_829' title='bbox 3159 5229 3332 5271; x_wconf 90' lang='lat' dir='ltr'><strong>tamen</strong></span> <span class='ocrx_word' id='word_1_830' title='bbox 3361 5222 3509 5271; x_wconf 84' lang='lat' dir='ltr'><strong>luen-</strong></span> 
     </span>
    </p>
   </div>
   <div class='ocr_carea' id='block_1_115' title="bbox 1949 5285 3514 5356">
    <p class='ocr_par' dir='ltr' id='par_1_115' title="bbox 1949 5285 3514 5356">
     <span class='ocr_line' id='line_1_116' title="bbox 1949 5285 3514 5356; baseline 0.003 -21"><span class='ocrx_word' id='word_1_831' title='bbox 1949 5285 2124 5356; x_wconf 80' lang='lat' dir='ltr'><strong>lenter</strong></span> <span class='ocrx_word' id='word_1_832' title='bbox 2157 5286 2208 5338; x_wconf 90' lang='lat' dir='ltr'><strong>itt</strong></span> <span class='ocrx_word' id='word_1_833' title='bbox 2238 5287 2454 5356; x_wconf 71' lang='lat' dir='ltr'><strong>laudata</strong></span> <span class='ocrx_word' id='word_1_834' title='bbox 2485 5287 2661 5356; x_wconf 86' lang='lat' dir='ltr'><strong>epist._</strong></span> <span class='ocrx_word' id='word_1_835' title='bbox 2691 5285 3004 5356; x_wconf 31' lang='lat' dir='ltr'><strong>tradit‘suae</strong></span> <span class='ocrx_word' id='word_1_836' title='bbox 3030 5287 3142 5354; x_wconf 87' lang='lat' dir='ltr'><strong>ipse</strong></span> <span class='ocrx_word' id='word_1_837' title='bbox 3175 5290 3300 5342; x_wconf 87' lang='lat' dir='ltr'><strong>lidci</strong></span> <span class='ocrx_word' id='word_1_838' title='bbox 3333 5290 3514 5356; x_wconf 83' lang='lat' dir='ltr'><strong>jnssor</strong></span> 
     </span>
    </p>
   </div>
   <div class='ocr_carea' id='block_1_116' title="bbox 1949 5352 3508 5422">
    <p class='ocr_par' dir='ltr' id='par_1_116' title="bbox 1949 5352 3508 5422">
     <span class='ocr_line' id='line_1_117' title="bbox 1949 5352 3508 5422; baseline 0.003 -18"><span class='ocrx_word' id='word_1_839' title='bbox 1949 5352 2175 5406; x_wconf 88' lang='lat' dir='ltr'><strong>Ilieron.</strong></span> <span class='ocrx_word' id='word_1_840' title='bbox 2215 5372 2228 5412; x_wconf 88' lang='lat'><strong>:</strong></span> <span class='ocrx_word' id='word_1_841' title='bbox 2292 5371 2310 5404; x_wconf 83' lang='lat' dir='ltr'><strong>t</strong></span> <span class='ocrx_word' id='word_1_842' title='bbox 2340 5352 2612 5422; x_wconf 86' lang='lat' dir='ltr'><strong>Scriptum</strong></span> <span class='ocrx_word' id='word_1_843' title='bbox 2645 5353 2796 5420; x_wconf 78' lang='lat' dir='ltr'><strong>juxta</strong></span> <span class='ocrx_word' id='word_1_844' title='bbox 2841 5352 3166 5411; x_wconf 78' lang='lat' dir='ltr'><strong>Ilebraicatn</strong></span> <span class='ocrx_word' id='word_1_845' title='bbox 3203 5352 3508 5422; x_wconf 74' lang='lat' dir='ltr'><strong>veritatem,</strong></span> 
     </span>
    </p>
   </div>
   <div class='ocr_carea' id='block_1_117' title="bbox 1947 5423 3512 5491">
    <p class='ocr_par' dir='ltr' id='par_1_117' title="bbox 1947 5423 3512 5491">
     <span class='ocr_line' id='line_1_118' title="bbox 1947 5423 3512 5491; baseline 0.006 -16"><span class='ocrx_word' id='word_1_846' title='bbox 1947 5424 2092 5491; x_wconf 85' lang='lat' dir='ltr'><strong>quod</strong></span> <span class='ocrx_word' id='word_1_847' title='bbox 2148 5424 2199 5477; x_wconf 92' lang='lat' dir='ltr'><strong>in</strong></span> <span class='ocrx_word' id='word_1_848' title='bbox 2231 5424 2432 5479; x_wconf 63' lang='lat' dir='ltr'><strong>Graecis</strong></span> <span class='ocrx_word' id='word_1_849' title='bbox 2463 5435 2516 5476; x_wconf 91' lang='lat' dir='ltr'><strong>et</strong></span> <span class='ocrx_word' id='word_1_850' title='bbox 2546 5423 2757 5476; x_wconf 78' lang='lat' dir='ltr'><strong>Latinis</strong></span> <span class='ocrx_word' id='word_1_851' title='bbox 2783 5425 3060 5480; x_wconf 86' lang='lat' dir='ltr'><strong>codicibus</strong></span> <span class='ocrx_word' id='word_1_852' title='bbox 3094 5444 3197 5480; x_wconf 93' lang='lat' dir='ltr'><strong>non</strong></span> <span class='ocrx_word' id='word_1_853' title='bbox 3237 5429 3463 5481; x_wconf 85' lang='lat' dir='ltr'><strong>habetur</strong></span> <span class='ocrx_word' id='word_1_854' title='bbox 3494 5445 3512 5484; x_wconf 82' lang='lat'><strong>:</strong></span> 
     </span>
    </p>
   </div>
   <div class='ocr_carea' id='block_1_118' title="bbox 1948 5493 3502 5561">
    <p class='ocr_par' dir='ltr' id='par_1_118' title="bbox 1948 5493 3502 5561">
     <span class='ocr_line' id='line_1_119' title="bbox 1948 5493 3502 5561; baseline 0.003 -17"><span class='ocrx_word' id='word_1_855' title='bbox 1948 5502 2122 5546; x_wconf 85' lang='lat' dir='ltr'><strong>tamen</strong></span> <span class='ocrx_word' id='word_1_856' title='bbox 2157 5504 2475 5560; x_wconf 73' lang='lat' dir='ltr'><strong>convertere,</strong></span> <span class='ocrx_word' id='word_1_857' title='bbox 2509 5505 2555 5545; x_wconf 84' lang='lat' dir='ltr'><strong>et</strong></span> <span class='ocrx_word' id='word_1_858' title='bbox 2585 5493 2866 5560; x_wconf 79' lang='lat' dir='ltr'><strong>suscipiam</strong></span> <span class='ocrx_word' id='word_1_859' title='bbox 2913 5506 2984 5561; x_wconf 82' lang='lat' dir='ltr'><strong>te,</strong></span> <span class='ocrx_word' id='word_1_860' title='bbox 3018 5499 3145 5550; x_wconf 80' lang='lat' dir='ltr'><strong>dicit</strong></span> <span class='ocrx_word' id='word_1_861' title='bbox 3195 5498 3502 5549; x_wconf 61' lang='lat' dir='ltr'><strong>nominata</strong></span> 
     </span>
    </p>
   </div>
   <div class='ocr_carea' id='block_1_119' title="bbox 1945 5561 3506 5635">
    <p class='ocr_par' dir='ltr' id='par_1_119' title="bbox 1945 5561 3506 5635">
     <span class='ocr_line' id='line_1_120' title="bbox 1945 5561 3506 5635; baseline 0.002 -21"><span class='ocrx_word' id='word_1_862' title='bbox 1945 5561 2131 5629; x_wconf 80' lang='lat' dir='ltr'><strong>Neque</strong></span> <span class='ocrx_word' id='word_1_863' title='bbox 2191 5568 2325 5618; x_wconf 88' lang='lat' dir='ltr'><strong>adeo</strong></span> <span class='ocrx_word' id='word_1_864' title='bbox 2379 5575 2600 5630; x_wconf 88' lang='lat' dir='ltr'><strong>temere,</strong></span> <span class='ocrx_word' id='word_1_865' title='bbox 2632 5567 2847 5632; x_wconf 87' lang='lat' dir='ltr'><strong>opinor,</strong></span> <span class='ocrx_word' id='word_1_866' title='bbox 2885 5565 2935 5617; x_wconf 92' lang='lat' dir='ltr'><strong>in</strong></span> <span class='ocrx_word' id='word_1_867' title='bbox 2971 5567 3185 5632; x_wconf 83' lang='lat' dir='ltr'><strong>aliquod</strong></span> <span class='ocrx_word' id='word_1_868' title='bbox 3244 5567 3506 5635; x_wconf 66' lang='lat' dir='ltr'><strong>iiietony-</strong></span> 
     </span>
    </p>
   </div>
   <div class='ocr_carea' id='block_1_120' title="bbox 1947 5635 3509 5703">
    <p class='ocr_par' dir='ltr' id='par_1_120' title="bbox 1947 5635 3509 5703">
     <span class='ocr_line' id='line_1_121' title="bbox 1947 5635 3509 5703; baseline 0.005 -17"><span class='ocrx_word' id='word_1_869' title='bbox 1947 5635 2139 5686; x_wconf 76' lang='lat' dir='ltr'><strong>ntiamc</strong></span> <span class='ocrx_word' id='word_1_870' title='bbox 2197 5636 2362 5703; x_wconf 84' lang='lat' dir='ltr'><strong>ipsius</strong></span> <span class='ocrx_word' id='word_1_871' title='bbox 2421 5635 2686 5690; x_wconf 86' lang='lat' dir='ltr'><strong>versionis</strong></span> <span class='ocrx_word' id='word_1_872' title='bbox 2743 5636 3018 5690; x_wconf 77' lang='lat' dir='ltr'><strong>codicibus</strong></span> <span class='ocrx_word' id='word_1_873' title='bbox 3052 5651 3114 5690; x_wconf 89' lang='lat' dir='ltr'><strong>ea</strong></span> <span class='ocrx_word' id='word_1_874' title='bbox 3154 5651 3312 5693; x_wconf 75' lang='lat' dir='ltr'><strong>verba</strong></span> <span class='ocrx_word' id='word_1_875' title='bbox 3362 5639 3509 5694; x_wconf 84' lang='lat' dir='ltr'><strong>iuse-</strong></span> 
     </span>
    </p>
   </div>
   <div class='ocr_carea' id='block_1_121' title="bbox 1949 5717 2163 5762">
    <p class='ocr_par' dir='ltr' id='par_1_121' title="bbox 1949 5717 2163 5762">
     <span class='ocr_line' id='line_1_122' title="bbox 1949 5717 2163 5762; baseline 0.019 -4"><span class='ocrx_word' id='word_1_876' title='bbox 1949 5717 2163 5762; x_wconf 74' lang='lat' dir='ltr'><strong>IUIIIUI&#39;.</strong></span> 
     </span>
    </p>
   </div>
  </div>
