3950 6180
329 4614 332 4615 ν
403 4708 409 4714 η
487 4637 678 4692 salutis
732 4649 854 4708 post
892 4614 1307 4698 fornicationem
1354 4645 1594 4699 ostendit
1629 4649 1775 4701 viam
1829 4663 1844 4703 :

527 274 629 336 727

1711 294 1771 358 S.
1817 298 2129 362 EUSEBII
2174 305 2611 371 IIIERONYMI
3624 335 3706 400 7‘23

519 391 774 448 dentibus
842 395 910 451 de
961 395 1262 456 Jerusalem
1309 402 1358 458 in
1406 403 1624 462 Jericho
1653 409 1870 464 obsidet
1921 412 2036 466 vias
2077 431 2093 482 ;
2131 427 2170 478 Α
2201 419 2504 473 aversatrix
2571 421 2784 476 Israel?
2846 424 2993 482 Abiit
3051 430 3271 488 sibimet
3327 449 3481 505 super
3536 455 3704 498 omnem

519 485 677 574 cuius
736 486 814 542 rei
868 497 922 543 et
979 491 1242 550 Dominus
1307 497 1360 551 in
1425 497 1716 571 Evangelio
1768 505 2096 560 recordatur

520 575 674 641 (Luc.
710 578 788 646 x).
834 580 997 638 Eleva
1025 585 1191 656 igitur
1219 589 1410 646 oculos
1442 599 1586 655 tuos,
1616 609 1649 648 ο
1675 593 2003 663 Jerusalem,
2041 609 2094 654 et

430 689 433 692 ·
520 668 626 724 hnc
657 671 890 741 illucque
914 676 1294 748 circumspice,
1332 693 1385 736 et
1426 685 1548 740 vide
1579 687 1670 742 ubi
1708 705 1813 745 non
1845 689 2090 747 fornica-

518 761 665 817 tione
745 779 1016 834 prostrata
1103 773 1203 828 sis.
1289 775 1572 841 Quomodo
1634 780 1779 835 enirn
1853 783 2091 840 latrones

517 851 694 906 Solent
730 856 796 910 ad
829 873 1110 928 vesperam
1142 871 1196 917 et
1243 864 1294 918 in
1332 866 1567 922 desertis
1621 869 1752 925 locis
1786 873 2089 930 viatoribus

515 945 744 1003 insidias
779 952 999 1006 tendere
1034 971 1048 1007 :
1078 954 1159 1009 sic
1197 966 1250 1009 tn
1284 958 1439 1026 juxta
1475 960 1820 1017 fornicariam
1858 967 2090 1022 Prover-

515 1037 754 1108 biorurn,
789 1044 1020 1099 sedebas
1058 1047 1110 1100 in
1137 1048 1238 1102 viis
1261 1051 1325 1104 ad
1348 1067 1658 1121 vesperam,
1690 1067 1746 1108 ut
1792 1061 2087 1115 concubitu

515 1145 608 1190 tuo
661 1137 873 1194 animas
920 1139 1260 1199 interﬁceres
1293 1144 1678 1203 fornicantium
1710 1149 1900 1218 (Prov.
1934 1154 2030 1226 vn)
2071 1172 2084 1214 :

509 1238 729 1295 propter
760 1233 903 1299 quod
939 1234 1197 1289 universa
1233 1247 1378 1292 terra
1416 1240 1618 1308 polluta
1653 1252 1734 1298 est
1765 1244 1818 1299 in
1849 1245 2087 1302 fornica-

511 1319 750 1376 tionibus
805 1323 913 1378 tuis
973 1325 1191 1394 (Jerem.
1229 1330 1334 1399 ιιι).
1397 1329 1887 1404 Significanterque
1929 1337 2084 1404 juxta

507 1427 789 1482 anagogen
843 1416 928 1470 bis
990 1420 1080 1487 qui
1123 1421 1410 1476 hmreticos
1470 1439 1687 1480 errores
1727 1427 1980 1486 deserere
2024 1446 2085 1488 se

509 1506 852 1572 promittunt,
887 1512 1198 1580 praecipitur
1216 1525 1276 1570 ut
1299 1516 1476 1572 levent
1503 1522 1690 1574 oculos
1723 1521 1773 1576 in
1796 1509 2083 1582 directum.

504 1595 618 1654 Nisi
649 1600 794 1654 enim
829 1613 973 1658 recta
1008 1605 1190 1660 videre
1235 1611 1524 1680 coeperint,
1560 1614 1880 1681 pravitatem
1905 1618 2086 1685 pristi-

506 1703 629 1741 nam
655 1689 918 1747 damnare
948 1710 1056 1748 non
1087 1707 1334 1764 possunt.

2198 519 2440 563 montem
2463 513 2764 580 excelsum,
2793 526 2844 572 et
2870 517 3065 576 subter
3112 536 3272 579 omne
3308 528 3495 596 lignum
3527 530 3704 589 frondo-

2196 613 2338 664 snm,
2368 610 2419 654 et
2478 602 2742 660 fornicata
2794 617 2881 664 est
2928 609 3025 667 ibi.
3079 612 3146 667 Et
3177 615 3311 684 dixi,
3337 634 3489 688 quum
3531 623 3705 682 fecisset

2197 687 2307 743 haec
2336 693 2516 746 omnia
2543 695 2660 748 :Ad
2691 711 2778 750 me
2812 711 3154 772 convertere,
3187 714 3242 761 et
3273 687 3376 763 non
3403 719 3479 764 est
3509 727 3702 770 reversa.

2195 776 2260 833 Et
2303 779 2451 872 vidit
2485 787 2890 851 praevaricatrix
2937 805 3097 848 soror
3153 795 3270 865 ejus
3299 798 3450 862 Juda,
3485 805 3594 871 quia
3631 821 3703 872 pro

2191 883 2278 931 eo,
2311 871 2456 940 quod
2508 882 2777 933 mmchata
2828 881 3268 943 est‘aversatrix
3321 871 3704 958 lsrael,dimisis-

2193 975 2306 1016 sem
2343 978 2488 1029 eam,
2519 976 2574 1018 et
2608 967 2887 1026 dedissem
2916 975 2964 1028 ei
3003 976 3248 1033 libellum
3283 985 3502 1051 repurlii,
3535 995 3582 1039 et
3621 1004 3701 1042 non

2193 1054 2373 1108 timuit
2415 1060 2826 1124 praevaricatrix
2850 1063 2991 1121 Juda
3038 1083 3197 1125 soror
3239 1074 3376 1143 ejus,
3403 1077 3488 1130 sed
3516 1077 3626 1132 abiit
3663 1093 3702 1134 et

2192 1143 2460 1202 fornicata
2508 1160 2591 1233 est
2636 1156 2802 1210 etiam
2840 1157 2978 1228 ipsa,
3017 1172 3074 1216 et
3104 1163 3365 1221 facilitate
3393 1167 3408 1198 ¹
3439 1168 3700 1227 fornicatio-

2192 1240 2274 1292 nis
2304 1256 2416 1296 sua:
2453 1247 2848 1304 contaminavit
2880 1260 3103 1318 terram,
3139 1266 3195 1311 et
3227 1260 3482 1314 tumclrata
3510 1270 3581 1317 est
3607 1279 3700 1319 cum

2191 1330 2370 1398 lapide
2406 1341 2460 1388 et
2487 1334 2633 1405 ligno
2667 1353 2680 1390 :
2716 1348 2770 1392 et
2804 1341 2854 1395 in
2886 1345 3144 1400 omnibus
3167 1347 3253 1402 his
3285 1364 3388 1403 non
3421 1359 3499 1406 est
3529 1368 3699 1407 reversa

2189 1422 2254 1472 ad
2300 1437 2386 1476 me
2413 1429 2819 1492 praevaricatrix
2851 1447 3012 1488 soror
3045 1436 3166 1506 ejus
3204 1436 3340 1491 Juda
3369 1440 3420 1494 in
3451 1450 3552 1496 toto
3572 1443 3701 1498 corde

2189 1525 2310 1578 suo,
2352 1517 2445 1570 sed
2476 1516 2536 1571 in
2579 1521 2889 1587 mendacio,
2923 1527 2996 1579 ait
3020 1527 3300 1585 Dominus.
3327 1549 3346 1583 ι
3375 1533 3590 1588 Aliorum
3615 1543 3700 1589 tor-

2191 1615 2404 1671 menta,
2434 1609 2668 1666 aliorum
2707 1616 2946 1671 remedia
2976 1629 3125 1676 sunt.
3149 1620 3390 1693 Cumque
3416 1625 3699 1692 puniturer-

2191 1697 2410 1764 rnicida,
2453 1703 2646 1772 recipit
2694 1707 2914 1775 quidem
2952 1711 3070 1780 ipse
3125 1715 3272 1781 quod
3327 1714 3484 1780 fecit;
3513 1718 3688 1772 sedatii

577 1780 847 1849 (Vers.‘2,
902 1787 982 1854 3.)
1052 1789 1164 1843 «Et
1227 1790 1470 1859 polluisti
1539 1795 1665 1860 (sive
1732 1795 2069 1868 interfecisti]

2185 1787 2536 1848 deterrentur
2558 1810 2586 1848 a
2618 1797 2846 1855 scelere.
2888 1801 3079 1856 Decem
3117 1803 3286 1873 igitur
3308 1813 3311 1815 '
3333 1807 3582 1871 tribubus,
3608 1824 3698 1876 qua

505 1883 704 1928 terram
744 1876 1198 1935 fornicationibus
1232 1883 1361 1944 tnis,
1409 1892 1464 1937 et
1517 1884 1570 1938 in
1611 1887 1771 1941 malis
1811 1888 1925 1943 sutis
1961 1887 2074 1960 [ΑΙ.

505 1969 556 2020 in
585 1968 830 2042 malitiis]
865 1987 878 2023 :
914 1974 1271 2039 quamobrem
1297 1976 1582 2041 prohihitae
1609 1990 1736 2031 sunt
1775 1980 1932 2034 stillae
1963 1982 2081 2048 plu-

502 2059 734 2122 Viarum.
767 2071 821 2115 et
844 2063 1118 2119 serotinns
1160 2065 1333 2120 imber
1374 2083 1482 2122 non
1517 2069 1766 2138 fuit(sire
1795 2083 1849 2125 et
1885 2074 2080 2128 habui-

502 2153 572 2205 Sti
609 2161 858 2220 pastores
888 2157 1087 2212 multos
1123 2159 1175 2210 in
1217 2158 1570 2215 offensionem
1600 2164 1756 2228 tui).r
1787 2165 2080 2222 lnterfecra

501 2257 582 2301 est
605 2257 772 2312 terra,
792 2247 907 2303 sive
923 2249 1152 2319 polluta,
1173 2267 1393 2324 propter
1410 2255 1846 2311 interfectionem
1865 2273 2076 2324 eorum,

500 2343 595 2410 qui
630 2343 957 2402 idololatria
984 2347 1344 2404 fornicatione
1379 2352 1675 2422 perierunt.
1715 2351 1874 2406 Unde
1897 2352 2089 2433 ablata

498 2443 584 2485 est
619 2436 860 2489 omnium
893 2437 1204 2494 benedictio
1241 2456 1441 2504 rerum,
1485 2454 1543 2495 ut
1579 2452 1893 2511 paterentur
1915 2446 2079 2501 sicci-

501 2534 662 2578 tatem
717 2530 989 2584 sermonis
1053 2530 1171 2586 Dei.
1227 2532 1354 2588 Sive
1404 2533 1593 2588 habuit
1647 2544 1916 2604 pastores,
1983 2551 2078 2605 per

501 2636 638 2687 quos
666 2621 969 2679 offenderet
993 2623 1158 2678 Deum
1184 2644 1200 2692 ;
1241 2638 1294 2680 nr
1320 2629 1410 2697 qui
1441 2631 1688 2697 magistri
1720 2646 1842 2686 esse
1879 2632 2079 2688 debue-

504 2724 645 2776 rant,
680 2724 740 2771 ut
779 2718 916 2772 alios
943 2718 1010 2772 ab
1033 2719 1202 2790 853
1249 2736 1439 2778 errore
1477 2722 1857 2792 prohiberent,
1893 2734 2076 2780 aucto-

501 2823 586 2860 res
629 2808 925 2876 impietatis
955 2811 1290 2866 exstiterint.

573 2916 590 2945 ι
618 2897 792 2953 Frons
818 2899 1062 2954 mulieris
1083 2905 1387 2961 meretricis
1416 2905 1555 2962 facta
1587 2915 1670 2963 est
1697 2908 1815 2974 tibi,
1845 2909 2073 2965 noluisti

496 2988 842 3044 erubescere.
877 3011 894 3042 ι
929 2991 1100 3048 LXX:
1159 3013 1177 3045 ι
1207 2994 1399 3052 Facies
1461 2999 1769 3054 meretricis
1799 2998 1939 3055 facta
1989 3010 2071 3054 est

2187 1881 2602 1948 appellabantur
2627 1877 2795 1959 859
2831 1890 3021 1957 lsrael,
3047 1895 3224 1964 captis
3256 1895 3325 1951 ab
3353 1897 3585 1969 Assyriis,
3616 1900 3696 1954 lle-

2185 1971 2438 2042 dianrque
2459 1979 2736 2037 translatis
2761 1981 2813 2052 (I
2831 1981 2868 2036 V
2889 1983 3018 2054 Reg.
3036 1987 3194 2059 uti),
3217 1992 3334 2044 dua:
3350 1989 3640 2045 tribusJuda
3657 2002 3696 2045 et

2186 2060 2498 2134 Benjarnin,
2532 2083 2654 2138 quae
2715 2071 3019 2130 debuerant
3075 2078 3274 2133 similia
3341 2080 3618 2147 formidare,
3656 2092 3694 2137 et

2189 2163 2300 2208 tota
2337 2158 2404 2212 ad
2439 2161 2606 2216 Deum
2644 2174 2826 2222 mente
2852 2172 3124 2238 converti,
3161 2173 3406 2229 vicerunt
3440 2174 3599 2230 decem
3625 2174 3696 2228 tri-

2183 2246 2344 2302 buum
2371 2252 2576 2308 scelera
2607 2272 2623 2310 :
2653 2267 2708 2312 et
2739 2259 2795 2313 in
2832 2269 3042 2316 tantum
3099 2262 3245 2319 idola
3292 2277 3415 2319 sunt
3440 2273 3628 2329 secutae,
3653 2276 3696 2318 ut

2183 2339 2235 2392 in
2271 2343 2472 2412 templo
2513 2344 2606 2401 Dei
2635 2355 2874 2405 statuam
2905 2352 3033 2407 Baal
3073 2367 3365 2423 ponerent,
3397 2371 3507 2426 qua:
3528 2356 3574 2410 in
3596 2355 3696 2408 Eze-

2178 2431 2319 2486 clriel
2369 2447 2597 2492 vocatur
2645 2439 2878 2509 idolum,
2918 2446 2986 2499 ad
3022 2447 3201 2502 zelum
3249 2458 3302 2502 et
3353 2445 3691 2503 aemulationem

2182 2521 2395 2580 Domini
2453 2531 2780 2588 coltocatum
2811 2534 3029 2604 (Ezeclr.
3060 2537 3207 2610 mi).
3247 2539 3500 2610 Loquitur
3548 2549 3692 2592 autem

2178 2616 2279 2668 srrb
2325 2615 2493 2686 figura
2553 2622 2786 2678 duarum
2848 2641 3126 2695 sororum,
3159 2633 3284 2700 quia
3344 2632 3409 2686 de
3465 2647 3558 2687 una
3598 2638 3694 2685 ειιηι

2177 2710 2474 2779 Abraham,
2505 2713 2681 2783 lsaac,
2717 2726 2772 2771 et
2805 2715 2974 2774 Jacob
3005 2723 3180 2791 stirpe
3206 2734 3482 2792 generatae,
3511 2733 3558 2777 et
3581 2722 3695 2792 prio-

2179 2818 2293 2858 rem
2321 2807 2738 2872 aversatricem,
2778 2821 3098 2877 sequentem
3135 2814 3600 2881 prmvaricatricern
3623 2825 3692 2862 vo-

2177 2903 2288 2948 cat.
2320 2894 2417 2950 illa
2445 2897 2589 2950 enim
2626 2896 2793 2953 Deum
2845 2900 3066 2968 penitus
3119 2914 3368 2958 aversata
3415 2913 3508 2967 est,
3549 2902 3690 2956 statim

2175 2985 2416 3041 adoratis
2449 2989 2500 3042 in
2535 2989 2718 3044 Danet
2751 2990 2937 3046 Bctlrel
2971 2993 3156 3048 vitulis
3177 2977 3378 3050 an‘reis.
3408 2995 3501 3048 Ista
3529 3002 3690 3053 autern,

496 3080 593 3136 tibi
634 3098 649 3136 :
686 3082 805 3138 sine
834 3085 1034 3137 rubore
1064 3085 1207 3140 facta
1248 3101 1306 3142 es
1336 3088 1403 3142 ad
1427 3104 1674 3144 omnes.)
1730 3090 1866 3157 Quia
1909 3108 2066 3160 supra

2179 3079 2316 3144 apud
2343 3091 2506 3146 quam
2532 3087 2649 3132 erat
2679 3081 2940 3151 templum
2966 3091 3020 3138 et
3055 3084 3176 3139 veri
3207 3086 3300 3140 Dei
3335 3085 3526 3154 religio,
3549 3083 3691 3135 inrita-

496 3187 636 3240 «σαν.
673 3187 735 3238 ιι,
767 3191 902 3230 vers.
941 3176 1031 3245 35)
1082 3177 1332 3236 dixerat:
1370 3179 1492 3235 Non
1521 3187 1752 3250 peccavi,
1805 3195 1858 3239 et
1899 3187 2071 3253 magis

499 3275 819 3335 peccaverat
864 3282 958 3322 sua
1013 3270 1220 3324 scelera
1277 3273 1644 3343 denegando:
1687 3276 1892 3330 idcirco
1930 3294 2074 3333 nunc

497 3359 673 3427 arguit
694 3358 848 3427 quasi
883 3359 1163 3416 mulierem
1193 3378 1477 3432 procacem
1515 3376 1571 3421 et
1594 3368 1772 3422 nimiae
1796 3370 2073 3437 impuden-

496 3447 583 3501 tize.
613 3464 626 3502 :
668 3459 724 3503 ut
754 3465 860 3504 non
892 3453 959 3505 ad
995 3467 1160 3507 unum
1186 3465 1238 3509 et
1283 3456 1514 3512 alterum
1551 3461 1770 3527 procaci
1798 3462 1951 3515 vultu
1988 3461 2074 3517 fe-

496 3548 666 3603 ratur,
698 3543 791 3597 sed
822 3542 1023 3598 mrllum
1053 3549 1357 3603 erubescat.
1427 3550 1657 3604 Utamur
1684 3553 1789 3606 hoc
1821 3568 2072 3608 sermone

497 3632 786 3690 adversum
822 3637 1201 3694 btereticorum
1263 3640 1709 3709 conciliabulum,
1749 3645 1839 3715 qui
1869 3646 1919 3698 in
1956 3647 2072 3701 suis

493 3727 773 3782 erroribus
791 3727 1116 3797 gloriantur.

564 3820 746 3888 (Vers.
780 3821 836 3883 4.
873 3821 952 3889 5.)
1027 3841 1046 3875 ι
1078 3823 1220 3892 Ergo
1279 3825 1472 3881 saltem
1521 3827 1716 3883 amodo
1770 3843 1900 3882 voca
1959 3843 2066 3892 me,

494 3912 656 3966 Patr-r
698 3929 872 3979 meus,
912 3915 1019 3970 dux
1053 3917 1385 3988 virginitatis
1439 3935 1572 3975 mete
1599 3935 1657 3975 es
1683 3929 1734 3976 tu
1762 3939 1775 3974 :
1809 3923 2068 3992 numquid

493 4005 747 4064 irasceris
773 4007 826 4062 in
856 4019 1202 4079 perpetuum,
1231 4023 1321 4066 aut
1348 4016 1724 4080 perseverabis
1747 4014 1800 4068 in
1826 4015 1984 4070 finem
2011 4017 2062 4069 ?r

490 4095 828 4152 Erubescant
856 4098 1096 4156 haeretici
1119 4104 1206 4170 qni
1231 4105 1420 4159 nolunt
1451 4105 1516 4156 ad
1541 4105 1763 4161 meliora
1794 4110 2064 4173 converti,

491 4201 589 4240 nec
625 4187 835 4254 regredi
867 4189 935 4244 ad
962 4189 1177 4246 Patrem
1196 4193 1514 4248 Creatorem
1539 4209 1718 4258 suum,
1738 4205 1788 4250 et
1809 4198 2065 4252 audiant:

489 4274 695 4329 Saltem
721 4278 912 4332 atnodo
949 4296 1076 4335 voca
1106 4297 1205 4344 me,
1235 4281 1398 4338 Pater
1423 4299 1568 4338 meus
1597 4285 1710 4339 dua:
1744 4285 2065 4356 rirgim'talis

490 4383 619 4421 meae
648 4383 701 4420 es
723 4380 801 4422 tu.
835 4368 956 4440 ipse
995 4371 1286 4442 despondit
1322 4374 1562 4448 animam
1589 4385 1828 4430 vestram
1861 4376 2067 4446 ample-

2180 3169 2324 3222 rione
2379 3185 2672 3236 germanae,
2705 3174 2961 3239 patdatirn
3006 3177 3235 3232 recessit
3284 3193 3312 3230 a
3366 3175 3568 3230 Domino
3601 3169 3690 3240 (ΙΙΙ

2179 3259 2309 3330 Rr-g.
2347 3261 2464 3330 xu).
2502 3262 2565 3316 Et
2632 3263 2839 3320 ideirco
2880 3269 3289 3336 praevaricatrix
3330 3272 3350 3302 ³
3397 3267 3589 3323 dicitur.
3613 3264 3692 3318 Se-

2175 3350 2413 3405 cundum
2453 3368 2732 3424 anagogen
2776 3367 2956 3412 autem
3007 3360 3076 3413 de
3137 3361 3406 3416 bareticis
3449 3356 3685 3430 prophetia

2173 3451 2256 3495 est
2293 3458 2307 3495 :
2346 3442 2437 3511 qui
2484 3443 2604 3498 falsi
2633 3447 2872 3503 nominis
2905 3449 3192 3505 scientiam
3223 3453 3347 3506 dum
3378 3466 3435 3508 se
3472 3449 3694 3502 arbitran-

2175 3546 2263 3587 tur
2294 3533 2549 3590 haeretica
2580 3538 2883 3608 Sphtilitate
2921 3544 3147 3608 sectari,
3176 3544 3469 3598 ascendunt
3496 3547 3689 3594 mentem

2174 3626 2444 3692 Superbia:
2479 3645 2493 3681 :
2529 3637 2586 3683 et
2635 3632 2820 3687 carnis
2863 3632 3027 3702 hujus
3081 3635 3444 3704 voluptatibus
3482 3629 3690 3689 deliniri,

2172 3719 2273 3771 Sub
2299 3720 2445 3774 omni
2472 3720 2618 3791 ligno
2653 3720 2912 3778 frondoso
2942 3734 2996 3780 et
3026 3742 3246 3781 amoeno
3274 3733 3535 3796 exponunt
3557 3721 3690 3774 ferui-

2171 3811 2440 3864 cationem
2474 3826 2651 3866 suam.
2690 3812 2792 3879 Qui
2826 3829 2948 3868 cum
2985 3818 3275 3872 tradantur
3309 3816 3510 3871 diabolo
3549 3814 3594 3866 in
3624 3811 3686 3860 in-

2175 3902 2391 3957 teritum
2421 3905 2625 3970 carnis,
2655 3903 2973 3975 frequenter
3025 3910 3233 3978 evenit,
3268 3921 3325 3964 ut
3357 3912 3530 3963 domus
3554 3901 3685 3964 ludat,

2170 3994 2222 4048 id
2259 4005 2361 4059 est,
2400 3996 2750 4066 confessionis
2774 4009 2844 4076 et
2867 4015 3012 4055 verae
3053 4001 3201 4068 lidei,
3261 4013 3574 4070 nequaquam
3604 4007 3668 4048 ter

2173 4096 2355 4142 reatur
2401 4091 2675 4165 exemplo,
2713 4098 2807 4147 sed
2856 4093 3029 4148 multo
3064 4096 3274 4166 majora
3313 4092 3621 4154 committat;
3646 4093 3688 4139 et

2167 4179 2427 4235 facilitate
2454 4181 2834 4240 fornicationis
2874 4201 2988 4240 suae
3020 4191 3360 4243 contaminet
3395 4197 3573 4242 terrain
3606 4176 3687 4232 Ec-

2167 4273 2372 4337 clesiae,
2397 4274 2703 4350 muniretur
2757 4289 2879 4330 cum
2918 4277 3098 4346 lapide
3132 4278 3185 4332 in
3221 4279 3387 4348 ligno,
3409 4292 3467 4331 ca
3498 4282 3686 4341 sequens

2168 4361 2442 4429 dogmata,
2468 4377 2591 4434 quae
2625 4366 2942 4423 adversaria
2988 4366 3100 4424 Deo
3129 4379 3278 4426 sunt.
3313 4368 3402 4424 Sin
3431 4375 3588 4420 autem
3621 4371 3686 4412 et-

488 4455 792 4522 xihnssnis,
816 4467 870 4514 et
901 4460 1059 4515 docet
1086 4464 1357 4530 quomodo
1381 4479 1540 4520 orare
1571 4464 1788 4532 delicat,
1821 4473 1879 4520 et
1902 4481 2062 4538 agere.
2095 4465 2138 4522 υ
2169 4454 2509 4513 cleslasticus
2540 4456 2624 4512 vir
2663 4459 2942 4530 corrigere
2969 4461 3204 4516 volrrerit
3229 4472 3508 4524 errantem,
3541 4464 3586 4510 et
3606 4467 3685 4522 pu-

490 4547 894 4614 paznitentiam.
955 4550 1170 4616 Quanto
1223 4564 1406 4608 autem
1461 4554 1549 4610 ille
1577 4553 1928 4622 clementior,
1967 4559 2060 4626 qui

1911 4656 2064 4705 tanto

490 4731 747 4788 miserior
773 4734 1057 4802 meretrix,
1075 4749 1198 4806 quae.
1224 4751 1333 4793 non
1361 4735 1477 4792 vrrlt
1504 4748 1630 4809 post
1665 4739 1886 4796 vulnera
1923 4741 2063 4797 rcci-

488 4835 616 4888 psre
648 4823 967 4883 sanitatem.

568 4937 586 4970 ι
618 4919 756 4976 Ecce
810 4921 988 4978 locuta
1045 4937 1127 4990 es,
1159 4931 1212 4978 et
1244 4922 1416 4979 fecisti
1449 4924 1615 4990 mala,
1671 4935 1727 4981 et
1770 4929 2053 4997 potuisti,»

485 5012 591 5066 Pro
622 5015 798 5069 verbis
822 5017 1181 5084 poenitentiae,
1214 5017 1394 5073 verbis
1423 5017 1697 5088 superbiat
1722 5018 2062 5090 blasphema-

484 5105 552 5159 sti
581 5113 636 5160 et
663 5107 901 5176 implesti
933 5111 1320 5181 cogitationem
1358 5120 1504 5166 tuam
1538 5111 1757 5178 malam,
1790 5122 1845 5167 et
1874 5125 2061 5188 osten-

484 5195 616 5251 disti
666 5209 854 5253 contra
908 5201 1083 5256 virum
1136 5201 1512 5258 fortitudinem
1570 5215 1739 5270 tuam,
1781 5216 1838 5259 ut
1883 5208 2061 5275 possis

485 5285 667 5341 facere
703 5292 846 5356 quod
885 5305 1136 5346 sermone
1165 5293 1432 5348 tractasti.

555 5376 737 5447 (Vers.
760 5378 792 5433 6
815 5381 994 5451 seqq.)
1033 5401 1050 5434 ι
1079 5381 1142 5438 Et
1182 5384 1318 5439 dixit
1350 5384 1614 5440 Dorninns
1639 5387 1706 5440 ad
1735 5400 1820 5442 me
1850 5387 1903 5440 in
1935 5385 2054 5440 die-

485 5467 586 5526 bus
640 5469 802 5527 Josite
865 5473 1009 5543 regis
1054 5490 1068 5527 :
1107 5473 1380 5546 Numquid
1431 5479 1638 5543 vidisti,
1692 5495 1814 5548 quae
1870 5477 2061 5535 fecerit

560 5676 576 5749 ξ
600 5673 717 5749 Duo
751 5692 901 5749 mss"
931 5688 982 5732 et
1011 5679 1319 5749 dilﬁcultate
1345 5681 1739 5749 fornicationis.

557 5744 578 5774 '
613 5742 764 5801 Unus
789 5747 1044 5813 Cisterc.,
1067 5742 1271 5804 idcirco
1300 5742 1808 5817 comprccvoricatrix
1841 5751 2054 5806 dicitur.

2169 4546 2339 4601 tridas
2365 4562 2617 4605 resecare
2643 4565 2860 4616 carnes,
2883 4562 2937 4606 et
2967 4554 3032 4606 ad
3059 4557 3424 4623 paenitentiam
3455 4548 3684 4605 retrahere

2167 4648 2264 4689 eos
2298 4636 2390 4706 qui
2422 4641 2593 4693 secuti
2647 4639 2853 4696 fuerint
2887 4641 3184 4698 falsitatem
3224 4665 3237 4700 :
3283 4661 3346 4700 ac
3385 4637 3682 4698 nihilominus

2167 4725 2246 4781 illi
2281 4729 2384 4782 sub
2415 4731 2596 4798 specie
2633 4730 3030 4788 Ecclesiastica:
3059 4737 3306 4791 veritatis
3336 4735 3588 4804 antiquum
3607 4740 3679 4781 se-

2166 4831 2408 4889 quantur
2441 4838 2708 4890 errorem,
2745 4825 2849 4880 dici
2894 4837 3075 4898 potest
3123 4829 3189 4885 de
3245 4831 3326 4885 his
3354 4847 3367 4883 :
3397 4826 3458 4880 In
3479 4820 3679 4878 omni“!

2167 4931 2273 4968 non
2318 4926 2391 4970 est
2450 4933 2653 4971 reversa
2708 4920 2778 4973 ad
2819 4936 2899 4974 me
2931 4925 3327 4990 praevaricatria‘.
3391 4911 3678 4979 soror’ejtu

2168 5004 2312 5060 ludo
2339 5007 2392 5059 in
2428 5017 2538 5063 toto
2572 5011 2732 5064 corde
2759 5028 2878 5077 suo,
2905 5015 2994 5066 sed
3019 5014 3072 5068 in
3110 5015 3396 5068 mendacio.
3430 5009 3505 5063 Fit
3531 5013 3678 5059 autem

2167 5099 2281 5154 bace
2309 5104 2592 5170 prolihetia
2642 5101 2808 5159 Josite
2853 5107 3214 5176 ternporibns,
3263 5107 3397 5176 regis
3436 5099 3571 5173 justi,
3596 5093 3678 5150 sub

2165 5206 2274 5262 quo
2297 5189 2564 5248 .Ierernias
2586 5209 2814 5250 exorsus
2849 5207 2931 5251 est
2955 5200 3295 5268 prophetare.

2238 5281 2417 5352 (Vers.
2445 5285 2556 5355 ll.)
2591 5305 2610 5338 ι
2641 5287 2708 5340 Ει
2735 5287 2875 5342 dixit
2914 5289 3175 5345 Dominus
3202 5292 3264 5344 ad
3292 5304 3373 5346 me
3405 5304 3418 5345 :
3446 5279 3676 5341 Justitlca-

2163 5376 2242 5430 vit
2299 5377 2539 5432 animam
2570 5393 2726 5434 suam
2769 5383 3072 5437 aversatrix
3115 5383 3277 5438 Israel
3327 5373 3675 5448 comparatione

2165 5470 2621 5539 praevaricatricis
2676 5470 2835 5528 Iuda.
2869 5492 2886 5526 ι
2921 5473 3146 5539 Justior,
3187 5475 3374 5545 inquit,
3421 5478 3496 5526 est
3537 5458 3673 5521 Israel

2234 5677 2252 5708 ³
2292 5677 2419 5732 Dum
2452 5695 2608 5734 voces
2643 5697 2797 5735 soror
2821 5681 2958 5750 ejus,
2989 5684 3185 5738 desunt
3229 5682 3280 5738 in
3314 5675 3540 5738 omnibus
3572 5664 3674 5724 Ιησ-

2166 5750 2353 5803 rentia:
2380 5751 2783 5821 exemplaribus
2821 5753 3060 5808 Vit-torio
3097 5763 3250 5811 teste.
