3950 6180
289 273 398 340 ’129

851 277 1337 343 COMMENTAR.
1389 285 1473 346 IN
1509 283 1917 346 IEREMIAM
1957 287 2432 350 PROPHETAM
2471 288 2620 350 LIB.
2670 287 2720 361 l,
2759 287 2917 356 CAP.
2962 287 3083 352 ΙΙΙ.

3449 285 3557 349 730

291 398 710 463 comparatione
751 394 905 453 Judte
939 417 952 454 :
982 399 1108 469 quia
1140 399 1234 454 illa
1275 401 1459 454 statim
1504 402 1557 454 in
1609 401 1878 469 principio
1905 406 1950 461 Α
1980 403 2156 468 mitte,
2189 413 2246 459 ut
2272 407 2365 476 qui
2401 404 2673 462 oﬂendisti
2709 407 2995 463 Dominum
3029 417 3125 474 per
3155 404 3548 471 arrogantiam,

291 487 481 556 periit,
512 488 628 542 inec
662 488 808 543 illius
845 492 1188 548 cruciatibus
1219 493 1401 562 potuit
1429 493 1738 546 emendari.
1770 493 1872 546 At-

293 581 484 634 tendat
511 596 648 636 nova
693 596 758 636 ex
792 584 964 638 veteri
998 584 1246 648 haeresis,
1278 585 1423 653 quod
1454 584 1622 639 Israel
1655 600 1877 653 compa-

293 675 508 730 ratione
539 671 690 730 Judae
729 676 746 707 ¹
766 674 1066 744 iustiﬁcata
1113 679 1350 732 dicatur.
1391 677 1499 732 Nec
1535 679 1729 732 mirtnu
1772 679 1874 732 hoc

290 768 362 820 de
415 768 576 822 unius
635 769 815 838 gentis
867 770 1171 834 sororibus,
1202 786 1324 826 cum
1371 770 1606 826 Sodoma
1655 785 1876 839 quoque

253 870 258 876 ‘
293 859 586 914 collatione
611 859 943 926 Jerusalem,
973 861 1200 932 iustitia:
1254 878 1449 918 nomen
1511 865 1766 932 accipiat,
1795 866 1876 918 di-

297 962 462 1006 cente
497 952 725 1006 Domino
759 969 859 1024 per
879 954 1129 1010 Ezechiel
1170 973 1185 1010 :
1217 955 1520 1024 Iusti/irata
1545 967 1619 1011 est
1643 957 1876 1013 Sodoma

300 1059 369 1098 ea:
413 1053 465 1099 te
518 1044 738 1110 (Eucti.
793 1064 901 1107 xvr.
951 1047 1065 1116 δί),
1108 1056 1164 1102 et
1219 1047 1558 1104 Publicanus
1611 1050 1874 1106 Pharisaei

298 1137 717 1203 comparatione
745 1139 798 1192 ﬁt
836 1138 1020 1204 justus
1053 1137 1202 1208 (Luc.
1237 1140 1411 1208 xvm).

366 1225 548 1292 (Vers.
569 1230 655 1283 12.
691 1230 1050 1302 seqq.)330
1071 1231 1271 1293 «Vade.
1297 1243 1352 1289 et
1385 1233 1561 1288 clama
1586 1235 1714 1302 (sive
1730 1235 1872 1304 lege)

289 1335 579 1376 sermones
630 1322 764 1378 istos
807 1332 994 1400 contra
1019 1324 1377 1400 Aquilonem,
1414 1335 1466 1380 et
1523 1325 1730 1383 dices:
1773 1327 1877 1382 Re—

290 1421 532 1474 vertere,
561 1399 862 1468 aversatris
914 1399 1110 1482 Israel,
1140 1417 1274 1473 dicit
1338 1417 1624 1482 Dominus,
1657 1428 1714 1473 et
1765 1435 1872 1474 non

293 1513 543 1559 avertam
576 1504 708 1576 (sive
739 1508 993 1578 drmabo)
1026 1508 1221 1565 faciem
1270 1525 1446 1566 meam
1477 1526 1506 1565 a
1549 1513 1706 1568 vobis
1738 1513 1878 1584 (sive

291 1612 455 1664 super
479 1597 614 1666 vos),
641 1597 770 1669 quia
803 1608 1030 1656 sanctus
1057 1601 1190 1672 (sive
1225 1602 1566 1672 misericors)
1593 1617 1695 1671 ego
1728 1617 1872 1670 sum,

293 1695 433 1749 dicit
481 1694 764 1759 Dominus,
800 1704 858 1750 et
885 1711 989 1752 non
1045 1697 1252 1754 irascar
1291 1699 1345 1752 in
1390 1708 1734 1769 perpetuum.
1773 1699 1875 1754 Ve-

289 1795 596 1841 rumtamen
648 1787 790 1842 scito
830 1787 1176 1858 iniquitatem
1234 1802 1406 1855 tuam,
1440 1792 1568 1853 quia
1607 1792 1660 1846 in
1693 1792 1876 1845 Domi-

291 1895 422 1933 num
453 1881 618 1936 Deum
653 1890 802 1936 ttunn
841 1881 1192 1952 praevaricata
1222 1897 1280 1938 es
1310 1884 1441 1952 (sive
1466 1883 1632 1954 impie
1659 1885 1868 1954 egisti),

291 1985 349 2028 et
375 1973 680 2041 dispersiin
713 1975 842 2044 (sive
905 1974 1172 2043 eﬂ'udisti)
1204 1975 1318 2029 vias
1380 1985 1498 2031 tuas
1543 1975 1737 2032 alienis
1767 1979 1871 2033 sub

290 2065 443 2119 omni
481 2066 632 2138 ligno
660 2067 942 2131 frondoso.
976 2076 1031 2122 et
1061 2082 1250 2122 vocem
1285 2081 1457 2122 meam
1493 2081 1602 2122 non
1647 2069 1869 2134 audisti,

289 2160 369 2214 ait
393 2159 674 2217 Dominus.
704 2181 723 2213 ι
759 2159 995 2215 Verbum
1017 2161 1039 2192 '
1072 2160 1396 2217 Hebraicum
1415 2177 1623 2217 CARATll
1641 2162 1871 2248 (rut-1p).

288 2265 342 2308 et
377 2269 527 2318 voca,
555 2263 609 2307 et
647 2252 823 2308 clama
854 2253 899 2318 ',
927 2262 980 2307 et
1007 2252 1116 2323 lege
1151 2253 1448 2320 signiﬁcat.
1491 2252 1650 2309 Unde
1681 2255 1872 2321 Aquila

289 2356 346 2400 et
408 2345 796 2418 Symmachus,
837 2345 1080 2411 clamita,
1126 2344 1266 2399 LXX
1297 2355 1353 2399 et
1396 2345 1696 2401 Theodotio
1743 2345 1874 2416 lege,

296 2441 642 2508 interpretati
689 2449 837 2495 sunt.
868 2439 948 2492 Ad
986 2439 1299 2508 aquilonem
1349 2448 1529 2492 autent
1594 2448 1646 2492 et
1682 2449 1873 2493 contra

293 2531 625 2602 Babylonem
663 2539 828 2600 atque
861 2531 1116 2602 Assyrios
1146 2543 1327 2585 sermo
1358 2529 1638 2598 dirigitur,
1675 2532 1742 2585 ad
1785 2531 1880 2586 dc-

297 2639 415 2677 cem
440 2633 495 2678 et
525 2623 661 2678 duas
697 2623 870 2678 tribus
890 2639 909 2678 :
938 2633 992 2678 et
1018 2638 1210 2679 earum
1241 2623 1486 2678 reversio
1526 2625 1875 2694 praedicatur.

305 2715 370 2769 Et
397 2733 500 2769 non
529 2729 764 2771 avertam
800 2716 990 2785 faciem
1023 2733 1216 2781 meam,
1249 2719 1445 2787 inquit,
1486 2734 1519 2770 a
1557 2718 1738 2781 vobis;
1767 2719 1881 2773 sive

300 2828 404 2865 non
419 2811 642 2880 ﬁrmabo
673 2811 862 2881 faciem
891 2826 1061 2864 meam
1086 2819 1274 2863 contra
1307 2825 1422 2871 vos,
1446 2817 1504 2863 ut
1537 2825 1878 2878 nequaquam

299 2918 399 2956 vos
430 2903 756 2957 austeritate
785 2902 997 2972 indicii,
1029 2901 1122 2954 sed
1159 2902 1311 2956 vultu
1341 2901 1730 2958 misericordize
1757 2919 1882 2958 sus-

298 2992 521 3059 cipiam.
556 2990 794 3046 Sanctus
847 2993 988 3046 enim
1022 3001 1075 3046 et
1118 2993 1430 3048 misericors
1469 3007 1612 3055 sum,
1667 3009 1725 3048 ut
1775 3009 1879 3049 non

1977 497 2197 563 placeas
2260 513 2357 567 per
2418 498 2912 555 lmmilitatem.llli
2961 504 3144 552 autem
3200 496 3344 563 quod
3391 507 3555 558 supra

1977 586 2213 644 diximus
2245 607 2260 644 :
2292 589 2361 644 Et
2402 608 2506 646 non
2536 592 2760 661 ﬁrmabo
2813 591 3004 661 faciem
3041 605 3214 644 meam
3251 602 3410 656 super
3442 602 3554 647 vos,

1978 681 2108 737 illud
2137 683 2516 752 propheticum
2549 686 2803 740 convenit
2849 701 2866 742 ς
2899 685 3090 738 Averte
3110 683 3304 752 faciem
3335 690 3481 733 tuam
3524 694 3556 730 a

1975 777 2206 843 peccatis
2232 777 2386 842 meis,
2420 786 2471 831 et
2500 793 2679 832 omnes
2716 778 3027 849 iniquitates
3055 792 3197 830 meas
3241 773 3356 828 dele
3387 771 3556 840 (Psal.

1978 887 2033 932 ι..
2076 870 2186 940 ιιι).

2047 963 2230 1030 (Vers.
2263 964 2329 1018 Η
2363 966 2544 1034 seqq.)
2587 983 2606 1016 t
2633 962 3027 1019 Convertimini
3057 963 3124 1017 ad
3155 977 3240 1014 mc
3273 963 3314 1024 ³,
3351 960 3444 1014 ﬁlii
3475 973 3560 1012 re-

1977 1062 2254 1108 vertentes
2289 1055 2418 1122 (sive
2453 1056 2573 1124 vagi
2605 1066 2660 1108 et
2685 1053 3020 1124 recedentes)
3047 1053 3181 1108 dicit
3229 1052 3487 1107 Dominus
3535 1064 3552 1107 :

1979 1147 2103 1214 quia
2132 1149 2292 1219 861
2325 1163 2423 1217 ego
2461 1150 2542 1202 vir
2568 1151 2895 1215 vester(sioe
2915 1147 3227 1203 dominator
3256 1145 3472 1215 vestri),
3505 1153 3561 1200 et

1979 1254 2250 1294 assumam
2285 1255 2396 1305 vos,
2423 1256 2591 1296 unum
2628 1247 2696 1294 de
2729 1239 2969 1303 civitate,
3002 1251 3052 1294 et
3083 1240 3221 1295 duos
3259 1241 3323 1294 de
3354 1254 3560 1308 cogna-

1981 1336 2150 1398 tione,
2173 1342 2229 1388 et
2262 1333 2604 1388 introducam
2651 1347 2748 1388 vos
2802 1335 2856 1388 in
2921 1333 3077 1397 Sion,
3113 1343 3168 1388 et
3215 1333 3352 1388 dabo
3407 1333 3561 1387 vobis

1981 1434 2228 1491 pastores
2273 1425 2423 1493 juxta
2457 1441 2554 1479 cor
2594 1441 2798 1490 meum,
2843 1436 2897 1482 et
2930 1435 3154 1496 poscent
3207 1442 3304 1480 vos
3335 1426 3560 1480 scientia

1978 1533 2034 1576 et
2061 1521 2332 1577 doctrina.
2367 1522 2616 1592 Cumque
2651 1522 3002 1591 multiplicati
3035 1522 3246 1576 fueritis
3282 1531 3335 1576 et
3365 1535 3558 1574 creve-

1984 1615 2106 1668 ritis
2146 1615 2200 1669 in
2241 1624 2410 1679 terra,
2448 1615 2500 1668 in
2527 1615 2719 1670 diebus
2746 1614 2871 1676 illis,
2911 1617 2985 1669 ait
3018 1615 3299 1677 Dominus,
3330 1629 3434 1666 non
3477 1611 3564 1665 di-

1982 1718 2104 1763 cent
2138 1707 2306 1768 ultra,‘
2358 1722 2487 1761 arca
2537 1710 2677 1775 pacti
2727 1707 2827 1775 (vel
2885 1706 3229 1774 Testumenli)
3278 1707 3485 1759 Domini
3536 1723 3552 1764 ;

1986 1814 2162 1869 neque
2192 1801 2456 1855 ascendet
2487 1815 2648 1867 super
2672 1815 2788 1864 cur,
2815 1815 2913 1854 nec
2941 1799 3369 1853 recordabuntur
3392 1799 3556 1858 illius,

1986 1909 2084 1948 nec
2126 1893 2456 1957 visitabitur,
2498 1909 2598 1947 nec
2666 1894 2755 1947 ﬁet
2813 1893 2974 1946 ultra.
3009 1912 3027 1944 ι
3065 1890 3232 1947 Judzei
3279 1891 3557 1954 impletum

1980 1986 2080 2040 hoc
2111 1996 2302 2054 putant
2335 1995 2454 2053 post
2483 1986 2846 2040 reversionem
2884 2001 2949 2038 ex
2995 1983 3276 2054 Babylone
3301 1981 3400 2036 sub
3421 1981 3560 2051 Cyro

1981 2095 2106 2134 rese
2143 2079 2454 2137 Persarum.
2476 2090 2526 2132 et
2561 2077 2864 2132 Zorobabel
2896 2076 3002 2130 ﬁlio
3041 2073 3304 2129 Sztlathiel
3335 2071 3472 2142 (Isa.
3497 2076 3558 2134 tl,

1981 2173 2144 2226 etiam
2169 2173 2212 2226 si
2253 2188 2358 2226 non
2408 2188 2598 2226 omnes
2640 2171 2846 2226 reversi
2875 2179 3017 2226 sunt.
3051 2169 3151 2222 hac
3206 2165 3503 2236 signiﬁcari
3542 2183 3556 2216 :

1983 2265 2232 2317 Assunmt
2258 2281 2416 2315 unum
2437 2263 2501 2315 de
2521 2265 2730 2317 civitate
2747 2272 2792 2314 et
2826 2261 2959 2313 duos
2982 2262 3044 2312 de
3079 2257 3417 2327 cognatione.
3451 2253 3557 2309 Sed

1985 2355 2176 2407 melius
2209 2354 2259 2405 in
2298 2355 2531 2406 adventu
2563 2352 2786 2414 Christi,
2812 2354 3032 2416 quando
3091 2348 3337 2415 reliquis!
3395 2343 3558 2399 salvm

1989 2450 2144 2503 factm
2191 2461 2338 2509 sunt,
2395 2449 2608 2501 dicente
2651 2454 2704 2499 et
2750 2453 3053 2514 exponente
3093 2439 3351 2510 Apostolo
3389 2456 3405 2492 ς
3442 2437 3564 2490 Nisi

1987 2541 2247 2595 Dominus
2289 2540 2522 2595 Sabaoth
2551 2540 2850 2610 reliquisset
2881 2536 3031 2591 nobis
3054 2551 3250 2599 semen,
3281 2533 3434 2602 quasi
3467 2531 3566 2585 So-
3646 2584 3652 2592 ι

1983 2637 2141 2687 doma
2166 2649 2402 2687 essemus
2427 2641 2477 2686 et
2511 2633 2708 2686 similes
2734 2629 3046 2683 Comorrha'
3073 2629 3352 2690 fuissemus
3384 2623 3560 2695 (Rom.

1987 2745 2061 2787 tv.
2097 2728 2212 2792 29).
2245 2738 2371 2780 tunc
2408 2725 2702 2781 introducti
2731 2731 2857 2779 sunt
2888 2723 2940 2776 iu
2973 2720 3127 2784 Sioo,
3155 2721 3220 2774 de
3251 2735 3354 2787 qua
3394 2719 3566 2784 scrip-

1981 2831 2091 2873 tum
2116 2829 2195 2873 est
2228 2837 2244 2876 :
2271 2818 2521 2874 Gloriosa
2549 2819 2694 2871 dicta
2732 2825 2854 2870 sunt
2873 2816 2936 2869 de
2954 2825 3023 2877 te,
3049 2815 3236 2867 civitas
3269 2812 3360 2865 Dei
3387 2809 3562 2874 (Psal.

1985 2925 2210 2968 Lxxxvi.
2238 2909 2316 2977 3).
2361 2911 2420 2962 Et
2465 2909 2574 2960 dati
2639 2915 2765 2961 sunt
2804 2914 3048 2972 pastores
3101 2903 3250 2968 iusta
3287 2917 3381 2957 cor
3421 2899 3563 2975 eius,

1986 3003 2212 3071 apostoli
2251 3013 2304 3055 et
2346 3001 2628 3071 apostolici
2677 2999 2804 3064 viri,
2848 3008 2900 3051 et
2960 3005 3187 3067 pascunt
3227 2995 3564 3050 credentium

305 3085 567 3140 recorder
597 3084 618 3116 ⁸
642 3085 782 3148 ultra
809 3085 1119 3153 iniquitatis
1153 3092 1367 3149 vestrm.
1398 3099 1498 3139 nec
1533 3085 1874 3140 meminerim
1907 3102 1949 3159 c
1984 3096 2413 3153 multitudinem,
2461 3110 2565 3147 non
2600 3092 2845 3147 Judaicis
2879 3092 2930 3146 in
2983 3088 3350 3152 ca‘remoniis,
3378 3088 3470 3143 sed
3513 3088 3566 3140 iu

302 3179 453 3246 quod
489 3193 516 3230 a
574 3177 810 3234 Domino
877 3177 1203 3242 recessistis,
1237 3188 1290 3232 et
1321 3193 1422 3248 pro
1450 3177 1542 3233 illo
1593 3194 1693 3234 vos
1737 3179 1881 3234 idola

302 3269 650 3334 delectarint,
685 3280 736 3324 et
773 3269 1054 3326 fornicata:
1093 3269 1214 3326 sitis
1253 3271 1356 3324 sub
1398 3271 1545 3326 omni
1583 3272 1729 3341 ligno
1763 3288 1881 3324 nm-

303 3363 470 3417 broso
499 3371 661 3432 atque
705 3363 981 3418 frondoso.
1025 3364 1178 3430 Quod
1215 3364 1432 3433 quidem
1481 3361 1549 3417 ad
1597 3363 1884 3418 bzereticos

303 3465 361 3510 et
393 3455 447 3509 in
478 3454 720 3509 Ecclesia
763 3453 1102 3526 negligentes
1137 3455 1245 3510 dici
1281 3464 1482 3524 potest,
1512 3457 1605 3524 qui
1635 3456 1885 3526 quotidie

305 3557 407 3611 per
431 3542 840 3598 ecclesiasticos
871 3544 1021 3598 viros
1051 3542 1117 3597 ad
1159 3543 1541 3613 paenitentiam
1584 3558 1887 3614 provocan-

308 3646 443 3690 tur:
492 3644 547 3690 et
590 3637 790 3706 quibus
846 3637 1065 3706 proprie
1110 3636 1286 3706 aptari
1351 3643 1552 3706 potest,
1593 3635 1660 3689 Et
1711 3653 1886 3690 vocem

307 3743 480 3782 meam
505 3744 608 3782 non
639 3728 889 3783 audistis.
915 3727 1105 3782 Omnis
1135 3737 1316 3783 autem
1359 3727 1654 3783 haereticus
1680 3727 1891 3783 habitat

312 3821 364 3872 in
396 3819 687 3889 Aquilone,
732 3828 786 3876 et
814 3821 1050 3876 calorem
1085 3819 1210 3876 ﬁdei
1245 3820 1504 3888 perdidit,
1540 3835 1642 3875 nec
1700 3819 1887 3875 audire

315 3922 498 3980 potest
545 3915 680 3969 illud
728 3915 1015 3984 Apostoli:
1052 3913 1253 3982 Spiritu
1288 3917 1543 3987 ferventes
1579 3913 1752 3985 (Rom.
1789 3930 1887 3978 stt,

315 4008 428 4072 ll).
475 4006 545 4060 Et
600 4009 724 4076 quia
759 4023 818 4063 se
879 4008 1250 4077 voluptatibus
1308 4007 1553 4073 tradidit,
1592 4007 1818 4062 recessit
1859 4022 1888 4060 a

315 4097 570 4161 Domino,
593 4109 645 4151 ct
689 4097 950 4166 dispersit
985 4099 1100 4153 vias
1133 4113 1262 4153 suas
1285 4098 1480 4153 alienis
1523 4098 1889 4169 dogmatibus,

312 4199 366 4244 et
400 4189 731 4273 vtﬂuptatem
764 4201 982 4244 secutus
1023 4198 1129 4246 est.
1155 4189 1311 4245 Nulla
1349 4191 1493 4244 enim
1524 4189 1750 4245 haeresis
1785 4189 1889 4244 nisi

315 4292 540 4349 propter
573 4282 754 4352 gulam
790 4291 1151 4352 ventremque
1184 4284 1546 4347 construitur,
1582 4294 1640 4336 nt
1670 4282 1894 4337 seducat

318 4375 674 4430 mulierculas
702 4385 960 4430 oneratas
986 4375 1249 4442 peccatis.
1284 4391 1500 4443 semper
1529 4375 1810 4428 discentes
1840 4384 1894 4428 et

1985 3187 2212 3242 scientia
2255 3186 2460 3240 Christi
2533 3195 2697 3252 atque
2759 3185 3028 3247 doctrina,
3064 3193 3117 3236 et
3174 3184 3228 3236 in
3267 3191 3378 3236 toto
3433 3180 3566 3235 orbe

1986 3278 2378 3348 prrcdicatione
2443 3276 2719 3345 Evangelii
2780 3277 3073 3338 seminata,
3107 3288 3448 3343 nequaquam
3509 3273 3565 3324 in

1987 3387 2113 3425 arca
2150 3371 2384 3429 Dotnini,
2422 3385 2542 3438 qine
2575 3379 2761 3423 custos
2789 3368 2889 3421 fuit
2925 3368 3057 3436 legis
3092 3367 3362 3429 Mmaicre,
3396 3364 3567 3418 habe—

1987 3463 2123 3518 bunt
2155 3463 2451 3525 ﬁduciam;
2487 3461 2579 3515 sed
2631 3459 2728 3524 ipsi
2769 3467 2929 3511 erunt
2968 3457 3225 3524 templum
3286 3453 3376 3506 Dei
3411 3471 3425 3508 :
3471 3467 3571 3507 aee

1983 3554 2136 3624 juxta
2174 3564 2426 3607 errantes
2469 3551 2775 3612 Nazarmos,
2807 3548 3026 3602 abolitis
3069 3544 3355 3600 sacriﬁciis
3388 3544 3568 3599 inser-

1989 3645 2160 3709 vient,
2191 3647 2285 3701 Sed
2317 3644 2652 3713 spiritualetn
2683 3643 2890 3698 cultum
2914 3639 3293 3696 sectahuntur.
3315 3637 3420 3692 Alii
3442 3652 3573 3691 vero

1989 3738 2097 3793 hoc
2145 3739 2196 3791 in
2255 3739 2360 3792 line
2394 3747 2697 3804 temporum
2755 3733 3087 3802 intelligunt,
3120 3729 3341 3801 quando
3388 3728 3575 3783 subin-

1995 3839 2171 3884 trante
2208 3827 2546 3897 plenitudine
2577 3826 2817 3896 gentium
2845 3825 3025 3878 omnis
3049 3821 3216 3876 Israel
3258 3819 3445 3875 salvus
3480 3817 3572 3874 ﬁet

1994 3914 2170 3987 (Rom.
2219 3913 2316 3979 ιι).
3203 3984 3208 3988 δ

2071 4005 2253 4078 (Vers.
2290 4005 2400 4073 l7.)
2441 4023 2459 4054 ι
2486 4003 2541 4058 lu
2582 4013 2826 4074 tempore
2855 4002 2950 4055 illo
2975 4002 3242 4056 vocabunt
3268 3997 3572 4054 Jerusalem

2007 4099 2203 4155 solium
2248 4098 2484 4164 Domini,
2521 4107 2574 4151 et
2603 4095 3080 4165 congregabantur
3107 4093 3172 4148 ad
3204 4109 3323 4146 eam
3343 4093 3364 4124 '
3385 4105 3574 4146 omnes

1997 4202 2187 4262 gentes
2216 4191 2268 4244 in
2327 4190 2546 4245 nomine
2609 4187 2819 4241 Dmnini
2877 4187 2930 4239 in
2989 4185 3316 4246 Jerusalem,
3351 4193 3406 4236 et
3466 4197 3572 4236 non

1996 4284 2353 4338 ambulabunt
2407 4290 2526 4348 post
2568 4281 2894 4347 pravitatem
2932 4279 3114 4332 cordis
3156 4277 3238 4332 sui
3277 4275 3518 4345 pessimi.
3550 4294 3569 4327 ι

2000 4375 2350 4446 Nequaquam
2387 4375 2651 4428 Dominus
2702 4373 2916 4427 sedebit
2961 4388 3124 4439 super
3163 4385 3345 4426 arcam
3380 4370 3574 4424 Testa-

320 4481 598 4534 nunquam
667 4466 735 4518 ad
784 4465 1065 4521 scientiam
1118 4468 1362 4522 veritatis
1400 4467 1772 4535 pervenientes
1804 4463 1891 4536 (11
1926 4439 1969 4492 D
2008 4467 2174 4522 menti
2208 4478 2259 4522 et
2295 4467 2613 4528 Cbernltim,
2659 4464 2743 4518 cui
2777 4465 2926 4533 prius
2969 4463 3160 4516 abillo
3208 4461 3408 4532 populo
3434 4461 3580 4513 dice.

321 4556 463 4614 Tim.
498 4557 604 4628 tu),
640 4558 708 4612 de
762 4557 960 4626 quibus
1013 4573 1138 4613 vere
1195 4559 1397 4612 dicitur
1436 4559 1582 4624 :Oui
1644 4560 1895 4614 det-orant

319 4651 570 4717 capulum
591 4666 760 4704 meum
786 4651 924 4705 velut
953 4667 1127 4704 escam
1161 4652 1313 4717 panis
1339 4651 1514 4714 (Psal.
1553 4668 1675 4711 xm,
1710 4651 1762 4717 4)
1793 4667 1808 4706 z
1843 4659 1895 4703 et

327 4757 461 4807 quos
518 4743 773 4798 Christus
826 4753 1000 4807 notat,
1033 4730 1348 4800 deuora‘utes
1379 4746 1562 4799 domos
1613 4745 1896 4798 viduarum

323 4834 521 4902 (Marc.
553 4851 653 4900 ιιι,
685 4836 799 4904 40).
835 4836 1103 4906 Curaque,
1142 4837 1338 4906 inquit,
1368 4838 1626 4892 misertus
1669 4835 1740 4890 tui
1782 4834 1896 4889 loe-

323 4943 404 4992 ro,
445 4942 511 4982 ne
540 4928 746 4994 justum
787 4943 908 4982 esse
937 4939 986 4982 te
1022 4939 1184 4996 putes
1223 4928 1358 4985 :sed
1395 4940 1668 4981 memento
1703 4927 1899 4994 iniqui-

328 5021 456 5074 tatis
487 5029 594 5073 tum.
627 5037 864 5089 semper,
897 5032 950 5074 et
982 5021 1120 5075 scito
1143 5021 1269 5090 quia
1308 5023 1361 5075 in
1394 5022 1682 5075 Dominum
1731 5018 1898 5073 forni—

327 5123 482 5168 catus
523 5115 600 5169 sis
630 5130 644 5169 :
677 5126 730 5168 et
775 5115 1041 5183 superbiae
1071 5113 1246 5186 (Vict.
1303 5111 1584 5184 Superba}
1609 5111 1750 5166 colla
1809 5111 1900 5164 de-

329 5339 365 5395 ,
403 5267 625 5393 ;Vatic.
658 5283 779 5323 cum
831 5270 1085 5337 Cisterc.,
1116 5272 1514 5340 comparatione
1558 5269 1776 5339 pejoris,
1805 5283 1900 5336 pro

369 5358 400 5392 ις
443 5357 507 5394 (Β.

369 5357 507 5394 κατε.

404 5415 426 5444 ²
469 5409 689 5464 Verbum
725 5409 1038 5466 Hebraicum
1071 5411 1290 5468 Caratlt.
1334 5410 1502 5464 Hodie
1526 5411 1712 5474 legunt
1739 5409 1790 5460 in
1819 5407 1901 5458 l‘n-

337 5491 459 5558 tnro
491 5479 862 5558 pro_p_'er__Vau
915 5484 1294 5558 Conversivum
1335 5493 1518 5558 nte-apt
1558 5477 1899 5558 vecltai-ntha,

335 5559 384 5608 ct
403 5551 682 5606 clamabis.
710 5551 853 5607 idem
887 5553 1106 5608 verbum
1139 5555 1256 5607 vide
1313 5547 1474 5621 supra
1524 5567 1641 5619 cup.
1675 5549 1730 5603 9.
1762 5547 1900 5601 Mas-

337 5637 480 5678 't'lM'i.

411 5696 429 5724 ³
464 5698 623 5751 Iidem
658 5713 765 5753 tnss
799 5739 813 5762 ,
844 5707 888 5749 et
933 5713 1076 5762 voca,
1110 5696 1214 5750 sive
1255 5694 1448 5758 clama,
1475 5703 1520 5746 et
1554 5692 1659 5762 lege
1704 5687 1900 5744 intelli-

341 5777 493 5822 σιιιιν.

2007 4561 2166 4612 batur
2213 4576 2228 4612 :
2286 4557 2390 4622 Qui
2428 4559 2575 4612 sedes
2637 4572 2797 4622 super
2855 4555 3177 4617 Cherubim,
3241 4552 3578 4621 manifestare

2005 4648 2181 4718 (Psal.
2219 4664 2406 4712 Lxxtx,
2443 4648 2500 4717 2)
2527 4665 2542 4702 :
2571 4648 2669 4702 sed
2731 4661 2922 4700 omnes
2971 4646 3206 4714 petl’ccta
3254 4652 3430 4697 tnentc
3461 4658 3578 4695 cre-

2005 4741 2217 4799 dentes.
2248 4750 2406 4794 erunt
2467 4743 2698 4795 thronus
2739 4738 2854 4792 Dei.
2896 4738 2987 4793 Vel
3027 4747 3176 4791 certe
3248 4735 3440 4788 melius
3497 4742 3576 4784 to-

2009 4841 2119 4886 tum
2148 4832 2212 4886 de
2236 4818 2481 4886 Ecclesia
2508 4830 2914 4898 intelligendum
2962 4844 2980 4882 :
3014 4827 3232 4895 quando
3255 4837 3580 4892 congregan-

2009 4935 2096 4980 tur
2127 4940 2319 4979 ontnes
2351 4934 2543 4994 gentes
2570 4924 2621 4977 in
2655 4923 2876 4977 nomine
2907 4919 3121 4974 Domini
3164 4920 3215 4970 in
3255 4915 3578 4978 Jerusalem,

2009 5018 2060 5070 in
2093 5032 2196 5085 qua
2229 5027 2311 5072 est
2360 5016 2498 5071 visio
2550 5014 2700 5084 pacis
2737 5028 2754 5066 :
2790 5021 2845 5066 et
2900 5024 3244 5076 nequaquam
3303 5005 3579 5062 ambulant

2010 5119 2130 5176 post
2166 5110 2488 5179 pravitatem
2521 5105 2702 5161 cordis
2737 5103 2819 5160 sui
2861 5099 3105 5172 pessimi,
3136 5109 3196 5154 ut
3229 5099 3430 5154 faciant
3461 5113 3580 5168 quae

2081 5269 2104 5298 ⁵
2133 5265 2303 5318 Antea
2337 5274 2478 5326 erat,
2515 5270 2693 5315 nonut
2724 5259 2972 5314 recorder
3005 5272 3024 5313 .°
3054 5258 3200 5326 quod
3256 5271 3384 5310 mss.
3416 5255 3582 5309 casti-

2011 5345 2403 5470 RM‘HFE-xpnngit
2429 5401 2632 5457 Victor.
2664 5415 2825 5457 voces
2855 5401 2924 5456 ad
2954 5417 3056 5464 me,
3079 5411 3323 5470 qutﬁtlec
3344 5395 3396 5470 in
3420 5393 3579 5458 Vult!-

2010 5477 2148 5597 ἷαὲἓ
2172 5466 2442 5538 sunt,'hic
2499 5471 2784 5537 autiul’ra,
2841 5486 3019 5542 neque
3060 5466 3112 5523 in
3170 5466 3433 5522 lleuraico
3491 5475 3583 5519 aut

2036 5547 2174 5599 .XX.

2014 5547 2030 5600 Ι
2085 5617 2105 5646 ⁸
2136 5617 2303 5668 Antea
2333 5616 2687 5677 cratadeum,
2715 5629 2813 5683 pro
2841 5614 2908 5666 ad
2944 5629 3060 5664 eam
3093 5607 3246 5683 quod
3271 5606 3580 5683 reponimus

2014 5701 2135 5736 cum
2179 5685 2439 5746 Victoria,
2475 5700 2631 5738 sacro
2663 5677 2840 5750 textu,
2874 5685 3100 5752 ipsaque
3133 5677 3441 5735 Latinitatis
3458 5690 3583 5748 pro-

2017 5756 2248 5826 prietate
2283 5755 2725 5823 suﬁ'ragantibus.
