3906 6172
390 320 490 386 731

1566 328 1629 388 S.
1668 322 1978 387 EUSEBII
2024 318 2462 385 HIERONYMI

3536 314 3630 382 732

399 433 734 500 desiderant,
768 449 870 491 nec
902 450 1033 495 suos
1088 446 1394 509 sequuntur
1451 448 1709 505 errores;
1743 441 1838 495 sed
1867 437 1963 492 di-
1992 440 2041 499 Α
2073 435 2195 501 bus,
2220 445 2275 490 et
2299 434 2476 489 reddit
2526 431 2754 502 gloriam
2789 432 3085 487 revertenti
3116 448 3133 484 :
3164 431 3237 486 ita
3273 433 3543 487 duntaxat
3581 443 3631 486 ut

391 536 532 580 cunt
566 541 685 581 cum
717 526 986 597 Propheta
1028 546 1043 561 ·
1072 531 1305 587 Adhtesit
1331 533 1515 586 animo
1558 547 1674 587 mea
1701 540 1819 601 post
1868 540 1920 587 te
1942 545 1961 584 :

396 634 477 672 me
501 620 729 687 suscepit
769 619 992 675 dextera
1028 631 1122 675 tua
1151 622 1325 690 (Psal.
1349 637 1484 688 uti,
1514 622 1596 694 9).

466 711 647 781 (Vere.
678 714 788 783 l8.)
820 733 839 766 ι
877 713 931 766 In
957 715 1145 769 diebus
1172 715 1283 771 illis
1324 717 1425 771 ibit
1466 717 1661 772 domus
1708 715 1847 771 Iuda
1895 716 1963 771 ad

394 805 617 858 domum
652 803 840 870 Israel,
880 814 935 860 et
966 805 1184 864 venient
1213 807 1373 863 simul
1406 809 1473 863 de
1501 817 1643 863 terra
1682 807 1967 874 Aquilonis

354 948 363 953 _
398 896 465 950 ad
500 906 701 949 terram
734 911 898 966 quam
932 898 1055 953 dedi
1080 900 1324 969 patribus
1356 901 1574 957 vestris.
1602 919 1621 952 ι
1655 900 1771 955 Hoc
1799 898 1969 970 862

396 987 615 1056 prOprie
651 987 702 1041 in
748 986 951 1044 Christi
1000 991 1305 1059 completur
1351 993 1610 1057 adventu,
1641 992 1863 1061 quando
1901 993 1969 1046 de

394 1076 679 1132 duodecim
709 1079 871 1133 simul
930 1081 1184 1137 tribubus
1241 1081 1535 1154 Evangelio
1593 1086 1966 1152 crediderunt,

399 1167 769 1237 relinquentes
803 1180 1004 1226 terram
1049 1173 1335 1243 Aquilonis
1368 1175 1645 1231 durissimi
1702 1161 1924 1246 frigoris
1946 1193 1963 1210 ⁸

394 1270 454 1313 et
502 1275 529 1312 a
562 1261 761 1315 diaboli
794 1262 1021 1331 imperio
1080 1266 1423 1331 recedentes,
1463 1277 1593 1324 tunc
1645 1277 1970 1339 receperunt

401 1360 601 1406 terram
655 1355 1121 1424 repromissionis,
1142 1373 1304 1427 quam
1351 1359 1628 1429 pollicitus
1662 1360 1838 1415 luerat
1873 1376 1969 1430 pa-

402 1443 573 1497 tribus
611 1459 824 1511 eorum,
856 1447 1152 1514 Abraham,
1177 1448 1349 1515 Isaac,
1377 1459 1433 1506 et
1450 1450 1644 1507 .lacob.
1671 1450 1831 1507 Edidi
1869 1467 1972 1508 utt-

400 1547 498 1600 per
531 1534 769 1589 libellum
810 1537 828 1568 ¹
868 1552 1088 1606 parvum
1129 1540 1199 1595 de
1226 1551 1369 1597 terra
1408 1546 1866 1613 repromissionis.

468 1623 649 1693 (Vers.
693 1626 803 1697 l9.)
837 1646 855 1679 ι
885 1629 996 1699 Ego
1028 1641 1206 1686 autem
1246 1633 1355 1688 dixi
1396 1652 1412 1693 :
1456 1635 1741 1701 Quomodo
1774 1652 1970 1705 ponam

400 1720 454 1767 te
492 1717 547 1768 in
578 1715 715 1771 filios
741 1719 788 1783 ',
812 1726 867 1772 ct
901 1720 1135 1775 tribuam
1165 1722 1261 1776 tibi
1300 1732 1498 1778 terram
1529 1724 1967 1786 desiderabilem,

2067 533 2380 581 revertatur
2408 525 2462 577 in
2496 523 2706 590 ploratu
2735 529 2792 576 et
2823 521 3053 576 ululatu.
3086 521 3199 576 Suo
3225 523 3373 577 enim
3402 522 3539 576 vitio
3560 523 3636 577 fe-

2066 617 2143 668 cit
2164 613 2404 683 iniquam
2438 612 2604 683 863
2626 612 2767 666 viam
2798 624 2981 678 suam,
3004 620 3060 667 et
3096 611 3295 667 oblitus
3318 622 3403 667 est
3422 612 3635 666 Domini

2068 704 2167 760 Dei
2190 715 2249 759 et
2298 690 2479 758 Patris
2515 705 2620 767 sui,
2663 703 2731 757 ad
2776 718 2918 777 quos
2944 703 3248 774 prophetali
3285 716 3540 758 sermone
3567 704 3639 758 lo-

2067 796 2292 863 quitur:
2324 795 2725 862 Comrtimini,
2752 797 2852 866 ﬁlii
2886 805 3224 851 reuertentes.
3254 796 3404 861 Quos
3439 794 3639 850 idcirco

2071 887 2213 942 lilios
2242 900 2398 953 voco,
2426 887 2557 956 quia
2597 888 2887 943 intellectis
2912 888 3155 952 peccatis
3191 890 3408 950 vestris,
3436 888 3492 940 in
3527 887 3640 954 plo-

2070 990 2194 1037 ratu
2221 990 2386 1050 atque
2416 980 2623 1035 ululatu
2658 980 3003 1036 revertimini
3033 980 3099 1034 ad
3130 989 3441 1049 parentem.
3472 978 3640 1032 Cum-

2071 1087 2176 1142 que
2198 1087 2316 1134 vos,
2349 1072 2449 1135 ait,
2482 1072 2686 1127 reversi
2738 1070 2957 1127 tuleritis
2982 1070 3060 1126 ad
3089 1070 3400 1134 Dominum,
3426 1068 3642 1122 sanabit

2070 1180 2260 1220 omnes
2293 1164 2654 1220 contritiones
2680 1171 2917 1229 vestras,
2941 1163 3061 1218 sive
3085 1161 3421 1225 aversiones,
3446 1157 3644 1226 quibus

2073 1272 2102 1312 a
2163 1255 2397 1311 Domino
2453 1254 2808 1310 recesseratis
2830 1293 2849 1319 ,
2886 1253 2970 1308 vel
3024 1261 3176 1310 certe
3232 1250 3642 1306 conversiones.

2072 1346 2334 1415 Quamvis
2363 1346 2510 1402 enim
2539 1346 2763 1416 propria
2792 1345 3077 1401 voluntate
3133 1344 3203 1397 ad
3240 1342 3532 1396 Dominum
3562 1354 3645 1391 re-

2074 1446 2379 1502 vertamur,
2415 1447 2598 1493 tamen
2661 1436 2768 1491 nisi
2799 1435 2893 1491 ille
2930 1449 3033 1491 nos
3061 1434 3313 1496 traxerit,
3350 1439 3410 1486 et
3442 1430 3647 1499 cupidi-

2076 1539 2241 1587 tatem
2278 1538 2523 1585 nostram
2568 1542 2677 1584 suo
2700 1527 3041 1591 roboraverit
3070 1524 3345 1595 praesidio,
3369 1522 3504 1579 salvi
3524 1537 3649 1576 esse

2075 1639 2185 1679 non
2218 1621 2539 1691 poterimus.
2569 1618 2943 1690 Intelligamus
2974 1619 3079 1674 hoc
3131 1626 3193 1672 et
3240 1616 3309 1671 de
3332 1614 3645 1671 Judrornm

2075 1715 2272 1785 populo
2305 1717 2373 1771 ad
2423 1713 2716 1769 Dominum
2766 1721 3095 1777 revertente,
3154 1719 3210 1766 et
3255 1707 3328 1767 de
3364 1705 3643 1763 haresicis

401 1803 768 1861 hereditatem
802 1809 1140 1877 prteclaram,
1177 1814 1519 1868 exercituum
1581 1816 1872 1884 gentium?
1905 1816 1972 1870 Et
2001 1787 2047 1847 Β
2076 1805 2169 1877 (illi
2204 1806 2495 1861 υοωίηηῐη
2524 1804 2956 1873 dem‘i‘luel‘m‘t

402 1895 536 1962 dixi,
571 1907 781 1965 patrem
816 1899 1034 1956 vocabis
1076 1916 1183 1964 me,
1218 1912 1272 1957 et
1305 1912 1428 1965 post
1458 1919 1546 1959 me
1599 1904 1807 1974 ingredi
1863 1920 1972 1960 non

402 1985 664 2040 cessabis.
694 2006 714 2038 ι
770 1984 875 2042 Pro
922 1992 1236 2045 Itmreditate
1292 1992 1556 2058 prarclara
1585 2034 1601 2059 ,
1648 1996 1975 2050 exercituum

403 2077 659 2144 gentium,
699 2092 863 2147 quam
910 2079 1263 2152 Septuaginta
1295 2087 1711 2153 transtulerunt,
1751 2088 1976 2142 heredi-

403 2177 563 2221 tatem
587 2171 919 2225 nominatam
955 2172 976 2204 ³
1002 2172 1098 2227 Dei
1122 2175 1490 2243 omnipotentis
1514 2180 1768 2247 gentium,
1803 2179 1977 2233 Theo-

405 2260 554 2318 dotio
588 2263 984 2327 signiﬁcantius
1043 2269 1341 2331 transtulit,
1375 2270 1738 2326 hwreditatem
1810 2271 1975 2341 incly-

406 2360 514 2405 tant
553 2351 889 2421 fortitudinis
919 2358 1268 2413 robustissimi
1297 2361 1554 2430 gentium.
1594 2360 1865 2416 Christum
1897 2361 1976 2417 si-

404 2445 692 2515 gniﬁcans,
722 2448 814 2517 qui
841 2448 1039 2503 ductor
1073 2459 1129 2505 et
1180 2450 1440 2507 Dominus
1482 2461 1567 2507 est
1597 2453 1974 2508 universarum

404 2537 671 2605 gentium,
698 2553 796 2592 suo
824 2540 1027 2594 nomini
1072 2542 1423 2611 passionique
1462 2546 1823 2601 credentium.
1858 2546 1975 2616 Ipse

404 2626 542 2682 dixit
570 2629 636 2683 ad
673 2629 838 2685 Israel
862 2648 878 2662 ε
916 2630 1132 2686 Patrem
1165 2633 1372 2689 vocabis
1401 2652 1504 2692 me.
1538 2636 1603 2690 Et
1638 2653 1654 2690 :
1687 2637 1793 2704 Qui
1813 2639 1977 2693 erodit

403 2718 459 2773 in
500 2737 600 2785 me,
620 2723 785 2777 credit
813 2722 866 2776 in
897 2722 1114 2779 Patrem
1141 2724 1327 2796 (Joan.
1366 2742 1466 2793 xu,
1503 2729 1618 2794 44).
1655 2729 1775 2797 Ipse
1820 2729 1977 2798 polli—

403 2810 546 2867 citus
585 2820 667 2866 est
703 2829 719 2869 :
748 2812 950 2868 Ponant
999 2825 1049 2870 te
1080 2816 1134 2870 in
1166 2816 1309 2886 ﬁlios
1343 2833 1361 2872 :
1390 2817 1443 2871 in
1501 2832 1730 2872 numero
1758 2817 1972 2872 scilicet

407 2896 967 2972 ﬁliornmmeorum,
1031 2908 1124 2977 qui
1170 2909 1300 2963 mihi
1363 2909 1432 2966 de
1477 2910 1722 2981 gentium
1781 2910 1979 2980 populo

404 2996 777 3065 crediderunt,
831 2999 1104 3070 etquihus
1133 3002 1255 3056 dedi
1307 3014 1506 3058 terram
1533 3002 1973 3058 desiderabilem.

403 3088 682 3162 Qumquot
719 3092 863 3147 enim
899 3101 1222 3163 receperunt
1267 3108 1416 3159 enim,
1452 3096 1600 3151 dedit
1626 3095 1707 3152 cis
1737 3105 1975 3166 potesta-
2001 3125 2047 3186 α

406 3190 511 3236 tem
542 3190 601 3235 ttt
630 3181 728 3236 lilii
756 3180 846 3237 Dei
883 3181 1014 3236 [iant
1043 3181 1223 3253 (Joan.
1256 3182 1318 3253 ι).

475 3269 659 3343 (Vera.
689 3270 806 3343 20).
846 3290 866 3323 s
920 3270 1027 3327 Sed
1067 3274 1339 3341 quomodo
1363 3275 1408 3329 si
1430 3284 1741 3331 contemnat
1780 3276 1976 3332 mulier

405 3370 703 3417 amatorem
737 3377 918 3428 suum,
965 3364 1044 3419 sic
1080 3366 1410 3435 contempsit
1435 3381 1520 3420 me
1554 3367 1749 3421 domus
1781 3366 1972 3432 Israel,

405 3454 540 3510 dicit
563 3454 844 3511 Dominus.
870 3474 888 3508 ι
925 3457 1125 3512 Christi
1159 3472 1261 3512 vox
1291 3467 1375 3513 est
1405 3460 1560 3527 juxta
1589 3458 1845 3529 populum
1875 3459 1975 3514 Ju-

407 3547 670 3610 daeorum.
693 3546 781 3604 cui
815 3548 1025 3603 dixerat
1062 3566 1075 3582 ·
1114 3547 1320 3603 Ponant
1349 3559 1396 3603 te
1441 3550 1494 3602 in
1525 3549 1685 3617 ﬁlios,
1740 3558 1791 3605 et
1841 3551 1978 3606 dabo

411 3640 506 3694 tibi
540 3651 735 3695 terram
776 3640 1219 3695 desiderabilem:
1248 3651 1295 3695 et
1321 3648 1522 3709 patrem
1567 3643 1774 3697 vocabis
1807 3659 1906 3708 me,
1929 3654 1979 3698 et

405 3739 523 3800 post
551 3747 630 3785 me
660 3733 866 3804 ingredi
886 3748 989 3785 non
1015 3734 1266 3788 cessabis.
1306 3734 1608 3801 Quomodo,
1637 3734 1831 3805 inquit,
1864 3751 1983 3789 mu-

408 3826 513 3880 lier
539 3825 867 3891 contemnit,
900 3839 1006 3879 non
1036 3823 1238 3890 virum,
1262 3824 1356 3879 sed
1384 3835 1707 3890 amatorem,
1738 3826 1783 3880 si
1813 3826 1982 3881 semel

416 3917 704 3972 commista
737 3914 924 3978 fuerit,
959 3931 1191 3971 cernens
1213 3932 1335 3971 eum
1361 3931 1472 3971 sum
1500 3917 1714 3972 libidini
1744 3918 1986 3972 servien-

411 4021 543 4073 tem,
576 4007 721 4063 etin
779 4023 838 4063 se
887 4016 1151 4071 mutatam
1203 4022 1325 4062 esse
1378 4008 1550 4079 legem
1602 4017 1835 4074 naturae,
1889 4023 1985 4075 per

410 4117 572 4169 quam
622 4101 739 4155 viro
771 4101 1045 4169 quondam
1088 4098 1331 4166 subjecta
1384 4097 1588 4163 fuerat,
1619 4100 1836 4156 dicente
1880 4100 1986 4154 Do-

410 4196 561 4250 mino
597 4212 612 4249 :
653 4192 718 4247 Et
760 4193 831 4247 ad
877 4202 924 4246 te
966 4194 1233 4247 conversio
1265 4191 1421 4261 ejus;
1459 4192 1539 4245 sic
1570 4191 1766 4245 domtts
1796 4193 1985 4256 Israel,

411 4286 603 4350 idest,
634 4274 864 4353 populus
923 4283 1240 4338 Juda’orum
1311 4281 1641 4352 contempsit
1698 4281 1986 4337 Dominum

412 4378 754 4434 Salvatorem
786 4376 839 4451 in
872 4378 1170 4447 perniciem
1206 4391 1387 4431 suam.

2145 1897 2324 1971 (Vera.
2358 1896 2475 1968 25.)
2512 1915 2531 1949 ς
2570 1896 2711 1952 Ecce
2736 1911 2836 1951 nos
2876 1896 3127 1952 venimus
3155 1893 3224 1951 ad
3266 1903 3320 1947 te
3361 1910 3377 1947 :
3415 1899 3477 1946 tu
3494 1891 3646 1945 enim

2075 2004 2135 2046 es
2176 1989 2439 2045 Dominus
2510 1988 2657 2043 Deus
2713 1994 2924 2045 noster.
2976 1984 3117 2040 Vere
3148 1985 3446 2040 mendaces
3493 1990 3651 2036 eram

2075 2082 2266 2145 colles,
2304 2090 2363 2135 et
2386 2080 2677 2136 multitudo
2703 2078 2842 2151 (sive
2870 2077 3154 2146 fortitudo)
3180 2076 3450 2131 montium
3476 2088 3493 2127 :
3519 2087 3655 2128 vere

2076 2172 2136 2228 in
2176 2173 2405 2231 Domino
2450 2173 2562 2227 Deo
2597 2179 2788 2226 nostro
2833 2170 2982 2226 salus
3032 2169 3228 2225 Israel.
3274 2187 3292 2220 ι
3344 2167 3498 2223 Dicat
3546 2165 3654 2220 hoc

2076 2265 2375 2339 paenitens,
2424 2272 2479 2318 et
2525 2276 2745 2317 omnem
2804 2260 3111 2330 superbiam
3152 2258 3560 2327 derelinquens,
3601 2266 3653 2311 et

2077 2358 2485 2415 multitudinem
2510 2359 2629 2411 sive
2651 2351 2988 2408 altitudinem
3025 2352 3295 2407 montium
3321 2359 3377 2406 et
3402 2349 3649 2410 collium,

2077 2468 2177 2523 per
2207 2465 2373 2522 quam
2401 2447 2752 2518 superhiebat
2780 2454 2977 2499 contra
3023 2444 3193 2500 Deum
3221 2461 3236 2496 :
3263 2451 3320 2498 et
3347 2442 3653 2498 humilitate

2077 2550 2392 2613 prostratus
2443 2539 2743 2609 loquatur:
2789 2536 2925 2592 Vere
2975 2538 3029 2591 in
3076 2535 3304 2591 Domino
3335 2533 3444 2588 Deo
3476 2541 3655 2586 nostra

2075 2632 2219 2686 salus
2243 2629 2438 2684 Israel.

2150 2723 2333 2797 (Vera.
2359 2722 2477 2792 24.)
2500 2729 2532 2773 1
2576 2719 2836 2776 Conlusio
2862 2717 3105 2775 comedit
3153 2717 3398 2772 laborem
3430 2723 3652 2785 patrum

2080 2821 2388 2869 nostrorum
2418 2812 2487 2865 ab
2526 2810 2892 2866 adolescentia
2928 2818 3163 2867 nostra:
3208 2820 3399 2876 greges
3457 2818 3646 2860 eorum

2078 2914 2133 2961 et
2160 2911 2405 2959 armenta
2438 2915 2651 2969 eorum,
2680 2900 2819 2955 lilios
2844 2898 3064 2955 etlllias
3092 2913 3307 2954 eorum.
3355 2915 3375 2949 ι
3408 2895 3648 2953 Omnes“

2082 2995 2459 3051 hereticorum
2486 2992 2725 3056 labores,
2756 2991 2826 3046 de
2863 2991 3065 3061 quibus
3099 2990 3365 3059 scriptum
3405 2996 3510 3052 est,
3547 2988 3648 3042 De-

2082 3090 2320 3159 fecerunt
2361 3095 2661 3141 scrutantes
2718 3085 2976 3139 scrutinio
3029 3082 3203 3155 (Psal.
3254 3097 3410 3151 um,
3455 3081 3536 3149 Ἰ).
3585 3081 3653 3136 ah

2082 3173 2456 3231 adolescentia
2485 3186 2677 3227 eorum
2708 3187 2849 3242 quos
2879 3172 3228 3240 deceperant,
3270 3168 3413 3225 ﬁlios
3439 3178 3492 3224 et
3515 3169 3652 3224 tilias

2079 3280 2292 3330 eorum,
2325 3264 2415 3334 qui
2482 3265 2534 3317 in
2592 3262 2785 3318 haeresi
2848 3261 3212 3330 proiecerant,
3253 3261 3336 3315 vel
3387 3269 3595 3315 tantum
3628 3262 3649 3293 ⁵

2080 3357 2299 3415 luxuria
2337 3356 3178 3426 tenebantur,oppressituostra
3208 3352 3476 3409 confusio.
3498 3352 3654 3409 Unde

2081 3449 2349 3505 inferunt.

2155 3539 2336 3612 (Vers.
2370 3539 2489 3611 25.)
2553 3556 2573 3591 ι
2607 3538 2954 3594 Dormiemus
2992 3537 3048 3591 in
3094 3535 3414 3593 confusione
3445 3541 3652 3597 nostra,

2084 3640 2140 3689 et
2174 3632 2386 3702 operiet
2414 3628 2533 3687 'nos
2599 3630 2898 3700 ignominia
2966 3637 3153 3685 nostra
3196 3644 3210 3680 :
3253 3628 3506 3697 queuiam
3542 3626 3655 3680 Deo

2084 3730 2272 3778 nostro
2313 3722 2664 3792 peccavimus
2707 3735 2831 3785 nos,
2861 3729 2917 3776 et
2947 3729 3133 3789 patres
3168 3719 3340 3775 nostri
3375 3718 3439 3773 ab
3468 3715 3653 3771 adole-

2085 3813 2294 3870 scentia
2329 3823 2514 3867 nostra
2534 3825 2705 3878 usque
2733 3811 2786 3863 in
2824 3810 2963 3864 hanc
3003 3808 3146 3862 diem
3174 3824 3188 3861 :
3229 3817 3283 3861 et
3305 3822 3415 3862 non
3446 3805 3652 3860 audivi-

2085 3920 2207 3960 mus
2259 3918 2448 3958 vocem
2511 3899 2729 3957 Domini
2796 3899 2890 3957 Dei
2936 3901 3130 3957 nostri.
3175 3918 3194 3951 ι
3250 3900 3364 3953 lloc
3404 3898 3651 3966 loquatur

2086 3998 2276 4063 Israel,
2307 3998 2396 4065 qui
2438 4010 2596 4050 suum
2627 3993 2916 4046 Dominum
2945 4008 3051 4048 non
3076 3991 3285 4047 audivit
3311 4007 3325 4045 :
3352 3991 3454 4047 hoc
3477 3988 3652 4046 omnis

2088 4080 2379 4146 haereticus
2417 4086 2507 4158 qui
2571 4086 2683 4156 agit
2738 4086 3146 4156 pmuiteutiam;
3204 4093 3261 4139 et
3294 4094 3473 4138 tamen
3533 4095 3653 4150 pars

2092 4183 2290 4239 salutis
2321 4191 2426 4245 est,
2487 4194 2587 4235 sua
2642 4178 2891 4234 conliteri
2945 4187 2998 4233 et
3041 4191 3204 4231 nosse
3250 4183 3503 4245 peccata.
3536 4173 3650 4237 Dic,

2092 4274 2288 4344 inquit,
2337 4282 2392 4326 tu
2442 4271 2589 4339 prius
2636 4271 2940 4338 iniquitates
2999 4278 3118 4323 tuas
3179 4285 3198 4323 .'
3248 4278 3305 4323 ut
3348 4266 3651 4338 justi/tceris

2094 4363 2234 4435 (Isa.
2264 4376 2416 4430 thtt,
2444 4362 2557 4431 26).
2584 4359 2724 4414 Vere
2759 4361 2901 4415 enim
2929 4357 3098 4413 Israel
3125 4359 3330 4414 dimisit
3375 4356 3648 4412 Christum

484 4469 665 4540 (Vers.
690 4467 782 4534 21,
807 4449 931 4538 722.)
969 4485 989 4521 t
1016 4469 1129 4522 Vox
1166 4469 1217 4520 in
1260 4468 1365 4522 viis
1432 4466 1635 4539 (sivein
1659 4467 1837 4540 labiis)
1892 4482 1986 4522 au-
2014 4457 2064 4517 ο
2093 4456 2383 4511 Dominum
2417 4454 2585 4508 Deum
2621 4466 2802 4515 suum,
2832 4460 2887 4503 et
2916 4451 2971 4505 in
3001 4464 3123 4503 eum
3154 4449 3419 4519 peccavit,
3444 4464 3546 4540 non
3568 4461 3654 4499 so-

411 4564 530 4618 tlita
560 4570 664 4625 est,
693 4559 945 4631 ploratus
980 4569 1035 4613 et
1084 4558 1320 4613 ululatus
1360 4557 1591 4613 ﬁliorum
1631 4559 1819 4625 Israel,
1855 4575 1986 4627 quo—

415 4654 557 4709 niam
584 4654 829 4723 iniquam
867 4652 1118 4706 fecerunt
1153 4651 1296 4704 viam
1334 4666 1510 4720 suam,
1539 4652 1693 4707 obliti
1720 4664 1845 4707 sunt
1884 4653 1987 4708 Do.

415 4746 544 4803 mini
580 4745 670 4801 Dei
702 4743 806 4801 sui.
839 4742 1257 4809 Convertitnini,
1292 4742 1385 4797 lilii
1428 4753 1783 4809 revertentes,
1815 4752 1870 4800 et
1894 4758 1987 4799 sa-

416 4842 554 4895 naho
585 4840 895 4894 eversiones
921 4838 1049 4908 (sive
1076 4836 1454 4909 contritiones)
1480 4846 1728 4904 vestras;
1766 4853 1860 4905 pro
1886 4852 1988 4908 quo

416 4932 769 5003 Symmachus
835 4930 1152 4993 transtulit,
1217 4929 1672 4984 conversiones.»
1733 4927 1989 4983 Libenter

430 5021 574 5077 Deus
598 5023 826 5091 suscipit
855 5023 1204 5091 pmnitcntes,
1231 5028 1284 5077 et
1310 5020 1547 5074 occurrit
1596 5019 1705 5073 lilio
1727 5019 1905 5087 inopia
1934 5026 1990 5073 et

420 5114 679 5185 sqtmlore
712 5114 985 5179 confecto,
1022 5114 1317 5184 statimque
1345 5112 1522 5169 induit
1549 5108 1793 5181 pristinis
1825 5109 1990 5166 νεειί-

493 5335 714 5421 Ἷζρῑει.
746 5336 799 5391 in
832 5347 1014 5393 nostra
1053 5336 1371 5421 refensione
1399 5333 1523 5399 {29,
1556 5330 1622 5388 ad
1654 5329 1990 5399 Dardanum,

422 5407 1197 5547 écg'altiltierlcticanc'iiir‘:3:th
1257 5466 1606 5547 rescribimth
1654 5472 1707 5525 in
1756 5470 1990 5547 ﬁlios‘ex

426 5545 585 5615 Vulg.
616 5549 746 5603 edit.
776 5556 831 5600 et
856 5542 1066 5609 Graeca,
1108 5547 1330 5613 ipsoque
1363 5544 1509 5597 Ilicr.
1544 5541 1946 5615 Commentario
1976 5555 1991 5606 ;

425 5614 583 5671 antea
601 5626 719 5671 erat
745 5617 798 5670 in
827 5616 976 5681 ﬁliis.
1006 5615 1122 5669 Mox
1151 5628 1362 5683 quoque
1393 5614 1714 5669 exercituum
1734 5626 1997 5683 proexer-

426 5687 584 5741 citum
617 5686 734 5750 ipso
768 5680 1033 5739 llehraico
1065 5680 1404 5737 adsentiente
1430 5698 1459 5734 e
1492 5699 1594 5735 ms.
1632 5680 1990 5750 correximus.

498 5755 520 5786 ³
553 5749 778 5811 Videtur
800 5756 992 5826 legisse
1021 5752 1382 5820 Hieronymus
1406 5753 1546 5820 apud
1580 5749 1741 5815 LXX,
1770 5749 1999 5817 ὀνομυσ-

2089 4549 2199 4602 lum
2233 4561 2296 4600 eo
2324 4557 2567 4615 tempore
2590 4543 2806 4613 quando
2841 4544 2986 4597 visus
3022 4550 3104 4596 est
3148 4541 3201 4594 in
3232 4554 3423 4605 carne,
3450 4537 3544 4594 sed
3598 4545 3657 4589 et

2089 4648 2216 4694 ante
2248 4638 2543 4693 adventum
2577 4636 2747 4690 illius.
2783 4633 2941 4690 Unde
2960 4634 3169 4699 dicunt,
3221 4632 3334 4686 Nos
3377 4642 3429 4685 et
3483 4639 3654 4700 patres

2093 4732 2263 4786 nostri
2286 4730 2350 4783 ab
2373 4728 2733 4781 adolescentia
2767 4735 2951 4779 nostra
3001 4739 3163 4794 usque
3215 4724 3283 4778 ad
3317 4722 3454 4776 hanc
3499 4721 3651 4784 diem,

2090 4833 2139 4879 et
2174 4839 2278 4876 non
2335 4822 2631 4876 audivimus
2674 4835 2849 4874 vocent
2901 4816 2999 4872 Dei
3050 4817 3244 4882 nostri,
3308 4816 3404 4886 qui
3465 4810 3655 4868 nostris

2091 4914 2342 4986 patrihus
2370 4911 2700 4982 loquebatur
2723 4927 2737 4963 :
2763 4909 2823 4964 Si
2851 4909 3126 4963 crederetis
3159 4906 3353 4979 Moysi,
3378 4904 3650 4960 crederetis

2092 5020 2143 5066 et
2172 5010 2303 5064 mihi
2338 5009 2445 5063 :de
2476 5024 2558 5061 nte
2596 5007 2737 5060 enim
2774 5004 2864 5060 ille
2892 5005 3106 5074 scripsit
3133 5002 3318 5074 (Joan.
3345 5019 3399 5065 v,
3434 5000 3544 5057 46).

2166 5100 2322 5175 (Cap.
2352 5098 2445 5154 iV.
2499 5129 2569 5141 --
2617 5096 2774 5153 Vers.
2820 5096 2898 5167 i.)
2952 5115 2972 5148 ι
3001 5095 3057 5150 Si
3103 5092 3416 5159 reverteris,
3469 5089 3647 5153 Israel,

2094 5329 2219 5397 τήν,
2252 5339 2373 5395 quae
2401 5337 2504 5379 vos
2535 5323 2590 5378 in
2632 5320 2915 5376 hodiernls
2948 5316 3349 5387 exemplaribus
3381 5313 3649 5370 desidera.-

2100 5407 2209 5497 m2.
2231 5468 2347 5521 Duo
2391 5477 2553 5521 mss..
2596 5459 2789 5515 Omnes
2827 5459 3083 5523 bmretici,
3115 5474 3294 5513 eorum
3331 5456 3548 5511 labores.

2170 5538 2192 5569 ⁸
2222 5520 2391 5591 I’enes
2432 5520 2738 5595 Rab’anutn,
2771 5529 2909 5585 velut
2940 5520 3178 5584 armenta
3203 5527 3435 5598 oppressi
3468 5520 3652 5587 confu-

2102 5609 2270 5661 sione.
2291 5605 2353 5658 Et
2378 5605 2499 5659 cod.
2532 5600 2710 5654 Vatic.
2741 5600 2830 5665 9t,
2863 5619 2883 5652 ‹
2940 5604 3025 5653 vel
3069 5599 3200 5654 lenti
3236 5596 3463 5652 luxuria
3510 5602 3655 5647 tene-

2104 5680 2331 5749 bantur,
2361 5673 2683 5731 confusione
2701 5672 2872 5741 operti
2904 5679 3048 5725 sunt.
3090 5687 3107 5720 ι
