3906 6172
207 325 306 391 733

757 326 1252 394 COMMENTAR.
1295 330 1380 391 IN
1418 332 1788 396 JEREMIAI

1895 335 2319 399 ’ΒΟΡΗΕΤΛΜ
2363 341 2513 404 LIB.
2550 341 2603 414 ῐ,
2637 342 2793 408 CAP.
2834 344 2936 408 IV.

3364 348 3470 414 ’1⁸4

207 451 279 501 ait
315 444 596 511 Dominus,
635 444 700 498 ad
732 460 819 500 me
842 457 1185 503 convertere.
1230 467 1249 499 ι
1297 454 1412 513 Pan
1466 467 1574 522 quo
1634 451 1781 507 LXX
1815 463 1860 521 Α
1893 454 2115 524 (Matth.
2148 452 2351 529 rtus).
2381 458 2666 525 Quomodo
2683 462 2828 515 enim
2884 471 3066 534 potest
3125 462 3219 521 Dei
3277 473 3471 527 audire

207 535 608 591 transtulerunt
645 553 665 593 :
690 536 863 609 864
909 555 928 588 ε
964 538 1024 593 Si
1059 554 1359 599 conversus
1408 542 1575 598 fuerit
1597 541 1784 611 Israel,

212 630 283 683 ait
309 627 601 694 Dominus,
625 627 695 683 ad
730 643 816 685 me
871 642 1247 690 convertatur.
1284 652 1305 686 s
1346 634 1411 689 Et
1436 646 1523 691 est
1569 648 1788 705 sensus,

212 718 257 773 si
285 719 350 773 ad
380 733 469 773 me
499 718 666 791 fuerit
703 736 979 786 reversus,
1006 734 1316 781 revertetur
1343 725 1413 783 de
1442 729 1787 795 captivitate.

212 809 335 864 Sive
365 808 527 864 aliter
561 826 576 864 :
608 826 735 867 cum
776 813 1040 870 obtulerit
1068 817 1214 884 quod
1238 817 1404 874 habet
1432 834 1448 874 :
1491 818 1601 885 Qui
1643 820 1801 874 eains-

208 902 388 965 lrabet,
419 902 646 958 dabitur
673 907 723 959 ei
754 920 773 960 :
811 909 905 977 qui
935 921 1112 965 autem
1162 928 1270 966 non
1311 911 1493 975 habet,
1529 913 1691 967 etiam
1732 915 1790 967 id

208 995 341 1064 quod
406 995 617 1051 videtur
670 997 861 1053 habere
886 1001 1164 1071 auferetur
1214 1005 1282 1058 ab
1312 1020 1374 1059 eo
1409 1003 1632 1076 (lauit.
1658 1019 1788 1068 xxv,

206 1088 314 1159 29).
366 1088 545 1145 Porro
585 1090 744 1161 juxta
781 1093 1113 1150 Hebraicum
1141 1096 1233 1153 hic
1301 1112 1498 1154 sensus
1528 1107 1616 1154 est
1661 1113 1676 1152 :
1729 1097 1788 1153 Si

207 1184 505 1239 reverteris
544 1184 611 1238 ad
643 1200 754 1249 me,
787 1185 977 1253 israel,
1012 1197 1069 1243 et
1094 1191 1266 1244 semel
1293 1192 1528 1246 salutem
1565 1192 1787 1247 deside-

206 1290 352 1341 rans,
378 1288 646 1344 peccasse
672 1286 724 1332 te
757 1278 918 1345 dicis,
954 1289 1010 1335 et
1056 1294 1245 1337 vocem
1310 1283 1524 1340 Domini
1564 1285 1659 1339 Dei
1704 1284 1786 1339 tui

206 1383 305 1421 non
336 1367 588 1432 audisse,
619 1367 777 1435 Mene
826 1380 1175 1435 convortere,
1208 1384 1266 1428 ct
1301 1376 1468 1430 crede
1497 1389 1658 1445 quem
1684 1386 1788 1431 ne-

206 1459 363 1529 gasti,
388 1467 446 1513 et
468 1470 594 1513 tunc
619 1461 726 1515 erit
756 1462 913 1531 plena
947 1466 1252 1521 conversio.

277 1566 297 1601 ι
326 1548 391 1603 Si
422 1549 720 1608 abstuleris
742 1551 1073 1610 offendicula
1101 1564 1193 1610 tua
1231 1572 1263 1612 a
1288 1556 1435 1614 iacis
1475 1571 1621 1629 mea,
1677 1576 1786 1615 non

208 1643 671 1699 commoveberis.
701 1662 724 1696 ι
759 1643 992 1711 Quando
1027 1646 1143 1719 [ΑΙ.
1178 1652 1457 1718 quomodo
1482 1653 1638 1725 ergo]
1668 1670 1789 1709 mo-

204 1746 398 1784 vemur
436 1741 495 1787 et
546 1732 787 1792 dicimus
828 1752 845 1790 :
874 1736 983 1792 Mei
1016 1747 1193 1794 autem
1228 1757 1358 1807 pene
1378 1745 1517 1797 moti
1551 1754 1675 1799 sunt
1702 1760 1790 1813 pe-

1893 560 2202 601 sermonem
2237 555 2294 604 et
2322 550 2617 620 concipere
2644 548 2852 607 semina
2882 563 2936 609 et
2966 552 3199 619 fructum
3261 559 3469 628 facere,

1892 635 2049 703 cuius
2074 639 2298 693 animus
2330 642 2593 695 aerumnis
2615 643 2803 697 mundi
2827 643 3017 713 plenus
3048 648 3178 702 est?
3209 649 3472 720 Quodque

1892 729 2148 797 sequitur
2173 744 2193 783 ι
2231 730 2691 787 Circsntciaimini
2716 730 2968 803 Domino,
3003 747 3054 792 et
3086 739 3297 806 auferte
3334 755 3471 807 pra:-

1892 824 2046 889 paria
2079 820 2319 877 sordium
2344 836 2664 893 uestrorum,
2710 829 2843 884 nulli
2877 830 2968 886 alii
3004 833 3343 903 praecipitur,
3367 834 3469 889 nisi

1890 915 2010 968 viro
2037 914 2177 970 luds
2205 923 2262 969 et
2306 915 2707 973 habitatoribus
2744 912 3070 987 Jerusalem,
3118 935 3177 979 ut
3210 926 3465 979 deserant

1890 1007 2230 1062 occidentem
2258 1008 2520 1074 litteram,
2568 1020 2632 1065 et
2668 1010 2973 1084 sequantur
3015 1012 3264 1084 spiritum
3295 1017 3470 1072 vivifi-

1891 1107 2125 1153 cantem.
2158 1098 2214 1153 Si
2248 1100 2392 1155 euim
2425 1102 2550 1166 hoc,
2586 1103 2787 1174 inquit,
2839 1120 2946 1160 non
3004 1106 3269 1174 feceritis,
3306 1123 3467 1180 egre—

1889 1192 2071 1246 dietur
2104 1203 2164 1248 ut
2198 1194 2342 1263 ignis
2376 1193 2681 1261 indignatio
2732 1206 2876 1262 mea,
2910 1207 2965 1252 et
3008 1202 3384 1268 succeudetur,
3414 1211 3470 1258 et

1890 1299 1998 1339 non
2021 1284 2128 1338 erit
2160 1285 2249 1352 qui
2273 1288 2608 1356 exstinguat.
2637 1285 2764 1342 Ideo
2795 1296 2976 1343 autem
3034 1301 3217 1345 monet
3249 1299 3303 1347 et
3342 1303 3470 1348 ante

1891 1376 2140 1446 pradicit
2170 1378 2212 1441 ',
2241 1391 2313 1431 ne
2352 1378 2534 1432 facere
2561 1376 2921 1446 compellatur
2951 1395 2967 1432 :
3003 1381 3149 1449 quod
3181 1390 3236 1436 et
3281 1384 3334 1437 in
3370 1383 3467 1438 Ni-

1891 1468 2081 1522 nivitis
2121 1468 2440 1535 probamus,
2472 1469 2677 1539 quibus
2715 1468 2973 1539 prmdieta
3033 1476 3302 1529 sententia
3363 1488 3468 1542 est,

1888 1566 1952 1613 ut
2005 1560 2385 1615 imminentem
2428 1560 2666 1615 furorem
2728 1562 3045 1629 pmnitcntia
3106 1564 3468 1622 declinarent.

1888 1647 2084 1703 Omnia
2109 1657 2295 1702 autem
2323 1649 2438 1704 huc
2486 1650 2630 1704 mala
2656 1652 2876 1704 venient
2930 1661 3154 1721 propter
3202 1656 3466 1709 malitiam

1890 1740 2283 1807 cogitationum
2318 1779 2334 1805 ,
2403 1738 2520 1794 sive
2574 1732 3022 1796 adinre'ntionum
3088 1753 3394 1801 vestrarum
3447 1751 3470 1781 ¹

202 1825 289 1878 des
312 1822 504 1894 (Psal.
538 1841 716 1892 um,
746 1827 829 1897 2),
866 1843 973 1884 non
1016 1831 1397 1891 imbecillia“
1442 1846 1650 1893 natura;
1683 1840 1786 1895 hoc
1824 1830 1862 1885 Β
1889 1831 2001 1903 [ΑΙ.
2058 1831 2409 1904 nostrarum].
2446 1832 2551 1890 Ubi
2608 1842 2739 1888 sunt
2801 1835 2892 1901 qui
2940 1835 2994 1889 in
3042 1837 3470 1905 cogitationibus

205 1915 471 1985 patimur,
527 1920 624 1974 sed
659 1919 785 1987 quia
818 1924 1077 1990 ponimus
1108 1925 1477 1997 'oﬂendicula,
1530 1938 1585 1985 et
1637 1929 1782 1987 idola

202 2016 387 2066 nostra
418 2018 614 2065 contra
650 2011 962 2071 Dominum.

264 2102 473 2168 (Vera.
491 2102 573 2171 2.)
613 2123 632 2157 ι
665 2103 730 2159 Ει
755 2105 991 2176 iurabis,
1017 2106 1170 2167 Vivit
1210 2111 1472 2169 Dominus
1529 2116 1582 2171 in
1638 2118 1783 2173 veri-

203 2204 306 2251 tale
333 2206 396 2251 et
426 2195 486 2251 in
506 2195 713 2265 iudicio
736 2207 791 2253 et
818 2199 871 2253 in
911 2199 1123 2269 iustitia
1150 2223 1167 2259 :
1197 2200 1260 2260 et
1307 2207 1634 2266 benedicent
1656 2224 1782 2265 eum

196 2298 410 2355 gentes,
449 2288 740 2360 ipsumque
773 2293 1093 2350 laudabunt.
1135 2315 1156 2349 ι
1183 2296 1253 2352 Et
1282 2301 1558 2368 quomodo
1610 2302 1788 2356 Evan-

200 2381 398 2447 gelittm
430 2381 628 2449 jnrare
655 2400 755 2439 nos
782 2388 1040 2450 prohibet
1085 2392 1111 2445 l
1158 2390 1263 2445 Sed
1308 2392 1397 2448 hic
1432 2392 1653 2461 (ﬂaua.
1705 2395 1782 2460 v),

194 2474 438 2543 iurabis,
466 2488 570 2545 pro
589 2476 942 2535 confessione
987 2481 1207 2548 dicitur,
1241 2491 1295 2538 et
1345 2485 1413 2539 ad
1446 2486 1785 2540 condemna-

222 2566 404 2623 innem
450 2565 744 2631 idolorum.
786 2584 885 2638 per
915 2584 1039 2639 quae
1064 2570 1284 2640 jarahat
1314 2572 1504 2628 Israel.
1536 2574 1786 2645 Denique

201 2658 537 2719 auferuntur
592 2660 946 2727 offendicula,
1001 2671 1056 2716 et
1101 2662 1250 2733 jurat
1306 2678 1405 2734 per
1465 2662 1780 2720 Dominum.

198 2753 473 2824 Quodque
530 2754 754 2821 dicitur,
809 2754 943 2810 Vivit
1010 2758 1291 2824 Dominus,
1334 2758 1390 2811 in
1430 2755 1784 2814 Testamento

200 2847 369 2902 veleri
403 2844 801 2916 jusjurandum
832 2861 938 2914 est,
971 2849 1038 2903 ad
1075 2848 1591 2905 condemnationem
1634 2864 1783 2905 mor-

202 2947 448 3001 tuorum,
474 2952 573 3005 per
600 2954 744 3009 quos
761 2940 909 3008 jurat
942 2942 1128 2994 omnis
1153 2941 1476 2998 idololalra.
1502 2941 1788 3010 Simulque

199 3030 749 3085 animadvertendum
800 3033 946 3103 quod
990 3032 1376 3101 jusjurandum
1435 3032 1536 3088 bos
1591 3032 1788 3086 habeat

196 3124 464 3183 comites.
506 3124 823 3190 veritatem,
854 3123 1124 3194 jodiéium
1180 3134 1346 3194 atque
1393 3124 1661 3195 justitiam
1697 3124 1783 3177 :si

195 3215 294 3269 ista
354 3213 662 3278 defuerint,
708 3228 1055 3285 nequaquam
1091 3215 1198 3270 erit
1233 3214 1631 3284 iuramentum,
1686 3214 1783 3269 sed

196 3304 530 3374 periurium.
558 3303 827 3373 Cumque.
858 3305 960 3372 ait,
995 3305 1099 3360 hoc
1134 3304 1328 3361 fecerit
1368 3304 1563 3371 Israel,
1588 3311 1643 3359 et
1695 3320 1790 3373 per

194 3397 481 3463 apostolos
511 3398 774 3467 magister
798 3396 964 3454 fuerit
995 3399 1262 3470 gentium,
1290 3408 1419 3454 tunc
1465 3398 1790 3454 benedicent

193 3489 309 3544 sive
342 3488 749 3544 benedicentur
801 3490 854 3544 in
905 3503 973 3545 eo
1005 3504 1199 3544 omnes
1230 3497 1443 3560 gentes,
1493 3499 1548 3545 et
1609 3491 1786 3560 ipsum

195 3579 511 3634 laudabunt
548 3580 693 3650 quod
729 3579 881 3633 solus
912 3580 1242 3649 processerit
1271 3594 1338 3634 ex
1383 3579 1572 3635 Israel.

263 3671 435 3743 (ἵετε
462 3672 497 3726 ‘5
528 3673 709 3742 seqq.)
750 3690 772 3726 ι
823 3670 954 3727 Haec
986 3673 1131 3727 enim
1180 3673 1314 3728 dicit
1372 3671 1631 3728 Dominus
1667 3672 1789 3728 viro

197 3763 339 3819 Juda
366 3773 431 3818 et
460 3760 767 3818 Jerusalem
798 3778 813 3816 :
844 3761 1058 3819 Novate
1084 3762 1246 3819 vobis
1279 3762 1475 3819 novale
1504 3770 1563 3819 et
1612 3762 1789 3818 nolite

196 3874 387 3915 serere
423 3870 597 3927 super
648 3859 894 3929 spinas:
934 3857 1393 3913 circumcidimini
1437 3857 1690 3926 Domino,
1735 3865 1794 3915 et

193 3950 413 4005 auferte
445 3949 709 4020 pmpnlia
766 3949 1016 4004 cordium
1082 3958 1415 4013 vestrorum,
1441 3950 1546 4004 viri
1570 3949 1709 4006 Juda
1734 3958 1790 4006 et

197 4041 878 4097 habitatores‘ierusalem
916 4059 929 4094 :
956 4055 1024 4094 ne
1052 4040 1193 4093 forte
1222 4039 1535 4110 egrediatur
1560 4049 1620 4094 ttt
1647 4039 1791 4110 ignis

200 4132 520 4202 indignatio
550 4148 694 4199 mea,
722 4142 777 4188 et
803 4131 1200 4198 succendatur,
1222 4141 1278 4186 et
1307 4147 1413 4186 non
1459 4131 1531 4188 sit
1564 4133 1654 4200 qui
1685 4145 1786 4187 ex-

190 4226 467 4297 stinguat,
494 4233 720 4296 propter
751 4224 1013 4278 malitiam
1056 4224 1453 4293 cogitationum
1500 4225 1635 4295 (sive
1691 4208 1810 4279 ad?

192 4320 608 4387 inventionum)
640 4326 972 4373 Vestrarum.
1022 4335 1042 4368 ι
1085 4315 1191 4371 Pro
1214 4331 1280 4372 eo
1317 4317 1463 4385 quod
1503 4332 1600 4371 nos
1646 4315 1789 4371 dixi-

194 4426 342 4476 mus,
379 4409 831 4465 circumcidimini
863 4408 1108 4471 Domino,
1156 4416 1204 4462 et
1261 4410 1466 4480 auferte
1521 4411 1784 4477 puemitia

1888 1928 2074 1982 dicunt
2111 1943 2219 1983 non
2254 1942 2377 1982 esse
2405 1939 2688 1997 peccatum
2717 1969 2732 1991 ,
2762 1943 2886 1983 cum
2938 1930 3123 1985 omnia
3174 1933 3303 1987 vitia
3340 1933 3469 2003 jux-

1890 2029 1940 2072 la
1996 2020 2374 2085 evangelicum
2433 2019 2726 2074 veritatem
2801 2020 2868 2076 de
2929 2010 3131 2078 corde.
3173 2022 3472 2095 procedant

1890 2110 2113 2178 (Matth.
2141 2112 2233 2179 xv)
2250 2112 2280 2165 Ἰ

1959 2204 2140 2273 (Vers.
2170 2205 2225 2269 5,
2260 2204 2346 2273 ϐ.)
2373 2223 2394 2257 α
2433 2207 2765 2263 Annnntiate
2809 2205 2863 2262 in
2887 2206 3047 2275 inda,
3074 2215 3130 2261 et
3159 2205 3465 2264 Jerusalem

1890 2297 2134 2349 atnlitum
2198 2296 2389 2359 facile,
2450 2297 2738 2366 loquimini
2773 2315 2788 2353 :
2822 2301 3005 2354 canite
3048 2301 3173 2355 tuba
3208 2301 3263 2355 in
3300 2306 3468 2365 terra,

1888 2392 2122 2445 clamate
2161 2390 2394 2452 fortiter,
2428 2398 2484 2445 et
2515 2391 2679 2445 dicite
2729 2407 2744 2444 :
2788 2391 3235 2461 Congregamiui,
3267 2402 3327 2449 et
3380 2393 3468 2447 in-

1889 2482 2200 2548 grediamnr
2249 2483 2500 2536 civitates
2564 2483 2873 2539 munitas.)
2921 2485 3034 2539 Hoc
3068 2484 3251 2539 audiat
3306 2484 3467 2548 Juda,

1889 2572 1994 2627 hoc
2023 2572 2349 2639 Jerusalem,
2379 2573 2432 2627 in
2466 2588 2569 2644 qua
2598 2575 2876 2630 confessio
2906 2576 3027 2630 fidei
3051 2585 3154 2642 est,
3186 2577 3239 2630 et
3272 2575 3324 2631 ln
3363 2591 3467 2645 qua

1889 2678 1993 2727 pax
2027 2664 2230 2717 Christi
2259 2663 2494 2727 habitat,
2529 2674 2581 2720 et
2609 2666 2694 2719 cui
2740 2679 2840 2733 per
2870 2665 3067 2722 Isaiam
3105 2666 3307 2723 dictum
3342 2679 3467 2723 eSt:

1889 2752 1957 2808 In
1994 2764 2223 2808 montem
2281 2754 2545 2808 excelsum
2587 2757 2813 2811 ascende
2867 2766 2925 2810 tu
2986 2758 3078 2827 qui
3133 2758 3469 2830 euangelicos

1890 2845 2044 2900 Sion.
2080 2844 2245 2900 Elaea
2275 2862 2449 2901 vocent
2476 2857 2621 2900 tuam
2655 2849 2747 2917 qui
2798 2849 3126 2918 erangelizas
3157 2849 3462 2905 Jerusalem

1891 2936 2035 3002 (Isa.
2069 2955 2159 3002 η,
2193 2940 2251 3008 9)
2288 2955 2305 2993 :
2346 2939 2553 2993 clatuct'
2604 2939 2843 3004 fortiter,
2902 2948 2959 2996 et
3008 2941 3082 2995 ita
3139 2941 3414 3010 praecipiat
3451 2959 3467 2997 :

1890 3032 2275 3102 hgrediamur
2303 3032 2542 3086 ciuitates
2586 3033 2843 3087 munitas.
2888 3032 3285 3088 Baeticorum
3329 3032 3468 3089 bella

1889 3135 2268 3196 consurgunt:
2301 3125 2503 3181 Christi
2538 3126 2873 3179 munimenta
2926 3140 3029 3181 nos
3073 3133 3313 3181 teneant.
3367 3124 3471 3180 Le-

1892 3228 2019 3273 vate
2041 3218 2223 3272 crucis
2243 3218 2456 3285 signum
2488 3217 2543 3271 in
2568 3217 2811 3285 specula,
2852 3199 3198 3275 sublimitate
3227 3218 3341 3292 [AL
3376 3234 3473 3275 su.-

1894 3307 2206 3380 blimitalis]
2272 3306 2549 3364 Ecclesiae.
2622 3309 3024 3365 Coufortamini
3098 3311 3191 3381 qui
3243 3311 3472 3376 timetis,

1887 3388 2064 3457 nolite
2099 3412 2269 3467 stare,
2308 3401 2404 3456 sed
2437 3400 2503 3454 ad
2551 3400 2758 3455 Christi
2793 3402 3055 3456 auxilium
3096 3406 3320 3457 currite.
3356 3402 3474 3457 Ma-

1894 3495 2027 3562 lum,
2063 3495 2260 3564 inquit,
2276 3508 2375 3564 ego
2402 3492 2618 3548 adduco
2636 3494 2705 3546 ab
2722 3492 2991 3560 Aquilone
3009 3500 3062 3548 et
3093 3494 3472 3549 contritionem

1896 3602 2171 3657 magnam,
2199 3602 2389 3642 verum
2414 3585 2943 3653 Nabuchodonosor,
2999 3585 3094 3656 qui
3150 3586 3360 3641 idcirco
3414 3587 3470 3640 in

1894 3679 2098 3733 mundo
2132 3681 2236 3733 isto
2268 3694 2296 3732 a
2322 3694 2408 3732 me
2440 3692 2564 3735 esse
2597 3677 2954 3747 permittitur,
3016 3687 3075 3732 ut
3109 3687 3289 3734 vestra
3319 3678 3473 3732 forti-

1898 3774 2029 3825 tudo
2061 3778 2113 3824 et
2146 3769 2378 3824 victoria
2411 3767 2827 3836 comprobetur.

1966 3858 2148 3929 (Vers.
2179 3859 2255 3926 7.)
2294 3878 2314 3912 ‹
2350 3857 2618 3915 Ascendit
2646 3857 2734 3914 leo
2763 3859 2829 3914 de
2851 3859 3017 3914 cubili
3051 3874 3175 3924 suo,
3200 3866 3254 3912 et
3287 3856 3474 3924 prmdo

1896 3950 2138 4021 gentium
2164 3965 2223 4006 se
2244 3950 2446 4006 levavit
2476 3966 2492 4004 :
2527 3964 2782 4019 egressus
2815 3960 2900 4004 est
2930 3949 3001 4004 de
3063 3948 3184 4005 l'oco
3228 3963 3352 4013 suo,
3410 3956 3475 4000 ut

1895 4052 2065 4113 ponat
2099 4053 2303 4098 terram
2339 4051 2487 4097 tuam
2521 4044 2574 4097 in
2611 4039 2964 4097 solitudinem
3002 4038 3193 4113 [ναις.
3252 4039 3472 4094 desola-

1896 4135 2149 4211 tionem].
2200 4135 2467 4191 Civitates
2542 4145 2645 4191 tme
2710 4136 3070 4190 vastahuntnr
3127 4143 3474 4187 remanentes

1895 4229 2103 4299 absque
2160 4227 2488 4284 habitatore.
2520 4245 2538 4279 ι
2590 4224 2695 4281 Iste
2749 4234 2855 4289 est,
2917 4233 2976 4277 ut
3013 4224 3270 4288 diximus,
3310 4238 3476 4277 verus

1895 4321 2417 4382 Nabuchodonosor,
2447 4319 2514 4375 de
2546 4335 2655 4390 quo
2688 4327 2742 4373 et
2771 4320 2964 4373 beatus
2996 4316 3187 4370 Petrus
3240 4310 3475 4386 Aposto-

1842 4406 1846 4410 Α
1894 4412 1980 4469 lus
2006 4413 2247 4482 loquitur
2280 4427 2295 4466 :
2331 4411 2680 4467 Adversarius
2711 4416 2892 4465 noster
2914 4407 3162 4463 diabolus
3189 4409 3347 4477 quasi
3396 4408 3479 4462 leo

193 4502 452 4556 cordistm
504 4511 825 4561 uestrorum.
878 4498 1241 4572 Symmachus
1290 4505 1496 4572 posuit,
1527 4503 1788 4572 purifica-
1822 4505 1869 4565 Β
1898 4505 2109 4576 rugiens
2137 4503 2325 4557 circuit
2353 4519 2594 4571 quarens
2616 4518 2770 4572 quem
2806 4502 3018 4557 devoret
3045 4500 3095 4570 (1
3134 4499 3283 4556 Petr‘.
3311 4515 3363 4565 v,
3395 4500 3473 4568 ε).

197 4595 339 4647 mini
375 4592 629 4660 Domino,
660 4605 711 4648 et
763 4594 970 4665 auferte
999 4593 1247 4649 malitias
1291 4597 1538 4650 cordium
1590 4604 1793 4651 vestro-

192 4702 320 4739 nun
361 4701 381 4741 :
420 4686 924 4753 circumcisioncm,
959 4686 1433 4750 emundationem.
1468 4695 1525 4742 et
1575 4703 1792 4757 pra‘pu-

197 4781 299 4841 tia,
327 4778 530 4834 vitium
564 4779 898 4850 intelligens.
931 4778 1045 4835 lloc
1090 4790 1271 4835 autem
1316 4781 1634 4852 praecipitur
1658 4781 1793 4836 viris

191 4871 340 4926 Juda
368 4880 426 4927 et
455 4870 780 4935 Jerusalem,
814 4871 907 4942 qui
938 4886 1127 4926 veram
1161 4881 1445 4931 sectantur
1501 4872 1684 4940 fidem,
1739 4881 1793 4930 et

197 4964 475 5018 habitant
502 4963 557 5017 in
588 4961 854 5026 Ecclesia,
888 4972 951 5016 ut
979 4978 1090 5037 non
1120 4963 1390 5019 scmiuent
1413 4979 1579 5035 super
1604 4965 1792 5036 spinas

193 5069 345 5125 quas
381 5052 738 5124 Evangelicus
767 5067 951 5108 sermo
1022 5053 1317 5125 signiﬁcat,
1370 5070 1491 5125 qua:
1523 5053 1793 5109 suiiocent

193 5156 510 5201 sementem
545 5145 711 5217 865
751 5144 871 5212 Dei,
905 5144 998 5200 sed
1058 5146 1213 5217 prius
1266 5146 1462 5202 novale
1495 5146 1703 5202 faciant
1739 5155 1794 5201 et

192 5250 405 5292 oinnes
440 5234 743 5293 suﬂ‘odiaut
777 5250 996 5305 vepres,
1030 5247 1325 5308 sentesque
1379 5237 1630 5293 auferant
1663 5255 1678 5293 :
1731 5248 1791 5293 ut

195 5328 414 5383 ιιισυὰε
465 5328 674 5384 semina
740 5328 942 5383 munda
993 5322 1142 5383 arva'
1178 5328 1503 5399 suscipiant.
1539 5328 1654 5385 Hoc
1710 5338 1792 5385 est

189 5426 358 5495 quod
392 5424 447 5478 in
477 5424 591 5479 alio
625 5422 742 5478 loco
766 5421 970 5477 dicitur
1004 5440 1019 5477 :
1054 5420 1139 5476 Ne
1178 5424 1429 5478 miseritis
1464 5414 1788 5491 margaritas

195 5527 417 5572 vestras
460 5523 586 5570 ante
622 5530 835 5585 porcos,
887 5522 938 5569 et
995 5529 1058 5568 ne
1104 5514 1241 5569 detis
1283 5524 1526 5569 sanctum
1568 5514 1788 5570 canibus

278 5657 295 5686 '
330 5652 490 5721 Apud
529 5651 765 5715 Dabam,
796 5649 1159 5721 video‘autcm
1194 5651 1452 5705 minando
1479 5649 1780 5721 prmdicit,»

189 5725 287 5786 cui
316 5718 434 5777 fere
462 5723 740 5777 consentit
764 5720 901 5774 alter
935 5718 1182 5777 Vatican.

273 5797 299 5831 ⁹
348 5791 678 5858 Ὺοεεεμὶιέ
707 5791 1163 5855 adinventionnm,
1197 5806 1295 5849 nec
1332 5791 1589 5846 Ralianus
1617 5806 1783 5859 agno-

1894 4595 2155 4652 Ascendit
2182 4604 2360 4650 autem
2384 4594 2470 4649 vel
2506 4595 2574 4649 de
2624 4594 2836 4665 abyssis
2884 4594 3055 4666 866
3081 4594 3133 4649 in
3180 4608 3315 4665 quas
3352 4593 3478 4647 reli-

1895 4689 2104 4761 gaudus
2138 4699 2244 4754 est,
2275 4694 2328 4743 et
2362 4703 2431 4743 ne
2461 4686 2710 4742 mittatur
2736 4698 2931 4742 exorat
2969 4707 2983 4743 :
3040 4696 3096 4742 et
3146 4685 3330 4755 pra-do
3360 4687 3475 4738 sive

1896 4788 2143 4837 vastator
2163 4778 2410 4851 gentium
2441 4792 2502 4833 se
2527 4777 2785 4844 elevavit,
2820 4780 2887 4834 de
2920 4791 3030 4848 quo
3071 4776 3272 4830 dictum
3338 4785 3419 4830 est
3455 4791 3469 4827 :

1905 4871 2158 4930 Omnium
2179 4871 2543 4926 inimicorum
2580 4887 2799 4926 suorum
2826 4869 3184 4925 dominabitur
3218 4865 3389 4937 (Psaf.
3418 4884 3471 4929 ς.

1895 4968 1975 5038 5),
2003 4974 2058 5023 et
2086 4966 2178 5036 qui
2220 4966 2488 5036 gloriatur
2518 4965 2575 5020 in
2601 4962 2902 5033 conSpectu
2934 4960 3152 5017 Domini
3188 4975 3204 5015 :
3244 4958 3479 5015 Circuivi

1897 5075 2107 5113 omnem
2144 5067 2368 5123 terram,
2397 5066 2447 5113 et
2477 5056 2784 5111 conculcari
2826 5069 2946 5107 eam
2980 5049 3124 5122 (Job.
3155 5067 3217 5113 ll,
3238 5048 3316 5122 2).
3341 5051 3483 5117 Quis

1895 5162 1977 5206 est
2014 5151 2162 5205 enim
2204 5164 2364 5217 quem
2394 5146 2593 5203 diaboli
2627 5159 2834 5200 venena
2886 5158 2998 5198 non
3068 5151 3311 5213 tangant,
3372 5139 3478 5196 nisi

1896 5242 1986 5297 ille
2046 5240 2196 5293 solus
2242 5239 2336 5308 qui
2376 5244 2556 5307 potest
2617 5235 2801 5288 dicere
2831 5248 2848 5287 :
2878 5231 3014 5287 Ecce
3044 5231 3182 5288 acuit
3234 5231 3477 5300 princeps

1897 5330 2085 5385 mundi
2111 5330 2287 5395 istius,
2321 5336 2371 5381 et
2404 5325 2602 5380 inuenit
2623 5326 2676 5378 in
2698 5339 2780 5377 me
2809 5321 2946 5378 nihil
2970 5320 3157 5389 (Joan.
3193 5338 3303 5389 stv,
3340 5321 3430 5389 '50)
3451 5321 3478 5377 ι

1896 5425 2004 5480 I5tc
2034 5421 2231 5477 crebro
2258 5420 2411 5490 ponit
2430 5433 2650 5474 onmem
2671 5425 2875 5473 terram
2907 5415 3165 5473 Ecclesia:
3192 5414 3245 5469 in
3276 5412 3473 5468 solitu-

1895 5514 2103 5579 dinem,
2135 5525 2193 5567 ut
2224 5510 2433 5583 egressi
2470 5511 2538 5567 dc
2590 5508 2833 5568 Ecclesia
2881 5517 3122 5580 pugnent
3147 5512 3336 5563 contra
3367 5498 3472 5561 Ec~

1893 5792 2014 5856 scit,
2051 5804 2146 5844 nec
2174 5787 2351 5843 Vatic.
2381 5802 2484 5842 ms.
