3950 6180
483 294 591 356 735

1657 310 1716 371 S.
1766 310 2080 372 EUSEBII
2124 314 2555 381 HIERONYMI
3590 345 3673 409 735

487 412 736 465 clesiam.
777 413 855 467 De
884 416 1083 482 quibus
1112 418 1349 487 loquitur
1386 419 1625 477 Joannes
1661 422 2002 494 Evangelista
2036 445 2049 480 :
2082 431 2129 491 Α
2161 432 2264 487 viis
2319 451 2439 501 quae
2472 446 2601 491 sunt
2663 440 2718 494 in
2752 442 2990 497 deserto.
3050 443 3160 502 Vite
3205 447 3296 504 filii
3331 457 3501 522 populi
3532 462 3619 514 mei
3659 480 3670 517 :

484 502 565 555 Ea:
600 505 746 557 nobis
779 508 1021 562 exierunt
1052 528 1071 574 ,'
1111 512 1202 565 sed
1239 529 1341 565 non
1367 513 1583 579 [uerunt
1625 530 1691 568 ea:
1748 518 1895 571 nobis
1929 534 1948 572 :
2008 522 2055 573 si

483 595 622 646 enim
658 595 879 661 fuissent
910 615 974 651 ex
1016 602 1187 663 nobis,
1223 606 1633 672 permansissent
1672 610 1849 678 utique
1880 611 2056 664 nobis-

484 701 601 736 cum
652 684 706 752 (I
738 687 902 742 Joan.
957 707 1012 752 ιι,
1054 692 1163 761 19).
1220 696 1484 752 Civitates
1534 708 1821 755 vastantur
1896 713 2055 757 terra:

482 773 759 838 Jud:c:e,et
791 780 1170 836 hmreticorutn
1197 784 1393 841 ﬂorent
1425 790 1805 845 conciliabula.
1839 792 1897 846 Si
1931 794 2054 864 quis

481 883 613 938 ergo
634 869 813 924 fautor
835 881 889 927 et
912 882 1103 929 auctor
1142 886 1228 932 est
1250 894 1630 946 perversorum
1661 883 1677 913 ⁸
1713 883 2050 953 dogmatum,

484 959 585 1012 hoc
614 958 718 1013 dici
746 971 922 1029 potest
950 979 964 1015 :
990 964 1240 1024 Ascendit
1261 970 1342 1025 leo
1371 973 1434 1028 de
1458 977 1620 1031 cubili
1651 994 1769 1049 suo,
1802 991 1849 1037 et
1873 986 2053 1050 prtado

482 1051 715 1116 gentium
744 1069 797 1107 se
829 1055 1043 1124 levavit,
1078 1070 1130 1115 et
1150 1064 1383 1133 reliqua.

559 1142 741 1207 (Vers.
788 1144 865 1216 8.)
911 1165 930 1198 ι
989 1149 1161 1219 Super
1206 1153 1309 1210 hoc
1338 1158 1605 1229 accingite
1662 1179 1759 1219 vos
1795 1167 1987 1223 ciliciis
2036 1189 2050 1225 :

483 1231 717 1300 plangite
757 1246 810 1289 et
837 1238 1057 1307 ululate,
1080 1244 1204 1311 quia
1229 1260 1333 1300 non
1362 1258 1445 1303 est
1468 1266 1655 1307 aversa
1708 1254 1787 1309 ira
1851 1258 2054 1318 furoris

481 1323 694 1379 Boiuini
726 1342 757 1381 a
781 1331 955 1395 nobis,
990 1334 1127 1397 sive,
1156 1344 1213 1391 ιιι
1238 1336 1591 1412 Septuaginta
1630 1349 2051 1419 transtulerunt,

487 1434 517 1470 a
553 1420 727 1475 vobis.
774 1440 793 1473 ι
830 1425 1004 1479 Aliter
1032 1438 1087 1481 et
1112 1426 1319 1485 leonem
1353 1444 1407 1487 et
1436 1437 1793 1494 saevissimam
1827 1442 2050 1499 bestiam

491 1510 666 1565 vitare
692 1530 793 1567 non
825 1531 1133 1587 possumus,
1173 1523 1275 1575 nisi
1310 1540 1536 1593 agamus
1566 1531 1961 1601 paenitentiam,
2001 1547 2058 1591 et

483 1603 549 1656 ad
573 1603 857 1661 Dominum
887 1622 1295 1679 convertamur,
1328 1632 1435 1671 non
1466 1619 1638 1675 solum
1662 1635 1864 1691 mente,
1887 1629 1979 1681 sed
1999 1638 2055 1682 et

491 1710 676 1762 opere.
711 1698 976 1763 Quamdiu
1016 1704 1156 1756 enim
1192 1706 1279 1759 ille
1312 1720 1486 1763 vastat
1520 1710 1817 1769 Ecclesiam
1862 1726 1916 1771 et
1948 1727 2056 1773 ter-

497 1802 610 1840 ram
642 1786 800 1853 Juda,
827 1801 877 1845 et
910 1790 1216 1849 Jerusalem
1247 1812 1463 1869 quoque
1491 1805 1804 1874 populatur,
1831 1807 1922 1864 Dei
1971 1810 2053 1864 ira

492 1881 777 1947 perspicua
798 1894 902 1937 est.

562 1972 745 2036 (Vers.
794 1979 876 2049 9.)
914 2001 930 2031 ι
971 1981 1034 2036 Ει
1065 1984 1168 2039 erit
1203 1984 1255 2039 in
1288 1986 1377 2040 die
1416 1985 1529 2051 illa,
1587 1988 1715 2043 dicit
1752 1989 2006 2048 Dominus
2038 2012 2052 2049 :

489 2068 687 2141 peribit
715 2085 809 2123 cor
832 2074 999 2143 regis,
1027 2084 1082 2129 et
1121 2091 1218 2130 cor
1245 2078 1573 2147 principum,
1600 2089 1654 2133 et
1671 2080 2055 2150 obstupesceut

489 2164 824 2228 sacerdotes,
882 2177 935 2219 et
1006 2170 1283 2237 propheta:
1320 2158 1840 2230 consternabuntur.
1884 2196 1901 2228 ι
1960 2178 2059 2231 Va-

490 2264 668 2309 stante
713 2261 965 2325 prmdone
1000 2259 1302 2316 Ecclesium
1355 2264 1587 2333 Domini,
1643 2280 1695 2321 et
1740 2269 1818 2322 ira
1866 2281 2053 2325 contra

491 2363 590 2403 nos
632 2348 843 2405 Domini
871 2366 1241 2420 permanente,
1264 2360 1898 2415 muneanxilitnninutile
1932 2365 2052 2419 erit.

486 2440 693 2493 Peribit
746 2457 841 2497 cor
883 2444 1046 2512 regis,
1108 2446 1263 2512 cujus
1296 2462 1391 2501 cor
1442 2448 1602 2503 debet
1634 2465 1753 2505 esse
1806 2452 1859 2505 in
1896 2470 2056 2509 manu

491 2530 607 2595 Dei,
643 2541 697 2585 et
730 2549 825 2587 cor
848 2536 1172 2605 principum,
1200 2538 1291 2606 qui
1325 2541 1655 2607 putabantur
1680 2556 1801 2596 esse
1844 2544 2059 2613 sapien-

493 2632 594 2677 tes.
632 2623 859 2679 Stultatu
894 2629 1038 2681 enim
1106 2629 1229 2682 fecit
1286 2629 1430 2685 Deus
1476 2632 1797 2699 sapientiam
1848 2636 2055 2701 mundi,

493 2714 620 2779 quia
655 2731 751 2784 per
778 2718 925 2771 illam
980 2733 1085 2772 non
1131 2730 1503 2789 cognoverunt
1535 2723 1699 2777 Deum
1755 2725 1806 2791 (I
1832 2725 1953 2782 Cor.
1995 2728 2055 2795 t).

488 2805 833 2877 lpsiquoque
862 2811 1195 2877 sacerdotes,
1232 2812 1324 2879 qui
1380 2813 1551 2879 legem
1594 2814 1805 2870 Domini
1859 2818 2059 2876 docere

491 2897 817 2960 debuerant,
848 2909 900 2953 et
921 2899 1195 2968 subjectos
1221 2902 1326 2957 sibi
1357 2904 1580 2971 populos
1611 2919 1640 2957 a
1674 2906 1847 2961 leonis
1877 2908 2059 2965 furore

491 2988 802 3056 defendere,
835 2992 1064 3058 quedam
1098 3001 1316 3057 stupore
1352 2994 1623 3061 infamati,
1670 3007 1953 3054 vertentur
2002 3002 2055 3054 in

2162 540 2267 581 n0u
2297 529 2364 581 ad
2390 530 2781 593 ventilandum,
2814 544 2869 589 et
2916 550 3023 590 non
3057 538 3121 592 ad
3156 545 3500 611 purgandum.
3534 547 3674 617 Spiri-

2157 623 2246 670 tus
2276 618 2465 683 plenus
2495 636 2559 674 ev
2598 621 2684 676 his
2714 624 2893 679 veniet
2920 627 3072 681 mihi.
3115 648 3131 679 ι
3162 629 3387 694 Quando
3417 641 3675 703 pervenerit

2158 708 2368 778 gladius
2405 727 2577 780 usque
2624 714 2691 767 ad
2724 717 2987 782 animam,
3020 729 3075 774 et
3102 720 3265 777 fuerit
3301 738 3423 780 area
3460 743 3673 784 consum-

2159 812 2346 857 mata:
2382 815 2510 861 tunc
2555 818 2747 863 ventus
2778 825 2946 865 urens
2988 814 3171 869 veniet
3226 818 3290 871 de
3326 819 3545 884 deserto,
3601 826 3671 889 qui

2160 908 2271 948 non
2300 909 2420 949 eam
2448 908 2642 966 purget
2671 908 2727 953 et
2768 902 3015 965 ventilet,
3049 914 3107 958 ut
3139 906 3312 975 paleis
3355 909 3453 964 huc
3482 910 3674 983 illucque

2158 982 2445 1052 dispersis,
2488 986 2823 1043 frumentum
2851 990 2903 1044 in
2958 993 3153 1048 horrea
3204 999 3554 1063 recondatur;
3599 1006 3673 1056 sed

2157 1076 2380 1139 Spiritus
2426 1077 2639 1146 plenus,
2684 1096 3027 1151 nequaquam
3059 1086 3277 1153 populo,
3330 1090 3418 1144 sed
3459 1091 3572 1146 mihi
3602 1109 3675 1145 ve-

2159 1166 2293 1229 niet,
2324 1175 2382 1220 ttt
2434 1183 2613 1221 meum
2660 1170 2903 1225 triticum
2939 1173 3256 1242 dissipetur.
3285 1176 3481 1231 Ventus
3507 1188 3552 1232 et
3588 1180 3674 1246 spi-

2157 1254 2296 1308 ritus
2328 1257 2516 1309 eudetn
2550 1258 2691 1325 apud
2732 1257 2990 1315 Hehrteos
3015 1262 3358 1331 appellantur
3385 1267 3580 1321 nomine
3594 1284 3673 1323 aut

2160 1346 2304 1412 tm)
2348 1363 2360 1398 :
2396 1357 2447 1402 et
2482 1363 2580 1417 pro
2630 1349 2869 1404 locorum
2898 1354 3182 1421 qualitate.
3232 1356 3313 1409 vel
3359 1366 3568 1421 ventum,
3610 1362 3673 1412 vel

2158 1440 2405 1503 spiritum
2442 1442 2702 1495 debemus
2728 1443 2999 1512 accipere.
3040 1446 3147 1499 Alii
3213 1447 3359 1500 hunc.
3414 1449 3572 1505 locum
3615 1453 3677 1506 sic

2158 1530 2488 1597 edisset-unt,
2522 1542 2581 1585 ut
2612 1541 2896 1603 postquam
2932 1548 3158 1607 purgata
3217 1537 3379 1591 fuerit
3416 1555 3551 1606 area,
3578 1542 3675 1595 reli-

2159 1623 2299 1691 quia:
2339 1625 2504 1678 salva:
2533 1625 2681 1680 ﬂant.
2720 1626 2872 1681 Unde
2924 1640 2977 1683 et
3035 1630 3304 1699 scriptum
3341 1632 3445 1685 sit:
3483 1630 3675 1698 Spit-itus

2158 1715 2511 1783 plenitudinis
2576 1719 2757 1775 veniet
2828 1720 2987 1786 mihi,
3058 1722 3271 1777 dicente
3325 1724 3673 1794 evangelista:

2165 1803 2440 1861 Omnesea:
2470 1808 2796 1875 plenitudine
2820 1814 2935 1880 ejus
2987 1819 3285 1881 accepimus
3330 1814 3496 1884 (Joan.
3526 1832 3558 1878 ι,
3589 1815 3673 1884 16),

2160 1905 2217 1950 et
2249 1896 2486 1967 Spiritus
2511 1902 2685 1955 sancti
2720 1904 2953 1972 gratiam
2979 1906 3298 1960 sortiemur.
3352 1905 3556 1959 Ventum
3600 1921 3676 1959 su-

2160 1996 2267 2042 tem
2300 1999 2571 2056 urentem,
2604 1993 2759 2062 juxta
2789 1994 3094 2061 historiam,
3140 1998 3327 2065 accipe
3373 1997 3676 2051 Nabuchodo-

2160 2095 2348 2145 nosor,
2382 2084 2472 2152 qui
2497 2084 2750 2139 universa
2780 2097 3094 2141 consumat.
3131 2086 3291 2142 Juxta
3341 2087 3673 2157 tropologiam,

2160 2175 2530 2230 adversariam
2566 2185 2915 2244 potestatem.
2970 2194 3091 2249 qua:
3126 2180 3349 2233 veniens
3400 2180 3460 2232 de
3496 2177 3676 2233 deserto

2158 2266 2296 2320 etde
2318 2266 2631 2332 solitudine,
2665 2268 2755 2323 ubi
2781 2268 2989 2323 nullum
3032 2270 3331 2339 hospitium
3367 2269 3451 2324 Dei
3478 2280 3571 2332 εει,
3598 2268 3675 2322 Ec-

2158 2358 2378 2412 clesiam
2402 2358 2520 2425 ejus
2551 2372 2782 2414 conetur
2827 2371 3094 2416 evertere.

2231 2449 2299 2503 Et
2331 2467 2467 2503 nunc
2496 2468 2588 2519 ego
2607 2451 2796 2519 loquar
2812 2452 3020 2521 judicia
3046 2470 3161 2506 mea
3183 2471 3302 2506 cum
3324 2456 3419 2507 eis.
3456 2449 3675 2508 Ἀποσιὼ-

2158 2557 2326 2611 πησις
2353 2551 2457 2607 est,
2492 2542 2648 2613 juxta
2678 2544 2806 2598 illud
2837 2542 3189 2614 Virgilianqu
3221 2546 3453 2619 (/Eneid.
3487 2545 3520 2615 t)
3546 2562 3559 2601 :

2313 2680 2446 2741 Quos
2473 2692 2627 2743 ego...
2652 2681 2742 2731 sed
2770 2685 2928 2730 motos
2951 2686 3152 2744 praestat
3185 2695 3479 2747 componere
3511 2682 3675 2731 ﬂuctus.

2163 2812 2415 2867 Dicturus
2466 2813 2647 2881 itaque
2691 2826 2974 2883 prospera,
3027 2814 3225 2869 retinet
3250 2829 3331 2876 se.
3377 2823 3428 2869 et
3472 2813 3676 2868 tristibus

2158 2904 2334 2973 jungit
2372 2905 2568 2959 tristia.
2631 2902 2755 2960 Haec
2805 2905 2951 2959 enim
3000 2913 3128 2960 sunt
3173 2906 3393 2975 judicia.
3442 2918 3549 2972 qua
3577 2915 3673 2955 cum

2161 2994 2359 3063 popqu
2389 2997 2660 3065 quondam
2718 3010 2817 3051 suo
2848 2996 3085 3064 loquitur
3136 2996 3301 3063 Deus,
3337 3006 3394 3051 ut
3457 2996 3675 3050 sciantsc

490 3083 783 3135 amentiam
824 3100 838 3136 :
871 3084 949 3138 sic
974 3085 1117 3139 enim
1154 3085 1293 3139 LXX
1327 3088 1745 3154 transtulerunt,
1781 3107 1878 3161 pro
1934 3104 2050 3147 stu-

2159 3086 2291 3154 jnste
2324 3088 2595 3142 sustinere
2630 3102 2751 3156 quae
2773 3088 3064 3143 sustinent.

494 3190 641 3244 pore,
679 3190 948 3229 excessum
999 3179 1184 3231 mentis
1212 3180 1607 3249 exprimentes.
1660 3180 1727 3234 Et
1782 3184 2055 3252 prophetae

494 3266 1013 3330 consternabuntur,
1048 3271 1182 3331 sive,
1217 3276 1273 3321 ιιι
1304 3268 1496 3337 Aquila
1524 3271 1801 3325 transtulit
1834 3275 2053 3328 verbum

494 3354 819 3410 llebraicuut
866 3372 1101 3413 IETHIAU
1152 3360 1398 3429 (imam),
1439 3372 1675 3416 amentes
1719 3375 1891 3419 erunt.
1923 3365 2057 3431 Quis

494 3448 639 3502 enim
671 3465 775 3503 nun
815 3450 1067 3517 insaniat,
1099 3467 1205 3505 non
1238 3453 1427 3522 perdat
1458 3469 1553 3508 cor
1583 3470 1598 3507 :
1660 3457 1878 3524 quando
1908 3458 2058 3525 prin-

489 3541 658 3609 cipes,
698 3553 752 3597 et
781 3557 953 3610 reges,
979 3552 1032 3596 et
1066 3546 1400 3608 sacerdotes,
1433 3556 1488 3599 et
1545 3547 1839 3617 prophetas
1884 3562 2056 3618 quon-

490 3631 614 3687 dam
642 3647 772 3687 suos
799 3633 898 3689 sub
925 3634 1081 3690 leone
1105 3636 1449 3704 conspexerit
1474 3636 1497 3688 ?

562 3721 929 3791 (Vers.10.)t
974 3723 1036 3776 Et
1055 3723 1200 3777 dixi:
1235 3722 1370 3790 Heu,
1434 3724 1562 3791 heu,
1623 3726 1722 3781 lteu
1766 3746 1779 3782 :
1834 3728 2057 3786 Domine

492 3815 634 3886 Deus
662 3817 777 3883 (pro
807 3831 908 3885 quo
934 3814 1081 3868 LXX
1112 3816 1503 3870 transtulerunt
1533 3816 1618 3872 :0
1649 3817 1874 3874 Domine
1895 3820 2053 3889 Deus)

488 3922 689 3976 ergone
720 3908 981 3976 decepiin
1026 3907 1276 3977 populum
1315 3907 1498 3971 istum,
1528 3908 1933 3977 etJerusalem,
1972 3911 2058 3965 di-

492 4012 621 4053 cens
652 4015 665 4052 :
694 3998 802 4052 Pax
836 4000 942 4053 erit
970 4000 1123 4055 vobis
1150 4001 1172 4054 ἲ
1208 4001 1273 4053 Ει
1300 4016 1427 4055 ecce
1449 4002 1612 4072 867
1672 4005 1920 4070 pervenit
1943 4004 2059 4072 gla-

495 4089 617 4143 dius
655 4102 828 4156 usque
861 4088 927 4143 ad
952 4090 1215 4143 animam.
1247 4107 1268 4142 ι
1322 4090 1458 4156 Quia
1498 4106 1659 4159 supra
1691 4092 1899 4145 dixerat
1937 4110 1952 4148 :
1989 4093 2056 4148 In

491 4179 586 4233 illo
640 4191 871 4249 tempore
927 4182 1189 4236 vocabunt
1243 4182 1544 4236 Jerusalem
1605 4183 1794 4236 solium
1842 4183 1959 4252 Dei,
2007 4196 2058 4240 et

491 4270 954 4338 congregabantur
982 4272 1051 4325 ad
1073 4288 1189 4325 eam
1221 4288 1397 4325 omnes
1431 4282 1607 4341 gentes
1654 4273 1710 4326 in
1745 4286 1918 4329 monte
1945 4274 2056 4330 Do-

495 4358 623 4411 mini
655 4360 708 4412 in
735 4358 1075 4415 Jerusalem:
1104 4373 1161 4416 et
1187 4378 1329 4417 nunc
1367 4364 1497 4417 dicit
1532 4378 1548 4417 :
1595 4362 1795 4418 Peribit
1842 4382 1934 4421 cor
1970 4381 2057 4421 re-

2230 3175 2414 3246 (Vers.
2454 3164 2605 3249 15.)‹
2652 3178 2788 3232 Ecce
2818 3179 2972 3245 quasi
3000 3177 3170 3255 nubes
3191 3180 3459 3241 ascendet,
3488 3186 3536 3231 et
3553 3176 3672 3245 quasi

2160 3275 2456 3335 tempestas
2520 3283 2716 3322 currus
2769 3268 2940 3337 ejus:
2988 3269 3294 3323 velociores
3354 3268 3534 3335 aquilis
3575 3264 3673 3331 ι·ηυὶ

2161 3361 2325 3417 illius.
2361 3360 2451 3414 Va:
2477 3362 2660 3427 nobis,
2686 3360 2941 3430 quoniam
2972 3361 3168 3416 vastati
3203 3374 3405 3419 sumus.
3439 3377 3454 3408 ι
3480 3357 3673 3414 Ventura

2160 3452 2331 3506 cernit
2367 3453 2647 3518 praesentis
2692 3461 2783 3507 :et
2816 3450 3185 3521 Babylonium
3230 3454 3478 3508 describit
3505 3449 3675 3503 exerci-

2163 3553 2273 3596 tum
2317 3543 2501 3611 :cujns
2522 3557 2780 3597 curruum
2841 3552 3194 3613 rotarumque
3225 3547 3475 3614 strepitus
3504 3552 3673 3608 tempe-

2162 3638 2287 3692 stati
2342 3637 2655 3692 saevissima:
2706 3637 2875 3707 868
2905 3649 3279 3705 comparatur,
3347 3648 3398 3692 et
3450 3648 3671 3705 equorum

2159 3728 2423 3783 velocitas
2458 3729 2654 3797 aquilis
2682 3730 2948 3799 jungitur.
2975 3729 3126 3794 Quod
3155 3745 3281 3783 cum
3331 3728 3575 3795 Propheta
3610 3722 3674 3776 di-

2160 3822 2351 3888 xisset,
2381 3828 2435 3875 ct
2465 3822 2617 3889 quasi
2645 3822 2925 3876 venientes
2950 3820 3137 3875 hostes
3160 3822 3332 3893 digito
3353 3823 3675 3875 demonstras-

2160 3916 2265 3974 set,
2296 3911 2523 3979 populus
2552 3910 2879 3977 iugemiscit,
2906 3919 2965 3963 et
3019 3924 3363 3980 nequaquam
3398 3899 3675 3998 futura,sed

2160 3998 2299 4054 facta
2330 4000 2441 4068 jam
2478 3999 2645 4053 sentit
2677 3996 2864 4052 dicens
2892 4013 2907 4053 :
2944 3995 3056 4061 Var,
3080 3998 3230 4053 nobis
3260 3998 3499 4069 quoniam
3520 3995 3673 4047 vastati

2158 4106 2364 4145 sumus.
2403 4088 2514 4144 Hoc
2538 4090 2675 4144 idem
2705 4088 2939 4143 refertur
2968 4089 3035 4144 ad
3060 4089 3387 4153 Ecclesiam.
3420 4084 3548 4155 quod
3568 4095 3673 4152 quo-

2162 4183 2291 4238 tidie
2318 4182 2429 4237 veri
2456 4179 2954 4237 Nabuchodonosor
2991 4196 3092 4237 nos
3116 4182 3396 4253 impugnet
3428 4178 3671 4235 exercitus,

2159 4283 2212 4330 et
2245 4288 2437 4328 currus
2463 4272 2785 4339 Pharaonis,
2815 4273 3106 4342 omnisque
3128 4275 3247 4345 ejus
3270 4274 3529 4343 equitatus
3553 4264 3674 4335 aquis

2161 4366 2337 4421 larum
2400 4367 2662 4436 impetum
2714 4360 2955 4436 superet.
3014 4367 3166 4433 Quod
3226 4368 3269 4422 si
3327 4364 3566 4430 intelligat
3613 4358 3675 4410 vir

491 4449 591 4518 gis,
625 4460 674 4504 et
723 4466 813 4505 cor
834 4454 1148 4519 printipum,
1169 4464 1218 4507 et
1252 4454 1610 4524 obstupescent
1644 4458 1965 4523 sacerdotes,
2006 4466 2055 4513 et
2088 4441 2131 4497 ο
2161 4456 2587 4525 ecclesiasticus,
2609 4458 2838 4513 credens
2858 4456 2931 4511 illi
2959 4458 3244 4512 sententias
3267 4474 3282 4514 :
3303 4457 3426 4513 Cum
3442 4464 3674 4509 conversus

492 4542 760 4610 propheta:
815 4545 1313 4611 consternabantur,
1370 4548 1622 4601 turbatur
1660 4546 1931 4617 Propheta
1954 4588 1970 4614 ,
2005 4560 2061 4605 et

496 4633 549 4685 in
583 4647 641 4687 se
687 4632 853 4688 Deum
890 4642 1047 4702 putat
1099 4651 1219 4691 esse
1268 4636 1548 4692 mentitum
1583 4654 1598 4693 :
1637 4654 1737 4694 nec
1780 4640 2057 4709 intelligit,

494 4725 626 4779 illud
657 4726 821 4782 multa
853 4735 972 4795 post
1000 4734 1241 4795 tempora
1271 4731 1688 4797 repromissum,
1718 4732 1821 4786 hoc
1875 4742 2057 4785 autem

497 4816 676 4872 vicino
700 4817 944 4872 futurum
976 4830 1236 4887 tempore,
1291 4819 1444 4889 juxta
1475 4822 1619 4890 quod
1673 4830 1729 4877 et
1764 4823 2059 4893 Apostolus

493 4908 773 4978 loquitur:
808 4910 1080 4982 Numquid
1126 4912 1321 4982 repulit
1371 4911 1511 4967 Deus
1558 4914 1806 4983 populant
1851 4916 2059 4970 suum?

494 5002 639 5057 Absit
664 5002 835 5068 (Rom.
868 5018 947 5067 xt,
981 5005 1054 5073 1).
1104 5002 1353 5058 Pervenit
1395 5015 1571 5059 autem
1607 5021 1775 5074 usque
1826 5007 1893 5061 ad
1935 5008 2054 5060 ani-

499 5108 637 5145 mam
671 5094 897 5160 gladius,
921 5098 1135 5165 quando
1160 5096 1292 5151 nihil
1325 5095 1487 5151 vitale
1517 5096 1571 5150 in
1590 5096 1771 5152 anima
1814 5112 2056 5153 reserva-

498 5195 608 5238 tur.
636 5183 916 5254 Simulque
946 5196 997 5241 ct
1054 5188 1159 5241 hoc
1192 5188 1453 5254 ostendit,
1510 5186 1654 5256 quod
1710 5188 1815 5243 nisi
1847 5190 2057 5259 gladius

493 5275 857 5347 praecesserit,
898 5278 986 5346 qui
1021 5278 1227 5333 defecet
1263 5289 1317 5333 et
1352 5288 1549 5351 purget
1576 5279 1774 5335 animae
1796 5282 2058 5352 vitia,pax

496 5378 554 5430 ct
592 5367 885 5436 promissio
917 5384 1022 5421 non
1057 5385 1337 5440 sequatur.

566 5461 747 5530 (νει-ε.
790 5460 876 5521 lt.
909 5457 1027 5527 12.)
1071 5479 1089 5511 t
1128 5461 1181 5516 In
1219 5472 1462 5533 tempore
1491 5464 1580 5519 illo
1612 5464 1824 5520 dicetur
1864 5467 2060 5535 populo

497 5552 623 5606 huic
659 5563 710 5605 et
741 5551 1044 5607 Jerusalem
1084 5569 1099 5605 :
1156 5555 1359 5609 Ventus
1410 5574 1571 5612 urens
1606 5558 1734 5626 {sive
1794 5559 1951 5628 rori~)
2005 5558 2056 5613 itt

2155 4551 2496 4621 ingemueris,
2527 4558 2651 4603 tunc
2683 4548 2858 4604 salvus
2903 4550 3007 4604 eris
3039 4550 3178 4617 (Isa.
3208 4566 3335 4615 ην,
3376 4548 3484 4617 22),
3514 4544 3670 4599 dicet:

2167 4641 2255 4698 Va:
2286 4642 2719 4712 nobis,quoniam
2749 4641 2942 4696 vastati
2974 4658 3176 4698 sumus.

2228 4732 2406 4801 (Vers.
2428 4732 2541 4802 M.)
2575 4750 2593 4783 t
2621 4731 2763 4786 Lava
2792 4747 2822 4787 a
2853 4732 3055 4787 malitia
3087 4747 3185 4788 cor
3204 4740 3371 4796 tuum,
3392 4722 3669 4783 Jerusalem.

2153 4835 2216 4881 ut
2243 4824 2387 4880 salva
2418 4826 2554 4879 tias:
2585 4838 2861 4894 usquequo
2892 4824 3248 4878 morabuntur
3272 4824 3323 4877 in
3358 4833 3406 4879 te
3427 4813 3670 4887 cosiialio'

2155 4932 2251 4973 nes
2271 4916 2488 4973 noxize?
2524 4935 2544 4969 ι
2584 4916 2789 4969 Dicenti
2838 4915 3033 4983 popqu
3071 4932 3087 4973 ς
3134 4913 3220 4970 Vat
3269 4915 3431 4979 nobis,
3461 4907 3670 4980 quoniam

2160 5006 2351 5061 vastati
2384 5020 2589 5069 sumus,
2646 5006 2935 5073 respondet
2986 5002 3278 5071 Propheta,
3328 5004 3429 5055 imo
3460 5011 3542 5067 per
3565 4992 3671 5045 Pro-

2160 5099 2376 5168 phetam
2406 5096 2545 5150 Deus
2578 5112 2592 5150 :
2622 5093 2765 5147 Lava
2796 5112 2825 5147 a
2845 5094 3050 5148 malitia
3088 5111 3177 5149 cor
3206 5104 3366 5156 tuum,
3394 5085 3670 5186 Jerusalem.

2158 5191 2248 5245 illa
2276 5205 2415 5259 aqua
2468 5189 2535 5243 de
2563 5203 2670 5257 qua
2731 5196 2783 5240 et
2855 5186 3022 5241 lsaias
3084 5187 3365 5257 loquitur:
3414 5182 3664 5273 Lavamiut.

2159 5280 2343 5334 mundi
2391 5289 2554 5333 estote
2591 5275 2729 5343 (Isu.
2758 5293 2796 5343 ι,
2829 5277 2941 5345 16),
2992 5291 3129 5346 aqua
3162 5273 3402 5346 baptismi
3432 5268 3665 5325 salutaris.

2159 5388 2295 5442 auua
2351 5372 2681 5442 penitentiaz.
2736 5370 2818 5424 Ad
2866 5370 3205 5440 metr0polim
3245 5377 3418 5421 autem
3466 5359 3666 5452 loquitur

2159 5462 2466 5518 Judaenrum
2499 5504 2513 5528 ,
2562 5473 2616 5516 ut
2677 5477 2772 5532 per
2832 5461 3019 5516 urbem
3078 5460 3429 5527 intelligantur
3478 5444 3663 5522 populi:

2162 5558 2455 5627 Usquequo
2481 5555 2679 5624 iniquis
2712 5553 3128 5624 cogitationibus
3150 5553 3408 5623 subjaccs,
3436 5560 3539 5618 qua?
3562 5554 3663 5610 im“

576 5738 747 5792 ’Cum
783 5739 951 5796 Vatis.
996 5759 1126 5797 mss.
1175 5742 1405 5805 Italian,
1457 5744 1750 5809 fuutoressc
1778 5745 2051 5799 Auctorem
2092 5759 2462 5811 pcrt'crsorttm.
