3950 6180
284 274 392 338 737

818 278 1310 338 COMMENTAR.
1349 277 1425 336 IN
1465 277 1865 339 JEREMIAM

1982 276 2379 338 .lOl’llEl‘AM
2421 279 2566 340 LIB.
2611 280 2660 350 Ι,
2691 281 2847 343 CAP.
2898 283 2994 346 ιν.

3437 282 3543 346 738

283 391 488 447 cedunt
553 392 618 447 de
679 394 841 447 corde
875 394 999 447 tuo?
1045 392 1152 448 Cor
1210 403 1392 449 autem
1442 394 1496 447 in
1550 391 1850 462 Scripturis
1890 411 1931 466 Α
1967 396 2107 463 apud
2130 394 2415 464 plerosque
2447 411 2696 462 magnum
2731 406 2853 450 esse
2884 401 3188 450 certamen.
3215 389 3325 450 Vox
3358 408 3540 451 autem

283 484 493 539 sanctis
520 499 616 553 pro
637 499 796 539 sensu
829 495 882 538 et
913 487 1091 538 anima
1130 485 1393 540 debemus
1419 485 1688 554 accipere.

359 574 538 644 (Vere.
567 574 680 644 15.)
715 601 734 627 ι
777 575 890 631 Vox
922 576 1067 631 enim
1118 577 1494 632 annuntiantis
1539 593 1570 630 a
1617 576 1755 642 Dan,
1808 585 1865 632 et

291 679 477 723 notum
522 668 773 724 facientis
825 668 1028 722 idolum
1087 669 1196 740 (vel
1252 669 1519 727 dolorem)
1573 670 1640 724 de
1681 679 1865 725 monte

284 760 566 832 prraim.
610 779 630 812 ι
691 759 851 815 .luxta
901 761 1065 814 situm
1132 768 1294 814 teme
1351 759 1592 826 Iudaeae,
1648 760 1864 814 divinus

282 868 469 908 sermo
494 867 639 906 nunc
658 853 915 922 loquitur.
946 853 1058 906 Dan
1080 853 1227 908 enim
1256 852 1431 907 tribus
1447 853 1601 921 juxta
1623 863 1862 908 montem

282 943 549 998 Libanum
583 953 636 999 et
662 943 984 1012 urbcntqua:
1011 959 1155 998 nunc
1173 943 1374 998 dicitur
1406 943 1864 1013 Patteas.Aquilo-

283 1051 410 1090 nem
431 1035 650 1104 rcSpicit
691 1049 706 1090 :
749 1035 894 1089 unde
913 1050 1179 1092 venturus
1210 1046 1291 1090 est
1326 1034 1863 1090 Nabuchodonosor.

281 1129 490 1183 Idolum
525 1140 701 1182 autem
739 1128 854 1194 Bel,
879 1130 965 1184 vel
995 1130 1260 1194 dolorem,
1303 1129 1386 1183 vel
1413 1129 1756 1198 iniquitatem
1797 1132 1865 1185 de

281 1231 471 1275 monte
523 1220 778 1289 Ephraitn
855 1220 1046 1274 venire
1108 1220 1394 1274 describit.
1455 1220 1588 1274 Post
1659 1221 1863 1274 tribum

281 1313 487 1381 quippe
529 1310 666 1376 Datt,
721 1311 972 1365 succedit
1026 1319 1171 1365 terra
1229 1309 1516 1378 Epitraim,
1558 1325 1655 1380 per
1700 1325 1864 1380 quam

281 1402 503 1456 venitur
542 1400 864 1457 Jerusalem.
918 1400 1033 1456 Dan
1096 1402 1487 1472 interpretatur
1538 1402 1808 1470 judicium
1845 1416 1865 1456 :

281 1494 568 1566 Ephraitn,
609 1495 845 1549 ubertas.
880 1493 1074 1550 Veniet
1127 1495 1294 1565 igitur
1339 1494 1605 1564 judicium
1651 1494 1863 1569 Domipi

284 1588 342 1641 in
367 1597 568 1641 terram
582 1587 984 1657 delinquentem
1007 1586 1260 1653 Domino,
1285 1602 1410 1641 cum
1435 1585 1585 1642 omni
1620 1587 1866 1644 ubertate

280 1679 560 1751 supplicii.

1967 485 2242 555 propheta:
2263 499 2318 542 et
2350 503 2444 557 per
2471 490 2790 556 prophetam
2821 487 2914 542 Dei
2951 488 3544 556 loquentisiuducitur.

1963 582 2108 647 quod
2140 579 2320 634 doleat
2351 596 2516 650 super
2549 583 2881 635 contritione
2915 579 3100 649 populi
3141 581 3226 633 sui
3265 590 3320 632 et
3369 580 3544 633 instar

1966 671 2202 725 h0utinis
2227 673 2430 726 viscera
2462 673 2584 742 ejus
2625 675 2837 727 interna
2897 673 3237 727 lacerentur.
3259 672 3542 737 QttOlttOtlu

1963 770 2016 815 et
2051 760 2296 815 Salvator
2329 777 2494 831 super
2530 761 2724 816 Lazari
2765 774 2940 817 morte
2977 763 3150 816 doluit
3179 761 3365 831 (Joau.
3407 762 3484 830 xi)
3525 802 3538 820 ,

1964 862 2020 906 et
2048 852 2258 921 planxit
2293 851 2623 920 Jerusalem,
2671 869 2738 906 ne
2773 853 2979 907 celaret
3015 853 3258 906 dolorem
3325 852 3545 905 siientio

1966 945 2118 1015 (Luc.
2151 945 2265 1013 xtx)
2309 945 2639 1014 :omnisque
2669 945 2896 1015 clangor
2934 944 3177 999 buccina:
3214 955 3264 997 et
3295 943 3547 997 fremitus

1967 1037 2300 1106 praeliorum,
2323 1037 2468 1089 illius
2499 1037 2683 1092 turbat
2713 1036 2991 1100 affectum,
3030 1036 3160 1089 dum
3187 1035 3325 1088 mala
3358 1049 3548 1088 eumn-

1966 1128 2148 1181 lantur
2190 1127 2368 1192 tttalis,
2405 1137 2459 1182 et
2506 1111 2762 1182 uni‘versa
2819 1127 3051 1182 duarum
3114 1129 3352 1181 tributnn
3403 1139 3547 1180 teita

1967 1230 2235 1275 vastatur.
2278 1219 2415 1273 Dum
2451 1235 2562 1274 non
2611 1218 2896 1289 putabant,
2951 1219 3147 1288 inquit.
3184 1223 3540 1274 tabernacula

1967 1314 2238 1384 quondam
2303 1322 2360 1370 et
2434 1313 2604 1383 pelles
2685 1328 2820 1368 mea:
2855 1351 2871 1377 ,
2957 1311 3255 1381 Babylonio
3308 1314 3548 1365 exercitu

1969 1410 2230 1473 furente,
2287 1407 2546 1476 populata
2614 1415 2766 1470 sunt,
2819 1414 2873 1460 et
2927 1404 2982 1459 iu
3021 1404 3261 1473 praedam
3308 1404 3547 1458 hostium

1969 1515 2089 1554 mea
2136 1497 2414 1568 quondam
2462 1512 2684 1553 cessere
2724 1497 2985 1566 hospitia.
3047 1496 3311 1563 Loquitur
3367 1505 3550 1547 autem

1969 1593 2074 1650 hoc
2109 1593 2252 1647 idem
2280 1592 2446 1655 Deus,
2483 1592 2705 1661 quando
2735 1589 3026 1646 seditionis
3071 1586 3185 1658 [AL
3225 1587 3552 1658 seditionezj

1975 1687 2163 1740 turbas
2223 1692 2387 1754 atque
2439 1683 2744 1737 discordias
2797 1681 2976 1737 cernit
3018 1681 3072 1734 itt
3119 1680 3358 1734 Ecclesia
3393 1690 3447 1732 ct
3495 1681 3550 1732 in

357 1771 536 1843 (Vers-
570 1770 658 1838 16,
687 1772 798 1844 17ο)
829 1791 849 1824 ι
879 1773 1051 1830 Dicite
1093 1773 1346 1844 selttibus
1376 1789 1392 1830 ἒ
1435 1772 1575 1828 Ecce
1617 1773 1861 1828 auditum
1895 1781 1934 1836 Β
1965 1777 2358 1834 conventiculis
2380 1777 2496 1832 suis
2515 1776 2755 1830 clamare
2785 1775 3056 1845 perdicem
3091 1773 3200 1845 [AL
3239 1789 3336 1842 per
3353 1771 3551 1842 diem],

281 1871 368 1916 est
407 1861 462 1916 itt
496 1859 825 1929 Jerusalem,
857 1863 1112 1920 custodes
1139 1864 1329 1920 venire
1366 1866 1432 1919 de
1467 1872 1612 1920 terra
1645 1863 1860 1934 longin-

281 1969 388 2023 qua
421 1962 478 2009 et
515 1953 782 2009 dederunt
823 1970 986 2025 super
1013 1956 1264 2012 civitates
1284 1954 1420 2011 Jutla
1445 1970 1635 2012 vocem
1658 1971 1813 2011 suam
1843 1971 1859 2011 z

282 2045 446 2112 quasi
470 2044 727 2100 custodes
757 2058 1012 2115 agrorum
1061 2045 1193 2102 facti
1234 2058 1364 2102 sunt
1423 2061 1586 2117 super
1619 2063 1740 2102 eam
1793 2045 1849 2100 in

284 2135 543 2203 circuitu,
569 2138 698 2208 quia
733 2152 844 2192 me
881 2139 947 2192 ad
994 2139 1332 2194 iracundiam
1394 2140 1740 2208 provocavit,
1785 2137 1864 2192 ait

284 2230 571 2284 Dominus.
605 2248 624 2280 ι
660 2227 787 2284 Vult
833 2244 1024 2286 omnes
1087 2232 1141 2285 in
1186 2231 1416 2285 circuitu
1473 2231 1723 2285 nationes
1771 2229 1866 2283 Dei

287 2338 452 2378 nosse
484 2324 812 2380 sententiam
839 2339 856 2384 ς
885 2331 939 2376 et
969 2321 1237 2394 ﬂagellata
1264 2321 1607 2378 Jerusalem:
1639 2330 1869 2379 cunctos

287 2417 538 2486 recipere
565 2417 930 2486 disciplinam.
962 2415 1202 2479 Celebri,
1238 2413 1436 2484 inquit,
1463 2413 1519 2467 in
1561 2410 1866 2467 Jerusalem

287 2525 546 2566 sermone
613 2519 898 2577 narratur,
952 2510 1302 2564 adversarios
1353 2507 1538 2562 venire
1577 2506 1646 2561 de
1722 2517 1868 2560 terra

289 2600 610 2672 longinqua,
633 2612 689 2658 et
704 2601 983 2657 fremitum
1010 2611 1201 2656 contra
1221 2613 1340 2654 eam
1359 2611 1586 2670 surgere
1612 2597 1870 2652 ululantis

288 2694 588 2760 exercitus,
623 2694 715 2764 qui
751 2702 860 2748 tam
917 2693 1206 2764 diligenter
1257 2690 1550 2746 obsideant
1583 2691 1865 2744 civitatem

288 2798 346 2846 et
385 2788 643 2843 claudant
669 2785 860 2842 urbem
900 2785 1317 2849 munitionibus,
1367 2794 1427 2838 ut
1459 2799 1566 2838 non
1600 2792 1710 2837 tam
1773 2783 1869 2834 ad-

291 2880 570 2936 versarios
607 2891 764 2951 putes
798 2893 942 2944 esse,
974 2893 1138 2948 quam
1171 2893 1428 2948 agrorum
1479 2877 1872 2943 vinearumque

291 2974 570 3029 custodes.
604 2972 719 3028 Hoc
735 2981 920 3026 autem
941 2979 1110 3026 totum
1135 2969 1338 3025 factum
1361 2978 1468 3036 est,
1495 2983 1601 3022 non
1633 2965 1870 3020 hostium

292 3064 529 3131 viribus,
556 3064 650 3120 sed
679 3063 836 3134 culpa
887 3061 1184 3120 Jerusalem
1224 3061 1390 3130 :quia
1437 3061 1606 3115 Deum
1641 3059 1708 3113 ad
1759 3060 1870 3111 ira-

1965 1881 2019 1927 et
2053 1871 2145 1926 Dci
2180 1870 2423 1939 requiem
2458 1871 2514 1924 in
2545 1868 2684 1924 bella
2724 1867 2993 1924 converti.
3043 1865 3199 1921 Unde
3252 1867 3500 1934 sequitur
3532 1884 3546 1919 ;

2036 1961 2214 2032 (Vers.
2249 1961 2365 2032 2i.)
2399 1978 2419 2012 ι
2465 1958 2754 2031 Usquequo
2790 1959 2986 2014 videbo
3031 1956 3304 2026 fugientes
3364 1954 3549 2027 [ναις.

1967 2051 2315 2124 fugientem],
2353 2052 2568 2106 audiam
2599 2065 2788 2106 vocem
2819 2049 3065 2104 buccina:
3093 2047 3114 2101 τ
3146 2066 3165 2098 ι
3211 2045 3306 2100 Vel
3341 2047 3553 2116 fugien-

1970 2155 2050 2200 tes
2075 2160 2257 2214 regem
2293 2144 2671 2213 Babylonium,
2705 2141 2788 2195 vel
2818 2139 3090 2212 fugientes
3119 2153 3228 2204 me,
3263 2147 3319 2193 et
3361 2153 3390 2190 a
3434 2153 3555 2193 meo

1967 2238 2190 2294 servitio
2223 2240 2568 2292 recedentes.

2042 2329 2223 2398 (Vers.
2247 2327 2364 2395 22.)
2401 2345 2418 2378 ι
2455 2326 2591 2392 Quia
2627 2323 2833 2379 stultus
2867 2321 3103 2392 populus
3134 2334 3288 2376 meus
3321 2333 3405 2374 me
3440 2333 3552 2374 non

1969 2422 2255 2492 cognovit:
2280 2422 2372 2474 lilii
2398 2420 2718 2488 insipientes
2741 2426 2864 2470 sunt
2882 2426 2937 2470 et
2956 2415 3248 2470 vecordes.
3268 2415 3508 2482 Sapienti
3526 2428 3556 2465 ι

1970 2523 2096 2569 sunt
2120 2523 2178 2568 ut
2196 2513 2403 2566 faciant
2423 2512 2584 2565 mala:
2607 2511 2744 2564 bene
2763 2517 2944 2562 autem
2967 2511 3150 2562 facere
3174 2507 3504 2560 nescierunt.
3527 2522 3548 2553 ι

1970 2604 2146 2658 Causa
2213 2603 2590 2670 contritiouis,
2629 2599 2904 2654 vastitatis
2927 2638 2942 2662 ,
2968 2598 3160 2668 .870
3215 2595 3463 2666 fugaeque
3499 2603 3556 2647 et

1972 2695 2380 2766 buccinae,quia
2405 2694 2606 2764 stultus
2621 2695 2798 2748 factus
2818 2701 2900 2747 est
2928 2695 3180 2761 populus,
3207 2705 3312 2744 non
3336 2699 3557 2752 natura,

1972 2786 2114 2841 setis
2141 2787 2270 2840 udio
2307 2785 2617 2838 voluntatis.
2665 2782 2895 2851 Ipsaque
2922 2781 3154 2836 stultitia
3190 2780 3314 2834 hinc
3354 2776 3555 2848 proba-

1975 2889 2063 2932 tur
2096 2895 2111 2932 :
2143 2879 2273 2947 quia
2341 2891 2446 2931 nou
2513 2886 2892 2946 cognoverunt
2931 2873 3122 2938 Deum,
3173 2881 3229 2926 et
3279 2886 3377 2938 pro
3427 2869 3556 2922 filiis

1973 2971 2332 3042 sapientibus,
2372 2969 2524 3024 stulti
2557 2967 2652 3021 fllii
2686 2967 2816 3021 facti
2850 2976 2980 3020 sunt
3003 2971 3060 3019 et
3094 2965 3386 3018 vecordes.
3424 2964 3557 3026 Quae

1975 3067 2120 3120 enim
2155 3064 2322 3132 major
2355 3072 2533 3132 potest
2553 3077 2675 3116 esse
2706 3060 2960 3124 stultitia,
2989 3073 3172 3129 quam,
3195 3064 3560 3125 cognoscente

292 3155 730 3228 ουηάίδιυθθθ
749 3156 1088 3227 ρτονοσθνίιο
1106 3155 1163 3210 εί
1182 3157 1328 3210 enim
1356 3156 1408 3207 in
1435 3167 1627 3220 ρειτευε
1655 3153 1882 3205 1³01³11³·
1905 3125 1950 3183 C
1990 3158 2125 3212 bove
2153 3170 2527 3226 possessorem
2559 3168 2740 3219 suum,
2790 3162 2846 3206 et
2873 3153 3028 3206 asino
3071 3165 3312 3221 praesepe
3347 3147 3557 3202 Domini

292 3252 426 3306 bent
442 3258 766 3320 potestatem
786 3248 1114 3305 adversariae
1125 3246 1498 3310 fortitudines,
1513 3253 1722 3314 quanto
1752 3259 1870 3296 ma-

291 3341 374 3412 gis
404 3344 457 3395 in
498 3342 768 3407 homines,
794 3342 1117 3396 ethomittes
1154 3341 1429 3409 quondam
1460 3338 1698 3390 civitatis
1730 3335 1823 3388 Dei
1850 3333 1873 3388 ἲ

366 3431 554 3503 (Vers.
587 3432 701 3502 18.)
738 3450 756 3484 ι
805 3430 919 3487 Viae
962 3443 1087 3497 tute,
1122 3440 1178 3486 et
1205 3429 1566 3500 cogitationes
1593 3435 1698 3480 tum
1729 3428 1871 3480 fece-

295 3534 424 3580 runt
457 3527 571 3581 haec
599 3525 692 3580 tibi
726 3541 742 3581 :
781 3525 883 3580 ista
920 3523 1130 3578 malitia
1169 3533 1284 3588 tua,
1305 3523 1430 3590 quia
1455 3533 1638 3574 amara
1665 3516 1857 3589 [Vutg.

296 3620 450 3672 addit
478 3615 650 3688 quia},
693 3617 868 3685 tetigit
893 3630 990 3670 cor
1015 3626 1188 3671 tuum.
1229 3633 1250 3666 ι
1282 3613 1435 3668 Facit
1478 3611 1867 3681 apostropham

295 3711 362 3764 ad
406 3713 594 3764 urbem
619 3706 947 3773 Jerusalem,
993 3705 1143 3776 quod
1191 3705 1291 3760 viae
1321 3704 1466 3759 illius
1509 3714 1563 3757 et
1585 3705 1874 3774 cogitatio-

297 3816 419 3866 nes,
440 3802 638 3871 quibus
663 3813 720 3856 et
747 3814 915 3870 opere
941 3809 997 3854 et
1016 3813 1271 3854 sermone
1308 3798 1578 3867 peccavit,
1609 3795 1862 3849 fecerunt

296 3897 348 3950 ei
405 3894 592 3949 venire
637 3893 852 3957 omnia,
917 3904 1056 3961 quas
1098 3899 1420 3954 evenerunt,
1503 3888 1875 3957 malitiamque

297 3989 466 4051 illius,
497 4001 618 4056 qua:
653 4000 747 4052 per
785 3998 846 4040 se
865 3997 1050 4036 amara
1086 3984 1180 4046 sit,
1217 3984 1464 4051 tetigisse
1500 3997 1598 4034 eor
1624 3981 1792 4044 illius,
1820 3992 1876 4035 et

296 4084 494 4133 animae
548 4082 760 4130 interna
819 4083 1151 4144 penetrasse.
1208 4074 1480 4142 Quidquid
1537 4087 1666 4141 ergo
1717 4073 1875 4126 nobis

298 4171 518 4236 accidit,
557 4179 744 4223 nostro
772 4169 970 4223 accidit
1019 4167 1169 4234 vitio,
1197 4166 1291 4235 qui
1320 4167 1535 4220 dulcem
1585 4164 1873 4219 Dominum

301 4265 353 4316 in
422 4260 842 4316 amaritudinem
891 4259 1193 4326 vertimus,
1255 4268 1310 4312 et
1363 4257 1612 4326 cogimus
1671 4254 1875 4310 saevire

298 4352 596 4408 nolentem.

372 4445 556 4514 (Vers.
590 4445 681 4511 19,
703 4443 822 4515 20.)
853 4445 1137 4502 tVentretn
1172 4459 1377 4512 meum,
1413 4453 1656 4500 ventrem
1686 4457 1870 4498 meum

299 4541 482 4594 doleo:
504 4554 696 4594 sensus
715 4540 899 4594 cordis
915 4540 1018 4594 mei
1038 4540 1237 4594 turbati
1257 4549 1386 4593 sunt
1404 4540 1456 4592 in
1474 4552 1578 4593 me:
1603 4551 1710 4592 non
1729 4545 1881 4591 tace-

299 4636 393 4696 bo,
416 4635 672 4702 quoniaut
691 4645 878 4687 vocem
897 4633 1142 4688 buccinae
1158 4633 1368 4687 audivit
1385 4632 1570 4686 anima
1591 4645 1734 4696 mea,
1771 4630 1885 4685 cla-

305 4742 516 4781 tuorem
539 4725 735 4794 prailii.
757 4725 1028 4782 Contritio
1067 4740 1233 4797 super
1277 4726 1661 4794 contritionem
1689 4734 1881 4781 vocata

303 4830 483 4884 est,et
503 4831 712 4876 vastata
729 4821 1008 4876 estontnis
1026 4828 1194 4875 terra.
1222 4818 1466 4892 Repente
1494 4829 1714 4877 vastata
1755 4825 1898 4890 sunt,

303 4914 655 4967 tabernacula
705 4927 846 4978 mea,
911 4913 1092 4968 subito
1139 4913 1306 4982 pelles
1368 4929 1522 4969 meae.
1571 4933 1590 4965 ι
1646 4913 1749 4970 Ubi
1787 4911 1888 4968 nes

298 5007 452 5074 juxta
511 5005 897 5076 Symmachum
950 5008 1254 5076 posuimus,
1284 5008 1486 5061 turbati
1539 5016 1702 5074 sunt,
1741 5017 1797 5062 et
1830 5009 1887 5062 in

304 5099 535 5163 Hebraeo
563 5103 820 5168 scriptum
847 5111 952 5168 est,
973 5115 1117 5156 non
1189 5109 1340 5160 mD't't
1373 5098 1773 5170 ;Septuaginta
1829 5111 1887 5157 et

307 5191 652 5246 Tlteodotio'
697 5206 992 5262 posuerunt
1053 5197 1360 5266 μαιμάσσει
1402 5211 1417 5248 :
1460 5194 1602 5264 quod
1657 5197 1882 5252 verbum

311 5300 483 5354 usque
540 5287 593 5341 in
643 5288 1060 5356 prmsentiarum
1109 5290 1238 5358 quid
1303 5289 1612 5357 signiticet,
1665 5291 1880 5360 ignoro.

305 5377 502 5445 Aquila
528 5386 710 5430 autem
726 5379 908 5446 posuit
923 5378 1146 5448 ὀχλίζει,
1170 5379 1314 5447 quod
1336 5387 1388 5432 et
1405 5380 1577 5447 ipsum
1602 5382 1889 5433 tumultum

307 5484 486 5526 sonat.
517 5471 630 5528 Hoc
675 5475 740 5528 de
786 5479 951 5530 verbo
983 5476 1186 5530 dictum
1246 5477 1336 5540 sit,
1388 5490 1552 5545 super
1610 5493 1724 5548 quo
1769 5479 1885 5534 stio

312 5682 322 5693 .
377 5613 399 5693 γ’
426 5610 485 5692 lu
518 5613 720 5692 nostris
765 5629 898 5693 mss.
931 5613 1293 5693 Scpgtaginta
1321 5619 1624 5686 μᾱιμάσσει
1674 5630 1882 5688 absque

311 5685 615 5748 iuterjectis
671 5686 854 5755 verbis
883 5724 898 5750 ,
950 5685 998 5738 et
1040 5685 1326 5740 Theodotio
1359 5700 1670 5755 posuerunt.
1726 5685 1878 5755 Quod

313 5767 438 5807 vero
467 5769 526 5809 se
560 5756 634 5808 ait
667 5752 816 5810 Hier.
850 5757 1124 5826 ignorare,
1157 5759 1283 5826 quid
1324 5752 1542 5813 verbum
1575 5763 1706 5815 illud
1744 5752 1891 5816 Glic-

1980 3250 2086 3312 sui,
2116 3247 2280 3302 Israel
2319 3247 2604 3300 Dominum
2637 3261 2742 3300 non
2777 3260 3110 3314 cognoscere
3139 3254 3194 3299 et
3231 3252 3555 3309 prmsentem

1980 3351 2332 3396 conteutttete
2353 3355 2516 3408 quem
2548 3353 2764 3405 semper
2782 3339 2970 3392 videre
2987 3340 3241 3406 cupiebat
3259 3338 3558 3406 iQuodque

1981 3430 2556 3498 itifertttr18upientes
2610 3439 2733 3483 sunt
2802 3441 2858 3481 ut
2919 3430 3130 3497 faciant
3185 3430 3326 3482 mala
3360 3446 3380 3483 :
3431 3429 3557 3482 bene

1982 3535 2155 3576 autem
2199 3522 2374 3592 facere
2405 3524 2722 3586 nescierunt,
2781 3522 2869 3575 hic
2904 3523 3169 3592 sapientia
3217 3535 3317 3590 pro
3351 3521 3558 3573 malitia

1981 3616 2294 3685 accipienda
2355 3625 2460 3682 est,
2511 3616 2667 3684 juxta
2701 3615 2847 3684 quod
2908 3625 2964 3668 et
3023 3613 3118 3668 filii
3172 3611 3354 3667 saeculi
3399 3612 3559 3681 hujus

1981 3709 2340 3777 sapientiores
2389 3718 2518 3763 sunt
2549 3710 2672 3762 filiis
2703 3709 2840 3763 lucis
2882 3723 2897 3762 :
2928 3720 2982 3762 et
3016 3707 3227 3761 villicus
3257 3707 3560 3775 iniquitatis

1983 3804 2235 3869 quaedam
2266 3802 2543 3870 sapienter
2574 3801 2779 3854 fecisse
2808 3807 3062 3854 narratur
3095 3797 3248 3870 (an.
3308 3799 3449 3866 xvi);
3500 3811 3555 3850 et

1984 3907 2208 3961 serpens
2231 3892 2284 3946 iu
2309 3893 2565 3962 paradiso
2585 3893 2906 3962 prudentior
2937 3892 3149 3946 eunetis
3163 3890 3347 3944 bestiis
3364 3889 3557 3957 legitur

1987 3988 2138 4060 (Gen.
2176 3992 2285 4058 ut).
2321 3987 2419 4042 illa
2481 3995 2568 4041 est
2592 4000 2724 4055 ergo
2785 3991 2913 4040 vera
2975 3984 3244 4052 sapientia
3295 3997 3414 4050 quur
3462 3980 3559 4033 Det

1988 4081 2168 4137 timori
2193 4081 2464 4152 jungitur.
2493 4080 2749 4149 Alioquin
2783 4079 2874 4132 ubi
2909 4077 3118 4132 insidia:
3150 4084 3278 4130 sunt
3311 4086 3363 4127 et
3392 4077 3556 4142 tergi-

1987 4177 2244 4239 versatio,
2281 4191 2387 4230 non
2427 4175 2721 4245 sapientia,
2764 4173 2857 4229 sed
2894 4171 3130 4228 versutia
3187 4180 3244 4225 et
3286 4169 3558 4224 calliditas

1987 4269 2308 4339 appellanda
2365 4275 2470 4322 est.
2506 4269 2610 4322 Pro
2659 4280 2726 4320 eo
2753 4267 2899 4335 quod
2957 4279 3054 4318 nos
3105 4264 3362 4330 diximus,
3422 4263 3558 4326 Quin

1985 4359 2179 4413 stultus
2202 4358 2427 4429 populus
2456 4374 2600 4413 meus
2629 4375 2710 4412 me
2741 4371 2844 4408 non
2897 4356 3158 4424 cognovit,
3211 4355 3563 4424 Septuaginta

1986 4455 2425 4511 transtulerunt:
2461 4451 2603 4518 Quia
2655 4449 2917 4520 principes
2962 4447 3141 4516 pepuli
3186 4449 3284 4529 mei
3337 4462 3416 4500 me
3459 4463 3564 4499 nou

1988 4555 2334 4621 cognouerunt
2373 4562 2391 4604 :
2424 4557 2482 4602 ut
2503 4547 2885 4617 magistrorum
2910 4545 2982 4600 sit
3013 4543 3184 4613 magis
3217 4543 3374 4611 Culpa
3399 4558 3559 4612 quant

1989 4644 2169 4716 populi
2199 4643 2291 4698 Dei
2331 4639 2616 4698 scientiam
2642 4653 2754 4695 non
2789 4637 3069 4694 habentis.

2062 4735 2242 4805 (Vere.
2273 4735 2344 4789 23
2371 4736 2549 4805 seqq.)
2583 4753 2602 4785 ι
2633 4734 2834 4802 Aspexi
2868 4742 3094 4792 terram,
3144 4739 3198 4784 ct
3232 4743 3357 4784 ecce
3394 4744 3562 4781 vacua

1992 4842 2113 4887 erat
2136 4829 2364 4885 etnihili
2404 4845 2421 4886 ξ
2449 4838 2504 4884 et
2534 4827 2725 4892 caelos,
2755 4838 2933 4882 etnon
2957 4832 3074 4880 erat
3106 4823 3194 4877 lux
3225 4826 3276 4876 in
3309 4822 3413 4876 eis.
3443 4820 3567 4874 Vtut

1991 4935 2225 4993 montes,
2253 4935 2309 4980 et
2338 4940 2466 4981 ecce
2495 4927 2874 4988 movebantur,
2929 4929 2986 4975 et
3017 4933 3206 4973 omnes
3231 4916 3399 4972 colles
3426 4932 3561 4972 con-

1993 5018 2192 5074 turbati
2231 5028 2378 5074 sunt.
2425 5017 2657 5071 lutuitus
2708 5031 2854 5078 sum,
2902 5023 2955 5068 et
2989 5027 3094 5068 non
3128 5023 3246 5066 erat
3286 5014 3472 5075 homo,
3509 5023 3566 5064 et

1991 5125 2154 5166 omne
2193 5109 2419 5167 volatile
2463 5109 2588 5165 cmli
2644 5109 2894 5164 recessit.
2933 5105 3156 5176 ASpexi,
3191 5113 3246 5159 ct
3272 5121 3402 5159 ecce
3430 5107 3564 5159 Cat-

1993 5209 2168 5260 melus
2225 5207 2494 5274 desertus,
2551 5210 2605 5257 et
2657 5216 2847 5256 omnes
2885 5201 3045 5254 urbes
3095 5199 3214 5269 ejus
3270 5201 3561 5254 destructa:

1993 5309 2119 5355 sunt
2153 5316 2183 5353 a
2214 5280 2354 5353 facie
2389 5297 2623 5362 Domini,
2675 5308 2728 5350 et
2752 5312 2781 5348 a
2813 5294 2952 5348 facie
2987 5295 3083 5349 irae
3131 5295 3330 5348 furoris
3360 5296 3496 5362 ejus.
3535 5313 3554 5342 ι

1993 5394 2262 5462 Propheta
2321 5391 2497 5446 cernit
2537 5391 2594 5444 in
2649 5391 2842 5457 spiritu
2879 5403 3000 5458 qua:
3044 5399 3269 5442 ventura
3324 5396 3474 5449 sunt,
3507 5398 3562 5437 ut

1995 5469 2224 5542 audiens
2289 5487 2521 5552 populus
2579 5493 2873 5546 terreatur,
2929 5490 3002 5546 et,
3037 5493 3159 5536 acta
3217 5485 3558 5550 p’muitenttu,

1995 5638 2118 5675 cum
2175 5621 2466 5692 signiﬁcet,
2503 5619 2662 5676 facile
2705 5621 2974 5688 explicato
3016 5629 3119 5682 est,
3149 5621 3192 5673 si
3231 5605 3370 5672 idem
3410 5631 3563 5688 putes

1995 5709 2212 5760 Sonare,
2248 5711 2307 5747 ac
2335 5693 2600 5766 μαιμὰςει
2639 5700 2776 5763 apud
2815 5693 3108 5754 Nobilium,
3139 5698 3281 5759 quod
3325 5699 3412 5746 est
3448 5695 3566 5760 agi-

1999 5776 2166 5819 (titur.
