3950 6180
447 5248 460 5346 i

505 293 610 356 739

1693 296 1752 355 S.
1794 293 2112 355 EUSEBlI
2148 289 2588 354 HIERONYMI

3619 303 3704 366 ’240

509 422 848 479 nequaquam
906 408 1172 465 sustineat
1200 423 1322 478 quae
1363 409 1648 464 formidat.
1704 407 1885 464 Vacua
1932 418 2076 463 terra
2110 415 2149 466 Α
2179 406 2332 462 solus
2364 407 2760 476 interpretatus
2814 417 2898 464 est
2932 408 3148 478 Aquila,
3211 410 3300 466 alii
3338 415 3701 480 transtulerunt,

506 510 606 562 est,
645 500 950 556 habitatore
1003 500 1205 556 deleto.
1249 501 1384 557 (Σιειί
1439 515 1549 556 non
1613 499 1811 557 habent
1873 500 2081 567 inme,

512 593 736 646 terroris
788 592 1182 659 magnitudine,
1237 595 1437 660 popqu
1493 582 1600 649 nun
1665 593 1908 648 vidente.
1972 591 2080 661 Ipsi

515 693 726 738 montes
755 693 810 738 et
837 683 1001 738 colles
1034 683 1207 737 intuta
1240 685 1442 739 habent
1470 684 1691 744 latibula
1711 693 1768 739 et
1788 698 1886 754 per
1904 683 2084 752 ὓπερ-

511 774 674 845 6ολὴν
717 775 920 827 moveri
961 774 1214 828 videntur
1253 786 1416 845 atque
1466 775 1694 830 turbari.
1721 774 1953 830 Intuitus
1979 783 2082 838 est,

511 879 566 922 et
593 869 696 920 huc
740 866 977 934 illucque
1032 868 1444 935 circumspexit,
1479 878 1536 922 et
1587 882 1655 923 ne
1699 869 1818 923 avis
1863 867 2082 937 quidem

515 960 686 1027 potuit
733 959 986 1013 inveniri.
1016 959 1154 1014 Iram
1211 960 1354 1015 enim
1404 959 1501 1015 Dei
1535 969 1590 1014 et
1623 971 1773 1014 muta
1837 960 2084 1016 sentiunt

512 1053 801 1116 elementa,
836 1058 892 1104 et
939 1051 1274 1104 irrationalia
1330 1051 1726 1121 pertimescunt
1754 1052 2081 1106 animantia.

515 1139 626 1194 lloe
658 1157 844 1195 verum
878 1156 1021 1206 esse,
1055 1157 1200 1196 nunc
1231 1153 1375 1196 totus
1422 1143 1574 1197 orbis
1603 1142 1968 1208 demonstrat,
2027 1152 2086 1196 ut

510 1246 652 1286 caesa
678 1233 962 1286 hominum
1003 1233 1375 1301 multitudine,
1415 1234 1656 1288 volatilia
1687 1249 1934 1304 quoque,
1960 1250 2085 1304 quae

511 1322 690 1376 solent
773 1322 1110 1377 habitatores
1160 1325 1335 1393 sequi,
1396 1324 1631 1381 abierint
1691 1335 1746 1380 et
1799 1327 2085 1395 perierint.

512 1413 634 1480 Ipse
665 1427 884 1482 quoque
925 1412 1209 1469 Carmelus
1259 1417 1354 1486 qni
1391 1418 1526 1471 mari
1577 1418 1828 1476 imminet
1862 1433 2086 1488 magiis,

512 1507 649 1558 oleis
679 1505 924 1566 consitus
966 1515 1020 1561 et
1054 1508 1312 1574 arbuStis,
1345 1511 1633 1580 vineisque
1674 1511 1988 1568 condensus
2023 1512 2090 1564 ad

518 1607 730 1651 tantam
763 1596 948 1664 veniet
996 1599 1371 1666 solitudinem,
1401 1611 1459 1655 nt
1493 1602 1660 1662 eremi
1701 1604 1897 1657 habeat
1919 1603 2088 1658 vasti-

517 1699 704 1741 tatem.
740 1687 940 1744 Omnes
973 1705 1191 1760 qnoque
1219 1693 1389 1746 urbes
1425 1694 1654 1747 deserta
1700 1692 1853 1756 ﬁent,
1882 1704 1937 1748 et
1965 1694 2092 1747 nni-

2191 499 2441 551 miseram
2503 507 2665 567 atque
2709 498 3092 565 miserabilem,
3145 501 3303 570 culpa
3333 502 3436 570 sui,
3487 521 3589 572 qua:
3616 506 3704 562 cle-

2194 598 2434 643 mentem
2465 588 2760 644 oﬂ‘enderit
2790 590 2980 643 Deum.
3016 591 3269 661 Denique
3305 595 3534 663 sequitur
3564 615 3576 652 :

2266 698 2287 731 ι
2322 679 2455 734 Cum
2492 681 2740 736 vestieris
2773 691 2828 735 te
2849 682 3092 748 coccino,
3151 695 3206 738 et
3236 682 3346 755 [ΑΙ.
3381 685 3515 759 cuni]
3553 700 3704 746 ornata

2191 773 2365 826 fueris
2397 771 2579 828 monili
2615 787 2806 842 aureo,
2836 784 2890 828 et
2925 773 3167 842 pinxeris
3191 776 3354 832 stibio
3397 779 3564 835 oculos
3590 792 3702 848 tuos,

2193 861 2392 917 frustra
2450 863 2799 932 cornponer-is
2833 879 2846 920 :
2884 874 3339 935 contempserunt
3385 876 3434 923 te
3485 882 3703 929 amatores

2193 960 2313 1014 tui:
2342 939 2758 1012 animatrrtnam
2794 969 3065 1026 qumrent.
3109 977 3130 1011 ι
3173 959 3288 1014 Sub
3317 960 3475 1030 ﬁgura
3507 966 3707 1021 mulieris

2192 1049 2454 1104 adulterae
2513 1048 2754 1116 loquitur
2789 1064 2956 1104 zeum
2997 1051 3168 1105 semel
3222 1050 3502 1108 offenderis
3552 1055 3702 1119 Deum,

2189 1149 2244 1195 et
2285 1142 2440 1210 quasi
2470 1141 2646 1195 virum
2681 1149 2834 1194 tuum
2866 1141 3155 1209 reliqueris
3187 1141 3514 1207 Creatorem,
3539 1144 3696 1200 frustra

2190 1243 2511 1288 ornamenta
2552 1233 2848 1303 perquiris.
2883 1231 3346 1301 Contempserunt
3395 1244 3445 1288 te
3481 1235 3702 1291 damones

2194 1336 2466 1379 amatores
2499 1325 2595 1387 tui,
2639 1330 2692 1378 et
2743 1338 3087 1394 nequaquam
3129 1315 3304 1393 stn'pri
3339 1325 3702 1389 immunditiam,

2192 1417 2286 1471 sed
2348 1415 2546 1469 anima}
2607 1422 2710 1468 tuae
2749 1423 2996 1483 quaerent
3065 1414 3370 1469 interitum.
3425 1415 3571 1485 872
3621 1414 3706 1468 Hoc

2194 1509 2334 1562 idem
2393 1507 2806 1576 intelligendum
2863 1499 3226 1576 spiritualiter
3275 1517 3459 1561 contra
3509 1523 3607 1571 eos,
3634 1509 3703 1576 qui

2193 1602 2507 1672 coniugales
2546 1599 2778 1656 aﬂ'ectus
2807 1611 2860 1655 et
2893 1614 3035 1655 verae
3101 1600 3228 1654 ﬁdei
3275 1599 3563 1668 pudicitiam
3601 1615 3704 1669 per-

2198 1697 2471 1750 diderunt.
2500 1693 2559 1748 Si
2606 1703 2680 1760 te,
2714 1694 2913 1762 inquit,
2968 1693 3222 1748 vestieris
3259 1695 3497 1759 coccino,
3549 1693 3592 1746 id
3623 1704 3704 1756 est,

515 1795 798 1834 versornm
862 1783 1129 1836 malorum
1185 1784 1318 1838 haec,
1359 1799 1526 1840 causa
1594 1796 1699 1848 est,
1754 1784 1898 1853 quod
1956 1785 2088 1839 vitio
2125 1781 2170 1836 li
2193 1789 2472 1859 sanguinis
2543 1787 2747 1842 Christi
2805 1789 3175 1857 assumpseris
3232 1787 3498 1842 tidemzsi
3552 1785 3698 1840 monili

516 1876 698 1944 populi
732 1877 1102 1946 delinquentis
1133 1878 1213 1932 ira
1253 1879 1472 1934 Domini
1500 1882 1774 1941 concitata
1802 1881 1893 1934 sit.
1917 1880 2089 1946 Quid-

514 1968 641 2035 quid
675 1969 835 2037 871
870 1969 1026 2038 juxta
1053 1970 1338 2024 historiam
1364 1973 1427 2024 de
1446 1972 1754 2036 Jerusalem
1784 1972 2019 2030 diximus
2041 1983 2093 2026 et

514 2059 722 2122 Juda-a,
757 2060 1139 2114 rel‘eramnsad
1170 2058 1470 2114 Ecclesiatn
1505 2063 1620 2126 Dei,
1650 2078 1773 2127 cum
1797 2063 2092 2118 oll‘enderit

514 2142 708 2207 Deum;
747 2155 800 2198 et
830 2145 910 2200 vel
935 2146 1085 2202 vitiis
1112 2146 1278 2216 inerit
1306 2149 1390 2210 vel
1426 2151 1812 2217 persecutione
1853 2160 2086 2215 vastata,

517 2244 574 2285 et
595 2235 683 2288 ubi
715 2237 988 2304 quondam
1020 2239 1416 2293 eratvirtntum
1453 2241 1653 2296 chorus
1674 2251 1850 2310 atquze
1879 2243 2088 2308 laetitia,

511 2321 585 2383 ibi
620 2331 969 2389 peccatorum
997 2334 1047 2380 et
1084 2339 1380 2395 integrorum
1404 2327 1694 2395 multitudo
1723 2338 1993 2386 versetur.

582 2411 763 2480 (Vers.
819 2415 914 2478 27,
971 2415 1093 2484 28.)
1159 2415 1336 2476 ι-Ηωε
1385 2420 1530 2487 enim
1582 2419 1714 2474 dicit
1779 2419 2083 2476 Dominus:

513 2505 734 2566 Deserta
765 2509 944 2566 omnis
975 2517 1143 2576 terra,
1195 2511 1292 2568 sed.
1326 2520 1511 2569 tamen
1541 2513 2080 2568 consummationem

513 2612 618 2654 non
653 2598 848 2656 iaciam
875 2618 890 2654 :
914 2600 1116 2676 lugebit
1136 2611 1275 2658 terra
1299 2612 1355 2658 et
1371 2604 1676 2676 niterebnnt
1696 2604 2085 2672 cwlidesuper,

510 2704 575 2742 eo
609 2692 758 2758 quod
802 2671 1022 2760 locutus
1069 2693 1172 2758 sim
1214 2693 1329 2767 [ΑΙ.
1371 2671 1545 2772 stitit].
1576 2696 1848 2764 Cogitavi,
1879 2705 1936 2752 et
1971 2671 2084 2750 non

512 2783 766 2850 poetiitnit
793 2798 914 2846 me;
941 2799 1040 2842 nec
1068 2800 1296 2844 aversos
1334 2802 1453 2842 sunt
1493 2789 1560 2843 ab
1619 2803 1706 2844 eo.
1738 2808 1757 2842 ι
1804 2790 2086 2844 Mixtairrc

510 2875 881 2944 misericordia
921 2876 1034 2944 Dei,
1064 2881 1246 2934 munis
1276 2889 1419 2934 terra
1455 2879 1751 2947 deseritur,
1777 2881 1871 2938 sed
1895 2896 2000 2934 non
2029 2881 2086 2934 tit

509 2965 938 3030 consummatio,
965 2979 1026 3024 ut
1074 2968 1187 3028 sint
1239 2971 1336 3039 qui
1383 2971 1684 3040 intelligant
1731 2973 2082 3027 clementiam

511 3055 656 3123 ejus.
685 3055 896 3113 Caelum
939 3073 1152 3129 quoque
1206 3062 1360 3115 triste
1415 3061 1682 3132 videbitur
1741 3064 1992 3130 desuper,
2028 3075 2084 3122 .et

509 3148 626 3214 ipsa
680 3157 826 3216 terra
859 3151 1086 3220 lugebit,
1134 3167 1199 3208 eo
1236 3153 1384 3222 quod
1441 3153 1656 3208 Domini
1705 3155 1968 3224 sententia
2007 3156 2076 3210 ad

516 3241 677 3304 tinem
716 3256 885 3310 usque
916 3245 1246 3310 pervenerit,
1280 3259 1383 3302 nec
1414 3246 1738 3315 paenituerit
1765 3260 1890 3302 eum
1920 3230 2082 3316 super

511 3331 592 3382 his
619 3345 737 3398 qum
761 3333 1078 3401 cogitaverit
1107 3343 1158 3394 et
1179 3335 1393 3394 locutus
1427 3336 1519 3390 sit.
1547 3336 1878 3392 Ptenitentia
1898 3349 2080 3393 autem

511 3421 605 3476 Dei
629 3424 850 3490 dicitur,
883 3424 1101 3492 quando
1121 3426 1366 3488 aniertur
1392 3428 1655 3495 praedicta
1699 3429 1995 3494 sententia,
2026 3439 2083 3484 et

508 3511 588 3578 ira
613 3515 840 3580 saeviens
870 3515 938 3568 ad
969 3514 1129 3582 tinem
1181 3533 1349 3586 usque
1399 3533 1506 3577 non
1537 3519 1804 3589 pervenit.
1849 3520 2082 3577 lliinatns

507 3614 591 3658 est
615 3619 712 3674 per
753 3604 978 3676 lenam,
1037 3617 1092 3672 et
1128 3608 1527 3686 impendentem
1556 3611 1788 3680 gladium
1819 3612 2082 3683 lacryma-

509 3704 628 3764 rum
659 3700 713 3746 et
734 3692 1030 3764 gemituutn
1055 3695 1353 3770 multitudo
1373 3701 1652 3766 superavit
1680 3698 1857 3771 (Ioan.
1899 3700 2007 3776 ut).

583 3783 762 3852 (Vers.
790 3785 944 3853 29.)t_
969 3787 1015 3860 ᾼ
1039 3800 1173 3856 voce
1200 3787 1408 3857 equitis
1426 3790 1442 3819 ¹
1470 3799 1526 3844 ει
1546 3790 1810 3855 mittentis
1829 3794 2080 3865 sagittam

508 3875 638 3942 (sive
669 3874 995 3944 intendentis
1039 3880 1254 3949 arcum),
1297 3879 1432 3950 fugit
1462 3883 1641 3948 pinnis
1693 3883 1889 3956 civitas
1949 3886 2083 3956 (sine

514 3965 705 4033 regio).
744 3965 977 4044 Ingressi
1006 3978 1135 4044 sunt
1168 3973 1360 4046 ardua,
1396 3983 1452 4040 et
1475 3955 1839 4043 asoeqderunt
1864 3955 2079 4044 rupes.»

511 4055 776 4124 Quodque
831 4060 1124 4138 sequitur;
1177 4061 1244 4114 Et
1282 4063 1505 4135 ingressi
1545 4075 1668 4136 sunt
1719 4066 1915 4136 tuitus,
1969 4067 2085 4136 sive

512 4146 785 4220 speluncas
835 4165 866 4226 a
920 4150 1283 4230 Septuaginta
1337 4155 1583 4216 additum
1619 4160 1766 4230 est”.
1812 4157 2086 4227 Describit

515 4251 696 4292 autem
724 4255 904 4296 sermo
935 4242 1152 4322 divinus
1181 4245 1467 4322 Babxlonii
1503 4249 2079 4325 iurentisetrercitnni,

514 4330 660 4397 quod
693 4345 721 4384 a
751 4341 987 4389 tremore
1031 4336 1149 4413 ejus
1189 4350 1418 4416 cunctus
1452 4339 1689 4414 populus.
1730 4341 2084 4417 dereliquerit

2195 1879 2476 1932 ornaveris
2509 1892 2699 1943 aureo,
2762 1878 2813 1931 id
2873 1887 2980 1942 est,
3039 1878 3448 1933 meditationem
3497 1875 3699 1930 habueris

2194 1980 2388 2021 sensus
2451 1977 2508 2022 et
2583 1967 2956 2036 inteliigeniiae
3015 1967 3346 2038 spiritualis,
3408 1977 3459 2021 et
3513 1965 3704 2036 pinxeris

2193 2059 2385 2114 oculos
2415 2070 2538 2115 tuos
2564 2060 2753 2125 stibio,
2788 2061 2840 2114 id
2871 2068 2976 2124 est,
3014 2061 3274 2116 habueris
3304 2059 3525 2116 studium
3548 2068 3703 2128 myste-

2196 2153 2396 2204 riorum
2430 2160 2485 2206 et
2511 2153 2602 2208 Dei
2619 2165 2830 2208 secreta
2866 2155 3153 2218 noscendi,
3181 2152 3378 2209 frustra
3401 2152 3701 2220 eomponeris.

2193 2243 2325 2297 Haec
2359 2245 2504 2297 enim
2537 2245 2702 2298 etiam
2761 2245 2867 2299 tuis
2911 2245 3250 2299 amatoribus
3293 2257 3625 2314 praeparans;
3664 2249 3703 2294 et

2191 2335 2396 2390 idcirco
2434 2335 2606 2389 lectus
2639 2345 2904 2405 angustus
2941 2345 3241 2406 utrumque
3276 2349 3467 2404 capere
3493 2347 3584 2386 non
3631 2344 3700 2398 po-

2194 2435 2320 2492 test,
2354 2440 2454 2480 nee
2494 2425 2683 2496 recipit
2709 2438 3035 2483 ornamenta
3065 2429 3232 2495 Deus,
3273 2429 3460 2497 quibus
3495 2425 3700 2479 amatori-

2191 2523 2290 2575 bus
2329 2521 2432 2574 tuis
2461 2528 2586 2574 ante
2617 2521 2888 2586 placuisti.

2260 2608 2440 2678 (νει-ε.
2474 2610 2588 2681 51.)
2622 2610 2805 2665 Vocem
2834 2614 2967 2665 enim
2986 2615 3144 2682 quasi
3169 2612 3498 2684 parturientis
3525 2609 3695 2664 audiri:

2190 2706 2459 2774 angustias
2485 2706 2618 2774 (sive
2638 2706 2882 2776 gemitus)
2906 2717 2960 2759 ut
2990 2723 3281 2774 puerpera.
3307 2707 3409 2762 Vox
3426 2706 3542 2773 lilia!
3565 2703 3665 2758 Sion
3685 2702 3699 2728 ³

2188 2797 2584 2850 intermorieutia
2642 2799 3090 2868 eapandeutisque
3121 2804 3124 2806 ⁷
3151 2815 3337 2854 manus
3394 2815 3510 2854 sua:
3569 2812 3584 2853 :
3635 2795 3699 2848 Ve

2201 2887 2350 2951 mihi,
2381 2891 2508 2960 quia
2534 2888 2728 2957 defecit
2751 2890 2932 2943 anima
2965 2905 3083 2943 mea
3134 2900 3346 2961 propter
3374 2888 3650 2958 interfectos.
3681 2904 3694 2934 ι

2185 2981 2268 3034 Ad
2298 2980 2709 3036 similitudinem
2747 2980 2996 3036 mulieris
3033 2997 3336 3052 puerperae,
3384 2984 3432 3036 id
3484 2989 3575 3046 est,
3603 2995 3694 3046 qua:

2189 3075 2392 3139 primos
2441 3073 2584 3142 parit
2643 3074 2828 3139 fetus,
2886 3074 3149 3130 describit
3206 3074 3389 3130 urbem
3453 3072 3696 3129 Jerusalem

2153 3163 2476 3231 ejulautem
2509 3171 2670 3232 atque
2693 3167 3050 3220 clamantem.
3084 3166 3367 3232 Quomodo
3393 3167 3524 3220 enim
3548 3163 3699 3218 mulier

2183 3256 2426 3322 pariens,
2449 3264 2505 3310 et
2548 3258 2776 3310 necdum
2813 3255 3058 3312 dolorem
3100 3257 3472 3328 parturitiOnis
3499 3261 3693 3322 expet“.

2187 3361 2330 3415 pene
2357 3345 2380 3386 ’⁵
2411 3349 2665 3412 moritur,
2699 3359 2754 3402 et
2799 3351 3080 3419 angustias
3132 3353 3422 3414 sustinens,
3455 3349 3529 3401 vix
3563 3353 3699 3413 potest

2185 3439 2476 3504 respirare,
2499 3439 2818 3508 sparsisque
2849 3441 3098 3495 manibus
3131 3443 3434 3504 collabitur,
3460 3444 3529 3494 sic
3544 3447 3591 3493 et
3613 3436 3695 3488 lilia

2183 3526 2343 3593 Sion,
2374 3544 2498 3584 cum
2524 3544 2659 3586 suos
2690 3531 2886 3586 viderit
2915 3532 3119 3588 liberos
3154 3533 3493 3596 interiectos,
3527 3531 3572 3584 iu
3606 3530 3694 3581 hac

2186 3617 2350 3674 verba
2379 3630 2715 3690 prornmpet,
2739 3631 2799 3674 et
2817 3621 2962 3676 dicet
3000 3620 3118 3692 [AL
3149 3619 3447 3691 prorumpit
3469 3612 3690 3683 etdicll]:

2197 3705 2284 3764 Va:
2308 3711 2455 3776 mihi,
2480 3726 2585 3779 qua
2618 3710 2806 3780 defecit
2846 3712 3166 3768 animamur
3194 3723 3403 3782 propter
3423 3709 3685 3778 interiectas.

2186 3802 2301 3855 Duo
2318 3812 2497 3856 autem
2518 3805 2762 3872 exempla
2779 3805 2832 3857 in
2853 3819 2958 3857 uno
2980 3805 3226 3873 capitulo
3253 3819 3435 3874 compa
3449 3811 3551 3856 rata
3571 3807 3688 3855 sunt.

2187 3893 2539 3961 parturientis
2574 3894 2718 3948 ﬁlios
2766 3905 2819 3948 et
2845 3894 3080 3964 lugentis
3113 3911 3132 3953 :
3164 3907 3225 3951 ut
3271 3895 3516 3965 quidquid
3545 3890 3697 3946 mulier

2187 3983 2391 4051 patitur
2427 3983 2480 4036 in
2533 3982 2664 4048 fetu,
2698 3983 2784 4038 vel
2842 3986 3106 4040 mortibus
3167 3986 3400 4042 ﬁliorum
3449 3980 3694 4039 Jerusalem

2185 4073 2424 4141 patiatur
2458 4074 2510 4134 in
2543 4075 2783 4142 p0pnlis.

2257 4163 2408 4234 (ὼν-
2438 4163 2500 4218 V-
2531 4193 2600 4204 -
2633 4165 2784 4222 Vers.
2814 4170 2864 4230 l,
2891 4169 2972 4237 2.)
3033 4189 3052 4221 ι
3087 4169 3327 4226 Circuite
3357 4169 3466 4222 vias
3519 4163 3696 4218 Jerusa-

2185 4255 2314 4322 lem,
2344 4267 2396 4312 et
2429 4258 2679 4327 aspicite,
2731 4269 2788 4314 et
2814 4261 3185 4330 considerate,
3223 4272 3280 4317 et
3309 4260 3520 4331 quaerite
3541 4259 3586 4309 in
3609 4253 3695 4322 pla-

2192 4350 2294 4403 teis
2317 4347 2455 4417 ejus,
2491 4365 2558 4404 an
2598 4352 2893 4406 inveniatis
2923 4354 3123 4416 virum,
3158 4355 3248 4422 qui
3281 4347 3696 4419 faciatjudieinm.

514 4419 812 4486 civitatem,
847 4431 898 4476 et
924 4424 1090 4503 ardua
1121 4442 1350 4507 quaeque
1368 4432 1770 4508 conscenderit,
1823 4441 1878 4485 et
1902 4443 2082 4486 tamen
2119 4464 2166 4517 ο
2193 4449 2246 4494 et
2268 4451 2473 4508 quierat
2498 4440 2656 4495 (idem
2689 4455 2707 4496 :
2738 4450 2794 4496 et
2815 4443 3079 4511 propitius
3104 4419 3200 4499 ero
3230 4443 3303 4498 ei.
3325 4443 3468 4508 Quod
3489 4439 3530 4493 si
3548 4435 3696 4493 etiam.

515 4511 655 4566 iram
695 4513 904 4568 Domini
937 4533 1041 4582 non
1069 4521 1306 4586 potuerit
1338 4521 1635 4603 declinare.
1667 4523 1940 4602 Quidqitid
1986 4539 2086 4602 au-

518 4614 649 4668 tem,
672 4611 728 4656 nt
759 4619 922 4674 supra
941 4608 1194 4680 diximus,
1215 4609 1269 4668 in
1303 4595 1536 4674 historia
1558 4595 1876 4698 intelligitur
1894 4595 2088 4690 contra

519 4693 844 4761 Jerusalem,
884 4699 1116 4754 refertur
1145 4705 1210 4776 ad
1264 4705 1584 4784 Eccles‘ia'm,
1643 4693 1769 4784 cum
1798 4707 2089 4782 o‘il‘etrderit

520 4788 776 4854 υειιιιι,ει
802 4792 996 4846 tradita
1018 4792 1176 4870 fuerit
1196 4796 1553 4874 adversariis,
1582 4799 1664 4860 vel
1687 4788 2088 4878 persecutionis

516 4887 784 4950 tempore,
817 4885 897 4938 vel
924 4896 1071 4941 certe
1105 4888 1248 4943 vitiis
1276 4900 1439 4959 atque
1471 4877 1730 4959 peccatis.

591 4974 768 5045 (νει-ε.
797 4978 910 5046 50.)
946 4996 963 5029 ι
992 4977 1069 5032 Τιι
1091 4978 1266 5035 autem
1289 4993 1494 5038 vastata
1521 4985 1648 5052 quid
1686 4985 1892 5041 facies?
1927 5007 1944 5040 ι
1983 4988 2085 5041 l‘ro

524 5076 751 5140 imitata,
785 5071 925 5140 quod
966 5069 1226 5128 llebraice
1287 5075 1482 5131 dicitur
1509 5092 1674 5148 sanun
1730 5085 1871 5152 ‘mtp
1940 5083 2085 5149 quod

589 5281 606 5360 ξ
640 5280 906 5360 Dnomss.
941 5287 988 5360 A_
1017 5304 1130 5360 uoce
1152 5294 1436 5360 equitatus.

583 5354 604 5384 '
632 5353 950 5437 Addiderint
971 5353 1133 5437 LXX,
1162 5353 1255 5416 κὀιὶ
1278 5365 1356 5437 εις
1378 5359 1448 5416 τὰ
1483 5364 1622 5437 ἄλει]
1653 5367 1992 5437 ἐκρύόησαν,
2021 5382 2080 5426 ει

513 5417 567 5474 in
621 5423 920 5496 nemoribus
974 5443 1027 5479 se
1081 5417 1500 5488 absconderant.

516 5494 683 5571 textui
721 5497 1283 5580 ςεδροιιιιειιι.,ξιὶιτιιιιι
1315 5518 1463 5580 vero,
1509 5507 1729 5580 alteram
1779 5509 1920 5564 hanc
1952 5494 2076 5580 ejus

515 5563 762 5640 versiculi
798 5563 1027 5640 partem,
1075 5566 1339 5626 Universu:
1373 5563 1522 5628 urbes
1551 5577 1838 5640 dere/ictos,
1866 5563 1913 5634 et
1967 5563 2074 5635 rion

513 5633 710 5719 habitet
742 5633 796 5719 in
821 5636 894 5688 eis
929 5636 1105 5719 homo,
1138 5655 1303 5719 penes
1335 5633 1907 5719 liabanum,duosque
1934 5633 2070 5706 mss.

518 5699 734 5757 codices
765 5713 1020 5774 tanquam
1056 5699 1304 5778 id,'quod
1330 5714 1397 5768 de
1427 5730 1526 5770 suo
1558 5699 1904 5774 έιῖιλιίέιιὲὲὲἦῐ
1927 5699 2066 5776 ᾗῇ(

2199 4531 2330 4584 vivit
2384 4531 2668 4595 Dominus,
2709 4532 2968 4599 dixerint,
2993 4544 3049 4590 et
3091 4538 3195 4590 hoc
3235 4536 3370 4590 falso
3400 4531 3641 4603 jurabunt.
3668 4541 3684 4574 ι

2191 4620 2428 4692 (inauditi,
2455 4638 2609 4682 arnor
2630 4622 2876 4690 iustitiae,
2921 4634 2982 4680 ut
3035 4641 3373 4696 nequaquam
3400 4625 3539 4694 juxta
3566 4620 3696 4672 inter-

2171 4714 2530 4782 .t‘08ationem
2565 4716 2816 4780 Abrahae,
2847 4725 2905 4790 et
2934 4719 3342 4786 responsionem
3389 4714 3477 4769 Dei
3509 4724 3591 4780 pro
3625 4709 3697 4759 de

2191 4819 2306 4872 (ἔξω
2337 4805 2465 4870 Vitis.
2487 4806 2650 4873 .iIlSlis
2683 4805 2825 4864 Deus
2871 4808 3184 4866 liberaverit
3215 4807 3325 4884 [AL
3360 4803 3553 4874 liberet]
3592 4799 3696 4854 civi-

2191 4907 2355 4962 tatein
2389 4896 2541 4964 (Gen.
2573 4901 2766 4968 xvnt);
2795 4902 2889 4959 sed
2933 4902 2982 4956 si
3015 4916 3178 4956 unum
3209 4900 3468 4956 invenerit
3489 4894 3695 4965 iamiam-

2189 5001 2298 5059 que
2348 4992 2586 5060 peritura
2639 4988 2966 5062 Jerusalem,
3029 4992 3121 5066 qui
3170 4992 3331 5048 iaciat
3371 4987 3692 5058 judiciuama

2189 5087 2396 5150 quaerat
2429 5077 2585 5134 ﬁdem
2616 5080 2774 5152 (sive,
2813 5091 2872 5152 ut
2900 5082 3256 5156 Symmachus
3292 5078 3566 5140 transtulit,
3587 5071 3692 5125 wi-

2187 5301 2403 5357 adduci

2257 5374 2278 5405 ⁸
2329 5371 2688 5442 Βεειίιιιὶιῐιιιιε
2753 5375 3164 5436 intermorientis
3196 5391 3302 5431 uno
3333 5375 3485 5428 verbo
3524 5375 3686 5432 εαρσπ·

2185 5444 2473 5516 άειτιέἓίιαε.
2502 5445 2726 5513 quodet
2749 5443 3002 5501 Martian.
3035 5450 3104 5501 ad
3125 5448 3250 5512 libri
3277 5459 3421 5501 oram
3448 5441 3686 5516 nonquia}

2185 5530 2250 5566 ex
2296 5510 2536 5582 Vulgat.,
2564 5529 2660 5584 pro
2709 5516 2908 5585 quibus
2957 5528 3118 5572 antea
3166 5510 3282 5573 erat
3329 5510 3682 5569 intermorieum

2183 5587 2670 5653 cxscandentesque.

2255 5655 2274 5684 ’⁵
2304 5654 2458 5721 Mss,
2491 5664 2702 5723 experta
2731 5659 3118 5714 iutermoritur.
