3950 6180
347 280 447 345 741

882 277 1378 343 COMMENTAR.
1421 282 1502 342 IN
1551 278 1949 344 JEREMIAM
1990 278 2449 341 PROPHETAM
2494 277 2633 337 LIB.
2684 277 2731 347 l,
2761 274 2923 337 CAP.
2953 275 3021 337 V.

3474 276 3581 341 ’142

347 390 558 457 tatem),
585 396 764 443 tamen
797 387 941 467 Deus
970 389 1295 449 misereatur
1326 388 1654 453 Jerusalem.
1689 391 1754 445 Et
1787 392 1910 459 quia
1941 393 1985 449 Α
2018 390 2194 456 major
2244 387 2562 453 auctoritas,
2616 394 2766 443 tanto
2796 384 2971 454 major
3000 385 3290 441 insolentia
3335 398 3582 457 peccato—

348 489 557 549 poterat
598 477 713 532 ﬁeri
748 487 806 531 ut
870 474 1036 548 aliqui
1076 478 1450 535 invenirentur
1477 480 1531 532 in
1560 479 1784 551 populo,
1816 478 1910 549 qui

345 570 663 627 simularent
687 569 890 625 cultum
920 569 1039 637 Dei,
1073 578 1129 624 et
1164 569 1412 639 jurarent
1450 586 1545 647 per
1580 572 1770 635 itetnn,
1806 573 1910 627 hoe

347 662 626 733 praevenit,
652 660 796 730 quod
822 675 1160 730 nequaquam
1192 659 1334 715 Deus
1360 664 1513 718 vanis
1542 663 1909 726 sermooibus,

346 753 439 807 sed
471 754 699 807 veritate
737 752 856 806 lidei
884 752 1205 817 delectetur,
1236 761 1290 807 et
1322 752 1455 808 dicit
1487 771 1502 809 :
1550 753 1666 808 Non
1705 770 1798 809 eos
1824 755 1911 810 di-

348 840 477 910 ligo,
522 839 610 908 qui
641 838 829 909 jurant
864 855 960 910 per
1019 854 1129 909 me,
1163 850 1217 895 et
1268 840 1455 910 jurant
1503 845 1552 904 in
1608 844 1908 905 mendacio,

344 938 439 989 sed
478 948 709 1002 quorum
766 931 927 986 corda
973 930 1227 1003 labiaque
1261 932 1628 989 consentiunt.

419 1022 597 1095 (Vers.
627 1022 708 1090 ὅ).
747 1040 766 1072 ι
801 1020 1047 1087 Domine,
1077 1020 1217 1076 oculi
1258 1021 1337 1076 tui
1368 1022 1666 1093 respiciunt
1696 1019 1855 1074 fidem
1892 1035 1908 1072 :

347 1114 664 1184 percussisti
688 1127 803 1179 eos,
833 1112 997 1187 873
1033 1121 1088 1168 et
1123 1128 1225 1168 non
1274 1113 1603 1180 doluerunt;
1657 1113 1908 1167 attrivisti

344 1208 491 1271 illos,
524 1214 578 1259 et
611 1205 1187 1276 renueruntaccipere
1217 1203 1581 1274 disciplinam.
1617 1204 1911 1257 lndurave-

347 1306 473 1348 runt
522 1292 691 1347 facies
740 1308 867 1347 suas
910 1308 1070 1362 super
1120 1301 1354 1363 petram,
1403 1303 1457 1348 et
1494 1294 1785 1348 noluerunt
1818 1308 1902 1347 re-

347 1383 535 1436 verti.s
566 1380 694 1433 Post
742 1382 905 1434 verba
941 1382 1172 1444 Domini,
1204 1381 1404 1450 quibus
1434 1382 1797 1449 imperaverat
1826 1379 1911 1432 di-

344 1488 473 1527 cens
503 1489 517 1527 :
549 1471 778 1525 Circuite
803 1473 916 1523 eius
952 1470 1280 1534 Jerusalem,
1312 1481 1366 1526 et
1399 1484 1616 1533 caetera,
1644 1473 1909 1540 propheta

346 1564 584 1632 loquitur
613 1561 681 1615 ad
708 1562 993 1615 Dominum
1023 1579 1035 1615 :
1070 1561 1306 1627 Domine,
1342 1564 1479 1615 oculi
1515 1563 1591 1614 tui
1624 1563 1909 1630 respiciunt

344 1657 527 1723 ﬁdem,
564 1669 685 1722 quae
717 1652 984 1708 Hebraicc
1013 1653 1240 1707 'dicitur
1263 1669 1440 1708 suum
1482 1659 1705 1723 (nmina)
1753 1669 1768 1705 :
1802 1666 1906 1705 non
1936 1631 1944 1639 ’

2018 494 2159 543 runt.
2189 466 2584 547 Confregerunt
2613 478 2758 531 enim
2784 476 2966 544 iugum
3000 475 3155 545 legis,
3181 478 3395 533 dicente
3436 480 3581 548 Apo-

2014 568 2154 622 stolo
2184 584 2198 621 :
2238 564 2395 627 Nunc
2425 585 2545 639 ergo
2576 567 2702 636 quid
2734 566 2949 623 tenlalis
2998 564 3188 631 Deum,
3212 567 3476 635 imponere
3493 571 3580 638 ju-

2012 674 2134 726 gum
2152 672 2309 725 super
2339 658 2586 712 cervicem
2612 654 2780 731 874
2814 655 3218 724 discipulorum,
3241 658 3379 724 quod
3424 674 3585 725 neque

2012 756 2164 813 pater
2190 748 2375 813 nostri,
2407 762 2571 815 neque
2621 762 2714 799 nos
2759 756 2970 812 portare
3022 746 3333 814 potuimus?
3371 748 3461 800 sed
3493 764 3585 817 per

2011 839 2239 906 gratiam
2264 837 2607 892 Dominilesu
2626 838 2888 891 credimus
2905 838 3125 902 salvari,
3143 842 3584 907 quemadmodum

2012 939 2063 983 et
2118 930 2345 1003 illi(Act,
2401 945 2489 994 xv,
2512 929 2598 995 10,
2635 929 2722 997 ll)
2754 946 2769 982 ;
2805 939 3173 999 ruperuntqtte
3206 931 3416 983 vincula
3449 943 3584 996 pra:-

2014 1036 2291 1094 ceptorum
2324 1023 2440 1087 Dei,
2465 1034 2628 1077 etnon
2659 1022 3086 1089 Pharisaeorum,
3110 1026 3175 1076 de
3196 1024 3466 1091 quibusin
3497 1040 3581 1075 sc-

2011 1115 2186 1168 cundo
2210 1115 2419 1170 Psalmo
2435 1111 2637 1168 dicitur
2658 1130 2675 1167 :
2704 1111 3080 1182 Dirumpamus
3099 1114 3304 1167 vincula
3322 1123 3586 1179 eorum,el
3607 1111 3623 1124 ⁸

2010 1207 2353 1275 projiciamus
2371 1223 2402 1258 α
2429 1203 2576 1259 nobis
2598 1204 2786 1274 jugum
2810 1204 3041 1273 ipsorum
3061 1202 3228 1274 (Psal.
3255 1221 3312 1267 tt,
3333 1207 3411 1275 Ei).
3446 1204 3584 1270 Quia

2013 1300 2177 1368 igitur
2203 1298 2305 1355 ista
2330 1297 2595 1361 fecerunt,
2627 1299 2879 1365 percussit
2901 1312 2987 1351 eos
3006 1296 3080 1350 leo
3100 1298 3163 1350 de
3186 1297 3337 1360 silua,
3356 1313 3579 1366 regnum

2010 1388 2261 1442 videlicet
2310 1386 2702 1458 BahyIOnium;
2735 1386 2891 1455 lupus
2944 1389 3013 1439 ad
3055 1403 3317 1454 uesperam
3365 1386 3580 1439 vastavit

2010 1495 2117 1541 eos,
2190 1477 2391 1543 Medos,
2448 1476 2746 1548 Persasque
2786 1478 3101 1549 signiﬁcans
3149 1494 3164 1530 :
3222 1493 3317 1546 pro
3366 1493 3473 1546 quo
3523 1479 3575 1530 in

2011 1568 2233 1625 Visione
2270 1566 2535 1634 Danielis,
2580 1585 2702 1623 ursa
2748 1573 2984 1638 ponitur,
3023 1569 3180 1639 cujus
3232 1569 3283 1622 in
3335 1584 3430 1624 ore
3465 1580 3582 1623 tres

2011 1671 2164 1716 erant
2198 1663 2414 1715 ordines
2449 1661 2612 1731 (Dan.
2655 1661 2747 1731 vn)
2778 1679 2792 1714 :
2826 1663 3025 1732 pardus
3055 1663 3274 1733 vigilans
3306 1678 3461 1730 super
3498 1663 3575 1716 ci-

343 1761 507 1816 opera
556 1744 884 1809 Judmorum,
915 1744 968 1798 in
1013 1744 1212 1812 quibus
1252 1744 1407 1814 juxta
1444 1746 1578 1810 legis
1646 1758 1905 1796 caeremo-

2015 1755 2197 1807 vitates
2252 1770 2454 1812 eorum.
2507 1753 2797 1806 Alexandri
2832 1752 3091 1822 impetum
3120 1754 3491 1824 prmﬁgurans,
3524 1764 3581 1810 ct

349 1839 470 1890 nias
531 1836 916 1897 exsultabant;
960 1836 1054 1888 sed
1106 1834 1262 1887 {idem
1320 1832 1776 1897 ChriStianorun't,
1813 1848 1908 1901 per

344 1942 503 1996 quam
537 1927 709 1998 gratia
739 1926 873 1981 salvi
905 1925 1032 1979 lacti
1068 1940 1278 1980 sumus.
1320 1924 1432 1978 Hoc
1460 1938 1640 1978 autem
1664 1926 1907 1992 capitulo

343 2018 624 2081 discimus,
660 2018 867 2072 idcirco
909 2017 1096 2071 inferri
1145 2017 1431 2086 supplicia,
1461 2026 1516 2070 ut
1550 2018 1678 2069 vitia
1731 2017 1907 2069 corri-

341 2116 557 2175 gantur.
603 2105 845 2174 Denique
865 2105 940 2158 ait
972 2104 1322 2161 :Percussisti
1365 2121 1472 2169 eos,
1509 2117 1556 2158 et
1594 2123 1695 2158 non
1727 2106 1910 2158 dolue-

342 2207 509 2260 runt;
550 2196 805 2248 attriuisti
858 2210 964 2261 eos,
1026 2200 1074 2251 et
1121 2205 1409 2248 renuerunt
1463 2196 1695 2262 accipere
1746 2195 1907 2247 disci-

340 2288 567 2357 ριὶιιωι.
596 2286 703 2341 Per
760 2288 942 2340 omnia
987 2288 1130 2340 enim
1166 2295 1432 2342 tormenta
1485 2294 1645 2355 atque
1701 2286 1905 2355 ﬂagella

342 2380 666 2437 emendatur
701 2376 1034 2444 Jerusalem,
1076 2391 1133 2433 et
1176 2388 1338 2449 super
1368 2380 1481 2434 haec
1535 2381 1788 2432 universa
1843 2393 1909 2433 ne

344 2473 735 2529 verecundiam
790 2471 1011 2541 quidem
1072 2485 1294 2526 suorum
1331 2472 1574 2526 habuere
1612 2472 1906 2534 vitiorum;

342 2565 440 2619 sed
465 2564 640 2628 instar
666 2574 836 2633 petra
865 2563 1187 2618 lndurantes
1216 2564 1414 2618 frontis
1442 2564 1458 2593 ⁸
1492 2564 1907 2632 impudentiam,

344 2657 639 2711 uoluerunt
663 2657 732 2710 ad
768 2657 987 2711 meliora
1007 2655 1273 2710 converti.

412 2746 596 2817 (Vere.
632 2748 687 2814 4,
727 2747 805 2816 5.)
845 2766 863 2797 ι
908 2747 1021 2815 Ego
1061 2759 1242 2801 autem
1271 2745 1424 2801 disi:
1481 2742 1729 2798 Forsitan
1778 2759 1911 2815 pauo

346 2854 507 2907 peres
529 2850 658 2895 sunt
680 2848 735 2895 et
754 2840 910 2895 stulti
942 2840 1070 2910 (sive
1101 2854 1207 2894 non
1231 2847 1529 2907 potuerunt
1548 2840 1569 2870 ³
1592 2840 1911 2908 ignorantes

348 2931 492 2985 viam
524 2930 756 2996 Domini,
785 2930 1046 2996 judicium
1084 2931 1177 2983 Dei
1207 2930 1312 2984 sui.
1344 2926 1439 2984 lbo
1476 2930 1636 2999 igitur
1661 2933 1729 2985 ad
1761 2932 1910 2998 opti-
1950 2992 1953 2993 ν

348 3031 543 3089 matus,
579 3030 635 3075 et
663 3020 854 3088 loquar
882 3021 1005 3080 eis;
1036 3019 1139 3089 ipsi
1174 3020 1320 3073 enim
1354 3028 1728 3089 cognoverunt
1763 3021 1907 3073 viam

348 3115 584 3180 Domini,
615 3113 879 3184 judicium
914 3112 1011 3166 Dei
1044 3113 1149 3167 sui.
1185 3130 1206 3162 ι
1244 3112 1519 3180 Pauperes
1543 3110 1635 3165 hic
1672 3121 1729 3165 et
1760 3111 1907 3180 opti-

346 3214 542 3269 mates,
579 3218 688 3259 non
736 3205 914 3273 inepia
964 3203 1095 3258 diett
1125 3213 1181 3257 et
1232 3200 1461 3263 divitiis,
1496 3201 1592 3257 sed
1643 3203 1902 3269 populum

346 3297 681 3366 principibus
712 3303 1012 3365 comparat.
1057 3294 1121 3346 Et
1146 3303 1227 3348 est
1252 3307 1447 3349 sensus
1487 3307 1505 3347 :
1544 3290 1790 3363 Cernetis
1821 3292 1910 3346 in.-

348 3391 523 3449 lidelis
568 3388 748 3458 populi
780 3387 1158 3455 pertinaciam,
1189 3396 1248 3443 et
1275 3387 1420 3457 quod
1446 3386 1696 3453 indurata
1740 3386 1904 3453 facie,

347 3480 583 3537 noluerit
612 3479 855 3547 recipere
904 3478 1269 3546 disciplinam,
1306 3476 1411 3535 huc
1461 3492 1671 3532 ntecum
1699 3478 1909 3543 ratione

348 3570 646 3633 tractabant
679 3586 694 3624 :
727 3568 976 3631 Forsitan
1007 3569 1197 3639 vulgus
1260 3567 1493 3639 ignobile
1542 3568 1639 3623 Dei
1669 3583 1775 3623 non
1811 3584 1906 3637 pu-

348 3672 455 3718 test
488 3677 651 3725 nosse
710 3662 1040 3726 doctrinam,
1093 3669 1149 3719 et
1205 3660 1407 3716 idcirco
1445 3660 1763 3719 excusabile
1799 3670 1907 3725 est,

343 3757 470 3823 quia
501 3764 719 3823 propter
754 3754 1080 3823 imperitiam
1119 3751 1210 3807 Dei
1252 3768 1357 3819 non
1391 3753 1538 3811 valet
1572 3753 1715 3808 seire
1744 3767 1905 3807 man-

343 3853 489 3903 data.
523 3847 747 3917 Pergam
774 3846 945 3914 igitur
978 3845 1045 3901 ad
1075 3842 1408 3906 sacerdotes,
1444 3852 1501 3897 et
1525 3857 1622 3901 eos
1649 3845 1739 3910 qui
1764 3855 1906 3912 prae,-

342 3951 468 4001 sunt
495 3941 713 4010 pupula,
755 3948 811 3992 et
840 3939 1031 4006 loquar
1058 3936 1140 3992 eis
1176 3954 1193 3995 :
1229 3937 1330 4005 ipsi
1363 3936 1511 3992 enim
1573 3936 1905 3995 voluntatem

346 4032 558 4093 Domini
592 4040 989 4099 cognoverunt,
1042 4039 1098 4083 et
1131 4029 1311 4092 sciunt
1353 4028 1616 4097 judicium
1650 4026 1744 4082 Dei
1792 4029 1905 4089 sui.

343 4122 461 4185 Hoc
508 4134 690 4187 autem
739 4121 873 4189 dicit
923 4133 1178 4186 sermone
1213 4118 1536 4185 dubitantis,
1576 4118 1726 4181 juxta
1775 4118 1905 4177 illud

341 4214 712 4283 evntisrlicuut
740 4229 765 4283 ξ
792 4211 1003 4279 ltitiam
1029 4211 1205 4281 ﬁlium
1232 4198 1427 4277 miunt.
1451 4211 1680 4278 forsitan
1732 4211 1904 4278 ipsum

340 4305 707 4375 reuerebutttur
756 4302 974 4373 (Jlattlt.
1039 4317 1151 4373 ast,
1181 4301 1295 4371 57),
1332 4314 1390 4354 ιιι
1432 4316 1497 4367 es
1552 4302 1905 4371 ambiguitate

340 4398 646 4463 sementim.
671 4405 726 4447 et
776 4393 1132 4465 suspensione
1187 4394 1496 4473 verborum,
1553 4394 1782 4461 liberum
1807 4395 1905 4459 ho-
1937 4419 1982 4473 ο
2007 4401 2162 4468 λογος
2197 4408 2543 4467 peccatorum
2592 4395 2891 4451 Jerusalem
2931 4410 2946 4449 :

1936 4526 1940 4535 η
2009 4508 2130 4548 rare
2159 4490 2302 4546 Deus
2336 4505 2441 4560 qua
2478 4488 2647 4559 possit
2678 4488 2800 4558 ejus
2834 4488 3120 4545 occasione
3152 4486 3399 4543 misereri
3434 4486 3573 4543 :rFi-

336 4487 506 4543 minis
531 4495 934 4559 monstraretur
956 4484 1270 4539 arbitrium.

414 4576 598 4649 (Vers.
629 4578 707 4648 6.)
736 4594 756 4629 ι
794 4574 860 4645 Et
889 4591 1016 4650 ecce
1048 4575 1220 4647 magis
1248 4576 1301 4630 hi
1334 4576 1496 4647 simul
1519 4575 1905 4645 conl‘regcrunt

335 4670 573 4740 jugum:
642 4675 904 4743 ruperunt
950 4666 1188 4739 vincula,
1236 4666 1439 4737 idcirco
1474 4668 1747 4737 percussit
1806 4682 1903 4735 eos

345 4763 431 4815 leo
453 4760 523 4815 de
553 4756 712 4821 silva,
735 4756 889 4823 lupus
915 4757 986 4811 ad
1012 4770 1289 4824 vesperam
1310 4756 1540 4811 vastavit
1559 4770 1675 4835 eos,
1700 4754 1904 4824 paidus

339 4851 572 4918 vigilans
590 4863 754 4918 super
784 4848 1032 4907 civitates
1053 4863 1276 4910 eorum;
1307 4848 1485 4902 omnis
1528 4848 1621 4923 qui
1649 4861 1900 4918 egressus

338 4943 504 4996 fuerit
558 4956 622 5001 ex
685 4942 767 4997 eis
827 4940 1090 5008 capietur.
1150 4939 1286 5005 Quia
1352 4937 1721 5007 multiplicata:
1775 4946 1904 5009 sunt

336 5032 816 5113 praevaricationes
905 5047 1093 5101 eorum
1126 5012 1506 5099 ,‘couiortatte
1564 5039 1692 5085 sunt
1746 5044 1905 5099 aver-

337 5128 520 5180 siones
554 5140 766 5195 eorum.
809 5142 829 5176 ι
865 5124 1013 5190 Quos
1049 5125 1337 5199 magistros
1369 5123 1651 5193 putabam,
1698 5121 1902 5191 inventi

334 5229 463 5272 sunt
484 5219 697 5288 pejores
727 5232 847 5274 esse
872 5216 1174 5289 discipulis,
1222 5226 1276 5271 et
1306 5225 1511 5283 quanto
1548 5215 1608 5291 in
1640 5213 1902 5289 divitibus

409 5355 424 5385 ¹
449 5351 676 5419 Victum,
705 5354 902 5422 frontes
930 5353 1285 5419 impudentia.

403 5426 424 5456 ³
461 5425 629 5478 Verba
662 5421 763 5477 non
791 5436 1095 5491 potuerunt,
1125 5426 1297 5477 nostri
1339 5437 1470 5476 mss.
1505 5421 1776 5487 ignorant.

404 5494 425 5523 ³
456 5492 709 5562 Legimus
744 5510 864 5547 cum
924 5492 1126 5562 Victor.
1180 5495 1589 5561 percursionem,
1627 5508 1693 5547 ex
1750 5493 1900 5545 serie

330 5558 593 5619 orationis
624 5574 678 5617 et
708 5581 837 5621 mss.
872 5558 1258 5618 Brixicusibus.
1290 5558 1464 5635 Antea
1498 5576 1618 5616 erat
1665 5578 1892 5631 percus-

329 5650 550 5688 εδοιιεηι.

404 5714 426 5735 δ
456 5702 515 5757 lu
543 5705 774 5760 Cisterc.
814 5719 912 5759 ms.
955 5718 1015 5760 ac
1057 5719 1225 5773 penes
1259 5702 1493 5769 Dabam,
1523 5701 1886 5772 veljamjam-

2011 1846 2249 1898 velocem
2307 1845 2373 1896 de
2431 1841 2725 1897 Occidente
2774 1858 2946 1913 usque
3001 1844 3068 1898 ad
3103 1842 3309 1897 Indiam
3346 1856 3575 1914 Ipercur-

2009 1938 2218 1991 sionem
2249 1935 2291 1990 ³.
2333 1933 2567 1989 Pardum
2602 1944 2780 1989 autem
2842 1945 3002 1990 vocat
3047 1937 3115 1991 ob
3141 1937 3482 1999 varietatem,
3524 1949 3582 1991 et

2008 2029 2131 2098 quia
2161 2027 2410 2095 plurimis
2448 2027 2549 2081 sibi
2598 2026 2833 2080 subditis
2864 2026 3114 2095 gentibus
3165 2039 3353 2081 contra
3395 2027 3581 2083 Medos

2009 2118 2286 2171 dimicavit
2314 2127 2369 2172 et
2413 2117 2633 2172 Persas.
2677 2117 2742 2171 Et
2768 2127 3024 2185 quatuor,
3075 2119 3270 2187 inquit,
3309 2127 3466 2173 erant
3492 2134 3581 2173 ca-

2009 2202 2125 2277 pita
2160 2208 2210 2261 in
2240 2208 2434 2271 bestia,
2468 2217 2522 2261 et
2557 2216 2795 2277 potestas
2819 2212 2943 2262 data
2985 2217 3070 2263 est
3098 2209 3172 2264 ei.
3221 2207 3286 2263 Et
3316 2211 3442 2278 quia
3467 2225 3575 2265 non

2010 2302 2074 2353 de
2103 2301 2285 2352 futuro
2325 2299 2672 2360 vaticinatur,
2708 2298 2803 2352 sed
2828 2297 2895 2352 de
2929 2299 3224 2366 praeterito,
3254 2298 3400 2353 velut
3436 2301 3576 2371 jam-

2004 2390 2226 2461 jamque
2268 2391 2513 2445 venturis
2550 2390 2686 2445 texit
2735 2391 2757 2421 δ
2800 2390 3108 2454 historiam,
3139 2390 3344 2446 idcirco
3369 2394 3432 2446 de
3465 2392 3571 2445 Ro-

2011 2497 2172 2534 mano
2197 2490 2338 2535 tacet
2365 2480 2615 2549 imperio,
2648 2480 2837 2549 dequo
2863 2481 3091 2535 forsitan
3132 2482 3334 2537 dicitur
3358 2502 3371 2538 :
3397 2483 3581 2539 Omnis

2008 2573 2099 2641 qui
2126 2588 2361 2642 egressus
2384 2573 2543 2641 fuerit
2561 2588 2625 2625 ea:
2649 2573 2747 2637 eis,
2773 2572 3029 2639 capietur.
3055 2574 3377 2644 Cattsasque
3403 2577 3577 2630 reddit

2010 2677 2107 2716 cur
2147 2663 2246 2714 ista
2281 2662 2522 2730 perpessi
2554 2661 2662 2715 sint
2694 2677 2709 2716 :
2739 2659 2879 2726 Quia
2908 2661 3272 2732 multiplicqu
3291 2675 3411 2717 sunt
3441 2680 3577 2729 pm-

2014 2753 2365 2806 raricationes
2382 2767 2585 2815 eorum,
2609 2761 2663 2806 et
2686 2762 3167 2822 perseveraverunt
3193 2754 3246 2809 in
3274 2766 3579 2825 transgres-

2011 2845 2273 2898 sionihus.
2299 2842 2447 2899 Unde
2466 2843 2701 2898 dicitur:
2723 2843 2788 2896 Et
2806 2844 3116 2915 confertam:
3132 2856 3257 2902 sunt
3285 2847 3581 2902 aversioues

2011 2947 2215 2989 eorum.
2253 2934 2382 2988 Illud
2417 2936 2558 3003 quod
2607 2936 2891 3004 posuimus
2937 2937 2988 2990 in
3026 2938 3313 3006 principio,
3351 2939 3574 2995 verbum

2015 3027 2334 3081 Hebraieum
2374 3040 2535 3080 socco
2578 3026 2743 3107 (Ἰριν)
2775 3040 2972 3081 sonare
3022 3028 3282 3098 vigiliam,
3316 3028 3370 3082 in
3438 3045 3582 3100 pra:-

2013 3119 2290 3172 sentiloeo
2320 3118 2630 3171 oswnditur
2670 3131 2686 3173 :
2726 3116 2816 3169 ubi
2845 3119 2988 3171 enim
3030 3133 3127 3172 nos
3152 3119 3412 3185 diximus,
3453 3132 3577 3188 par-

2011 3215 2109 3263 dus
2143 3209 2389 3279 vigilans,
2444 3211 2499 3263 in
2548 3208 2819 3264 llebraico
2850 3211 3111 3279 scriptum
3161 3221 3245 3266 est
3271 3224 3449 3266 unum
3486 3226 3580 3267 so-

2011 3306 2154 3356 csn'
2188 3304 2334 3387 (Timr
2388 3300 2554 3371 um).
2606 3299 2766 3354 Justa
2823 3302 3201 3373 trepologiam,
3251 3303 3343 3373 qui
3397 3306 3582 3375 magni

2014 3406 2277 3465 putantur
2310 3396 2362 3447 in
2398 3394 2662 3458 Ecclesia,
2720 3394 2843 3461 quia
2880 3393 3234 3462 conlringunt
3278 3396 3494 3467 jugutn,
3525 3407 3585 3450 et

2014 3495 2268 3553 rumpunt
2295 3485 2531 3549 vincula,
2571 3484 2779 3537 ideirco
2805 3483 3094 3541 traduntur
3126 3486 3180 3537 in
3216 3485 3581 3551 ignominiam

2011 3579 2349 3649 passionum,
2377 3585 2437 3628 ttt
2459 3574 2661 3636 faciant
2697 3588 2816 3642 quae
2852 3588 2956 3628 non
2979 3576 3326 3628 conveniunt.

2080 3668 2263 3736 (Vera.
2303 3667 2332 3717 7
2366 3668 2542 3735 seqq.)
2590 3684 2610 3716 ι
2650 3664 2826 3734 Super
2859 3680 2967 3735 quo
3020 3667 3288 3734 prepitius
3324 3667 3418 3722 tibi
3451 3682 3576 3724 esse

2012 3756 2241 3829 potero?
2274 3756 2395 3809 Filii
2424 3757 2519 3809 stui
2569 3753 2979 3822 dereliquerunt
3028 3769 3143 3819 me,
3177 3765 3231 3808 et
3275 3753 3464 3822 iurant
3516 3758 3579 3812 in.

2013 3851 2096 3903 bis
2125 3848 2215 3917 qui
2263 3862 2371 3901 non
2423 3854 2553 3901 sunt
2594 3845 2715 3903 dii:
2770 3845 3013 3899 saturavi
3062 3858 3176 3910 eos,
3207 3854 3264 3900 et
3321 3846 3578 3901 mmehati

2009 3951 2155 4003 sunt,
2188 3948 2244 3993 et
2273 3940 2327 3992 in
2380 3936 2546 3991 domo
2594 3936 2900 3991 meretricis
2948 3935 3414 3992 luxuriahautur:
3448 3942 3581 4005 equi

2009 4043 2286 4086 amatores
2316 4030 2372 4083 in
2389 4028 2623 4084 feminas
2644 4027 2685 4093 ⁸,
2716 4038 2772 4083 et
2800 4027 3072 4097 emissarii
3112 4026 3238 4082 facti
3264 4038 3389 4082 sum
3415 4028 3570 4082 mihi.

2012 4119 2395 4190 Unusquisque
2444 4123 2511 4177 ad
2571 4133 2797 4174 uxorem
2853 4118 3083 4186 proximi
3134 4118 3217 4175 stti
3274 4118 3577 4173 hinniel-at.

2006 4212 2261 4281 Nunquid
2305 4227 2469 4280 super
2508 4213 2594 4266 bis
2642 4225 2751 4265 non
2800 4209 3056 4272 visitabo,
3086 4209 3219 4271 dicit
3268 4208 3527 4267 Dominus
3555 4248 3577 4271 ,

2006 4308 2136 4362 etin
2168 4314 2327 4375 gente
2364 4304 2457 4359 tali
2489 4318 2592 4359 non
2623 4302 2921 4373 ulciscetur
2952 4302 3133 4357 anima
3151 4301 3308 4357 mea?
3344 4318 3364 4361 ο
3390 4302 3576 4356 Κατώ-

3000 4396 3128 4455 dum
3161 4394 3298 4451 dicit
3329 4408 3390 4449 se
3416 4394 3574 4465 igno-

2007 4584 2087 4650 lii,
2131 4586 2324 4652 inquit,
2379 4584 2458 4638 tui
2497 4580 2888 4651 dereliqucrunt
2931 4596 3031 4635 me.
3080 4577 3428 4649 Nequaquam
3478 4577 3573 4631 lilii

2008 4674 2139 4739 mei,
2168 4675 2263 4731 sed
2297 4674 2399 4736 tui,
2452 4674 2543 4740 qui
2567 4672 2754 4745 iurant
2786 4672 2839 4747 in
2892 4667 3000 4739 his;
3040 4672 3131 4739 qui
3158 4685 3266 4731 non
3319 4679 3446 4724 sunt
3474 4671 3575 4723 dii.

2008 4765 2399 4829 Saturarieos,
2446 4775 2493 4819 et
2543 4764 2786 4823 mtrcltati
2836 4774 2981 4816 sunt.
3032 4762 3271 4823 Audiant
3323 4761 3582 4826 [tumqui

2006 4857 2249 4925 acceptis
2281 4872 2310 4911 a
2347 4856 2574 4913 Dentin
2599 4854 2805 4917 divitiis
2827 4853 3171 4916 incubantes,
3199 4851 3432 4921 luxuriae
3459 4866 3578 4904 sera

2004 4949 2180 5009 viunt.
2212 4944 2353 5011 Equi
2396 4954 2662 5001 amatores
2716 4944 2770 5003 in
2807 4943 3030 5012 [entinas
3067 4940 3234 5010 875
3261 4940 3387 5010 {acti
3424 4950 3575 4999 sunt.

2006 5039 2112 5094 Pro
2156 5039 2443 5107 emissariis
2494 5038 2545 5099 in
2588 5035 2856 5097 Hebraico
2886 5034 3141 5099 scriptum
3174 5042 3257 5095 cst
3307 5039 3583 5087 uosscnm

2009 5129 2278 5203 (autem),
2333 5129 2476 5199 quod
2523 5142 2711 5191 omnes
2746 5141 2879 5187 voce
2931 5139 3167 5201 consona
3196 5126 3477 5189 ἕλκοντεη
3516 5126 3580 5176 id

2006 5233 2113 5289 est,
2140 5223 2407 5287 trahentes
2438 5218 2837 5283 tranatulerunt
2873 5234 2889 5271 :
2923 5228 2981 5281 Ill,
3007 5220 3326 5282 ostendatur
3362 5233 3579 5285 tttagnt-r

2006 5357 2578 5430 que'venturamdixit,
2607 5364 2719 5430 etc;
2798 5428 2807 5430 _
2883 5426 2892 5430 _
3047 5423 3066 5430 _

2078 5430 2099 5459 ⁸
2154 5434 2259 5482 Ant
2295 5426 2485 5489 Saced,
2543 5416 2635 5479 aut
2683 5424 2893 5477 Sachdd
2924 5423 3227 5494 przel'erunt
3260 5436 3393 5494 mss.
3440 5416 3582 5476 Vide

2006 5515 2126 5568 qua:
2165 5502 2265 5553 hac
2313 5503 2376 5552 de
2410 5511 2537 5549 voce
2585 5496 2836 5563 superius
2867 5491 3256 5568 atiuot:tvitttus
3284 5491 3342 5568 in
3379 5505 3501 5568 cap.
3531 5508 3571 5543 ι.

2077 5571 2097 5599 ⁸
2126 5569 2268 5621 ltletn
2296 5568 2384 5619 ille
2426 5562 2665 5625 attttotat’
2685 5581 2844 5619 vomas
2872 5566 2928 5617 in
2964 5564 3187 5633 feminas
3215 5567 3266 5615 itt
3305 5562 3583 5633 Hebraicis

2008 5653 2112 5694 non
2162 5640 2345 5693 haberi
2408 5654 2468 5690 ac
2502 5637 2753 5693 similiter
2790 5629 2974 5692 vocent
3012 5634 3137 5685 uniti
3194 5647 3359 5701 penes
3409 5629 3579 5683 LXX.
