3950 6180
469 318 575 381 743

1645 316 1704 373 S.
1749 313 2057 373 EUSEBII
2132 315 2567 377 HIERONYMI
2973 358 2977 363 .
3587 327 3637 387 ιη

472 435 601 487 tudo
633 429 970 502 genitalium,
998 430 1152 500 juxta
1183 427 1315 484 illud
1341 425 1640 483 Ezechielis
1682 443 1697 482 ε
1731 426 1900 492 Quasi
1938 428 2052 481 asi-
2081 434 2133 492 Α
2159 426 2339 483 bimus
2372 428 2612 498 gladium
2643 443 2745 483 nec
2770 426 2966 484 famem
2986 428 3372 485 sustinebimus
3392 432 3667 502 obsidionis,

471 540 661 577 uorum
720 539 923 588 carnes,
982 538 1166 575 eorum
1226 536 1410 574 carnes
1469 520 1687 588 (Ezech.
1726 534 1885 584 um,
1925 518 2041 587 ‘20).

472 614 583 668 lloc
613 624 695 670 est
719 615 858 684 quod
894 615 946 668 in
994 614 1101 667 alio
1151 612 1272 666 loco
1305 611 1569 679 scriptum
1604 619 1692 665 est
1746 611 2045 665 Assimiluti

469 716 592 761 sunt
629 707 883 776 jumeutis
933 704 1300 771 insipientibus
1326 713 1377 758 et
1406 703 1604 757 similes
1638 705 1766 774 facti
1798 714 1919 757 sunt
1940 705 2045 758 illis

472 800 648 869 (Psal.
704 813 897 862 XLVIII,
922 797 1032 866 15).
1072 795 1360 864 Simulque
1401 805 1607 849 tantam
1639 794 2045 849 ostenditins.-.-

471 891 617 944 niam
650 889 910 951 libidinis,
940 899 999 943 ιιι
1031 904 1136 942 non
1178 888 1355 942 solum
1390 886 1690 956 appetitum
1727 885 2043 956 voluptatis,

471 983 564 1035 sed
601 977 996 1049 χρεμετισμὸν,
1045 978 1095 1030 id
1133 987 1237 1043 est,
1275 977 1541 1029 hinnitum
1578 985 1757 1042 vocet,
1788 986 1840 1028 et
1868 986 2047 1029 servet

468 1087 734 1140 equorum
809 1069 1106 1124 furentium
1164 1068 1231 1122 ad
1296 1068 1579 1122 libidinem
1640 1069 2042 1136 metaphoram.

470 1166 601 1218 Cum
645 1166 782 1228 haec,
808 1162 1008 1231 inquit,
1049 1161 1269 1224 feceris,
1299 1161 1540 1229 nunquid
1588 1174 1698 1214 non
1734 1160 2046 1215 visitatione

468 1256 740 1324 condigna
765 1255 869 1311 es?
918 1254 985 1308 Et
1020 1263 1148 1308 uota
1178 1252 1324 1323 quod
1361 1253 1449 1307 hic
1478 1251 1722 1306 visitatio
1758 1266 1855 1321 pro
1885 1267 2044 1319 poena

469 1358 704 1415 ponatur
732 1358 896 1416 atque
947 1345 1256 1417 suppliciis,
1279 1347 1432 1415 juxta
1456 1343 1585 1400 illud
1614 1345 1755 1414 quod
1783 1344 2045 1413 scriptum

468 1451 599 1496 est:
637 1439 874 1493 Visitabo
937 1440 989 1493 in
1049 1440 1197 1508 virga
1258 1438 1566 1507 iniquitates
1621 1453 1803 1490 eorum
1873 1434 2043 1503 (Psal.

470 1547 735 1593 cxxxvm,
770 1532 894 1596 33),
932 1528 998 1583 Et
1027 1532 1080 1584 in
1109 1541 1262 1599 gente
1298 1529 1394 1583 tali
1420 1546 1524 1584 non
1557 1529 1842 1583 ulciscetur
1865 1530 2046 1583 anima

471 1639 586 1677 mea
617 1624 642 1676 ?
670 1623 962 1693 Postquam
997 1623 1237 1692 peccatis
1281 1620 1517 1691 obligata
1567 1630 1670 1687 est,
1705 1637 2046 1692 nequaquam

470 1723 697 1769 vocatur
721 1714 951 1783 populus
978 1714 1094 1779 Dei,
1128 1715 1220 1767 sed
1251 1727 1384 1783 gens
1407 1728 1434 1766 a
1459 1727 1566 1782 qua
1600 1716 1829 1768 recessit
1864 1714 2043 1766 anima

2150 528 2203 571 et
2225 520 2487 589 quidquid
2527 521 2695 575 loculi
2725 531 2861 576 sunt
2886 521 3186 590 prophetae,
3220 521 3271 576 in
3310 533 3511 578 ventum
3537 525 3667 584 locuti

2150 622 2302 679 sunt,
2336 624 2389 668 et
2434 614 2590 669 irrita
2642 615 2823 669 omnia
2873 616 3230 676 transierunt,
3264 629 3361 669 nec
3407 616 3668 674 habuerunt

2154 714 2504 775 responsum,
2536 708 2641 762 hoc
2659 717 2763 773 est,
2791 708 3096 773 oraculum,
3128 708 3246 763 sive
3278 723 3451 763 sermo
3477 709 3556 765 Dei
3584 729 3667 767 non

2155 795 2254 849 fuit
2300 797 2352 850 in
2390 797 2487 864 eis,
2526 799 2648 853 ideo
2697 798 3046 854 sustinebunt
3093 814 3215 868 quae
3263 815 3486 870 sequens
3525 812 3672 857 sermo

2152 887 2434 943 describit.
2463 889 2664 945 Audiat
2705 890 2809 945 hoc
2840 888 3084 946 Ecclesia
3111 890 3407 960 tiegligeus,
3439 903 3487 947 et
3516 896 3669 963 provi-

2154 979 2391 1034 dentiam
2429 981 2523 1034 Dei
2576 981 2841 1046 refutans,
2874 984 3019 1052 quod
3067 992 3120 1036 et
3159 982 3392 1052 gladium
3421 992 3472 1037 et
3513 984 3672 1039 famem

2154 1074 2447 1135 sustineat,
2477 1072 2580 1128 nisi
2620 1086 2849 1128 ventura
2881 1073 3179 1129 crediderit
3221 1089 3339 1143 quae
3377 1076 3617 1131 dicuntur.

2228 1164 2405 1235 (Vers.
2448 1165 2560 1236 14)
2601 1184 2619 1217 σ
2665 1164 2790 1219 limc
2843 1165 2976 1219 dicit
3027 1165 3287 1221 Dominus
3327 1168 3458 1223 Deus
3505 1172 3674 1223 excrci-

2158 1267 2329 1322 tuum,
2362 1258 2486 1326 quia
2544 1259 2710 1312 locuti
2758 1261 2893 1314 estis
2951 1262 3177 1313 verhum
3232 1259 3414 1314 istud:
3448 1276 3561 1316 ecce
3598 1278 3676 1333 ρίιει

2156 1350 2224 1403 do
2266 1349 2431 1402 verba
2492 1365 2611 1404 mea
2659 1351 2712 1404 in
2767 1366 2861 1405 ore
2914 1363 3005 1406 tuo
3042 1352 3094 1404 iu
3133 1354 3335 1424 ignem,
3363 1363 3414 1407 et
3466 1355 3673 1424 populum

2154 1442 2314 1497 istum
2344 1442 2396 1497 in
2438 1442 2599 1512 ligna,
2634 1451 2688 1497 et
2728 1442 3015 1498 devorabit
3058 1456 3175 1498 eos.
3209 1461 3229 1495 ›
3286 1442 3496 1499 Dixistis
3530 1464 3543 1501 :
3576 1445 3677 1499 Ριο‹

2155 1538 2327 1604 pheta:
2359 1534 2580 1590 fuerunt
2604 1535 2773 1591 locuti
2818 1536 2869 1590 in
2910 1545 3160 1602 ventum,
3186 1551 3286 1592 nec
3318 1549 3530 1593 ventura
3576 1549 3677 1593 sunt

2154 1644 2275 1697 quae
2322 1628 2607 1683 minantur
2660 1645 2675 1684 ε
2710 1638 3021 1700 propterea.
3056 1646 3090 1686 ο
3140 1633 3422 1701 propheta,
3457 1635 3519 1688 do
3547 1634 3673 1688 verba

2160 1735 2276 1774 mea
2308 1720 2361 1773 in
2397 1736 2494 1775 ore
2531 1731 2651 1786 tuo,
2682 1736 2804 1791 quae
2840 1722 2982 1791 ignis
3016 1722 3256 1779 habeant
3298 1736 3607 1795 p0testatem,
3635 1739 3675 1779 et

468 1805 588 1874 Dei,
618 1807 921 1861 secundum
952 1807 1085 1860 illud
1107 1805 1255 1877 quod
1279 1806 1542 1875 scriptum
1572 1814 1653 1861 est
1682 1823 1696 1863 :
1723 1805 2046 1860 Neomcnias
2081 1802 2120 1854 Β
2153 1813 2412 1881 populum
2464 1813 2628 1867 istum
2680 1813 2734 1867 in
2788 1814 2933 1885 ligna
2978 1826 3320 1884 convertam,
3364 1828 3418 1869 nt
3470 1831 3676 1871 sermone

468 1910 692 1964 uestras,
734 1908 783 1953 et
832 1896 1097 1962 Sabbata,
1131 1907 1180 1952 et
1243 1898 1353 1953 dies
1389 1898 1549 1967 festos
1582 1900 1687 1952 odit
1718 1900 1897 1952 anima
1936 1915 2049 1952 mea

469 1991 608 2064 (lsa.
648 2008 688 2057 ι,
722 1992 809 2056 15,
842 1991 952 2061 14).
982 1989 1134 2055 Quod
1173 1999 1354 2045 autem
1394 1990 1446 2044 in
1481 1989 1659 2044 Veteri
1700 1988 2051 2045 Testamento

468 2088 668 2140 dicitur
701 2100 799 2153 pro
834 2084 1053 2147 affectu,
1092 2082 1144 2137 in
1192 2082 1344 2136 Novo
1378 2082 1637 2151 scriptum
1672 2094 1755 2136 est
1786 2097 1883 2151 pro
1914 2085 2052 2137 veri-

468 2187 597 2242 tate,
636 2176 918 2232 SalvatOi-e
950 2175 1164 2230 dicente
1196 2190 1212 2231 ;
1245 2173 1572 2228 Patestatem
1629 2174 1790 2228 habeo
1824 2176 2050 2242 ponendi

469 2272 705 2324 animum
736 2285 926 2333 meant,
963 2279 1011 2321 et
1046 2276 1353 2336 potestatem
1394 2267 1556 2321 habeo
1590 2268 1779 2321 iterum
1811 2268 2050 2323 sumendi

469 2362 622 2417 illam
659 2360 840 2431 (Joan.
871 2378 924 2427 ιι,
961 2361 1073 2430 18).

540 2454 724 2519 (Vers.
760 2456 848 2521 l0,
883 2455 995 2523 ll.)
1026 2474 1044 2507 ι
1080 2454 1378 2510 Ascendite
1412 2469 1594 2509 muros
1623 2453 1740 2523 ejus
1764 2453 1900 2527 (sive
1923 2469 2052 2521 pro-

468 2544 799 2616 pugnacula)
852 2553 906 2600 et
941 2546 1247 2614 dissipate:
1285 2549 1809 2600 consummationem
1867 2556 2047 2599 autem

470 2640 640 2692 nolite
685 2637 888 2693 facere.
916 2637 1141 2692 Auferte
1170 2638 1494 2706 propagines
1527 2639 1645 2703 ejus
1678 2625 2052 2707 (siue'susten-

472 2729 676 2798 tacula)
711 2730 838 2797 quia
864 2743 970 2782 non
998 2738 1124 2781 sunt
1158 2729 1395 2782 Domini.
1421 2727 1885 2783 Prasvaricatione
1906 2731 2048 2783 enim

469 2825 830 2893 praevaricata
886 2832 972 2877 est
1017 2823 1071 2875 iu
1135 2837 1220 2877 me
1270 2824 1464 2878 domus
1513 2822 1701 2891 lsrael,
1750 2834 1806 2878 et
1854 2825 2049 2879 domus

469 2916 632 2981 Juda,
655 2917 787 2972 dicit
822 2916 1108 2972 Dominus.
1139 2935 1157 2968 ι
1187 2915 1419 2985 Imperat
1446 2919 1723 2987 gentibus,
1757 2916 1827 2971 de
1852 2917 2051 2985 quibus

469 3028 636 3082 supra
670 3010 885 3068 dixerat
930 3027 945 3069 :
990 3013 1258 3068 Percussit
1289 3028 1376 3066 eos
1404 3011 1482 3065 leo
1504 3012 1568 3065 de
1596 3011 1753 3075 silva,
1783 3011 1936 3077 lupus
1962 3028 2049 3066 va-

468 3108 626 3161 stavit
649 3122 757 3169 eos,
792 3120 838 3160 et
870 3110 1069 3175 pardus
1102 3106 1157 3157 in
1185 3104 1489 3157 ciuitatibus
1536 3120 1740 3169 eorum,
1770 3115 1827 3158 ut
1858 3119 2048 3160 ascen-

469 3203 601 3257 dant
635 3218 820 3256 muros
845 3199 1171 3265 JeruSalem,
1200 3202 1317 3255 sive
1346 3202 1774 3271 propugnacula,
1796 3212 1851 3256 et
1881 3202 2043 3256 dissi-

469 3305 602 3363 pent
648 3310 770 3349 eam
804 3311 819 3348 :
853 3294 1389 3350 consummationem
1441 3304 1621 3347 autem
1679 3310 1786 3349 non
1821 3295 2044 3359 faciant,

472 3399 530 3442 ut
558 3388 843 3443 salventur
876 3386 1137 3456 reliquiae,
1172 3394 1227 3440 et
1254 3385 1328 3439 sit
1383 3386 1474 3454 qui
1508 3386 1796 3441 annuntiet
1828 3386 1880 3441 in
1920 3402 2049 3457 geu-

471 3482 615 3538 tibus
631 3482 861 3551 gloriam
896 3479 1014 3547 Dei,
1046 3479 1436 3551 severitatique
1461 3479 1652 3535 miscet
1673 3479 2044 3536 clementiam.

468 3573 732 3645 Quodque
787 3574 1028 3629 intulit:
1085 3572 1307 3640 Auferte
1369 3574 1685 3643 propagines
1735 3574 1871 3642 ejus,
1933 3574 2049 3628 sive

466 3665 848 3731 sustentacula,
896 3663 1082 3720 omnia
1139 3662 1255 3717 tolli
1318 3663 1523 3718 auxilia
1574 3663 1751 3733 jubet,
1786 3680 1906 3734 qua:
1948 3679 2049 3719 suo

468 3758 605 3811 vitio
640 3755 900 3826 perdidit,
936 3769 1002 3811 co
1058 3756 1201 3824 quod
1250 3754 1607 3823 praevaricata
1660 3755 1732 3810 sit
1768 3756 1820 3809 in
1874 3757 2045 3810 Deum

474 3848 587 3920 [AL
616 3846 933 3920 Dominum]
969 3849 1165 3904 domus
1202 3848 1391 3914 israel,
1435 3858 1491 3903 et
1531 3848 1727 3904 domus
1753 3847 1918 3915 Juda,
1948 3849 2046 3905 de-

468 3959 589 3999 cem
614 3943 787 3997 tribus
813 3950 868 3996 et
896 3942 1032 3997 duas
1054 3939 1389 4012 significans.
1416 3940 1619 3996 Audiat
1646 3941 1751 3995 hoc
1774 3940 2042 4009 Ecclesia,

468 4034 611 4104 quod
636 4035 747 4090 cito
768 4033 911 4089 muri
935 4043 991 4090 et
1046 4033 1457 4105 propugnacula
1491 4034 1829 4104 dissipentur
1856 4050 2045 4090 eorum

465 4127 560 4196 qui
596 4142 702 4182 non
738 4126 937 4181 habent
971 4139 1126 4196 spem
1162 4125 1218 4179 in
1276 4124 1526 4188 Domino,
1570 4135 1626 4181 et
1673 4126 2041 4194 praevaricari:

470 4229 556 4271 tur
585 4219 603 4250 ί
680 4217 736 4271 in
776 4231 923 4285 eum,
963 4217 1058 4272 sed
1105 4225 1288 4270 tamen
1338 4230 1444 4271 non
1497 4215 1593 4271 ﬁat
1648 4219 2046 4275 consummatio

468 4318 692 4380 propter
720 4309 1064 4364 clementiam
1103 4307 1325 4379 judicis,
1364 4316 1420 4364 et
1451 4322 1557 4364 non
1592 4323 1819 4380 propter
1851 4311 2042 4368 merita

466 4403 926 4470 delinquentium.

2156 1913 2247 1958 tuo
2302 1914 2356 1959 et
2378 1906 2666 1975 prophetia
2700 1906 2968 1961 increduli
2994 1919 3430 1964 concrementur.
3462 1908 3540 1975 Sic
3564 1907 3675 1963 Deus

2155 1999 2293 2068 ignis
2334 2014 2663 2055 consumens
2700 2001 2918 2066 dicitur,
2955 2010 3013 2055 ut
3059 2012 3351 2057 consumat
3383 2005 3431 2056 in
3463 2003 3613 2066 nobis,
3637 2004 3671 2057 si

2158 2104 2326 2159 super
2360 2089 2777 2147 fundamentum
2816 2092 3021 2148 Christi
3050 2094 3512 2161 mdificaverimus,
3541 2096 3673 2166 ligna,

2155 2182 2362 2248 fenum,
2390 2184 2645 2253 stipulam
2687 2186 2872 2256 (Deut.
2898 2187 2997 2259 tv).

2226 2273 2404 2344 (V’ers.
2448 2276 2518 2331 15
2549 2279 2740 2350 seqq.)
2783 2298 2802 2332 ι
2841 2280 2982 2336 Ecce
3009 2296 3108 2352 ego
3151 2283 3412 2338 adducam
3438 2295 3578 2352 super
3601 2295 3675 2335 vos

2153 2376 2367 2433 gentem
2402 2369 2468 2423 de
2492 2356 2815 2441 longinquo,
2843 2375 3037 2427 domus
3060 2372 3398 2442 lsracl,dicit
3423 2374 3671 2428 Dominus:

2153 2471 2370 2527 gentem
2406 2462 2713 2529 robustam,
2742 2476 2959 2533 gentem
2993 2468 3298 2536 antiquam,
3325 2478 3524 2536 gentem
3545 2466 3669 2533 cujus

2153 2555 2432 2624 ignorabis
2484 2557 2750 2627 linguam,
2785 2573 2885 2614 nec
2938 2560 3217 2632 intelliges
3276 2563 3401 2630 quid
3446 2562 3670 2631 loquatur.

2154 2651 2423 2704 Pharetra
2477 2650 2599 2719 ejus
2647 2653 2806 2721 quasi
2860 2654 3178 2721 sepulcrum
3230 2665 3435 2724 patens,
3478 2654 3672 2709 universi

2152 2743 2342 2797 fortes.
2372 2740 2443 2796 Et
2467 2746 2716 2799 comedet
2747 2758 2963 2815 segetes
3014 2757 3134 2803 tuas
3193 2756 3250 2802 et
3276 2760 3481 2816 panem
3509 2754 3633 2801 tuum
3659 2759 3673 2797 :

2151 2836 2436 2890 devorabit
2473 2835 2621 2892 ﬁlios
2664 2846 2808 2902 tuos,
2840 2851 2888 2894 et
2924 2840 3062 2896 filias
3110 2849 3281 2897 tuas:
3323 2839 3546 2895 comedet
3580 2850 3674 2908 gre-

2152 2943 2271 2995 gem
2307 2936 2482 2994 tuum,
2510 2941 2563 2984 et
2598 2940 2845 2984 armenta
2876 2942 2965 2985 tua
2995 2934 3284 2989 :comedet
3311 2933 3509 2987 vineam
3540 2941 3671 2994 tuam,

2150 3033 2204 3075 et
2225 3022 2382 3073 ticum
2405 3032 2576 3085 tuam,
2599 3032 2908 3078 etconterct
2927 3024 3089 3080 urbes
3110 3030 3494 3086 munitastuas,
3513 3023 3559 3078 in
3574 3021 3670 3091 qui-

2153 3112 2254 3168 bus
2286 3122 2342 3167 tu
2364 3113 2618 3170 fiduciam
2638 3118 3020 3187 habesgladio.
3049 3117 3428 3174 Verumtamen
3451 3119 3496 3172 in
3518 3117 3670 3171 diebus

2154 3206 2285 3273 illis,
2304 3208 2379 3261 ait
2402 3208 2691 3274 Dominus,
2711 3223 2816 3265 non
2862 3211 3054 3265 faciam
3081 3227 3180 3268 vos
3218 3214 3270 3267 in
3305 3208 3671 3267 consummatio.

2152 3314 2331 3354 nem»
2364 3298 2712 3371 Nequaquam
2748 3301 2920 3357 multo
2937 3313 3055 3371 post
3091 3315 3352 3373 tempore,
3374 3316 3465 3358 nec
3492 3312 3542 3355 ut
3566 3298 3671 3353 falso

2150 3392 2395 3453 creditis.
2430 3391 2892 3463 Prophetaevobis
2932 3395 3226 3466 loquentur
3262 3399 3313 3451 in
3349 3406 3570 3459 ventum,
3597 3392 3668 3445 sed

2145 3482 2257 3549 jam
2309 3500 2457 3538 nunc
2496 3487 2765 3541 adducam
2817 3502 2984 3556 super
3016 3502 3111 3541 vos
3140 3500 3353 3559 gentem
3398 3486 3670 3557 Baliylouioc

2152 3592 2296 3642 rum,
2332 3592 2454 3646 qum
2476 3579 2660 3634 veniet
2684 3579 2749 3635 de
2780 3580 3075 3651 longinquo
3108 3601 3124 3641 :
3166 3594 3380 3655 gentem
3410 3581 3668 3637 robustam.

2151 3682 2250 3737 pro
2284 3683 2393 3738 quo
2447 3670 2501 3724 in
2561 3670 2785 3727 Hebraeo
2838 3673 3105 3744 scriptum
3161 3686 3250 3731 est
3302 3689 3465 3729 eruas
3504 3671 3662 3757 (ῖηνκ),

2152 3771 2367 3827 gentem
2420 3762 2729 3832 antiquam,
2776 3762 2929 3831 cujus
2979 3768 3256 3834 quondam
3305 3767 3671 3822 dmninatusesl

2142 3849 2387 3907 Neutrod
2411 3855 2565 3924 gigas
2596 3853 2807 3924 (Cenes.
2843 3856 2924 3927 Χ).
2954 3857 3127 3927 Cujus
3153 3858 3424 3929 ignorabis
3449 3857 3576 3925 lingu
3609 3869 3668 3913 ut.

2151 3946 2269 4001 sive
2290 3948 2309 3978 ³
2331 3958 2390 4001 ιιι
2414 3948 2465 4002 in
2492 3947 2719 4005 Hebraeo
2737 3952 2997 4020 scriptum
3032 3964 3111 4007 est
3150 3970 3164 4010 :
3199 3969 3292 4008 nec
3316 3953 3551 4020 intelliges
3569 3945 3669 4016 quid

2152 4038 2436 4109 loquatur:
2470 4049 2555 4096 est
2576 4043 2722 4097 enim
2745 4045 3013 4100 malorum
3040 4046 3209 4116 877
3243 4046 3501 4108 solatium,
3523 4042 3561 4095 si
3578 4039 3669 4093 illos

2151 4132 2355 4188 habeas
2379 4135 2582 4204 hostes,
2622 4151 2762 4206 quos
2809 4139 2988 4208 possis
3020 4154 3237 4209 rogare,
3268 4147 3321 4195 et
3347 4137 3433 4209 qui
3464 4146 3567 4189 tuas
3606 4131 3664 4183 in-

2152 4226 2396 4297 telligant
2426 4242 2639 4297 preces.
2672 4228 2942 4303 Quodque
2972 4234 3224 4303 sequitur
3257 4251 3272 4292 :
3309 4233 3549 4288 Pharetra
3579 4227 3667 4295 ejus

2148 4319 2305 4387 quasi
2339 4322 2638 4390 sepulcrum
2687 4334 2899 4391 patens,
2931 4333 2986 4379 et
3017 4324 3069 4379 in
3108 4323 3452 4397 Septuaginta
3473 4320 3669 4375 editione

2150 4426 2258 4467 non
2325 4414 2544 4483 dicitur,
2602 4414 2953 4488 Babyloniam
3029 4419 3305 4486 significat
3358 4425 3666 4473 armaturam.

536 4494 722 4564 (Vers.
759 4495 846 4561 12,
878 4496 993 4565 15.)
1026 4513 1047 4550 ι
1083 4492 1429 4567 Negaverunt
1464 4494 1775 4559 Dominum,
1809 4505 1865 4551 et
1892 4496 2044 4554 dixe-
2078 4522 2120 4577 D
2146 4501 2259 4560 Nec
2291 4500 2515 4561 dubium
2542 4508 2672 4577 quin
2706 4522 2934 4579 regnum
2974 4510 3347 4583 Assyriorum,
3393 4503 3669 4577 Babylonio-

466 4598 595 4643 runt
627 4604 642 4641 :
680 4586 797 4642 Non
826 4598 909 4643 est
932 4589 1049 4658 ipse
1077 4588 1206 4657 (sive
1239 4601 1344 4641 non
1394 4598 1522 4642 sunt
1546 4588 1683 4658 haec)
1716 4604 1816 4643 nec
1845 4605 2040 4658 super-

466 4683 645 4737 veniet
697 4680 888 4754 [Vulg.
942 4682 1147 4755 veniet]
1186 4682 1357 4753 376
1420 4696 1588 4752 super
1635 4697 1734 4740 nos
1788 4685 2042 4743 malum:

463 4776 701 4847 gladium
719 4784 774 4832 et
791 4778 987 4830 famem
1009 4790 1115 4831 non
1142 4776 1470 4831 videbimus.
1498 4774 1791 4845 PrOphette
1816 4777 2043 4834 fuerunt

465 4871 518 4922 iu
556 4878 778 4923 ventum
814 4867 979 4922 locuti
1010 4869 1031 4900 ²
1060 4883 1074 4923 :
1110 4875 1166 4923 et
1194 4882 1515 4937 responsum
1537 4868 1671 4938 (sive
1702 4877 1903 4942 sermo)
1933 4886 2040 4925 non

468 4957 568 5010 fuit
602 4958 655 5010 in
682 4961 783 5012 eis.
825 4955 952 5012 Haec
981 4972 1112 5027 ergo
1167 4959 1424 5014 evenient
1469 4961 1599 5016 illis.
1644 4981 1661 5014 ι
1697 4962 1838 5029 Quia
1874 4978 2042 5032 nega-

470 5062 663 5104 verunt
681 5051 993 5115 Dominum,
1021 5051 1135 5105 sive
1159 5050 1369 5107 mentiti
1396 5062 1523 5107 sunt
1543 5053 1795 5120 Domino,
1816 5064 1870 5110 et
1892 5054 2045 5108 dixe-

469 5150 593 5194 runt
626 5157 641 5194 :
672 5138 791 5195 Non
823 5151 907 5198 est
936 5144 1074 5214 ipse,
1098 5144 1257 5214 cujus
1281 5144 1490 5214 judicio
1531 5145 1664 5201 fiunt
1697 5145 1908 5212 omnia,
1948 5147 2040 5202 sed

468 5233 694 5287 fortuitu
747 5235 860 5289 haec
909 5238 1091 5291 omnia
1146 5238 1507 5294 acciderunt:
1545 5254 1722 5309 neque
1767 5240 2041 5307 evenient,

434 5334 585 5398 ’quae
619 5327 779 5383 nobis
819 5326 1204 5399 prOphetaru'm
1236 5347 1394 5388 voces
1429 5334 1731 5401 minantur,
1762 5349 1863 5390 nec
1890 5335 2043 5390 vide-

539 5507 556 5579 f
591 5506 743 5579 tinus
767 5507 1023 5579 Cisterc.,
1056 5519 1105 5563 et
1139 5526 1240 5564 non
1268 5511 1693 5579 prwvaricantur
1721 5527 1859 5567 eum.

534 5578 648 5647 ειη
695 5578 919 5647 Vulgata
975 5578 1195 5635 Hieron.
1255 5578 1400 5635 vers.
1450 5582 1614 5635 locuti
1668 5583 2037 5638 desideratur.

535 5646 556 5676 ³
590 5646 819 5701 Mavult’
845 5649 1043 5722 Victor.
1075 5652 1183 5722 al_i_o
1212 5666 1375 5706 sensu
1413 5655 1545 5705 sicut
1585 5668 1680 5719 pro
1719 5654 1845 5718 sive,
1880 5660 2039 5722 quip-

463 5729 530 5782 pe
557 5728 1003 5791 cumutrumque
1028 5721 1081 5773 in
1116 5719 1386 5791 liebraico
1422 5723 1684 5791 scriptum
1717 5724 1788 5776 sit
1827 5719 2037 5776 llll‘lltll-

463 5800 571 5855 qut:
604 5783 828 5854 Vulgata
855 5783 1005 5844 ilict.
1040 5790 1203 5845 editio
1232 5783 1548 5861 retinuerit;
1592 5794 1743 5861 cujus
1768 5794 2035 5860 iquorabis

2149 4612 2291 4661 rum,
2316 4596 2594 4654 Medorum
2651 4612 2816 4671 atque
2846 4599 3161 4667 Persarum,
3197 4601 3475 4674 sagittandi
3498 4595 3670 4668 peritis-

2147 4690 2344 4743 simum
2393 4691 2486 4747 sit.
2544 4692 2831 4762 Simulque
2884 4695 3147 4749 describit
3198 4696 3497 4751 vastitatem
3544 4699 3667 4741 term

2148 4782 2367 4849 Judaeas,
2420 4784 2969 4857 interfectionemque
3030 4790 3345 4853 multorum,
3374 4784 3665 4842 abactioncni

2149 4889 2432 4944 pecorum,
2468 4879 2882 4935 subversiouem
2939 4880 3155 4935 urbium
3206 4883 3365 4952 atque
3411 4887 3663 4932 murorum,

2148 4967 2293 5035 quod
2344 4968 2522 5038 gladio
2565 4970 2750 5026 hostili
2779 4983 2973 5027 cuncta
3007 4974 3310 5045 capiantur,
3342 4982 3391 5028 et
3432 4979 3587 5025 tamen
3622 4961 3664 5014 in

2148 5062 2317 5115 tantis
2340 5061 2497 5117 malis
2519 5077 2623 5116 non
2644 5076 2735 5117 eos
2754 5060 2947 5133 perdat
2966 5080 3140 5135 usque
3160 5066 3223 5121 ad
3252 5060 3662 5120 internecionem;

2148 5154 2243 5207 sed
2268 5152 2525 5222 reliquias
2556 5154 2732 5208 salvas
2767 5153 2951 5221 faciat,
2985 5157 3069 5211 vel
3094 5172 3277 5212 eorum
3333 5154 3417 5227 qui
3446 5153 3491 5206 in
3525 5148 3663 5212 Baby-

2148 5245 2325 5299 lonem
2355 5245 2503 5300 ducti
2527 5257 2673 5313 sunt,
2704 5248 3024 5319 dimissique
3059 5251 3125 5305 ad
3151 5250 3510 5322 agriculturam
3533 5247 3662 5294 terra!

2148 5337 2258 5409 [Αίο
2318 5339 2590 5395 CUlluram
2643 5341 2921 5414 agrorum]
2954 5340 3175 5411 Judzeae,
3228 5343 3307 5397 vel
3358 5352 3547 5396 eorum,
3589 5323 3660 5396 qui

2146 5518 2405 5587 linguam,
2424 5528 2473 5572 et
2510 5536 2600 5572 nec
2628 5519 2888 5589 intelliges
2918 5520 3048 5589 quid
3081 5520 3342 5589 loquatur.
3368 5511 3485 5590 νηιι
3513 5511 3658 5590 “fisa?

2148 5570 2265 5641 idedo
2294 5570 2405 5642 dici
2439 5590 2573 5643 sirnt
2610 5592 2661 5643 in
2708 5570 3228 5658 ilelirmo'scriptitm
3265 5596 3364 5650 cst,
3394 5582 3506 5658 quia
3548 5570 3619 5658 LX

2146 5662 2300 5713 aliter
2326 5671 2604 5715 verterunt
2640 5678 2655 5727 ;
2696 5664 2796 5716 hoc
2822 5670 2926 5728 est,
2950 5652 3100 5730 cujus
3153 5679 3253 5715 non
3303 5657 3468 5711 audies
3518 5652 3659 5701 υοειηι

2145 5731 2334 5798 lingua!
2362 5731 2491 5799 ejus.
