3950 6180
279 274 386 335 Ἂῦ

798 265 1288 329 (IUMMENTAR.
1333 266 1410 326 IN
1455 267 1854 328 JEREIulAM
1900 267 2365 327 l'llC-PllE'l‘AM
2405 267 2548 326 LIB.
2595 264 2674 325 ll.
2707 265 2866 326 (ZAI’.
2918 264 3012 326 Vl.

3405 255 3511 322 7&6

269 401 390 446 post
431 380 823 450 persecutionis
865 382 1122 436 ardorem
1179 381 1263 434 vel
1320 380 1468 450 luga,
1517 381 1596 435 vel
1629 383 1841 434 eonles-
1950 393 2111 449 atque
2143 379 2427 436 coalitam.
2453 378 2510 433 Si
2541 378 2682 431 enim
2716 392 2812 431 vos
2845 376 3124 445 peregrina
3156 373 3343 442 religio
3373 375 3509 427 dele-

269 483 424 534 sione
450 478 608 530 tidem
644 475 852 528 Domini
897 484 1276 528 servaverunt.

344 571 544 640 (νει-ε.
604 567 734 637 19.)
767 585 784 617 ι
845 568 999 631 Quod
1060 564 1106 618 si
1165 564 1424 630 dixeritis
1455 580 1469 616 :
1499 561 1679 628 Quare
1717 561 1844 616 fecit

275 663 529 717 Dominus
562 661 701 714 Deus
723 669 908 714 naster
935 658 1096 712 nobis
1143 658 1257 712 ha’c
1313 657 1498 712 omnia
1527 658 1550 710 τ
1603 656 1750 710 dices
1780 657 1844 709 ad

270 771 368 810 eos
397 775 410 808 :
438 755 589 808 Sicut
617 751 989 820 dereliquistis
1023 764 1128 814 me,
1161 759 1216 804 et
1251 748 1503 803 servistis
1529 749 1633 802 deo
1663 747 1846 800 alieno

270 848 441 918 878
465 844 700 916 (veldtis
729 841 948 912 alienis)
972 842 1024 894 in
1058 851 1199 896 terra
1224 849 1402 896 vestra
1446 857 1460 893 :
1491 840 1570 894 sic
1597 837 1850 893 servietis

273 943 385 995 iliis
431 937 628 992 alienis
678 936 732 989 in
767 944 908 989 terra
935 949 1039 989 non
1073 942 1278 989 vestra.
1315 950 1333 983 ι
1366 930 1602 987 Grandis
1623 930 1849 986 stultitia

272 1032 486 1086 nescire
508 1044 606 1084 cur
636 1027 778 1097 passi
811 1027 942 1093 sint,
973 1041 1095 1081 cum
1113 1034 1266 1080 tanta
1303 1024 1649 1093 peccaverint
1681 1039 1695 1076 :
1726 1021 1851 1076 bre-

274 1125 466 1191 visque
485 1122 553 1176 ad
588 1120 924 1190 ambigentes
967 1117 1251 1187 responsio
1348 1115 1501 1171 Sicut
1547 1114 1852 1170 servivistis

273 1218 378 1267 dvo
399 1215 601 1277 alieno,
635 1213 690 1266 id
727 1221 814 1266 est
886 1210 1040 1274 Baal,
1071 1209 1153 1265 vel
1177 1209 1282 1264 diis
1307 1207 1503 1263 alienis
1530 1216 1850 1262 cunctarum

273 1305 518 1374 gentium
550 1305 606 1358 in
631 1313 774 1358 terra
804 1300 1011 1366 Judaea,
1035 1301 1118 1358 sic
1145 1300 1400 1356 servietis
1427 1299 1532 1354 diis
1565 1296 1765 1352 alienis
1798 1298 1851 1348 in

276 1409 423 1452 terra
461 1411 567 1451 non
629 1403 856 1451 vestra:
896 1395 1041 1449 haud
1104 1393 1324 1449 dubium
1379 1391 1513 1462 quin
1565 1388 1854 1459 Babylonis

1945 481 2074 539 ctat,
2095 473 2224 542 quid
2243 486 2465 527 necesse
2484 481 2568 526 est
2590 469 2939 538 longinquum
2959 481 3201 522 errorem
3223 463 3524 534 Stt-ripere?

1952 565 2202 620 llabitate
2224 579 2346 618 cum
2375 563 2592 626 talibus,
2619 563 2786 618 itiuno
2813 561 3014 618 servite
3044 559 3129 615 his
3149 575 3372 628 quorum
3393 560 3525 613 deos

1953 657 2156 714 colitis.
2189 657 2370 712 Potest
2404 658 2505 711 hoc
2558 665 2613 710 et
2671 669 2837 724 super
2897 653 3168 708 haereticis
3229 651 3424 720 accipi.
3463 651 3530 703 de

1956 751 2156 819 quibus
2191 750 2452 817 scriptum
2484 757 2569 802 est
2602 765 2618 801 :
2657 746 2743 800 Ea:
2783 747 2937 800 nobis
2975 747 3238 808 exierunt,
3296 745 3386 797 sed
3427 757 3528 796 non

1958 843 2260 912 fueruntea:
2285 838 2456 892 nobis.
2487 837 2545 892 Si
2581 837 2716 890 enim
2772 837 3087 906 fuissentex
3148 834 3319 898 nobis,
3378 847 3522 884 niam

1959 932 2150 986 sissent
2179 932 2359 1000 utique
2390 929 2662 983 nobiscum
2701 931 2720 997 ί
2748 928 2772 982 1
2810 927 2972 983 loan.
2991 944 3053 993 tl,
3085 927 3210 999 l9),
3235 927 3375 996 quod
3403 939 3531 994 pro-

1955 1024 2113 1093 jiciat
2143 1023 2212 1077 de
2246 1021 2489 1078 Ecclesia
2523 1021 2813 1077 hmreticos
2848 1020 3129 1084 Dominus,
3196 1019 3288 1087 qui
3318 1018 3334 1048 ‘
3364 1017 3532 1071 multo

1963 1125 2209 1184 tempore
2269 1113 2371 1167 sub
2404 1114 2620 1168 nomine
2685 1113 2800 1182 i-jus
2851 1112 3258 1167 mendaciorum
3313 1115 3532 1163 suorum

1961 1205 2252 1259 sitnulacra
2282 1204 2526 1258 venerati
2567 1213 2717 1269 sunt,
2756 1215 2814 1258 ut
2842 1203 2977 1259 loris
3009 1205 3211 1268 colant,
3266 1202 3406 1269 quod
3451 1204 3530 1256 in-

1964 1307 2050 1351 tus
2081 1293 2237 1366 prius
2263 1296 2692 1361 venerabantur,
2718 1304 2775 1348 ut
2805 1295 2970 1364 palea:
3002 1301 3330 1364 separentur
3353 1309 3381 1346 a
3435 1292 3532 1347 tri-

1964 1388 2094 1442 tico.

355 1520 372 1550 ¹
415 1517 662 1590 Negandi
681 1515 1006 1588 particulam
1027 1513 1260 1570 Cisterc.
1293 1523 1346 1569 et
1373 1511 1546 1568 Vatic.
1587 1526 1718 1565 mss.
1755 1508 2111 1564 intersernnt.

298 1704 3520 1737 W

1338 1875 1690 1963 LIBER
1796 1870 2460 2016 SECUNDUS.

385 2184 699 2242 Secundum
734 2227 750 2251 ,
803 2183 974 2238 lrater
1037 2180 1276 2248 Eusebi,
1342 2181 1397 2237 in
1451 2179 1746 2238 Jercmiam
1796 2179 1865 2234 li-
1899 2193 1944 2249 Β
1975 2179 2344 2238 Dominus:et
2375 2198 2405 2238 a
2433 2180 2569 2239 facie
2599 2197 2716 2238 mea
2775 2199 2880 2239 non
2907 2181 3160 2238 doleliitis
3207 2183 3347 2252 (s're
3389 2181 3547 2235 time-

285 2283 448 2338 hrum
474 2278 634 2332 celi-ri
666 2290 919 2332 sermone
952 2274 1242 2336 dictamus.
1303 2283 1610 2328 avertentes
1642 2287 1860 2342 parum-

285 2389 388 2442 per
453 2384 656 2432 aures,
731 2383 801 2422 ne
873 2367 1160 2420 audiamus
1221 2364 1485 2430 judicium
1553 2365 1858 2435 sanguinis,

285 2475 341 2514 et
370 2459 779 2514 interfectorum
817 2458 1026 2510 animas
1049 2456 1420 2524 deplorentus,
1472 2453 1568 2523 qui
1591 2445 1864 2524 ὀρίιιῑυιιθ

288 2556 549 2606 virtutum
577 2550 816 2620 quotidie
852 2557 1114 2602 corruunt
1161 2547 1213 2601 in
1252 2547 1591 2616 superbiam,
1649 2559 1702 2600 et
1757 2546 1864 2598 Deo

288 2662 348 2699 se
385 2644 593 2698 similes
624 2643 980 2702 arbitrantur.
1008 2649 1066 2694 ut
1097 2639 1486 2709 aequalitatem,
1512 2654 1670 2708 qnam
1699 2638 1864 2706 impia

287 2736 615 2788 Arianorum
641 2734 864 2787 lueresis
882 2728 1088 2784 inFilio
1108 2742 1289 2801 negat,
1313 2729 1526 2783 eunetis
1553 2728 1865 2784 hominibus

290 2829 558 2892 tribuant,
576 2835 629 2880 et
651 2834 853 2893 ponant
873 2825 926 2876 in
943 2823 1137 2876 malum
1153 2837 1214 2876 os
1235 2836 1413 2883 suntn,
1433 2829 1486 2873 et
1509 2819 1646 2874 nihil
1671 2818 1866 2873 futurae

288 2922 619 2975 Sanctorum
633 2918 952 2973 beatitudini
969 2917 1202 2985 amplius
1218 2912 1865 2982 deroIinquant.Quorum

291 3012 467 3068 furori
499 3010 876 3081 reSponditnus
907 3008 1118 3080 (Epist.
1159 3008 1282 3069 155,
1313 3007 1380 3059 ad
1425 3005 1812 3072 Ctesiphontem
1849 3005 1868 3074 )

292 3115 354 3161 ut
379 3103 659 3175 potuimus
691 3119 706 3156 :
738 3110 790 3158 et
823 3103 869 3158 si
908 3101 1167 3155 Dominus
1195 3100 1361 3152 vitam
1388 3098 1624 3162 dederit,
1654 3098 1869 3167 plenius

289 3197 610 3267 responsuri
645 3210 833 3249 sumus
862 3195 902 3246 ί.
934 3191 1094 3246 Nunc
1134 3202 1312 3262 empta
1342 3190 1617 3257 carpenda
1648 3200 1730 3243 est
1762 3189 1872 3252 via,

291 3302 347 3344 et
373 3289 619 3344 dictandi
651 3287 1095 3342 Commentarioli
1137 3303 1151 3340 :
1190 3301 1289 3339 nec
1320 3285 1486 3339 nitnia
1523 3283 1867 3356 longitudine

292 3381 656 3436 extendentes
675 3393 836 3448 opus,
880 3393 979 3432 nec
1010 3377 1367 3431 immoderata
1402 3376 1668 3433 brevitate
1720 3375 1872 3430 aureo

292 3482 480 3528 rentes
517 3469 964 3538 intelligentiam,
1009 3482 1241 3538 quorum
1271 3468 1504 3521 alterum
1537 3478 1870 3521 oneratseno

1971 2274 2151 2342 bitis),
2197 2276 2293 2343 qui
2323 2276 2478 2345 posui
2534 2290 2756 2330 arenam
2805 2276 3096 2330 terminqu
3155 2275 3551 2343 mari:prarce-

1963 2375 2112 2434 ptum
2133 2365 2539 2431 sempiternum,
2569 2365 2712 2433 quod
2741 2381 2844 2419 non
2879 2365 3192 2436 praeteribit.
3217 2364 3281 2421 Et
3308 2380 3552 2421 comu:o~

1966 2455 2262 2518 vehuntur,
2294 2467 2478 2510 etnon
2516 2467 2772 2524 poterunt
2799 2457 2942 2527 (sive
2979 2460 3311 2521 turbabitur.
3353 2468 3407 2512 et
3436 2475 3542 2512 non

1967 2549 2167 2616 poterit
2198 2547 2237 2614 ),
2269 2557 2325 2602 et
2359 2549 2727 2604 intumescent
2760 2552 2905 2621 (sive
2961 2550 3234 2604 sonabunt
3262 2551 3280 2620 )
3347 2551 3548 2606 [luctus

1967 2642 2106 2710 ejus,
2137 2653 2191 2695 et
2216 2657 2320 2694 non
2353 2641 2665 2695 transibunt
2706 2643 2859 2696 illud.
2921 2640 3126 2714 POpnlo
3157 2643 3283 2697 huic
3342 2644 3547 2698 laetum

1968 2744 2050 2788 est
2087 2749 2184 2788 cor
2206 2733 2551 2788 iucrcdulum
2581 2746 2635 2788 et
2664 2749 3040 2805 exasperatis;
3076 2747 3447 2800 recesserunt,
3497 2745 3555 2788 ct

1970 2831 2243 2893 abierunt,
2276 2839 2331 2882 et
2373 2845 2481 2884 neu
2527 2830 2786 2885 let‘l‘tlnl
2824 2831 2875 2884 in
2906 2831 3071 2886 corde
3090 2844 3222 2886 suo:
3251 2831 3558 2886 Metnamus

1972 2922 2262 2977 Dominum
2299 2922 2467 2976 Deum
2512 2933 2782 2988 nostrum,
2819 2925 2909 2991 qui
2945 2924 3039 2978 dat
3087 2925 3245 2977 nobis
3312 2923 3552 2993 pluviam

1975 3024 2380 3082 temporaneam
2413 3024 2468 3068 et
2489 3015 2790 3069 serotinam
2816 3016 2870 3068 in
2899 3029 3140 3084 tempore
3194 3029 3294 3068 suo
3327 3031 3343 3081 ;
3380 3014 3556 3084 pleni-

1975 3108 2220 3160 tudinem
2259 3122 2453 3160 annua:
2494 3105 2687 3161 messis
2716 3106 3110 3161 custodientem
3160 3107 3336 3162 nobis.
3373 3129 3391 3157 ι
3421 3106 3560 3160 Nar-

1975 3197 2340 3253 ratbenelicia
2380 3207 2439 3251 ut
2474 3199 2717 3268 ingratos
2775 3208 2989 3267 arguat.
3053 3197 3162 3260 Me,
3210 3199 3412 3268 inquit,
3450 3216 3556 3252 non

1976 3291 2249 3352 timebitis.
2277 3290 2370 3358 qui
2402 3298 2550 3342 tanta
2585 3289 2737 3343 Vobis
2810 3290 3033 3357 pra-stili
3064 3290 3087 3341 ?
3117 3287 3232 3342 Non
3297 3290 3561 3344 dilectio—

1977 3397 2096 3438 nem
2132 3381 2384 3437 desidero
2418 3379 2807 3451 perfecturum,
2875 3381 2969 3432 sed
2997 3382 3246 3433 timorem
3292 3381 3560 3447 incipien-

1979 3475 2134 3536 tinm,
2177 3475 2266 3544 qui
2313 3474 2468 3543 posui
2541 3489 2758 3526 arenam
2785 3470 3062 3526 termiimm
3098 3473 3274 3536 maric;
3308 3473 3399 3542 qui
3443 3481 3558 3527 tant

291 3563 727 3634 wslegenliumo
772 3561 1003 3616 alterum
1039 3559 1726 3630 prwpedit’studiosorum
1771 3559 1865 3613 de-
1896 3543 1940 3601 (ἶ
1980 3543 2538 3632 πληρωθειεξιηθιιιιιιιι
2593 3575 2647 3618 et
2710 3565 3008 3618 immensas
3059 3566 3332 3635 gurgitum
3388 3565 3560 3619 moles

293 3658 580 3711 siderium.

367 3747 568 3819 (Vers.
601 3743 694 3809 20,
730 3741 862 3811 21.)
906 3759 925 3793 t
959 3740 1298 3795 Aununtiate
1334 3738 1439 3795 hoc
1463 3739 1646 3794 domui
1680 3735 1875 3801 Jaeoh,

292 3855 348 3896 et
382 3842 627 3894 auditum
669 3837 832 3891 facite
858 3836 912 3888 in
935 3833 1074 3889 Juda
1127 3833 1372 3887 dit-entes
1406 3850 1419 3886 :
1454 3831 1616 3894 Audi,
1681 3829 1875 3899 popule

295 3934 482 3994 stulte,
516 3932 606 4000 qui
643 3945 748 3983 non
770 3929 936 3982 habes
966 3941 1062 3980 cor
1095 3941 1109 3979 :
1135 3925 1227 3995 qui
1255 3925 1516 3978 habentes
1545 3923 1738 3977 oculos
1767 3938 1872 3974 non

299 4026 494 4080 videtis
530 4035 842 4090 ;etaures,
907 4032 959 4072 et
995 4034 1100 4073 non
1154 4016 1374 4071 auditis.
1427 4033 1446 4067 ι
1487 4015 1668 4069 Multis
1704 4015 1876 4067 modis

295 4127 585 4184 peccantes
617 4114 845 4172 retrahit
879 4114 944 4166 ad
977 4111 1232 4173 salutem,
1299 4120 1354 4163 ct
1437 4108 1666 4164 stuLum
1719 4116 1875 4159 \'t)t:nl.

297 4212 578 4281 populum,
612 4210 704 4278 qui
752 4206 1034 4276 sapientia:
1091 4203 1314 4271 reliquit
1372 4213 1675 4264 auctorem,
1721 4215 1875 4251 com-

298 4314 562 4372 paratque
592 4314 686 4353 eos
709 4299 1041 4361 simulacris,
1077 4296 1144 4350 de
1187 4294 1387 4363 quibus
1425 4290 1688 4359 scriptum
1739 4297 1823 4341 est
1855 4304 1869 4341 :

296 4395 494 4448 Oculos
533 4393 722 4445 habent
747 4401 796 4444 et
825 4406 926 4442 non
977 4388 1376 4453 rident;aures
1427 4383 1617 4435 habent
1666 4389 1716 4434 et
1771 4396 1872 4431 non

295 4483 775 4540 aa:diunt.Similes
801 4483 904 4534 illis
926 4480 1059 4548 ﬁant
1077 4479 1164 4549 qui
1181 4476 1348 4547 879
1371 4473 1576 4544 faciunt
1595 4490 1677 4537 eu,
1698 4482 1742 4524 et
1761 4488 1873 4524 ont-

294 4595 388 4631 nes
415 4578 503 4644 qui
527 4575 797 4644 conﬁdunt
831 4575 882 4626 in
910 4573 984 4626 eis
1013 4574 1028 4640 (
1059 4568 1210 4623 Ρδιιι.
1240 4584 1394 4631 cun,
1419 4566 1472 4629 5,
1505 4566 1600 4634 6).
1643 4562 1871 4633 Proprie

296 4681 482 4725 autem
508 4669 575 4723 ad
605 4667 798 4722 ludam
831 4666 1092 4734 loquitur,
1136 4673 1190 4717 et
1217 4665 1283 4715 ad
1338 4663 1563 4714 domum
1625 4657 1800 4712 Jacob
1848 4674 1862 4709 :

297 4762 467 4816 Israel
492 4762 637 4815 enim
671 4761 838 4812 umlto
862 4759 972 4825 jam
999 4765 1241 4822 tempore
1298 4753 1351 4806 in
1385 4751 1628 4821 Assyriis
1683 4753 1872 4801 exsul-

298 4855 453 4907 tabat
481 4852 502 4884 ⁸
532 4870 547 4906 :
580 4853 848 4918 simulque
871 4849 966 4904 dat
1011 4847 1448 4915 intelligentiam,
1504 4847 1646 4912 quod
1699 4841 1866 4895 etiam

296 4947 507 5014 absque
532 4954 822 5014 praecepto,
849 4941 1085 4996 naturali
1120 4954 1282 4994 sensu
1330 4939 1626 4991 debeamus
1671 4934 1873 4988 intelli-

296 5053 431 5107 gere
465 5051 584 5106 quin
618 5046 764 5092 recta
792 5043 942 5091 sunt.

374 5129 570 5201 (Vers.
602 5129 674 5183 22
731 5134 922 5200 seqq.)
958 5145 976 5180 t
1015 5127 1099 5181 Me
1133 5139 1266 5196 ergo
1313 5139 1421 5177 non
1487 5121 1772 5186 timebitis,
1803 5119 1882 5175 ait

380 5289 638 5354 ’lsthaec,
669 5299 716 5342 et
763 5285 809 5341 si
859 5286 1113 5342 Dominus
1165 5284 1330 5338 vitam
1384 5280 1616 5354 dederit,
1662 5278 1873 5347 plenius

301 5351 841 5421 responsuri'snmus,
886 5359 937 5410 iu
996 5358 1229 5408 laudatis
1279 5369 1408 5404 mss.
1469 5351 1870 5421 desiderantur.

300 5419 483 5484 lnnuit
511 5445 636 5483 vero
659 5428 713 5482 ὃ.
753 5419 943 5482 doctor
967 5425 1307 5496 Dialogorum
1325 5423 1582 5476 adVersus
1598 5419 1873 5489 Pelagium

298 5502 490 5556 libros.
925 5515 936 5519 ‘

375 5571 395 5600 ¹
419 5570 593 5624 Vatic.
624 5606 640 5630 ,
665 5568 890 5621 alterum
905 5565 1168 5630 praecidit.

374 5641 396 5671 ³
428 5641 542 5693 Duo
567 5655 694 5692 mss.
728 5640 782 5688 in
807 5637 1036 5704 Assyriis
1067 5634 1407 5700 epulabatur.

378 5710 400 5741 ‘
433 5712 653 5764 Constat
702 5697 951 5775 Aquilam
1003 5697 1186 5758 bts'in
1239 5706 1426 5759 Grieee
1472 5697 1877 5770 interpretanda

634 5801 908 5860 ΡΑτιιοι..
993 5797 1201 5860 XXIV.

1982 3670 2102 3709 meo
2135 3667 2406 3725 praecepto
2440 3657 2722 3711 littoribus
2743 3656 3039 3722 refrenari,
3069 3659 3223 3726 juxta
3251 3657 3381 3710 illud
3409 3659 3558 3727 quod

1978 3749 2236 3816 scriptum
2269 3757 2353 3803 est
2385 3765 2398 3802 :
2434 3747 2759 3818 Prweeptum
2787 3751 2984 3818 posuit,
3019 3759 3067 3804 et
3109 3766 3213 3804 non
3269 3751 3556 3819 praeteribit

1979 3841 1998 3911 (
2048 3838 2945 3905 Psal.cxuttt,6).Audiuntme
2997 3851 3052 3896 et
3115 3843 3377 3905 sentiunt,
3435 3857 3558 3910 qua:

1979 3947 2201 3986 sensum
2235 3948 2342 3985 non
2374 3930 2572 3985 habent
2597 3931 2854 3984 audiendi
2888 3947 2903 3986 :
2933 3942 2990 3986 et
3012 3931 3244 4002 populus
3277 3932 3554 3999 quondam

1980 4040 2136 4078 meus
2160 4039 2261 4078 suo
2288 4023 2420 4076 vitio
2451 4024 2650 4078 stultus
2671 4023 2924 4087 ellectus,
2964 4039 3070 4077 non
3101 4024 3280 4079 solum
3305 4035 3558 4078 contem-

1978 4115 2080 4180 nit,
2151 4117 2244 4168 sed
2272 4122 2328 4168 et
2355 4115 2566 4170 dulcem
2606 4125 2892 4186 exasperat
2921 4115 3110 4171 Deum.
3166 4117 3554 4179 Recessernut,

1978 4205 2076 4272 ait,
2110 4223 2137 4257 a
2173 4217 2280 4271 tne,
2306 4215 2358 4258 et
2399 4207 2530 4260 mihi
2569 4216 2718 4276 terga
2757 4218 3062 4272 verterunt,
3081 4217 3132 4263 et
3159 4209 3374 4265 concito
3399 4209 3554 4263 aliie-

1977 4307 2104 4352 runt
2164 4301 2379 4368 gradu;
2426 4314 2527 4354 nec
2579 4299 2740 4353 tacita
2786 4313 2881 4354 eos
2942 4301 3169 4356 retraxit
3223 4303 3555 4357 conscientia

1974 4399 2034 4444 ut
2080 4391 2324 4445 dicerent
2371 4392 2422 4443 in
2457 4391 2711 4446 cordibus
2735 4392 2850 4447 suis
2889 4408 2904 4445 :
2946 4391 3245 4448 Metuamus
3273 4410 3416 4460 eum,
3465 4395 3558 4462 qui

1974 4480 2067 4533 dat
2127 4480 2279 4534 nobis
2347 4481 2585 4548 pluviam
2660 4494 3054 4552 temporaneam
3119 4495 3169 4538 et
3240 4487 3554 4542 serotinum.

1975 4573 2076 4628 Per
2122 4588 2241 4640 quae
2277 4574 2457 4626 omnia
2513 4574 2752 4628 ostendit
2789 4575 2986 4630 bonam
3033 4577 3052 4648 [
3097 4577 3174 4631 al.
3214 4577 3398 4650 bona]
3445 4577 3558 4648 ple.

1973 4651 2276 4719 nitudiuem
2306 4680 2502 4719 annua:
2547 4667 2766 4729 messis,
2823 4683 2918 4734 pro
2945 4684 3052 4736 quo
3084 4669 3293 4738 Aquila
3319 4671 3341 4698 ⁵
3381 4670 3552 4736 prima

1972 4757 2138 4812 editio
2196 4766 2252 4811 et
2327 4756 2685 4827 Symmachus
2765 4758 3123 4812 hebdomadas
3214 4757 3554 4824 interpretati

1973 4856 2122 4900 sunt.
2142 4845 2198 4900 ln
2221 4845 2442 4900 llebrazo
2465 4846 2611 4900 enim
2639 4847 2899 4914 scriptum
2926 4854 3007 4901 est
3036 4859 3271 4900 SABAOTB
3289 4849 3553 4914 (manu).

1979 4937 2124 5006 quod
2157 4952 2255 5005 pro
2276 4937 2633 5007 ambiguitate
2660 4937 2901 5002 verbi.et
2916 4938 3234 5007 septimanos
3260 4936 3556 5008 signiﬁcat,

1982 5038 2037 5084 ct
2061 5030 2442 5097 plenitudinem
2457 5029 2503 5085 ⁸.
3133 5075 3150 5079 ,ν

2059 5121 2251 5193 (Vers.
2283 5121 2406 5193 9.5.)
2441 5138 2462 5173 ι
2523 5120 2846 5192 iniquitates
2901 5129 3096 5176 vestrae
3146 5122 3560 5180 declinaverunt

1975 5279 2257 5350 Scriptura
2276 5291 2497 5347 operam
2529 5292 2687 5333 suam
2718 5279 2984 5349 posuisse,
3036 5280 3179 5350 quod
3211 5291 3398 5337 noster
3432 5297 3558 5337 cum

1975 5351 2167 5413 primis
2200 5346 2346 5419 llier.
2376 5357 2602 5419 testatur
2630 5349 2682 5401 iu
2719 5346 2970 5405 Ezechiel
2995 5346 3116 5419 cap.
3145 5361 3204 5409 ll.
3237 5353 3324 5404 ubi
3373 5367 3560 5405 secun-

1972 5420 2095 5471 dum
2120 5417 2329 5490 Aquilia
2358 5415 2638 5490 editionem
2699 5420 2908 5484 laudat,
2952 5415 3111 5490 quam
3180 5419 3390 5475 Hebraei
3416 5421 3560 5475 κατὰ

1973 5486 2266 5561 ᾲκρίᾷειαν
2299 5488 2693 5561 ﬂammabant.
2727 5489 2886 5546 Falso
2915 5486 3100 5560 itaque
3143 5502 3344 5546 mss.et
3370 5489 3567 5561 vocula

1919 5617 1926 5624 _
1976 5556 2262 5625 interjecta
2299 5556 2504 5628 legunt,
2532 5559 2727 5628 Aquila
2775 5570 2823 5612 et
2859 5556 3032 5628 primo
3069 5563 3253 5615 editio.

2046 5628 2145 5681 'ln
2188 5626 2417 5701 utroque
2455 5642 2586 5701 mss.
2627 5626 2908 5701 vanae
2951 5632 3183 5692 Cisterc.
3253 5629 3566 5701 hujusmodj

1977 5698 2244 5769 glossema
2274 5699 2361 5753 h:c
2399 5699 2706 5756 attexitttt‘:
2739 5719 2757 5754 t
2803 5700 3110 5756 Notandum
3170 5715 3292 5767 quia“:
3325 5698 3406 5757 ’de
3456 5702 3564 5777 ιιωτ

3174 5791 3254 5854 24
