3906 6172
468 326 574 390 747

1618 324 1657 381 S
1711 323 2024 384 EUSEBII
2063 321 2507 383 lilERONYMI

3558 340 3645 403 ’248

465 429 602 502 hanc,
620 445 675 491 et
705 444 924 505 peccata
944 443 1121 488 vestra
1143 433 1533 504 prohibuerunt
1556 435 1753 489 bonum
1775 450 1804 488 a
1826 435 2029 490 vobis.)
2063 442 2110 501 Α
2140 451 2235 505 per
2261 437 2469 507 singula
2499 451 2618 504 quae
2645 442 2697 492 in
2721 434 2861 491 LXX
2885 437 3125 493 editione
3148 443 3491 504 prmtermissa
3528 464 3644 517 sunt,

466 529 608 600 Ergo
629 528 673 584 si
698 527 911 597 quando
934 535 989 582 et
1009 542 1156 581 tnare
1177 525 1510 581 transcendit
1525 526 1790 580 terminos
1810 541 1959 589 suos,
1981 537 2035 580 et

468 623 648 692 pluvia
682 621 1002 683 retrahitur,
1022 633 1364 687 nequaquam
1395 617 1565 688 880
1607 617 1925 672 abbreviata
1953 626 2038 672 est

470 729 663 770 manus
693 712 938 775 Domini,
981 720 1038 765 ut
1086 711 1184 763 ista
1211 725 1314 763 non
1336 709 1533 774 iaciat;
1564 709 1656 774 sed
1692 718 1914 778 peccata
1939 723 2037 763 no—

467 817 578 861 stra
599 807 711 859 haec
729 806 793 859 ad
813 819 910 858 nos
932 803 1201 858 venientia
1223 800 1584 864 declinarunt,
1604 810 1661 854 ut
1682 800 1750 855 ad
1762 799 1897 854 alios
1916 815 2038 869 per-

464 908 652 968 gerent
669 897 758 966 qui
779 913 882 952 non
903 906 1281 966 peccaverunt.
1303 894 1367 948 Et
1393 894 1806 964 prohibuerunt,
1831 894 2033 962 inquit,

460 990 571 1057 jam
613 991 841 1044 veniens
868 987 936 1042 ad
973 989 1316 1051 nosbonum,
1363 987 1514 1056 juxta
1575 986 1710 1040 illud
1751 985 1897 1054 quod
1947 1000 2036 1040 se-

464 1074 700 1128 cundum
733 1074 964 1128 litteram
993 1075 1254 1143 scriptum
1279 1084 1380 1138 est,
1407 1073 1676 1128 Mandabo
1713 1075 1957 1138 trabibus,
1980 1090 2039 1127 ne

463 1168 650 1235 pluant
681 1183 836 1235 super
863 1183 979 1220 eam
1037 1166 1255 1220 imbrem
1299 1165 1454 1236 (Isa.
1485 1183 1536 1230 v,
1595 1166 1689 1226 6).
1743 1167 2040 1222 Possumus

466 1271 644 1314 autem
670 1261 898 1314 imbrem
935 1269 1347 1328 temporaneum
1379 1271 1434 1312 et
1456 1260 1782 1322 serotinum,
1842 1258 2037 1326 Legem

466 1352 714 1420 accipere
739 1360 793 1406 et
831 1350 1204 1420 Evangelium,
1240 1359 1295 1402 et
1358 1351 1606 1402 diversas
1661 1348 1979 1402 vocationes
2010 1362 2038 1400 a

468 1447 641 1514 prima
675 1445 806 1496 liora
841 1457 1014 1511 usque
1041 1443 1106 1495 ad
1146 1442 1510 1504 undecimam,
1540 1442 1591 1493 in
1622 1440 1819 1508 quibus
1849 1446 2040 1508 Opera-

469 1535 564 1586 riis
596 1536 760 1587 vineae
791 1548 954 1586 unum
991 1541 1209 1588 aiterna:
1269 1535 1392 1587 vitae
1423 1533 1704 1602 prmmium
1743 1531 2041 1601 pollicetur

469 1626 689 1696 (Matth.
717 1641 785 1678 xx
809 1625 848 1694 ).

540 1717 877 1786 (Vers.26.)
915 1735 932 1768 ι
965 1715 1098 1784 Quia
1131 1717 1336 1772 inventi
1396 1724 1522 1770 sunt
1587 1716 1638 1770 in
1671 1717 1866 1786 populo
1922 1730 2041 1772 meo

2137 527 2483 593 longmnliet.
2504 526 2603 591 Qui
2627 527 2878 591 tendunt,
2909 529 3003 590 ait,
3030 528 3650 593 insidias,etaliorumnu-

2138 619 2308 672 ditate
2343 619 2625 683 laetantur,
2649 618 2768 680 ideo
2805 619 3131 688 tnagnilicati
3162 631 3355 677 suntet
3374 622 3530 692 ditati,
3549 631 3649 698 quia

2137 709 2413 776 superiora
2460 710 2727 762 fecerunt.
2783 707 3088 763 Incrassati
3127 719 3321 766 suntet
3365 713 3651 788 impinguati,

2133 799 2286 868 juxta
2321 800 2448 852 illud
2472 800 2614 868 quod
2647 801 2909 870 scriptmn
2941 813 3059 856 est:
3087 800 3418 858 Incrassatus
3432 818 3474 859 et
3495 809 3652 877 impin~

2137 902 2328 958 guatus
2345 901 2442 952 est,
2470 900 2521 944 et
2552 893 2906 945 recalcitrauit
2923 893 3148 947 dilectus
3167 896 3185 964 (
3207 893 3362 948 Deut.
3388 911 3542 960 suo,
3562 901 3653 964 15).

2141 978 2208 1033 Et
2264 983 2629 1055 prgterierunt
2681 999 2944 1038 sermones
2992 1000 3155 1048 meos,
3207 987 3332 1055 quia
3388 987 3654 1042 divitiarum

2140 1053 2474 1127 consciEulia
2513 1075 2640 1128 illud
2689 1075 2945 1130 dixerunt
2995 1077 3064 1131 de
3113 1053 3400 1148 Evangelia
3433 1096 3446 1136 :
3479 1079 3655 1145 Anima,

2140 1165 2296 1216 habes
2328 1167 2493 1218 multa
2555 1166 2688 1218 bona
2714 1169 2886 1236 posita
2913 1169 2967 1220 in
2994 1185 3158 1223 annos
3171 1170 3395 1224 mullos:
3425 1174 3660 1240 requiesce,

2139 1263 2372 1320 comede,
2409 1258 2541 1323 bibe,
2571 1259 2784 1326 epulare
2816 1258 2986 1327 (Luc.
3017 1276 3108 1324 stt,
3156 1261 3287 1329 19).
3327 1261 3662 1320 Ρτεειθιίειυιιηι

2142 1354 2318 1399 autem
2346 1347 2397 1398 iu
2440 1352 2637 1401 malum
2671 1349 2777 1413 sui,
2831 1347 3165 1420 cunctosque
3230 1352 3470 1407 homines
3517 1355 3664 1422 despi-

2144 1439 2354 1492 cientes
2384 1439 2406 1469 '
2441 1453 2548 1492 non
2578 1453 2874 1508 posuerunt
2923 1441 3018 1497 Dei
3054 1442 3322 1512 judicium
3368 1455 3484 1499 aute
3511 1451 3662 1500 oculos

2141 1543 2290 1584 suos.
2345 1529 2611 1600 Pupillum
2674 1543 2730 1587 et
2781 1547 3046 1602 pauperes
3093 1544 3665 1606 contempseruntzpro

2143 1639 2254 1692 quo
2279 1623 2421 1677 LXX
2443 1625 2719 1691 dixerunt,
2752 1629 2959 1693 viduas,
2988 1632 3131 1698 quod
3179 1630 3234 1684 in
3286 1629 3537 1686 Hebraico
3582 1648 3665 1686 non

2144 1717 2424 1785 habetur;
2455 1735 2669 1774 caream
2725 1713 3024 1790 (invntus)
3047 1723 3245 1793 quippe
3297 1725 3506 1793 proprie
3560 1743 3666 1792 peu-

469 1813 621 1880 impii
659 1811 982 1865 insidiantes
1015 1810 1173 1880 quasi
1231 1825 1470 1878 aucupes
1516 1827 1530 1863 :
1559 1808 1781 1878 laqueos
1836 1825 2042 1879 poneu-
2075 1786 2117 1842 Β
2148 1827 2316 1880 peres,
2346 1826 2450 1866 non
2474 1814 2662 1868 viduas
2680 1826 2856 1868 sonat.
2878 1815 3033 1879 Quod
3053 1786 3234 1868 autem
3267 1786 3521 1885 sequitur,
3544 1816 3672 1870 Nus-

471 1913 572 1967 tcs,
603 1911 655 1954 et
687 1905 904 1970 pedicas
932 1904 997 1956 ad
1030 1901 1326 1968 capiendos
1355 1902 1499 1956 viros
1536 1916 1552 1958 :
1591 1904 1738 1955 sicut
1797 1903 2046 1970 dcelpula

470 1994 625 2063 plena
659 1995 870 2057 avibus,
905 1994 984 2047 sic
1015 1994 1208 2047 domus
1235 2008 1423 2046 eorum
1482 1994 1652 2061 plenae
1707 1993 1851 2048 dolo.
1877 2011 1895 2044 ι
1935 1993 2046 2048 Cur

469 2088 770 2140 declinaret
801 2086 814 2116 ¹
847 2085 914 2139 ab
941 2085 1020 2140 eis
1055 2085 1228 2139 imber
1261 2095 1643 2154 temporaneus
1669 2097 1721 2140 et
1753 2087 2046 2151 scrotiuus,

467 2189 522 2232 et
552 2179 687 2232 bona
723 2177 905 2230 omnia
959 2191 1064 2230 non
1097 2175 1365 2237 venirent,
1422 2191 1603 2230 causae
1655 2177 2045 2246 subjiciuntur,

471 2273 594 2341 quia
629 2271 835 2326 inventi
873 2280 1000 2325 sunt
1029 2271 1078 2323 iu
1105 2271 1305 2339 populo
1337 2270 1456 2338 ejus
1487 2270 1655 2337 impii.
1718 2270 1832 2324 Non
1885 2272 2046 2334 dixit,

471 2367 684 2433 iniquos
713 2373 768 2418 et
796 2371 1110 2430 peccatores
1142 2367 1243 2431 (ιιι
1275 2376 1413 2414 nova
1442 2362 1555 2414 vult
1609 2361 1832 2416 haeresis
1854 2366 1893 2433 ),
1949 2365 2047 2418 sed

471 2457 686 2524 impios.
713 2453 966 2523 Impietas
1007 2462 1189 2522 aperte
1221 2463 1382 2523 negat
1415 2452 1580 2506 Deum
1613 2469 1632 2508 ι
1660 2455 1920 2522 iniquitas
1957 2467 2042 2508 at-

469 2561 576 2616 que
617 2556 900 2615 peccatum
960 2544 1005 2598 si
1065 2543 1385 2598 confiteatur
1428 2558 1693 2608 errorem,
1757 2545 1918 2600 facile
1981 2549 2046 2600 ad

473 2637 902 2694 misericordiam
922 2635 1086 2690 liectit
1109 2635 1300 2688 Deum.
1327 2636 1593 2702 Quodque
1625 2649 1723 2689 nos
1758 2636 1998 2690 diximus
2032 2652 2047 2691 ι

473 2733 796 2786 lnsidiantes
835 2729 986 2799 quasi
1025 2745 1274 2796 aucupes,
1315 2740 1362 2780 et
1403 2729 1454 2781 in
1491 2725 1630 2780 LXX
1660 2743 1767 2780 non
1801 2730 2049 2794 habetur,

468 2826 665 2894 Aquila
693 2833 746 2878 et
775 2821 1133 2893 Symmachus
1165 2821 1559 2874 transtulerunt
1584 2835 1724 2872 JASllt
1753 2822 1772 2850 ²
1796 2822 1813 2888 (
1834 2832 1896 2884 -ι,
1916 2827 1988 2880 ων
2008 2821 2048 2890 ),

483 2921 640 2987 quasi
666 2925 769 2970 rete
799 2914 1044 2982 aucupis,
1080 2914 1223 2984 quod
1261 2914 1426 2966 etiam
1469 2915 1560 2982 qui
1591 2915 1765 2966 bonus
1799 2913 2054 2966 inter-cos

476 3011 686 3063 videtur
704 3018 756 3061 et
782 3016 987 3070 rectus,
1014 3009 1184 3060 instar
1210 3007 1436 3074 aucupis
1459 3006 1642 3060 tendat
1664 3006 1907 3071 insidias,
1925 3005 2053 3059 dum

2148 1904 2275 1972 quid
2300 1921 2458 1972 super
2479 1905 2564 1958 his
2593 1922 2696 1960 non
2744 1908 2996 1974 visitabo,
3049 1909 3176 1961 dicit
3251 1907 3545 1963 Dominus:
3596 1923 3669 1961 aut

2149 2012 2304 2064 super
2355 2009 2556 2066 gentem
2607 1998 2968 2064 hujuscemodi
3027 2016 3132 2052 non
3189 2001 3470 2054 ulciscetur
3525 2001 3672 2052 animo

2149 2104 2263 2141 mea
2293 2089 2318 2142 ?
2346 2089 2457 2158 jam
2493 2104 2657 2158 supra
2682 2090 2976 2144 dissertum
3025 2100 3130 2145 est.

2224 2179 2400 2249 (Vers.
2429 2181 2520 2243 30,
2552 2180 2708 2249 5i.)t
2739 2179 2940 2250 Stupor
2966 2189 3020 2235 et
3053 2179 3322 2235 mirabilia
3375 2180 3511 2234 facta
3573 2187 3674 2234 sunt

2153 2270 2206 2322 in
2247 2281 2411 2323 terra.
2451 2269 2736 2340 PrOplieta:
2767 2271 3158 2340 prophetabant
3208 2269 3677 2341 mendacium(sio¢

2153 2361 2386 2429 iniqua),
2411 2371 2466 2414 et
2503 2362 2812 2416 sacerdotes
2854 2363 3248 2432 applaudebant
3289 2363 3528 2416 manibus
3550 2362 3677 2424 suis,

2151 2463 2204 2506 et
2231 2453 2465 2522 p0pulus
2496 2468 2647 2508 meus
2697 2453 2884 2508 dilexit
2937 2453 3062 2506 talia
3103 2494 3118 2518 ,
3151 2453 3282 2522 quid
3332 2467 3459 2523 ergo
3502 2452 3678 2507 iacietis

2154 2543 2207 2596 in
2239 2545 2535 2598 novissimo
2573 2544 2592 2616 [
2628 2544 2778 2614 Vulg.
2813 2545 2905 2600 liet
2950 2546 3002 2599 in
3045 2545 3348 2600 novissimo
3402 2542 3543 2616 ejus]
3570 2543 3680 2613 (sire

2153 2647 2278 2704 post
2309 2637 2422 2690 lucc
2450 2635 2511 2706 )?
2543 2654 2561 2688 ι
2592 2636 2768 2705 Supra
2791 2636 3005 2692 dixerat
3034 2678 3050 2703 ,
3082 2637 3174 2690 lbo
3210 2637 3274 2691 ad
3336 2639 3617 2706 Optimates,
3639 2644 3682 2686 et

2154 2728 2344 2798 loquar
2360 2732 2442 2784 eis
2467 2727 2732 2796 iforsitan
2761 2730 2862 2799 ipsi
2885 2741 3254 2800 cognoverunt
3271 2733 3409 2786 viam
3427 2728 3684 2791 Domini,ct

2155 2838 2281 2877 ecce
2312 2824 2365 2876 lii
2391 2821 2560 2891 magis
2599 2822 2806 2892 pariter
2840 2822 3228 2891 confregeruut
3272 2823 3484 2892 jugum,
3536 2833 3680 2888 rupe-

2160 2926 2283 2970 runt
2314 2915 2523 2967 vincula
2552 2928 2566 2964 :
2601 2928 2742 2967 nunc
2771 2912 3032 2968 describit
3094 2915 3187 2982 qui
3249 2913 3364 2967 sint
3409 2913 3683 2981 optimates,

2161 3009 2439 3078 pr0plieta:
2476 3008 2730 3063 videlicet
2757 3017 2811 3061 et
2835 3005 3169 3070 sacerdotes,
3217 3020 3448 3074 quorum
3506 3004 3584 3056 alii
3622 3001 3686 3054 lu-

482 3100 713 3157 invicem
752 3115 811 3155 se
843 3105 1112 3152 venantur
1130 3097 1194 3150 ad
1220 3112 1469 3160 mortem,
1495 3108 1548 3150 et
1572 3097 1804 3151 aliorum
1837 3099 2046 3150 damnis
2074 3117 2117 3168 ε
2154 3114 2270 3156 tura
2308 3101 2630 3170 praedicunt,
2679 3100 2770 3153 alii
2806 3115 2870 3154 ex
2907 3100 3024 3167 lege
3095 3097 3347 3152 facienda
3404 3097 3684 3150 decernunt.

475 3204 637 3259 atque
663 3188 960 3258 dispendiis
1043 3201 1170 3241 suas
1202 3186 1472 3254 eomplcnt
1510 3188 1718 3250 domos,
1745 3198 1801 3239 ut
1825 3187 2049 3254 implea-

425 3325 428 3328 .
481 3295 564 3335 tur
599 3279 1040 3350 philosophorum
1065 3277 1084 3308 ³
1123 3277 1208 3330 illa
1243 3278 1508 3330 sententia
1531 3293 1543 3328 :
1568 3274 1760 3333 Omnis
1781 3279 1931 3332 dives
1962 3289 2055 3332 aut

481 3375 721 3444 iniquus,
777 3382 870 3426 aut
924 3372 1094 3425 lnercs
1145 3370 1337 3439 iniqui.
1383 3375 1559 3440 Atque
1601 3369 1808 3424 utinam
1858 3371 1928 3425 ab
1973 3373 2056 3425 his

479 3475 690 3519 tantum
714 3466 841 3518 liant
870 3465 963 3528 qui
983 3464 1230 3517 videntur
1251 3462 1384 3516 l‘oris
1404 3478 1547 3519 esse.
1567 3474 1617 3514 et
1634 3478 1771 3530 quos
1800 3464 2054 3516 Dominus

474 3555 685 3624 judicat
707 3563 794 3621 get
828 3569 932 3605 uou
963 3553 1012 3604 in
1054 3554 1250 3604 nostris
1273 3553 1670 3604 couVeuticulis
1701 3552 2050 3620 impleantur,

479 3662 616 3716 quos
678 3645 918 3713 possidet
969 3643 1122 3695 radix
1189 3643 1434 3694 omnium
1513 3643 1779 3695 titulorum
1825 3645 2055 3696 avaritia

479 3736 717 3809 (Coloss.
747 3734 871 3801 ut),
907 3734 976 3787 ita
1044 3741 1104 3787 ut
1159 3733 1494 3786 venientium
1543 3737 1609 3786 ad
1663 3751 1762 3790 nos
1821 3750 1924 3788 non
1959 3750 2051 3788 ora

481 3827 930 3895 contemplemur,
963 3824 1059 3878 sed
1091 3839 1304 3879 manus.

553 3920 730 3987 (Vera.
760 3919 827 3972 27
849 3918 1035 3988 seqq.)
1065 3935 1086 3969 ι
1126 3917 1252 3972 Ideo
1267 3916 1594 3988 magniﬁcati
1618 3928 1744 3974 sunt
1779 3929 1833 3975 et
1863 3920 2018 3974 ditati
2043 3935 2056 3973 :

482 4013 774 4068 incrassati
807 4019 935 4066 sunt
959 4018 1012 4064 et
1041 4009 1382 4079 impiuguati,
1415 4020 1469 4065 et
1510 4018 1890 4082 praeterierunt
1944 4031 2062 4070 ser-

479 4124 670 4164 mones
711 4119 860 4160 meos
922 4105 1158 4174 pessime
1185 4118 1202 4158 :
1228 4117 1442 4157 causam
1470 4119 1572 4158 non
1603 4104 1623 4134 δ
1658 4105 2059 4174 iudicaverunt,

483 4214 702 4255 causam
731 4199 877 4268 (sive
903 4195 1192 4267 judicium)
1217 4197 1404 4265 pupilli
1433 4211 1544 4250 non
1593 4197 1913 4253 direxeruut
1959 4200 2059 4272 [al.

487 4287 773 4358 dixerunt]
810 4286 1125 4360 {judicium
1183 4300 1477 4355 pauperum
1531 4288 1680 4357 (sire
1721 4290 1893 4344 viduae
1957 4306 2062 4346 non

486 4374 894 4449 iudicaverunt.
937 4375 1218 4446 Numquid
1269 4393 1433 4446 super
1485 4380 1568 4434 bis
1623 4395 1725 4434 non
1796 4381 2060 4447 visitabo,

2160 3191 2223 3244 Et
2253 3205 2402 3257 ecce,
2444 3189 2644 3257 inquit,
2699 3189 2806 3242 illis
2855 3187 3194 3242 mendacium
3252 3185 3684 3256 proplietantibus,

2158 3285 2469 3337 sacerdotes
2499 3281 2749 3335 manibus
2779 3278 3187 3346 applauserunt.
3225 3275 3291 3330 Et
3329 3286 3386 3330 ut
3411 3276 3689 3331 ostendatur

2160 3390 2259 3429 nec
2286 3375 2517 3443 populus
2548 3388 2666 3426 esse
2688 3374 2806 3426 sine
2832 3371 3009 3440 culpa,
3068 3371 3161 3439 qui
3198 3387 3225 3423 a
3299 3371 3493 3424 talibus
3551 3367 3689 3420 abdu-

2159 3478 2335 3534 Catur,
2356 3468 2616 3535 scriptum
2655 3475 2772 3519 est:
2812 3463 2878 3516 Et
2908 3465 3129 3532 populus
3161 3478 3308 3515 meus
3336 3462 3516 3516 dilexit
3547 3459 3689 3521 talia,

2160 3559 2432 3628 quondam
2489 3561 2811 3622 meus;sed
2888 3555 3000 3624 (ul.
3053 3555 3147 3622 et)
3200 3565 3489 3624 postquam
3537 3549 3694 3605 dilexit

2163 3650 2289 3704 talia
2312 3650 2353 3715 ⁸,
2384 3664 2532 3703 incus
2566 3664 2688 3707 esse
2723 3647 2936 3701 desivit.
2985 3645 3123 3711 Quid
3157 3646 3324 3714 igitur
3355 3644 3566 3708 lat-ient,
3593 3657 3694 3696 cum

2163 3744 2514 3797 novissimum
2544 3739 2741 3810 judicii
2768 3749 2977 3806 tempus
3017 3737 3323 3802 advenerit,
3353 3737 3466 3790 sive
3502 3745 3694 3801 captivi-

2163 3836 2291 3890 tatis
2348 3832 2696 3890 necessitas?
2757 3829 2909 3885 Unde
2943 3839 3130 3899 stupor
3157 3840 3211 3884 et
3263 3829 3531 3884 mirabilia
3572 3835 3694 3886 sunt,

2163 3926 2306 3996 quod
2357 3941 2456 3978 nec
2483 3926 2534 3978 in
2565 3923 2924 3994 principibus,
2952 3938 3048 3975 nec
3073 3921 3127 3975 iu
3168 3922 3368 3992 populo
3394 3922 3622 3978 iuventus
3643 3916 3698 3970 sit

2164 4021 2254 4084 qui
2289 4025 2436 4071 recta
2469 4015 2717 4069 sentiret.

2238 4107 2390 4178 (Cap.
2429 4107 2513 4161 Vl.
2553 4135 2620 4148 --
2652 4105 2808 4162 Vers.
2850 4106 2925 4176 i.)
2963 4124 2982 4158 ι
3021 4100 3699 4171 Confortamini,.l‘tlii8en-

2163 4199 2358 4270 jamin,
2399 4201 2447 4253 in
2483 4201 2658 4254 medio
2703 4198 3038 4263 Jerusalem;
3079 4211 3133 4254 et
3162 4199 3212 4252 in
3253 4198 3473 4252 Tliecua
3503 4195 3700 4259 clangitc

2169 4295 2429 4355 buccina;
2496 4302 2549 4344 et
2598 4306 2760 4359 super
2814 4289 3202 4344 Bcthaclierem
3270 4289 3447 4342 levate
3518 4287 3699 4367 signun

2167 4385 2296 4452 (sive
2329 4383 2626 4452 vexillum),
2682 4383 2804 4452 quia
2844 4383 3043 4435 malum
3081 4385 3255 4434 visum
3298 4391 3384 4435 est
3415 4380 3535 4450 (sive
3571 4390 3702 4444 appa-

485 4473 650 4543 881
681 4469 1094 4526 tlicitDomiuus
1117 4478 1243 4524 :aut
1265 4486 1428 4538 super
1447 4482 1659 4540 gentem
1689 4472 2058 4542 hujuscemodi
2095 4462 2138 4516 Ῑ)
2173 4477 2298 4544 ruit)
2330 4476 2395 4527 ab
2429 4475 2697 4543 Aquilone
2725 4484 2779 4527 et
2807 4474 3062 4528 contritio
3095 4489 3312 4540 magna.
3368 4491 3387 4523 s
3436 4469 3701 4525 Jerusalem

489 4579 595 4619 non
621 4563 912 4617 ulciscetur
940 4577 1118 4616 amma
1153 4578 1270 4616 mea
1306 4562 1328 4611 ἳ
1367 4581 1384 4614 i
1417 4564 1472 4617 Si
1509 4565 1732 4621 voluero
1787 4578 2056 4622 auuotare

489 4749 672 4804 reticis
699 4746 961 4815 dicat,qui
993 4746 1192 4799 nostris
1223 4755 1426 4799 tantum
1470 4745 1712 4801 insidiari
1756 4758 2048 4812 conantur,

485 4830 539 4872 et
565 4821 778 4884 dicunt,
800 4818 1120 4885 Iniquitates
1151 4827 1348 4870 nostra:
1380 4817 1791 4872 declinaverunt
1836 4823 1969 4884 haec,
2001 4831 2056 4875 et

489 4899 704 4956 peceata
739 4898 920 4942 nostra
958 4887 1358 4956 prohibuerunt
1389 4888 1587 4956 bonum
1615 4902 1645 4939 a
1694 4890 1869 4943 nobis.
1909 4907 1926 4939 ι

560 4959 823 5012 ‘Veteres
852 4953 973 5010 libri
1044 4972 1166 5010 cum
1200 4954 1444 5019 Rabano,
1513 4953 1579 5008 Ut
1636 4957 1948 5024 declinaret,
2002 4971 2056 5014 et

490 5044 610 5085 mox
647 5045 746 5081 non
769 5031 1074 5080 invenirent.

565 5103 583 5130 ²
619 5099 846 5154 Codices
908 5097 1153 5166 plerique
1189 5109 1378 5150 omnes
1401 5106 1512 5153 tum
1543 5097 1735 5160 nostri,
1773 5109 1887 5152 tum
1918 5113 2057 5165 quos

492 5169 820 5222 Benedictim
856 5167 1268 5229 consuluerunt,
1301 5182 1620 5236 praeportant
1675 5168 1760 5222 lue
1817 5171 2052 5234 verbum,

491 5239 636 5309 quod
666 5247 786 5289 cutn
839 5246 1047 5290 veteres
1104 5251 1318 5304 quoque
1347 5244 1628 5309 editiones
1672 5241 1966 5309 retineant,
2002 5242 2054 5291 in

489 5307 554 5364 eo
578 5320 835 5378 praeterea
878 5316 1119 5378 peccant,
1149 5311 1290 5376 quod
1324 5308 1491 5362 Jasur
1539 5326 1601 5366 ex
1665 5307 2057 5364 Massorethtco

493 5375 642 5434 textu
665 5391 762 5447 pro
786 5377 939 5428 Jasir
961 5375 1418 5451 leguminrusius
1437 5381 1514 5451 τῷ
1539 5381 1744 5435 verbum
1763 5388 2054 5451 expuncto,

491 5451 638 5520 quod
678 5459 959 5520 perperam
982 5447 1247 5520 introsum
1279 5447 1570 5520 rmanilelsto
1608 5455 1748 5520 erat,
1787 5464 1884 5517 pro
1909 5447 2059 5500 Jasir

490 5515 740 5582 Hebraeo,
759 5515 1008 5571 Latinum
1022 5515 1140 5584 ejus
1173 5519 1639 5574 vocisvocabulmn
1658 5515 1952 5584 substituit,
1980 5533 2059 5570 re-

490 5599 626 5647 ctus.
653 5592 724 5643 At
746 5594 915 5656 ipsum
940 5588 1345 5659 interpretatum
1369 5589 1520 5643 Jasir
1535 5593 1765 5659 positum
1787 5589 1854 5642 ab
1869 5591 2008 5656 Aqui
2029 5603 2060 5640 a

537 5658 1419 5732 SymmachoquetHieron)mus
1447 5658 1600 5714 docet
1647 5676 1662 5713 ;
1694 5670 1814 5725 puta
1863 5659 2057 5726 Ἰασιρ,

489 5726 805 5792 ὡς’δικτυον
824 5726 1058 5797 licetat},
1086 5726 1258 5794 Jasir,
1272 5731 1422 5796 quasi
1442 5741 1546 5784 rete
1564 5733 1801 5797 aucupis,
1838 5738 2057 5783 tatucts‘t

2166 4569 2218 4620 iu
2262 4569 2400 4619 tribu
2441 4566 2714 4634 Benjamiu
2761 4567 2919 4619 sitam
2977 4566 3153 4619 nullus
3191 4567 3432 4634 ignorat.
3468 4562 3702 4616 Thecuaai

2163 4766 2264 4804 vox
2286 4753 2394 4816 illa,
2416 4768 2532 4820 qua:
2551 4766 2579 4802 a
2595 4759 2707 4808 “mr-
2725 4750 3022 4820 dcrivatur,
3040 4747 3318 4820 commode
3343 4757 3537 4820 rectum
3554 4741 3706 4811 appel-

2163 4822 2328 4876 lattve
2358 4817 2558 4875 sonare
2587 4824 2873 4887 potuisset.
2916 4819 3240 4887 Lupressatu
3273 4817 3583 4876 lectionem,
3611 4829 3708 4879 qua:

2165 4896 2381 4958 propior
2438 4891 2504 4944 ad
2548 4894 2705 4943 tidem
2761 4904 2865 4952 est,
2922 4900 3070 4942 utex
3129 4890 3240 4954 ipsa
3315 4888 3706 4958 Ilieronyunana

2163 4956 2498 5026 expasitione
2523 4962 2708 5030 liquet,
2732 4975 2794 5012 ex
2814 4960 3221 5028 Sanrygirauno
3252 4976 3354 5014 ms.
3389 4956 3706 5008 Maruauxus

2163 5041 2412 5084 asseruit.

2235 5098 2255 5127 ³
2289 5100 2727 5169 Philosophorum
2764 5098 3197 5169 illafsententia.
3255 5097 3314 5169 In,
3370 5092 3597 5166 Epistula
3654 5092 3711 5166 ad

2168 5167 2469 5232 Iledibiam,
2498 5167 2690 5240 quinm.
2719 5173 2782 5236 1,:
2819 5168 3008 5240 tUnde
3033 5180 3088 5220 et
3121 5169 3207 5221 illa
3234 5168 3711 5240 vulgatascutentta

2165 5242 2294 5293 mihi
2325 5235 2537 5294 videtur
2584 5255 2703 5293 esse
2739 5235 3022 5290 verissima
3053 5254 3068 5291 ;
3101 5240 3249 5291 Dives
3271 5249 3367 5290 aut
3396 5239 3616 5303 iniquus,
3636 5235 3711 5280 ονε

2164 5310 2333 5376 iniqui
2373 5312 2558 5363 hwres.
2605 5327 2622 5358 ι
2663 5309 2942 5362 Maurus.

2238 5381 2487 5432 ‘Addunt
2545 5392 2658 5433 tres
2712 5393 2843 5431 mss.
2889 5377 3079 5442 vidule,
3137 5392 3294 5433 sacro
3345 5386 3529 5430 tamen
3588 5379 3712 5426 testu

2166 5447 2496 5516 refragante.

2236 5518 2256 5548 ⁸
2286 5517 2446 5572 [idem
2471 5535 2601 5574 mss.
2633 5556 2650 5581 ,
2691 5516 3018 5585 decipientes,
3043 5531 3139 5586 pro
3169 5518 3530 5586 despicientes.

2237 5586 2258 5616 ⁸
2297 5577 2646 5642 δυιιδυιυωέ
2680 5577 2866 5642 vocem
2917 5577 3072 5659 talia'_
3119 5577 3272 5643 mss.’
3309 5595 3543 5657 plurium
3596 5577 3715 5651 apud

2130 5669 2137 5675 ·
2169 5655 2376 5713 Victor.
2410 5659 2754 5716 auctoritate.
