3950 6180
303 282 414 349 ’149

866 280 1357 342 COMMEN‘I‘AR.
1398 279 1469 342 IN
1510 282 1763 342 JEREM
1779 282 1794 339 Ι
1810 284 1884 341 .\.t

1993 277 2409 337 'itOPHETAM
2453 279 2601 340 LIB.
2642 277 2726 349 ll,
2764 279 2920 342 CAP.
2962 281 3067 343 Vl.

3445 277 3555 343 τεο

306 418 527 474 quoque
559 398 793 456 virulnm
835 414 959 454 esse
1000 400 1053 453 in
1087 407 1268 453 monte
1299 399 1488 463 situm,
1519 408 1573 452 et
1592 396 1879 453 duodecim
1908 404 1950 459 Α
1988 408 2178 464 pemus
2212 394 2406 448 domos
2463 394 2582 462 ejus
2638 396 2765 460 (sire
2822 394 3018 447 fnndan
3044 401 3165 446 cnta
3197 392 3383 464 illius).
3417 414 3435 445 ι
3474 396 3553 448 Illi

308 495 552 551 millibus
580 492 749 563 882
773 492 839 543 ab
866 489 1256 560 Hierosolymis
1273 499 1606 559 separatum,
1639 488 1881 556 qumidie

306 587 480 641 oculis
509 584 807 639 cernimus.
844 584 987 636 lnter
1018 582 1121 636 bos
1148 582 1288 636 alius
1318 582 1468 635 virus
1512 592 1617 642 est,
1650 581 1741 646 qui
1777 579 1881 630 lm-

303 693 410 749 gua
437 678 573 746 Syra
601 686 656 728 et
687 672 951 729 llebraica
987 686 1380 727 aerumnam“
1434 668 1748 747 nominatur
1772 669 1883 733 ’,ει

305 769 424 837 ipse
454 766 506 819 in
541 774 722 819 monte
749 764 958 833 positus
988 764 1361 831 (smmis).
1391 761 1544 828 Quod
1572 777 1703 831 ergo
1727 762 1880 824 dit‘ll,

304 862 415 915 boc
435 869 519 914 est
552 876 566 914 :
598 857 738 924 Quia
763 857 830 911 ab
856 856 1126 927 Aquilone
1142 856 1478 928 jamiantquc
1509 865 1770 909 venturus
1802 863 1885 909 est

304 953 830 1013 Nabuchodonosor,
879 959 935 1005 et
983 951 1228 1005 imminet
1285 949 1464 1004 vicina
1514 948 1818 1019 captivitas,
1850 963 1884 1003 ο

308 1046 649 1100 habitatores
676 1043 1000 1107 Jerusalem,
1026 1059 1175 1097 arma
1195 1041 1471 1110 corripite,
1497 1052 1553 1096 et
1583 1042 1637 1096 in
1661 1042 1880 1096 Tliecua

306 1137 540 1193 buccina
567 1148 928 1204 concrepate;
956 1135 1086 1189 etin
1121 1133 1496 1188 Betliaclierem
1528 1134 1698 1188 levate
1720 1132 1885 1187 reatit-

302 1231 439 1291 lum,
467 1230 565 1294 ait,
616 1238 674 1282 ut
715 1239 909 1282 contra
950 1228 1132 1281 hostes
1167 1226 1394 1281 valeatis
1429 1226 1706 1281 resistere.
1742 1225 1884 1280 lien-

296 1321 475 1390 jamin
525 1320 913 1386 interpretatur
952 1318 1095 1389 ﬁlius
1128 1319 1403 1383 dextere;
1435 1316 1677 1382 Thecua,
1713 1318 1883 1382 tuba;

304 1414 724 1475 Betbaelterem,
782 1410 910 1465 villa
969 1412 1153 1466 autem.
1209 1410 1333 1464 llazc
1375 1411 1884 1463 onmiareleratnns

303 1506 376 1558 ad
417 1502 717 1558 Ecclesiam
749 1516 766 1554 :
800 1512 858 1556 ut
915 1502 962 1557 si
1020 1502 1332 1570 deliquerit,
1387 1510 1440 1554 ct
1490 1500 1884 1568 persecutionis

303 1596 540 1667 impetus
570 1594 751 1658 fuerit,
778 1609 839 1648 se
864 1602 1131 1663 pra-paret
1153 1594 1219 1646 ad
1248 1592 1638 1647 resistendum.

373 1689 557 1759 (Vera.
591 1687 646 1750 2,
685 1688 764 1741 3.)
820 1704 838 1737 ι
893 1685 1165 1754 Speciosic
1215 1697 1267 1739 et
1312 1685 1557 1739 delicata:
1587 1684 1881 1738 assimilavi

306 1781 475 1834 tiliam
504 1780 635 1835 Sion
668 1796 685 1832 :
713 1788 768 1833 et
793 1780 862 1831 ad
901 1792 1020 1830 eam
1057 1778 1275 1832 venient
1310 1787 1575 1845 pastores,
1607 1784 1661 1829 et
1696 1789 1888 1844 greges
1920 1769 1961 1826 Β

303 1887 496 1926 eorum
538 1888 553 1925 :
590 1869 825 1923 ﬁxerunt
855 1868 986 1937 (sine
1016 1867 1207 1938 llgent)
1244 1868 1296 1920 in
1335 1881 1396 1920 ea
1428 1867 1658 1922 tentoria
1692 1865 1744 1919 iu
1768 1867 1884 1920 cir-

304 1962 460 2016 cuitu
489 1975 504 2012 :
533 1969 719 2030 pascet
762 1958 1139 2028 unusquisque
1178 1973 1276 2014 eos
1317 1959 1406 2028 qui
1453 1958 1552 2012 sub
1589 1970 1747 2012 manu
1782 1972 1881 2012 sua

305 2062 458 2110 sunt.
494 2053 846 2108 Sanctificate
876 2053 1007 2120 (sive
1053 2050 1260 2122 parate)
1293 2065 1456 2119 super
1480 2064 1598 2104 eam
1634 2050 1833 2105 bellum
1862 2068 1875 2104 :

308 2147 626 2215 consurgite
654 2155 708 2198 et
732 2146 1093 2199 ascenduntus
1122 2145 1175 2196 in
1211 2145 1455 2197 meridie.
1489 2161 1506 2193 ι
1546 2142 1885 2197 Describitur

307 2236 655 2305 pulchritudo
681 2233 1009 2297 Jerusalem,
1044 2250 1165 2304 qua:
1204 2245 1288 2286 est
1318 2235 1427 2301 ipsa
1452 2232 1581 2286 Sion
1608 2249 1628 2288 :
1661 2243 1716 2286 ut
1740 2233 1883 2286 aliud

309 2338 480 2384 totam
510 2330 697 2382 urbem
730 2330 771 2391 ³,
823 2326 970 2380 aliud
1011 2340 1191 2379 arcem
1249 2327 1398 2378 urbis
1451 2324 1692 2378 insinuet
1741 2336 1881 2375 esse.

306 2423 441 2477 Sion
461 2422 609 2475 enim
638 2419 850 2484 specula
886 2418 909 2451 ³
942 2419 1358 2488 interpretatur,
1390 2428 1444 2471 et
1470 2418 1729 2486 speciosa!
1768 2430 1884 2467 mu.

303 2514 428 2568 iieri
460 2524 812 2580 comparatur
848 2527 862 2563 :
897 2522 953 2564 et
983 2510 1255 2577 quomodo
1302 2510 1368 2563 ad
1410 2508 1554 2562 illam
1590 2518 1882 2570 amatores,

305 2611 391 2661 sic
428 2607 496 2659 ad
524 2606 683 2659 istam
714 2611 961 2673 pastores
992 2604 1284 2656 convenire
1318 2603 1592 2656 dicuntur.
1628 2599 1884 2668 Satisqtte

303 2698 591 2766 eleganter
616 2699 668 2750 in
699 2695 926 2750 llebraso
970 2697 1192 2748 verbum
1230 2693 1371 2762 quod
1405 2702 1641 2760 quatuor
1690 2690 1885 2744 litteris

305 2795 593 2860 scribitur,
622 2806 742 2859 nes,
776 2807 892 2857 sint,
919 2804 1032 2852 JOD,
1060 2805 1192 2865 usa,
1222 2794 1267 2843 si
1296 2790 1500 2857 legatur
1522 2803 1648 2841 astu
1670 2786 1884 2857 (city-ti.

303 2897 592 2954 amatores,
626 2889 670 2942 si
706 2900 838 2941 noui
889 2883 1089 2954 (mh),
1120 2892 1357 2950 pastores
1390 2883 1681 2949 siguilicat,
1713 2890 1771 2933 ut
1803 2881 1884 2932 vel

301 2985 463 3055 juxta
528 2982 924 3050 metaphoram,
985 2977 1227 3046 pulchra:
1289 2974 1532 3027 mulieris
1584 2982 1886 3036 amatores,

1986 485 2174 538 dicunt
2206 502 2221 537 :
2255 482 2486 551 Surgite,
2511 492 2560 535 et
2601 485 2948 537 ostendamus
2978 485 3032 536 in
3068 483 3306 545 meridie,
3327 484 3555 537 etclata

1984 577 2108 630 luce
2158 591 2480 644 pugnemus.
2537 576 2629 629 lati
2690 574 3066 644 respondent:
3110 572 3197 626 Va:
3237 574 3404 640 nobis,
3430 577 3555 644 quia

1980 670 2250 739 longiores
2325 666 2500 735 farta”
2538 677 2660 721 sunt
2714 668 2916 721 umbrat
2969 681 3213 733 vesperae.
3248 664 3556 720 Secundum

1987 763 2116 816 illud
2154 762 2512 830 Virgitianum
2550 761 2757 831 (Erlog.
2786 764 2826 828 ι)

2117 877 2175 926 Et
2198 878 2295 940 iam
2322 890 2507 925 summa
2529 879 2697 938 procul
2724 876 2955 927 villarum
2979 877 3192 940 culmina
3228 875 3441 940 fumant:

2112 937 2420 1003 Maioresque
2441 937 2622 988 cadunt
2668 941 2784 989 altis
2813 940 2878 990 de
2902 938 3154 989 montibus
3173 937 3375 988 umbras.

1981 1038 2152 1109 883
2185 1036 2253 1092 Et
2283 1047 2365 1092 est
2417 1038 2733 1093 sensus:Si
2782 1052 2877 1106 per
2925 1039 3069 1093 diem
3128 1040 3242 1093 bac
3300 1036 3559 1106 patimur,

1989 1133 2117 1199 quid
2177 1128 2447 1198 patiemur
2502 1129 2558 1183 in
2615 1130 2811 1183 nocte?
2864 1128 3211 1200 Rursumque
3256 1128 3347 1200 qui
3397 1141 3559 1194 supra

1986 1223 2239 1276 dixerant
2302 1238 2316 1275 :
2371 1219 2712 1290 Sancti/irate
2761 1238 2921 1291 super
2971 1238 3088 1277 eam
3137 1222 3353 1285 bellum,
3402 1231 3562 1291 atque

1982 1316 2309 1384 cinisnrgite,
2341 1330 2484 1370 uuuc
2541 1315 2637 1383 ipsi
2678 1330 2737 1370 se
2784 1327 3082 1383 provocant
3119 1314 3185 1370 ad
3214 1316 3549 1379 bellandum,

1986 1408 2231 1461 dicentes
2256 1426 2271 1462 :
2298 1406 2533 1477 Surgite,
2558 1418 2606 1463 et
2629 1410 2980 1463 ascendamus
3012 1410 3065 1461 in
3092 1418 3264 1471 nocte,
3301 1417 3359 1463 ut
3388 1408 3578 1481 sciant

1958 1501 2311 1575 adversarii,
2365 1516 2470 1553 non
2519 1502 2778 1569 temporis
2835 1500 3121 1555 victoriam
3156 1512 3298 1566 esse,
3348 1500 3443 1556 scd
3478 1500 3560 1554 vi-

1991 1596 2131 1650 rium
2161 1609 2175 1646 :
2209 1603 2263 1646 rt
2294 1594 2615 1660 dissipemus
2661 1594 2872 1654 domos,
2915 1606 3033 1663 qua:
3063 1594 3259 1648 frustra
3286 1607 3562 1650 murorum

1992 1690 2251 1745 lirmitate
2285 1691 2572 1745 vallantur.

2061 1782 2241 1853 (Vers.
2263 1782 2341 1853 6.)
2376 1802 2394 1835 t
2431 1785 2567 1851 Quia
2597 1786 2710 1839 hate
2735 1784 2867 1839 dicit
2895 1783 3154 1839 Dominus
3182 1784 3521 1840 exercituum
3546 1800 3561 1834 :

1988 1876 2194 1933 Cazdite
2226 1877 2429 1949 lignum
2461 1878 2590 1947 (sive
2625 1878 2768 1949 ligna
2824 1878 2967 1949 ejus)
3006 1889 3063 1933 et
3093 1876 3354 1933 eli‘undite
3376 1876 3562 1949 [Vulg.

1988 1967 2220 2040 fundite]
2274 1971 2403 2037 (sive
2451 1970 2811 2039 compertate)
2857 1971 3003 2023 circa
3060 1967 3368 2027 Jerusalem
3406 1986 3568 2040 agge-

1986 2078 2127 2118 rem.
2168 2082 2187 2115 i
2222 2064 2451 2128 Idcirco,
2479 2064 2755 2126 inquiunt,
2788 2066 2853 2120 de
2889 2064 3118 2119 victoria
3142 2064 3321 2120 securi
3351 2081 3568 2129 sumus,

1992 2157 2122 2225 quia
2173 2166 2509 2225 praeceptum
2550 2153 2764 2209 Domini
2794 2165 2877 2209 est
2902 2158 3223 2226 imperantis
3251 2157 3518 2211 Chaldaeis
3549 2170 3566 2210 :

1991 2242 2162 2313 Ligna
2212 2246 2493 2311 succidite,
2542 2259 2595 2301 et
2639 2246 2839 2313 futuris
2889 2248 3285 2303 munitionibus
3318 2263 3569 2319 aggerem

1989 2344 2351 2405 comportate.
2395 2335 2501 2391 Per
2545 2354 2667 2409 qua:
2718 2339 3033 2394 ostenditur
3065 2348 3354 2408 antequam
3385 2340 3565 2396 veniat

1987 2443 2211 2492 corona,
2260 2445 2365 2482 non
2407 2430 2590 2483 statim
2642 2432 2829 2483 urbem
2877 2445 2999 2486 esse
3050 2431 3394 2502 capiendam,
3470 2433 3568 2488 scd

1992 2525 2148 2591 longa
2178 2521 2488 2585 obsidione,
2515 2532 2572 2575 ut
2601 2533 2786 2589 postea
2822 2524 3070 2593 legimus.

2061 2612 2240 2681 (Vers.
2294 2615 2374 2683 7.)
2428 2633 2447 2665 ι
2493 2614 2617 2670 Hice
2664 2625 2751 2671 est
2805 2618 2996 2673 civitas
3051 2618 3378 2672 visitationis
3434 2619 3563 2688 (sive

1994 2708 2281 2771 mendax).
2309 2708 2487 2762 omnis
2522 2709 2789 2763 ςιιιιιιιιιιίει
2824 2708 2954 2777 (sive
2983 2711 3284 2779 oppressio)
3316 2712 3369 2763 in
3395 2712 3570 2764 medio

1990 2800 2129 2866 ejus.
2162 2801 2317 2854 Sicut
2342 2798 2593 2867 frigidam
2624 2800 2753 2854 facit
2787 2803 3031 2854 cisterna
3056 2801 3157 2867 (re!
3179 2800 3347 2872 lacus)
3372 2816 3568 2870 aquam

1990 2905 2172 2950 suam,
2245 2889 2322 2941 sic
2373 2888 2624 2957 frigidam
2686 2891 2813 2943 fecit
2868 2891 3329 2945 tualitiatusuam.
3370 2910 3388 2942 ι
3422 2893 3571 2944 Prte-

1991 2985 2141 3052 cepit
2170 2980 2433 3037 Dominus
2464 2990 2523 3036 ut
2572 2980 2798 3037 arbores
2838 2981 3213 3047 succidantur,
3242 2993 3297 3037 et
3348 2992 3405 3036 ut
3450 2985 3569 3037 futt-

310 3077 397 3131 vel
416 3077 569 3145 juxta
590 3074 934 3129 eversionem
964 3069 1138 3132 urbis,
1186 3078 1432 3136 pastores
1472 3064 1841 3134 intelligantur
1869 3077 1883 3114 ἓ
1916 3108 1960 3166 c
1994 3075 2190 3128 damur
2221 3090 2316 3144 per
2355 3074 2646 3129 circuitum
2703 3090 2947 3145 aggeres.
2980 3076 3104 3145 quia
3146 3091 3358 3147 tempus
3385 3077 3569 3131 visita-

307 3180 546 3237 quorum
573 3165 660 3219 alii
712 3173 955 3220 scortqu
1007 3162 1250 3233 polluere
1305 3158 1584 3221 festinant,
1615 3157 1703 3208 alii
1733 3156 1885 3210 obsi-

307 3260 443 3315 dere
468 3269 524 3314 et
549 3257 867 3313 subvertere
900 3255 1199 3310 civitatem.
1248 3250 1304 3304 ln
1348 3250 1654 3319 pastoribus
1679 3259 1733 3300 ct
1768 3261 1889 3315 gre-

306 3352 472 3420 gibus
524 3363 740 3414 eorum,
790 3348 1065 3416 principes
1117 3345 1439 3403 sentiamus,
1495 3350 1550 3393 et
1610 3340 1889 3392 exercitus

311 3444 712 3499 Chaldaeorum.
742 3441 930 3512 Figent
950 3449 1127 3494 autem
1159 3436 1389 3491 tentoria
1409 3450 1505 3489 sua
1524 3435 1576 3488 in
1605 3433 1889 3488 obsidione

313 3537 464 3591 urbis
498 3534 551 3588 in
592 3536 829 3588 circuitu
864 3548 879 3584 :
918 3532 982 3585 Et
1021 3541 1198 3601 pascet
1250 3530 1612 3599 unusquisque
1660 3542 1748 3580 eos
1784 3522 1888 3589 -qui

306 3631 405 3683 sub
439 3644 596 3682 manu
621 3642 718 3681 sua
771 3634 936 3689 sunt;
984 3640 1117 3680 suas
1165 3623 1421 3679 videlicet
1452 3632 1660 3674 turmas
1695 3628 1749 3674 et
1784 3632 1882 3671 nu-

314 3737 497 3778 meros
530 3722 630 3793 [αι.
682 3716 1043 3790 innumeros].
1092 3718 1194 3784 Qui
1227 3718 1524 3787 principes,
1555 3717 1671 3771 sive
1703 3724 1887 3783 pasto-

313 3829 422 3879 res,
461 3815 646 3869 dicent
675 3813 927 3883 gregibus
970 3812 1128 3866 suls:
1161 3808 1508 3878 Sanctiﬁcute
1538 3822 1697 3877 super
1721 3804 1886 3859 Jeru-

308 3909 476 3962 salem
498 3908 687 3959 bellum
710 3922 728 3969 ;
751 3904 959 3959 Domini
982 3904 1124 3957 enim
1147 3905 1428 3972 imperium
1449 3911 1553 3957 est.
1573 3900 1888 3969 Consurgite

309 4016 361 4055 et
408 4001 757 4053 ascendimus
812 3998 866 4049 in
914 3996 1209 4059 meridiem,
1271 4010 1374 4047 non
1427 4010 1521 4062 per
1572 4004 1785 4046 noctem
1834 4002 1889 4044 ct

310 4083 575 4155 insidias;
611 4090 705 4143 sed
762 4090 917 4158 plena
972 4090 1090 4142 luce
1126 4101 1433 4158 pugnemus
1470 4102 1484 4137 :
1519 4086 1699 4138 nullus
1736 4088 1883 4139 enim

314 4186 473 4237 nobis
503 4192 682 4249 potest
718 4191 994 4235 res:stere.

313 4339 332 4354 ο
382 4274 651 4347 (γεω,
697 4273 775 4340 5.)
837 4272 924 4327 Vae
984 4273 1161 4335 nobis,
1223 4272 1347 4341 quia
1400 4271 1695 4326 declinavit
1748 4272 1886 4333 dies,

308 4373 439 4438 quia
476 4367 751 4436 longiores
789 4365 949 4421 facta:
1002 4366 1133 4420 sunt
1161 4366 1288 4435 (sive
1316 4364 1655 4433 defecerunt)
1684 4366 1888 4419 umbra:

1999 3169 2162 3223 tionis
2199 3168 2317 3238 ejus
2353 3168 2657 3231 advenerit,
2690 3179 2748 3220 ιιι
2791 3169 3011 3237 recipiat
3033 3184 3130 3239 pro
3163 3172 3399 3239 peccatis
3429 3174 3567 3235 suis,

1994 3276 2225 3330 quorum
2258 3261 2551 3313 tiiaximum
2604 3272 2688 3315 eat
2733 3262 3097 3330 συκοφαντία.
3125 3271 3182 3315 ιιι
3214 3263 3562 3317 innocentem

1995 3350 2268 3419 Opprimat
2307 3364 2405 3417 per
2434 3350 2784 3403 calumniam.
2821 3349 3104 3414 Quomodo
3138 3366 3268 3419 ergo
3305 3351 3566 3416 cisterna,

1997 3443 2078 3496 vel
2112 3442 2261 3496 lacus
2291 3441 2543 3510 frigidam
2570 3439 2700 3493 facit
2738 3455 2931 3509 aquam
2960 3456 3136 3504 suam,
3189 3444 3270 3496 sic
3306 3444 3355 3495 iu
3391 3444 3510 3497 med
3534 3459 3571 3498 0

1992 3534 2319 3597 Jerusalem,
2363 3533 2565 3586 ntalitia
2606 3548 2729 3602 qua:
2759 3533 2812 3587 in
2854 3548 2915 3587 ea
2949 3543 3055 3600 est,
3086 3546 3302 3587 omnem
3332 3533 3567 3587 calorem

1996 3626 2232 3695 perdidit
2274 3627 2417 3681 vitae.
2459 3626 2525 3680 Et
2569 3627 2672 3681 hoc
2708 3625 3028 3691 notandum,
3057 3625 3198 3695 quod
3228 3634 3417 3680 sancto
3447 3625 3571 3694 Spi-

1998 3724 2104 3774 ritu
2157 3721 2395 3784 accensi,
2455 3719 2729 3774 ferventes
2789 3718 3168 3787 appellentur;
3202 3717 3342 3771 mala
3387 3728 3568 3771 autem

1997 3813 2189 3882 frigida
2212 3813 2341 3867 sint.
2373 3808 2525 3866 Unde
2548 3822 2601 3866 et
2624 3811 2753 3865 illud
2778 3811 3040 3881 scriptum
3059 3822 3134 3863 est
3162 3810 3381 3880 (Matth.
3399 3813 3566 3880 utr),

1994 3909 2137 3976 quod
2196 3912 2248 3961 in
2312 3906 2625 3961 llt)\iSSillIiS
2686 3906 2904 3966 dit-bus,
2946 3905 3166 3973 quando
3219 3904 3571 3971 multiplicata

1999 4001 2159 4055 fuerit
2217 4001 2510 4069 iniquitas,
2566 4000 2885 4067 refrigescet
2948 3998 3186 4052 charitas
3252 3998 3568 4052 multorum.

1995 4091 2148 4158 Quod
2194 4104 2323 4165 puto
2372 4100 2428 4145 et
2466 4090 2594 4145 illud
2639 4104 2840 4144 sanare
2880 4104 2894 4143 :
2929 4088 3265 4142 Assimilatus
3313 4104 3432 4142 sum
3482 4089 3573 4142 de-

1997 4182 2367 4236 scendentibus
2390 4184 2443 4235 in
2491 4181 2664 4234 locum
2717 4180 2892 4251 (Psal.
2921 4196 3091 4245 xxvrt,
3125 4181 3199 4251 1).
3241 4180 3353 4236 Hoc
3388 4191 3570 4237 autem

1998 4272 2219 4327 Latinus
2265 4278 2434 4328 lector
2463 4274 2752 4342 intelligat,
2791 4288 2847 4328 ut
2877 4278 3042 4328 semel
3076 4276 3282 4331 dixisse
3315 4275 3570 4343 sulliciat,

1998 4367 2198 4429 lacum,
2261 4382 2365 4418 non
2411 4376 2655 4435 stagnum
2721 4385 2919 4421 sonare
2969 4367 3124 4437 juxta
3182 4367 3425 4434 Graecos,
3474 4372 3572 4427 sed
3642 4378 3684 4388 "

310 4462 549 4530 vesperi.
575 4458 793 4529 Surgite
824 4468 879 4513 et
913 4460 1275 4513 ascendamus
1318 4459 1372 4511 in
1415 4468 1593 4522 nocte,
1627 4467 1680 4512 et
1716 4458 1883 4511 dissi-
1920 4468 1963 4521 ι)
1997 4461 2305 4521 cisternam,
2352 4475 2473 4528 qua:
2508 4476 2759 4516 sermone
2789 4461 2928 4532 Syro
2970 4470 3024 4516 ct
3069 4460 3336 4517 llebraico
3356 4477 3524 4518 cunas
3550 4464 3571 4496 δ

383 4622 404 4652 ³
444 4619 513 4673 Et
544 4617 804 4671 Hebraica
845 4616 1229 4671 Betltacharma
1283 4617 1606 4669 nominatur.
1644 4613 1759 4669 lloc
1792 4630 1887 4668 uo-

312 4706 435 4745 tnen
466 4690 682 4744 diverse
709 4688 905 4751 legitur
939 4691 990 4739 in
1024 4688 1430 4751 esetuplartbus
1452 4688 1657 4740 (ira-cis
1694 4696 1747 4739 ιιι
1781 4684 1887 4738 La-

310 4765 477 4824 tinis;
531 4760 670 4826 apud
731 4755 890 4821 LXX,
938 4757 1305 4824 Βαιθαχαρμὰι
1366 4755 1773 4817 Belitae/ianua,
1829 4767 1885 4810 ct

311 4829 609 4898 Bi,00ax&p
666 4826 1057 4898 Betlttltachur;
1101 4839 1242 4898 apud
1280 4827 1659 4895 Hieronymum
1685 4826 1739 4898 iu
1778 4842 1882 4877 ius.

308 4896 947 4968 cotuceﬁb'aucyriganno
974 4896 1412 4968 Bel/incitarent;
1468 4900 1519 4948 ιιι
1560 4910 1670 4968 uno
1711 4896 1882 4968 liegio

306 4981 363 5023 et
409 4974 584 5024 altero
639 4965 986 5023 Cluniacensi
1043 4965 1475 5030 Betharltarma;
1538 4967 1770 5032 deniqpe
1829 4966 1882 5018 in

309 5050 498 5093 nostro
521 5036 1035 5101 Sau-Germanenst,
1068 5039 1242 5105 prima
1275 5049 1436 5088 manu
1477 5033 1880 5105 Betltactiarem,

308 5109 618 5178 posteriore
649 5107 1038 5178 Bethacltarim.
1071 5103 1427 5178 Benertamen
1465 5116 1648 5178 monet
1679 5103 1878 5178 Hiero:

312 5173 508 5249 itymus
562 5181 691 5232 illud
748 5192 949 5249 nomen
994 5177 1172 5244 lingua
1205 5177 1340 5249 Syra
1378 5185 1432 5227 et
1477 5173 1742 5249 llebraica
1777 5173 1882 5227 diri

313 5245 718 5313 Bethacltarma,
746 5251 873 5316 quia
905 5247 1294 5314 t-ineautraque
1310 5247 1491 5313 lingua
1510 5245 1705 5299 dicitur
1722 5253 1889 5303 ωτι)

311 5317 544 5382 Karma,
569 5324 649 5372 Vel
689 5323 911 5373 Karmo.
948 5316 1216 5370 Murrum.

336 5454 350 5460 _
384 5394 404 5419 "
449 5391 591 5453 Vat.,
628 5401 682 5442 ut
713 5391 809 5442 alii
851 5397 1018 5441 totam
1056 5392 1255 5453 urbem,
1303 5386 1398 5439 alii
1435 5400 1605 5439 arcem
1635 5395 1884 5454 occupent

312 5461 475 5514 urbis.

311 5601 322 5612 .
380 5531 403 5561 ⁸
442 5533 613 5586 Antea
667 5530 966 5586 addebatur
1021 5545 1151 5596 arx,
1211 5542 1373 5597 quam
1438 5541 1624 5585 vocem
1686 5526 1888 5582 rectius

311 5614 564 5656 ntuorant
606 5619 733 5656 mss.
1103 5614 1109 5619 '

330 5618 564 5672 gnorant
606 5619 733 5658 mss.

380 5674 403 5702 ⁸
450 5671 799 5727 Etﬂebraico
833 5672 1017 5728 anba
1049 5672 1369 5743 appellatur.
1412 5671 1727 5743 LcCtionem
1777 5668 1884 5725 lle-

312 5744 553 5800 braicam
609 5745 921 5814 llteronyini
964 5742 1177 5800 mutant
1215 5748 1315 5801 lmc
1365 5748 1480 5803 loco
1537 5742 1795 5810 Erasmus
1828 5752 1882 5795 et

1986 4614 2560 4685 Matiatttts,fpnttenles
2571 4632 2753 4673 vocem
2772 4633 2905 4688 pure
2920 4619 3223 4683 Hebraeam,
3236 4628 3383 4679 ἿΝΣ-ι]
3400 4634 3569 4688 θευεν.

1990 4702 2113 4758 ιιι).ιὲ
2153 4702 2296 4739 ιιιιιιιι
2361 4688 2669 4758 intelligunt
2725 4692 3011 4745 cisternam
3045 4704 3296 4758 sermone
3330 4691 3467 4757 Syro
3516 4701 3571 4742 et

1986 4756 2386 4828 Chaldaico,‘i_d
2433 4756 2558 4819 εει(
2587 4760 2795 4828 vulgari
2828 4759 3093 4814 llebraico
3126 4756 3229 4810 dici
3253 4764 3383 4828 lugu
3400 4758 3572 4828 gubba

1981 4827 2134 4893 juxta
2188 4827 2245 4878 S.
2314 4824 2721 4896 lberonymuni.
2786 4830 2977 4883 Sermo
3029 4828 3243 4896 itaque
3271 4824 3571 4881 Hebraicns

1989 4906 2232 4963 tempore
2259 4896 2317 4951 S.
2356 4894 2605 4952 doctoris
2629 4907 2747 4952 erat
2774 4898 2974 4952 idioma
3020 4895 3157 4966 Syro
3186 4894 3565 4959 Chaldaicum,

1989 4976 2049 5018 ut
2086 4976 2301 5036 constat
2331 4981 2398 5022 ex
2434 4968 2688 5036 presenti
2724 4966 3258 5036 testimonio,_et_ex
3284 4968 3558 5036 superiori

1989 5036 2210 5091 nomine
2231 5034 2633 5099 Bethncherem,
2666 5041 2807 5105 quod
2843 5039 3020 5105 lingua
3054 5034 3278 5105 Syriaca
3299 5044 3374 5089 'et
3404 5034 3570 5089 Chal-

1985 5108 2141 5159 daica
2170 5105 2557 5161 Betltacliarma
2583 5104 2891 5166 smmi:
2913 5104 3303 5175 appellabatur,
3331 5114 3387 5159 ut
3420 5107 3571 5161 testis

1987 5184 2070 5229 est
2090 5177 2228 5230 idem
2247 5177 2624 5247 Hieronymus.
2656 5179 2713 5230 Id
2733 5182 2956 5230 minime
2972 5176 3309 5247 attendentes
3334 5176 3570 5230 editores

1990 5250 2225 5316 antiqui,
2264 5262 2363 5316 pro
2397 5246 2624 5302 vocibus
2672 5246 3149 5314 Syro-Clialdaicis
3179 5246 3398 5300 nomina
3427 5261 3564 5316 pure

1992 5312 2278 5371 llebraica'
2298 5320 2496 5385 ubique
2530 5321 2685 5371 nobis
2712 5312 3044 5377 ’obtrudunt.
3074 5325 3129 5370 et
3154 5330 3256 5384 pro
3288 5332 3417 5369 vero
3441 5312 3568 5368 ille-

1993 5402 2219 5453 ruttyuto
2250 5389 2412 5439 alium
2441 5398 2751 5455 corruptum
2790 5399 2844 5441 et
2883 5387 3158 5440 fictilium.
3187 5385 3455 5439 Mantum.

2062 5484 2131 5493 —-
2155 5459 2213 5507 ln
2253 5472 2387 5510 mss.
2420 5455 2588 5519 Cuba,
2610 5454 2698 5526 vel
2722 5454 2826 5511 ϐαι)
2860 5458 3076 5526 legitur.
3100 5456 3277 5526 A_tque
3306 5457 3419 5524 ipse
3444 5454 3569 5522 quis

1991 5527 2111 5582 dem
2147 5527 2510 5597 Hieronymus
2556 5530 2610 5580 in
2662 5525 2780 5579 Vna
2827 5527 2884 5581 S.
2917 5523 3383 5597 'PauliEremiue
3406 5540 3563 5597 num.

1991 5602 2023 5651 ti
2061 5612 2074 5648 :
2108 5596 2272 5662 Alter,
2325 5593 2520 5666 inquit,
2576 5598 2631 5650 in
2672 5598 2895 5651 cisterna
2955 5596 3137 5659 reteri,
3188 5611 3345 5662 quam
3384 5593 3566 5664 gentili

1991 5684 2226 5721 sermone
2281 5666 2399 5738 Syri
2444 5666 2661 5721 GUBBAII
2713 5677 2919 5736 vocant,
2957 5668 3197 5738 quinque
3253 5667 3438 5720 caricis
3475 5677 3570 5738 per

1993 5737 2225 5807 ungulas
2272 5736 2382 5794 dies
2441 5743 2861 5795 sustentabatur.
2930 5736 3084 5795 Unde
3147 5741 3291 5807 quod
3352 5740 3440 5792 bic
3492 5736 3568 5789 ait
