3906 6172
452 289 549 353 ’151

1617 286 1675 347 S.
1722 285 2023 344 EUSEIiII

2134 284 2501 343 IERONI’MI
3572 288 3644 350 ’ἵζιὲ

451 406 625 474 (N311)
657 400 979 471 appellatur.
1014 403 1070 456 In
1103 400 1354 471 prazscnti
1403 407 1579 452 autem
1606 397 1724 452 loco
1759 412 1855 465 pro
1885 397 2028 461 lacu,

2134 400 2204 453 sit
2241 400 2442 456 furoris
2462 398 2677 455 Domini
2715 409 2769 453 et
2807 400 3126 465 iracundim,
3165 406 3220 452 ct
3268 397 3405 450 ultra
3440 401 3650 457 sustinere

451 512 615 565 quem
656 510 847 549 otnnes
902 494 1157 549 similiter
1207 490 1624 555 transtulerunt,
1656 488 1712 543 itt
1761 488 2027 543 Hebraico

451 603 551 642 non
569 585 708 655 ('11:)
740 586 955 640 dicitur.

526 677 703 745 (Veis.
749 675 826 745 8.)
857 694 873 725 ι
908 673 1170 743 lniqnitas
1209 682 1263 727 et
1306 672 1536 727 vastitas
1585 671 1835 725 audietur
1878 672 1930 724 in
1963 683 2025 723 ea

454 786 633 824 coram
669 782 755 821 me
786 782 1024 835 semper,
1073 765 1364 819 inﬁrmitas
1391 763 1622 833 etplaga.
1657 761 1905 825 Erudire,
1939 760 2029 816 Je—

458 867 712 931 rusalem,
744 879 810 918 ne
843 862 980 915 forte
1018 857 1235 913 recedat
1270 856 1450 910 anima
1480 869 1595 909 mea
1625 869 1655 908 a
1698 864 1770 919 te,
1799 867 1864 906 ne
1892 852 2029 906 forte

458 975 651 1029 ponant
695 966 745 1009 te
780 956 1075 1014 desertam,
1110 960 1307 1005 terram
1339 945 1768 1001 ittltabitabilettt.
1797 961 1815 995 ι
1848 941 2023 997 LXX!

461 1074 477 1104 ‹
510 1050 767 1117 Impietas
805 1055 860 1101 et
898 1045 1118 1099 miseria
1148 1040 1400 1095 audietur
1430 1038 1485 1091 in
1516 1052 1576 1091 ea
1611 1044 1801 1090 contra
1831 1032 2028 1089 faciem

454 1144 588 1210 ejus.
614 1140 714 1194 Per
753 1150 969 1192 omnem
1006 1130 1175 1203 884Ι
1213 1129 1454 1185 dolorem
1495 1136 1552 1181 et
1599 1124 1867 1196 ﬂagellum
1904 1138 2031 1177 eru-

456 1237 644 1297 dieris,
693 1228 1019 1290 Jerusalem,
1068 1240 1135 1279 ne
1186 1221 1328 1277 forte
1362 1219 1577 1275 recedat
1622 1218 1803 1272 anima
1847 1229 1965 1269 mea
1997 1228 2028 1267 a

460 1344 544 1396 te;
578 1345 646 1383 ne
677 1327 872 1381 faciam
917 1333 968 1376 te
999 1321 1202 1375 inviam
1255 1327 1481 1379 terram,
1515 1326 1635 1381 qua:
1676 1324 1779 1364 non
1823 1306 2033 1362 habite-

459 1434 563 1474 lur.
605 1437 621 1470 ι
652 1416 756 1470 Per
819 1416 931 1467 haec
984 1408 1248 1465 discimus
1305 1405 1431 1473 quia
1482 1400 1720 1471 ﬂagellat
1769 1396 2031 1452 Dominus

457 1526 673 1567 omnem
710 1507 877 1560 Iilitttn
904 1517 1065 1572 quem
1099 1497 1313 1568 recipit.
1349 1496 1416 1549 Et
1447 1494 1650 1548 idcirco
1675 1489 1846 1558 plagis
1869 1496 2032 1556 atque

463 1599 752 1658 tormentis
774 1596 1020 1651 eruditur
1060 1587 1383 1650 Jerusalem,
1413 1595 1469 1637 ιιι
1502 1584 1805 1651 corrigatur
1835 1588 1891 1632 et
1920 1592 2029 1630 non

463 1693 679 1749 recedat
707 1688 887 1742 anima
923 1683 1012 1738 Dei
1048 1683 1115 1735 ab
1152 1695 1241 1744 ea,
1269 1687 1323 1732 et
1370 1676 1645 1746 redigatur
1689 1670 2031 1726 in'solitudi-

2139 507 2247 546 non
2268 493 2458 561 possit,
2484 509 2584 548 nec
2608 507 2705 562 pro
2721 494 3098 562 peccatoribus
3116 494 3311 546 audeat
3326 491 3581 545 Dmnintnu
3595 496 3655 547 dc-

2133 580 2368 648 precari.
2381 580 2541 635 Juxta
2559 579 2701 634 LXX
2718 590 2896 636 autem
2918 598 3088 636 novus
3105 596 3295 636 sensus
3320 582 3543 649 ponitur,
3557 584 3655 649 quod

2135 673 2249 739 ipse
2270 670 2528 726 Dominus
2543 672 2711 743 885
2729 674 3020 744 complevi,
3059 672 3302 728 feriendo
3319 672 3556 743 populum
3569 690 3655 737 ncc-

2136 777 2414 833 catorem;
2445 777 2499 821 et
2545 780 2724 823 tamen
2779 770 3063 824 retinuerit
3113 769 3283 835 illum,
3311 779 3363 823 et
3400 786 3503 823 non
3538 780 3655 824 totum

2133 858 2403 920 eﬂ‘uderit,
2424 871 2483 914 ut
2507 860 2747 930 reliquiae
2776 860 2938 916 salvze
2973 862 3125 926 ﬁant,
3160 864 3303 929 quod
3344 863 3473 915 mihi
3500 863 3658 917 videtur

2135 950 2239 1005 sibi
2300 966 2421 1007 esse
2464 954 2821 1006 contrarium.
2880 951 2937 1006 Si
2975 953 3118 1007 enim
3147 953 3438 1020 complevit
3469 954 3659 1009 furorem

2137 1058 2318 1108 suum,
2366 1045 2636 1112 quomodo
2677 1045 2939 1101 sustinuit
2988 1061 3054 1101 ne
3098 1046 3431 1114 compleret?

2216 1135 2399 1205 (Vers.
2427 1136 2545 1204 I2.)
2579 1154 2597 1188 ι
2635 1135 2863 1191 Eﬂ'unde
2886 1136 3011 1203 (sive
3038 1136 3288 1210 effundit)
3323 1153 3490 1206 super
3514 1152 3665 1206 puru-

2137 1226 2245 1280 lum
2300 1226 2500 1290 foris”,
2560 1236 2614 1280 et
2651 1241 2817 1295 super
2876 1228 3163 1282 concilium
3210 1228 3469 1296 juvenum
3495 1229 3662 1283 simul:

2136 1316 2225 1369 vir
2247 1316 2392 1371 enim
2422 1331 2545 1370 cum
2571 1330 2741 1372 uxore
2765 1317 3031 1384 capietur,
3067 1332 3232 1372 senex
3257 1332 3377 1370 cum
3412 1317 3567 1385 pleno
3585 1320 3665 1372 die-

2139 1425 2279 1462 rum.
2310 1408 2376 1462 Et
2412 1409 2719 1463 transibunt
2765 1410 2960 1464 domus
2999 1423 3187 1463 eorum
3216 1410 3283 1462 ad
3323 1408 3547 1472 alteros,
3583 1410 3664 1478 agri

2138 1509 2192 1555 ct
2221 1515 2417 1555 uxores
2464 1501 2691 1570 pariter.
2749 1520 2769 1554 ι
2808 1499 2903 1555 Vel
2949 1502 3208 1571 propheta
3244 1501 3491 1570 praecipit
3523 1501 3667 1568 inspi.

2141 1593 2246 1644 ritu
2278 1590 2514 1644 venienti
2546 1589 2827 1654 Chaldaeo,
2854 1600 2911 1644 ut
2939 1589 3183 1644 eﬂ‘undat
3218 1591 3457 1643 furorem
3487 1589 3664 1643 Domini

2140 1694 2302 1747 super
2335 1678 2605 1746 parvulos,
2624 1690 2677 1734 et
2704 1679 2938 1734 innoxiae
2966 1695 3183 1749 quoque
3200 1696 3308 1734 non
3330 1691 3514 1747 pareat
3538 1678 3667 1744 aetati,

460 1804 603 1842 nent.
627 1784 683 1835 Si
710 1781 926 1851 quando
946 1776 1109 1845 igitur
1137 1771 1346 1827 crebris
1371 1766 1640 1837 angustiis
1664 1762 2034 1833 sultjacemutt,
2067 1760 2110 1815 Β
2142 1771 2221 1823 vel
2257 1780 2405 1825 certe
2441 1780 2628 1824 narrat
2685 1770 2815 1840 quid
2874 1770 3072 1825 factum
3114 1771 3183 1825 sit
3227 1785 3389 1840 super
3414 1770 3667 1825 concilium

461 1875 810 1932 recordemur
835 1870 888 1924 in
914 1864 1341 1920 consolationem
1368 1858 1537 1913 nostri
1571 1857 1729 1912 istius
1752 1852 2031 1921 versiculi,

462 1970 565 2023 Per
607 1979 811 2020 omnem
849 1959 1085 2015 dolorem
1130 1958 1178 2008 ἐι
1225 1950 1496 2024 ﬂagellum
1546 1947 1827 2010 erttdieris,
1874 1943 2031 1998 Jeru-

458 2060 641 2115 sulem.

532 2152 712 2221 (Ἶρις.
756 2146 835 2215 9.)
894 2162 911 2194 ι
972 2140 1094 2195 Haec
1160 2137 1290 2191 dicit
1348 2134 1602 2188 Dominus
1667 2127 2029 2188 exercituum,

466 2216 649 2312 usque
702 2242 768 2294 ad
822 2232 1380 2299 raccntuntcolltgent
1432 2226 1585 2296 quasi
1637 2224 1685 2276 in
1722 2224 1874 2273 vinea
1913 2216 2033 2270 reli-

466 2342 624 2407 t,tli;tS
657 2332 847 2389 Israel.
901 2328 1167 2383 Converte
1220 2337 1435 2377 manum
1476 2331 1617 2372 tuam
1655 2315 1807 2385 quasi
1843 2312 2035 2364 vinde-

467 2402 660 2482 titiatur
710 2423 778 2477 ad
841 2417 1147 2474 cat'tallum.
1200 2431 1217 2463 ι
1255 2408 1441 2464 LXX:
1490 2426 1509 2459 ι
1552 2406 1686 2472 Quia
1733 2406 1846 2457 haec
1902 2402 2033 2455 dicit

465 2521 721 2575 ιιυειςίιιιιδ
752 2516 1006 2568 virtutum
1051 2524 1067 2564 :
1103 2506 1415 2564 liact-ntate,
1482 2505 1752 2555 racetnate
1791 2496 1942 2566 quasi
1978 2496 2030 2546 in

461 2616 613 2667 \iuea
648 2606 903 2676 reliquias
959 2600 1150 2669 Israel.
1219 2593 1583 2649 Revertentini
1641 2588 1797 2659 quasi
1847 2587 2035 2639 vinde-

462 2710 658 2759 miator
694 2704 746 2756 itt
772 2696 1055 2754 cat‘tallum
1088 2706 1267 2746 suum.
1308 2707 1325 2739 ι
1361 2686 1465 2739 Alii
1492 2684 1544 2737 in
1572 2683 1770 2737 bonam
1798 2688 2028 2748 partem,

462 2805 551 2855 .lii
608 2801 661 2852 in
717 2794 911 2848 malam
970 2789 1084 2843 haec
1151 2785 1291 2838 dicta
1355 2778 1678 2848 suscipiunt.
1734 2773 1791 2828 In
1832 2773 2030 2827 bonam

462 2902 691 2961 p.-rlem,
754 2902 874 2938 cum
929 2889 1136 2935 vastata
1186 2874 1345 2929 fuerit
1402 2869 1728 2930 Jerusalem,
1789 2863 2032 2933 reliquis:

459 2960 619 3039 Quae
642 2984 792 3034 liant.
824 2977 879 3030 ιιι
908 2973 1099 3026 malam
1128 2969 1227 3034 sic,
1255 2982 1323 3020 ne
1353 2979 1491 3018 unus
1512 2960 1733 3031 quidem
1760 2970 2027 3017 racemus,

458 3094 510 3135 et
543 3091 740 3148 parvus
787 3074 977 3127 botrus
1025 3070 1303 3121 remaneat
1346 3060 1399 3114 in
1440 3058 1620 3121 vinea,
1663 3053 1844 3109 omnia
1882 3051 2031 3105 colli-

458 3146 649 3247 gantur
705 3190 717 3225 :
768 3177 822 3224 et
875 3164 1231 3234 quodcunque
1286 3150 1580 3213 inveneris,
1622 3148 1793 3203 instar
1845 3146 2026 3199 vinde-

464 3237 709 3321 miatoris
743 3264 794 3315 in
821 3256 1104 3313 eartallum
1143 3250 1374 3318 collige;
1422 3254 1478 3297 ut
1511 3242 1781 3312 quomodo
1821 3237 1909 3290 ille
1940 3249 2026 3289 ra-

458 3372 642 3412 cemos
702 3352 766 3405 ad
826 3345 1087 3407 torcular,
1138 3343 1217 3396 sic
1269 3350 1323 3391 tu
1370 3334 1615 3404 captivos
1659 3326 1942 3398 pertrahas
1974 3324 2026 3378 in

460 3448 807 3518 Babylonem.

530 3509 713 3612 (\'~'crs.
754 3531 870 3601 I0.)
918 3550 934 3582 ι
968 3527 1068 3584 Cui
1112 3524 1323 3593 loquar,
1358 3530 1412 3575 et
1453 3531 1609 3587 quem
1663 3509 2026 3612 contestabor,

464 3600 797 3689 ut‘audiat?
836 3600 979 3680 Ecce
1024 3613 1422 3674 incircumcisa:
1474 3622 1633 3663 aures
1675 3616 1861 3660 eorum
1902 3600 2030 3669 (sive

460 3725 698 3792 vestrm),
734 3730 789 3775 et
832 3715 1021 3770 audire
1062 3725 1164 3764 non
1208 3711 1453 3777 possunt.
1483 3720 1500 3752 ι
1537 3698 1649 3752 Νοιι
1677 3702 1900 3766 possunt
1937 3706 2031 3744 an-

459 3821 610 3879 dire,
659 3789 802 3882 quia
858 3818 1021 3860 aures
1084 3796 1477 3855 circumcidere
1541 3789 1881 3882 noluerunt:
1929 3796 2028 3836 nec

461 3924 640 3964 tamen
671 3879 826 3958 vacat
871 3891 1283 3966 impossibilitas
1323 3884 1607 3955 supplicio,
1649 3895 1766 3949 quae
1810 3879 1874 3931 de
1899 3890 2027 3930 con—

458 4010 664 4069 tetnptu
706 4005 761 4050 et
791 3990 1106 4048 inﬁdelitate
1166 3980 1470 4038 descendit.
1514 3976 1569 4031 Si
1620 3976 1741 4042 quis
1781 3985 1909 4039 ergo
1932 3967 2026 4072 Dei

458 4099 619 4147 verba
656 4104 759 4142 non
811 4084 1060 4151 suscrpit,
1115 4091 1212 4129 nec
1263 4072 1423 4127 habet
1477 4074 1867 4137 prmccptorum
1915 4075 2030 4130 eius

463 4180 905 4251 intelligentiam,
939 4166 1331 4227 iucircumcisis
1366 4160 1587 4217 auribus
1611 4168 1714 4211 est.
1749 4155 2029 4251 Simulque

466 4244 759 4330 notandum
796 4280 915 4336 qua:
978 4264 992 4293 ⁸
1052 4256 1397 4315 circumcisio
1443 4252 1615 4306 tribus
1662 4246 1947 4320 generibus
1973 4244 2028 4297 in

466 4362 757 4432 Setipturis
784 4357 1101 4428 appellatur,
1148 4352 1202 4405 in
1250 4345 1533 4418 praeputio.
1568 4343 1621 4395 in
1652 4338 1835 4401 corde,
1884 4346 1939 4391 et
1973 4337 2026 4389 in

462 4459 688 4511 auribus
719 4468 737 4521 ;
767 4452 911 4504 unde
933 4448 1063 4501 dicit
1096 4443 1355 4496 Dominus
1389 4454 1405 4494 ς
1442 4435 1543 4500 Qui
1578 4433 1729 4486 habet
1757 4444 1911 4482 aures
1936 4443 2028 4480 au-

463 4548 659 4612 diendi,
729 4543 916 4595 audiat
967 4533 1184 4605 (.lluttlt.
1243 4546 1332 4594 xi,
1384 4528 1497 4594 15).
1555 4521 1842 4612 Voluntate
1900 4530 2029 4612 ergo

464 4607 666 4698 nostra,
699 4634 920 4690 verbum
953 4629 1046 4682 Dei
1100 4641 1205 4679 non
1248 4619 1614 4688 suscipimus;
1653 4623 1710 4668 ct
1740 4611 1943 4667 idcirco
1969 4607 2031 4661 [it

464 4732 620 4786 nobis
654 4730 706 4781 in
739 4721 1114 4794 Opprohrium,
1163 4727 1219 4769 ut
1251 4713 1395 4783 quod
1433 4713 1615 4765 datum
1662 4706 1834 4759 iuerat
1874 4701 2030 4756 nobis

461 4825 526 4876 ad
557 4822 807 4879 salutem,
845 4825 1028 4869 nostro
1067 4810 1197 4863 vitio
1233 4815 1467 4860 vertatur
1503 4803 1555 4855 in
1585 4811 1827 4869 pteuaut.

533 4910 710 4982 (γυνθ.
747 4905 858 4974 II.)
891 4925 908 4956 ι
934 4902 1140 4956 Idcirco
1172 4896 1355 4950 furore
1406 4890 1614 4946 Dontini
1674 4888 1861 4955 plenus
1886 4898 2029 4945 sum,

464 5002 701 5059 laboravi
735 4999 1029 5054 sustinens.
1072 5010 1093 5044 ι
1137 4986 1276 5042 LXX
1325 5000 1339 5039 :
1381 5003 1400 5036 ι
1456 4986 1519 5037 Et
1575 4983 1815 5035 Iurorem
1851 4989 2027 5029 meutn

464 5092 705 5163 implevi,
756 5099 809 5144 et
862 5084 1115 5147 sustinui,
1149 5092 1231 5151 ‘et
1291 5094 1393 5133 non
1453 5071 1767 5140 consumpsi
1818 5082 1964 5163 eum.
2005 5083 2023 5115 ι

459 5156 617 5241 insita
675 5156 1018 5241 IIebraicuu’r,
1071 5191 1134 5231 ex
1199 5183 1427 5242 persona
1470 5164 1748 5235 prophetae
1805 5156 2027 5219 dicitur,

462 5280 604 5349 quod
642 5273 946 5328 venientem
968 5273 1103 5323 iram
1131 5266 1225 5320 Dei
1255 5272 1378 5316 ante
1401 5258 1719 5329 prospiciat,
1749 5262 1803 5308 et
1837 5251 2028 5321 plenus

464 5458 600 5526 Syro
627 5462 877 5526 sermone
915 5446 1205 5526 cisternam
1253 5441 1335 5494 sic
1380 5429 2027 5526 appellarin-rortténti’a-

466 5499 974 5589 iiiiidstitV—Svrorniu
1031 5517 1113 5567 sui
1169 5499 1578 5589 tetttportsiaunt
1627 5499 2027 5589 vertusgrSygr‘of

463 5578 813 5648 chatdaicniu
866 5599 1170 5641 sermonem
1219 5578 1411 5634 innuit.
1474 5578 1607 5632 Vide
1652 5589 1770 5644 quae
1819 5578 1872 5625 in
1902 5585 2024 5623 eum

464 5670 639 5718 locutu
667 5674 1007 5711 auttotatnus.

542 5712 555 5761 λ
599 5732 799 5795 Malim,
848 5730 980 5795 quod
1026 5724 1350 5778 c.‘rcumrisio
1376 5736 1395 5785 ί
1423 5720 1474 5773 in
1505 5732 1635 5772 mss.
1676 5724 1854 5770 autem
1886 5712 2021 5766 duo-

2133 1862 2393 1929 juventtm
2421 1862 2606 1927 simul,
2649 1864 2740 1931 qui
2782 1863 2847 1916 ad
2906 1862 3310 1931 repugnandum
3341 1876 3490 1916 arma
3526 1861 3669 1915 corri-

2136 1963 2389 2021 puerant.
2429 1954 2522 2009 Vir
2555 1954 2698 2024 enim
2738 1969 2860 2009 cum
2898 1970 3066 2010 uxore
3092 1954 3357 2022 capietur,
3389 1955 3667 2009 dulcissima

2133 2044 2276 2099 inter
2296 2060 2353 2099 se
2378 2047 2592 2099 nemina
2619 2047 2819 2114 pariter
2847 2046 3081 2102 sentient
3109 2047 3499 2117 captivitatem,
3540 2061 3670 2101 senex

2134 2152 2258 2189 cum
2318 2137 2474 2203 pleno
2530 2138 2766 2192 dierum.
2810 2138 2951 2206 Ergo
3005 2150 3259 2194 senectus
3303 2156 3407 2194 non
3460 2150 3540 2194 est
3571 2148 3671 2192 mtas

2135 2227 2345 2290 ultima,
2395 2228 2488 2282 sed
2540 2231 2868 2300 eorumqui
2930 2230 3073 2301 pleni
3129 2240 3256 2285 sunt
3299 2232 3525 2298 dierum,
3565 2248 3671 2302 quau

2136 2329 2321 2373 nostro
2349 2335 2600 2375 sermone
2644 2324 2979 2392 appellamus
3003 2325 3286 2392 depositas,
3324 2327 3439 2379 sive
3466 2326 3673 2394 decrepi-

2134 2422 2236 2465 tos.
2273 2412 2551 2482 Sequitur,
2605 2415 2670 2469 Et
2708 2417 3011 2471 transibunt
3045 2419 3232 2472 domus
3267 2435 3443 2472 eorum
3472 2419 3541 2472 ad
3569 2420 3674 2472 altr-

2133 2523 2242 2572 ros,
2274 2509 2605 2577 captivitatis
2656 2510 2819 2576 malo,
2877 2513 2994 2581 agri
3043 2522 3093 2566 et
3148 2530 3338 2567 uxores
3384 2514 3592 2578 simul;
3634 2523 3675 2565 ttt

2132 2601 2325 2670 conjux
2362 2601 2427 2655 ad
2485 2602 2671 2657 hostes
2710 2611 2949 2657 transeat
2993 2611 3046 2656 et
3095 2606 3387 2672 possessio.
3424 2603 3673 2673 Quidquid

2127 2693 2279 2763 juxta
2328 2693 2564 2748 litteram
2602 2693 2957 2765 intelligimus
2992 2710 3152 2761 super
3189 2695 3513 2761 Jerusalem,
3540 2697 3673 2764 juxta

2141 2784 2557 2852 intelligentiam
2586 2785 2927 2855 spiritualem
2953 2786 3255 2842 referamus
3282 2789 3349 2841 ad
3378 2786 3674 2853 Ecclesiam,

2131 2876 2177 2928 si
2212 2874 2502 2929 oﬂ‘cnderit
2531 2876 2723 2932 Deum.

2204 2966 2381 3037 (Vers.
2419 2968 2506 3022 I3.
2535 2970 2714 3037 seqq.)
2741 2985 2761 3019 ι
2787 2969 2919 3034 Quia
2952 2970 3234 3023 extendam
3258 2987 3474 3026 manum
3519 2987 3674 3025 mra-tt

2129 3072 2294 3125 super
2323 3058 2628 3114 habitantes
2688 3068 2909 3126 terram,
2937 3062 3067 3115 dicit
3099 3064 3373 3116 Dominus.
3420 3063 3460 3118 Α
3491 3064 3677 3119 minore

2132 3150 2329 3219 quippe
2354 3167 2526 3220 usque
2554 3152 2621 3205 ad
2662 3153 2924 3219 majorem
2957 3169 3148 3209 omnes
3177 3156 3417 3210 avaritiae
3451 3156 3675 3222 student,

2131 3252 2184 3296 et
2214 3258 2241 3295 a
2272 3244 2539 3311 prepheta
2569 3258 2741 3312 usque
2775 3245 2841 3299 ad
2892 3245 3232 3302 sacerdotem
3278 3249 3459 3301 cuncti
3493 3248 3680 3304 faciunt

2130 3334 2333 3390 dolum.
2380 3334 2444 3388 Et
2498 3337 2766 3390 curabunt
2816 3338 3197 3393 contritionem
3224 3339 3344 3392 tiliae
3372 3341 3548 3408 populi
3584 3340 3679 3394 mei

2129 3440 2249 3478 cum
2293 3425 2611 3494 ignominia,
2663 3425 2906 3479 dicentes
2950 3442 2963 3479 :
3014 3425 3147 3489 Pax,
3199 3443 3323 3500 pax,
3354 3438 3406 3480 et
3451 3438 3681 3481 nouerat

2130 3532 2253 3585 pax.
2292 3535 2311 3567 ι
2339 3515 2492 3582 Quod
2522 3516 2573 3569 itt
2598 3516 2867 3570 Hebraico
2896 3518 3096 3570 dicitur
3124 3535 3140 3573 :
3173 3515 3463 3571 Extendunt
3483 3534 3679 3570 manuus

2130 3626 2299 3663 utram
2329 3626 2484 3677 super
2513 3617 2828 3673 peccatores,
2864 3608 2977 3662 sive
2998 3610 3320 3663 habitatores
3346 3621 3519 3673 terre,
3546 3609 3674 3677 apud

2130 3701 2271 3756 LXX
2303 3716 2519 3771 semper
2548 3701 2754 3754 etevabo
2785 3700 3061 3764 scribitur,
3108 3705 3202 3770 qui
3249 3711 3475 3771 uterque
3501 3719 3677 3772 percu-

2132 3794 2312 3849 tientis
2341 3804 2424 3847 est
2455 3792 2692 3847 habitus.
2723 3790 2885 3845 Juxta
2934 3792 3065 3845 illud
3092 3793 3238 3863 quod
3267 3795 3523 3863 scriptum
3555 3804 3668 3850 est:

2133 3884 2199 3938 Et
2232 3883 2400 3936 adhuc
2428 3901 2613 3937 manus
2652 3884 2862 3936 Domini
2906 3894 3133 3949 extenta,
3165 3890 3279 3940 sive
3317 3887 3515 3940 excelsa
3548 3885 3669 3954 (Isa.

2130 3989 2182 4039 v,
2213 3972 2327 4043 25).
2361 3973 2702 4028 Habitatores
2753 3984 2933 4027 autem
3001 3985 3160 4029 terra!
3205 3992 3418 4045 seraper
3459 3977 3511 4030 in
3555 3977 3672 4029 vitio

2129 4073 2278 4119 sunt.
2317 4064 2470 4119 Unde
2510 4075 2565 4119 et
2615 4066 2666 4119 iu
2707 4066 3031 4135 Apocalypsi
3078 4066 3413 4135 frequentius
3443 4070 3669 4122 dicitur:

2133 4158 2214 4211 Va:
2259 4157 2646 4211 habitatoribus
2683 4169 2839 4211 terra?
2880 4160 3070 4229 (Apoc.
3108 4175 3226 4222 vut,
3269 4160 3378 4231 I5).
3423 4161 3463 4213 A
3492 4162 3672 4213 minore

2132 4250 2226 4321 [ιιι.
2288 4247 2533 4320 minimo]
2594 4264 2763 4319 usque
2807 4252 2873 4303 ad
2939 4251 3193 4320 majorem
3254 4267 3445 4306 omnes
3482 4255 3673 4305 stulent

2130 4340 2411 4403 avaritiae;
2475 4343 2773 4394 secundum
2860 4340 2984 4393 illud
3039 4341 3390 4409 apostolicum
3452 4358 3467 4393 :
3524 4339 3675 4392 Radix

2061 4457 2107 4514 ι)
2136 4434 2365 4485 omnium
2398 4431 2660 4485 malorum
2686 4438 2763 4484 est
2800 4432 3026 4484 avaritia
3062 4430 3108 4499 (I
3152 4430 3284 4483 Tim.
3317 4447 3390 4494 VI,
3425 4432 3534 4501 I0).
3567 4430 3624 4484 Et
3651 4446 3675 4480 a

2136 4523 2397 4591 prepheta
2443 4537 2619 4590 usque
2649 4524 2713 4574 ad
2755 4524 3093 4576 sacerdotem
3141 4524 3321 4576 cuncti
3367 4522 3675 4578 faciuntdo-

2132 4611 2267 4675 Iunt,
2322 4613 2409 4664 alii
2440 4612 2491 4665 in
2526 4612 2895 4680 propltetando
2932 4612 3290 4674 mendacium,
3320 4613 3411 4666 alii
3450 4624 3678 4681 perverse

2131 4704 2538 4773 interpretando
2569 4705 2740 4774 legem
2778 4706 2894 4759 Dei.
2942 4703 3080 4758 Dicit
3110 4706 3253 4760 enim
3277 4716 3333 4759 et
3363 4708 3416 4759 iu
3448 4707 3549 4758 alio
3574 4705 3677 4757 loro

2130 4799 2435 4865 propheta:
2479 4794 2711 4861 Quwritc
2767 4801 2929 4866 legem
2980 4814 3013 4849 a
3068 4798 3424 4851 sacerdotibus
3478 4795 3676 4864 Uerene.

2130 4904 2321 4951 xxvnt,
2353 4888 2426 4953 7).
2460 4888 2522 4941 Et
2561 4904 2704 4952 cum,
2733 4889 2928 4957 inquit,
2955 4899 3102 4943 tanta
3139 4889 3402 4950 iacerent.
3432 4905 3672 4958 prospera

2131 4993 2355 5047 qua:tu
2401 4994 2523 5032 meo
2592 4980 2788 5048 popqu
2844 4981 3188 5046 nuntiabant,
3240 4984 3676 5051 etquasicurare

2130 5069 2425 5138 cupiebant
2453 5069 2669 5131 vulnus,
2694 5081 2746 5125 et
2780 5071 3130 5139 ignominiam
3164 5073 3284 5126 tilia:
3326 5090 3473 5137 meze,
3507 5073 3676 5125 dicen-

2133 5171 2235 5224 tes,
2293 5159 2432 5225 Paz,
2463 5176 2598 5225 pax;
2630 5176 2751 5215 cum
2803 5177 2903 5230 pax
2970 5165 3189 5217 munino
3241 5179 3346 5217 non
3375 5174 3534 5219 esset.
3578 5161 3677 5215 lIoc

2128 5252 2295 5323 886
2316 5252 2531 5322 proprie
2553 5255 2616 5307 de
2647 5254 3023 5309 sacerdotibus
3048 5266 3102 5309 et
3146 5256 3326 5311 doetm
3344 5260 3461 5313 ibus
3492 5258 3671 5312 intelli-

2130 5436 2228 5490 btts
2252 5441 2354 5496 est,
2390 5432 2529 5501 quod
2565 5433 2981 5488 iucircumcisio.

2200 5507 2219 5536 ³
2258 5505 2357 5558 Pro
2388 5505 2544 5584 foris,
2575 5510 2714 5570 quod
2742 5521 2818 5588 ti!“
2849 5505 3071 5587 Hebraeo
3094 5506 3478 5588 Vannipsaquc
3503 5501 3675 5588 Hiero:

2131 5590 2381 5646 nymtanzt
2410 5575 2658 5646 versione
2697 5575 3048 5646 restituinttts,
3096 5575 3348 5629 .Leudose
3380 5582 3564 5627 lentim
3596 5579 3673 5646 «ζει

2132 5643 2389 5698 hasteuus
2424 5644 2674 5709 furorem.
2719 5644 2821 5696 Aut
2875 5647 3022 5697 vocis
3074 5646 3392 5708 similitudo,
3442 5643 3674 5695 amauit-

2131 5728 2269 5770 nexa
2303 5713 2565 5780 t‘XpOsiliU
2600 5713 2827 5766 sciulutn
2876 5713 3155 5769 librarium
3190 5716 3479 5785 deceperit.
