3950 6180
283 331 390 392 ῗΞιἸ

285 557 419 595 nore
453 541 686 595 maximo
735 545 1090 606 constitutos,
1139 542 1525 611 repromittunt
1571 557 1853 610 prOSpera,

280 642 337 688 et
372 635 690 688 clementem
723 636 1018 705 praedicant
1047 635 1237 700 Deum,
1300 636 1471 704 magis
1501 635 1624 688 illos
1653 635 1858 703 suppli-

283 728 371 781 cio
409 739 459 778 et
486 727 781 782 iracundiae
814 739 1203 797 praeparantes.

358 821 537 889 (Vers.
582 823 693 892 15.)
734 841 752 875 ι
789 821 1009 878 Conlusi
1038 832 1184 889 sunt,
1236 822 1366 893 quia
1393 823 1854 877 abominationetn

284 917 531 970 fecerunt
559 933 573 970 :
607 914 735 984 quin
767 915 944 985 potius
965 914 1290 969 confusione
1320 929 1425 968 non
1469 925 1594 968 sunt
1623 913 1856 976 confusi,

283 1018 340 1062 et
370 1010 700 1063 erubescere
729 1009 1061 1062 nescierunt.
1103 1026 1122 1060 ι
1164 1006 1413 1062 Pressius
1443 1007 1547 1061 hoc
1575 1007 1857 1073 legendum

285 1108 371 1153 est
399 1099 552 1169 juxta
590 1097 941 1154 Hebraicum.
985 1096 1049 1150 Et
1097 1113 1244 1162 eum,
1283 1099 1480 1165 inquit,
1527 1106 1675 1151 tanta
1717 1095 1861 1149 f.-ce-

289 1191 423 1251 rint,
457 1189 712 1259 numquid
745 1189 956 1243 confusi
995 1187 1161 1242 sunt?
1193 1187 1458 1257 numquid
1529 1189 1864 1241 erubneinut

289 1281 343 1332 iu
381 1280 682 1334 sceleribus
727 1279 884 1334 suis?
941 1277 1083 1347 Quin
1119 1278 1297 1348 potius
1329 1285 1607 1345 peceatum
1661 1268 1902 1332 auxere.

289 1381 625 1437 contemptu,
680 1378 734 1424 et
783 1370 1108 1423 erubescere
1158 1369 1494 1422 nescierunt.
1548 1367 1860 1420 Nescieruut

289 1468 469 1513 autem
505 1461 594 1514 hic
629 1458 807 1528 posuit
844 1474 942 1528 pro
991 1459 1284 1512 noluerunt
1328 1476 1342 1512 :
1379 1459 1493 1511 sive
1541 1457 1708 1510 nimio
1733 1476 1864 1510 ron-

294 1559 501 1616 temptu
537 1559 593 1602 et
640 1550 770 1602 vitio
799 1547 975 1602 inoliti
1021 1547 1170 1612 mali,
1205 1562 1271 1600 ne
1316 1546 1617 1616 intell'gere
1650 1547 1862 1614 quidem

298 1650 610 1709 potuerunt.

371 1750 392 1783 ι
430 1729 794 1797 Quamobrem
825 1730 1023 1785 cadent
1054 1729 1196 1782 inter
1230 1738 1448 1783 ruentes
1489 1747 1504 1783 :
1538 1731 1589 1782 in
1623 1742 1865 1799 tempore

820 321 1308 393 COMMENTAR.
1358 334 1432 391 ιχ
1475 334 1870 396 JigllEMlAM
1916 336 2369 396 l‘ROPllETAM
2415 338 2557 398 LIB.
2600 337 2681 400 ll.
2713 339 2868 400 CAl’.
2904 338 3000 400 Vl.

285 449 518 517 gendum
556 456 661 513 est,
691 450 777 517 qui
810 449 1073 504 divitibus
1099 458 1153 504 et
1181 449 1260 503 eis
1288 463 1426 514 quos
1455 449 1642 504 vident
1671 450 1723 502 in
1762 450 1851 502 Ito-
1888 481 1929 534 Α
1962 451 2180 519 (ΙῖιρεΙι.
2214 468 2294 515 ιιι,
2355 445 2441 521 l7)
2517 453 2580 506 Et
2630 453 2858 520 pr;ccepi
2912 464 2965 504 ιιι
3012 449 3274 504 audiretis
3345 465 3530 502 vocem

3429 333 3536 398 75‘

1963 545 2122 608 tuine,
2149 543 2231 596 vel
2261 543 2512 598 mandata
2541 543 2840 613 Evangelii,
2867 544 2946 596 vel
2999 543 3297 597 doctrinam
3321 556 3541 610 aposto-

1964 634 2158 699 lorum,
2205 635 2360 705 juxla
2418 635 2546 689 illud
2607 635 2808 690 Isaias:
2884 632 2948 689 In
3004 644 3234 688 montem
3282 633 3538 687 excelsum

1964 727 2209 789 ascende,
2260 726 2352 795 qui
2402 726 2734 795 evangelisas
2786 725 2918 780 Sion
2952 741 2970 780 :
3001 724 3184 779 exulta
3224 725 3358 777 sicut
3414 723 3542 776 tuba

1964 833 2137 870 vocem
2181 827 2348 882 tuam,
2383 817 2472 883 qui
2495 816 2780 870 auuuutias
2810 813 3110 870 Jerusalem
3147 813 3286 882 (Isa.
3342 829 3429 875 ιι,
3460 813 3536 879 9).

1965 907 2067 972 Qui
2102 906 2355 960 dixerunt
2399 920 2413 959 :
2462 903 2582 958 Non
2624 906 2934 968 audiemus;
2973 914 3027 957 et
3074 903 3286 957 invitati
3318 904 3384 954 ad
3433 915 3542 954 coc-

1967 1012 2112 1058 nam,
2148 997 2444 1051 noluerunt
2461 996 2648 1049 venire
2675 1009 2689 1048 :
2715 1003 2994 1064 pr0pterca
3031 994 3229 1047 dicitur
3273 1009 3287 1047 :
3329 991 3538 1052 Audite.

1964 1100 2158 1159 gentes.
2208 1088 2359 1154 Quod
2408 1088 2580 1141 secuti
2619 1096 2748 1140 sunt
2809 1096 2861 1140 et
2909 1085 3160 1156 apostoli,
3195 1084 3409 1153 quando
3457 1083 3543 1134 lo-

1967 1192 2210 1250 qnunlnr
2245 1182 2296 1234 itt
2337 1179 2605 1250 Lycaonia
2638 1194 2654 1236 :
2703 1176 2860 1231 Vobis
2885 1178 3092 1246 quidem
3129 1175 3397 1243 oportebat
3431 1175 3546 1242 pri-

1968 1289 2109 1324 mum
2136 1272 2278 1341 loqui
2311 1271 2520 1325 verbum
2550 1269 2644 1323 Dei
2675 1284 2693 1321 :
2727 1270 2818 1322 sed
2863 1269 2991 1338 quia
3028 1267 3278 1335 repellitis
3308 1263 3464 1329 illud,
3493 1273 3542 1318 et

1967 1364 2210 1434 indignos
2238 1380 2325 1416 vos
2364 1363 2623 1432 judicatis
2650 1369 2858 1415 wterua:
2877 1360 3016 1423 vitm,
3049 1374 3164 1412 ecce
3195 1357 3545 1411 convertimur

1969 1457 2038 1510 ad
2075 1466 2248 1526 gentes
2288 1455 2429 1524 (Act.
2485 1469 2605 1517 xm,
2632 1451 2746 1522 46).
2779 1450 2844 1505 Et
2875 1465 3163 1520 cognosce,
3194 1448 3544 1520 congregatio

1970 1563 2310 1618 nequaquam
2342 1545 2590 1611 Judaica,
2626 1544 2722 1600 sed
2751 1544 2997 1600 omnium
3071 1542 3372 1606 nationum,
3431 1541 3546 1594 sive

1971 1637 2062 1703 qui
2093 1636 2314 1704 pascitis
2345 1649 2558 1704 greges.
2590 1633 2830 1702 episcopi
2863 1641 2918 1686 et
2943 1631 3245 1701 presbyteri
3280 1639 3334 1685 et
3365 1631 3543 1684 omnis

1971 1729 2105 1783 ordo
2154 1726 2578 1788 ecclesiasticus,
2666 1726 2750 1779 vel
2803 1723 3118 1794 cognoscite
3170 1719 3540 1776 testimonium

295 1825 628 1880 visitationis
667 1839 783 1878 suae
814 1832 1093 1884 eorruent.
1139 1821 1272 1876 dicit
1321 1819 1606 1877 Dominus.
1646 1841 1666 1874 ι
1719 1825 1858 1888 Quo.
1897 1830 1936 1882 Β
1965 1821 2106 1888 quod
2151 1819 2202 1872 in
2231 1820 2313 1874 eis
2345 1828 2448 1873 est.
2485 1815 2864 1872 Testimonium
2902 1817 3039 1870 enim
3095 1813 3188 1868 Dei
3227 1814 3402 1881 ﬁdele,
3449 1830 3544 1866 sa-

294 1917 465 1979 niam,
511 1915 608 1981 ait,
664 1917 992 1969 erubescere
1037 1913 1367 1976 nescierunt,
1439 1923 1494 1967 et
1548 1928 1652 1968 non
1689 1915 1864 1968 solum

292 2021 452 2076 opus,
501 2005 599 2062 sed
658 2020 726 2060 ne
795 2005 1081 2060 scientiam
1137 2004 1354 2073 quidem
1449 2003 1754 2059 habuerunt
1815 2015 1867 2058 et

293 2112 518 2154 sensum
571 2097 902 2166 paenitentiae
940 2113 954 2150 :
994 2104 1279 2164 prapterea
1334 2095 1530 2150 cadent
1575 2097 1664 2165 qui
1717 2098 1869 2164 prius

293 2195 516 2244 stabant
540 2190 680 2242 inter
724 2203 842 2250 eos,
893 2188 985 2258 qui
1040 2188 1186 2241 vitiis
1215 2188 1331 2242 suis
1360 2198 1637 2251 corruent,
1669 2199 1717 2242 et
1745 2204 1868 2241 t'lllll

295 2279 634 2335 visitationis
693 2291 748 2334 et
803 2294 975 2350 postia:
1030 2293 1219 2332 eorum
1291 2286 1503 2345 tempus
1563 2280 1868 2341 advenerit,

294 2371 514 2426 cunctis
541 2369 822 2424 ruentibus
861 2369 1239 2423 sociabuntur.
1280 2365 1519 2422 Grandis
1553 2377 1734 2421 autem
1772 2369 1870 2420 im-

298 2463 494 2530 pietas,
547 2475 650 2514 non
689 2460 862 2515 solum
900 2474 1006 2513 non
1043 2473 1260 2520 cavere.
1296 2457 1390 2512 sed
1426 2473 1527 2513 nec
1569 2459 1872 2528 intelligere

298 2552 438 2606 velle
473 2561 790 2619 peecata,et
810 2553 1008 2605 nullam
1030 2552 1234 2606 habere
1255 2551 1567 2606 distantiam
1607 2553 1870 2606 bonorum

302 2644 678 2711 malorumque
707 2659 956 2712 operum.

375 2734 553 2804 (Vers.
610 2733 677 2787 t6
717 2733 897 2804 seqq.)
954 2753 973 2787 ι
1026 2734 1152 2789 Haec
1198 2735 1328 2791 dicit
1382 2736 1690 2791 Dominus:
1725 2733 1875 2790 State

303 2839 470 2892 super
502 2825 616 2878 vias
638 2835 693 2877 et
725 2825 924 2884 videte.
957 2834 1010 2880 et
1037 2825 1368 2895 interrogate
1399 2827 1465 2880 de
1492 2825 1706 2880 semitis
1730 2825 1874 2878 anti-

301 2920 589 2988 quis,qua
618 2918 689 2971 sit
718 2917 799 2971 via
838 2919 998 2982 bona,
1024 2925 1078 2970 et
1111 2916 1384 2973 ambulate
1409 2917 1463 2972 in
1511 2932 1594 2982 ea,
1630 2926 1685 2972 et
1722 2918 1875 2973 inve-

305 3011 467 3062 nietis
527 3008 868 3078 refrigerium
905 3009 1033 3078 (sive
1087 3008 1545 3080 purificationem)
1585 3009 1876 3065 animabus

305 3102 525 3156 vestris.
581 3099 646 3154 Et
675 3102 927 3155 dixerunt
959 3099 1114 3154 :Non
1151 3099 1547 3154 ambulabitnus
1593 3101 1722 3168 (sive
1769 3115 1875 3154 non

1967 1911 2216 1979 pientiam
2251 1920 2510 1984 priestans
2539 1909 2774 1978 parvulis
2816 1905 2989 1977 (Psal.
3022 1921 3178 1968 xvttt,
3211 1905 3288 1974 ii).
3337 1904 3547 1970 Quibus

1967 2003 2206 2072 loquitur
2254 2011 2309 2056 et
2367 2003 2628 2056 Dominus
2681 2015 2695 2054 :
2738 1997 2865 2053 Noli
2901 2003 3106 2064 iuuere,
3157 2014 3284 2068 grex
3331 1997 3546 2064 parvule

1969 2093 2122 2163 (Luc.
2170 2105 2268 2160 xu,
2316 2093 2449 2161 3'3).
2516 2093 2609 2159 Et,
2677 2091 2812 2147 Ecce
2847 2108 2939 2160 ego
2995 2101 3042 2145 et
3088 2092 3236 2160 pueri
3286 2090 3385 2142 mci
3419 2105 3548 2159 quos

1969 2185 2098 2238 mihi
2131 2185 2274 2239 dedit
2331 2183 2472 2238 Deus
2519 2181 2660 2254 (15a.
2719 2199 2836 2249 vni,
2886 2182 2996 2251 l8).
3039 2180 3368 2251 Cognoscite
3412 2196 3540 2250 ergo

1971 2285 2176 2344 quanta
2227 2275 2422 2330 faciam
2455 2275 2656 2346 populo
2709 2289 2818 2330 non
2853 2273 3120 2330 credenti.
3154 2273 3416 2341 Quodque
3469 2273 3551 2325 in-

1975 2367 2148 2422 fertur
2205 2383 2221 2426 :
2277 2369 2442 2431 Audi,
2481 2379 2644 2433 terra,
2699 2377 2844 2421 totus
2904 2367 3053 2420 orl-is
3107 2366 3174 2419 ad
3222 2365 3547 2418 audiendum

1973 2469 2219 2528 vocatur,
2279 2460 2423 2514 sicut
2453 2469 2508 2513 et
2530 2461 2583 2514 in
2607 2459 2873 2529 principio
2903 2458 3052 2512 Isaiae
3085 2457 3314 2525 legimus
3341 2472 3354 2508 :
3386 2457 3554 2519 Audi,

1973 2552 2179 2619 cretum,
2215 2562 2264 2607 et
2301 2553 2517 2606 auribus
2551 2552 2776 2622 percipe,
2812 2560 2956 2604 terra
3009 2549 3185 2619 (ibid.,
3223 2547 3276 2611 i,
3301 2547 3394 2617 2);
3433 2561 3550 2616 quae

1974 2645 2187 2699 scilicet
2222 2645 2484 2700 Dominus
2519 2643 2760 2698 facturus
2786 2643 2855 2697 sit
2883 2642 3078 2711 populo
3110 2640 3443 2694 ludarorutu.

2050 2735 2230 2804 (Vers.
2298 2735 2406 2803 l9.)
2450 2753 2468 2787 ι
2529 2735 2667 2790 Ecce
2726 2749 2826 2804 ego
2876 2733 3137 2787 adducam
3194 2731 3332 2784 mala
3389 2744 3553 2798 super

1976 2827 2228 2898 populum
2271 2828 2456 2892 istum,
2497 2827 2731 2881 fructum
2769 2825 3158 2894 cogitationum
3231 2823 3356 2892 (sive
3399 2835 3553 2876 aver-

1977 2918 2170 2989 sionis)
2198 2919 2338 2989 ejus,
2383 2919 2512 2989 quia
2539 2919 2703 2972 verba
2759 2933 2875 2972 mea
2903 2932 3011 2971 non
3051 2916 3361 2976 audierunt,
3394 2922 3448 2968 et
3482 2913 3555 2966 le-

1977 3024 2097 3080 gem
2140 3024 2310 3064 meam
2353 3009 2722 3079 projecerunt.
2768 3025 2787 3058 s
2824 3005 2958 3059 Mala
3009 3005 3246 3074 appellat
3289 3003 3553 3073 supplicia

1980 3117 2274 3172 pinnasque
2304 3101 2644 3170 patientium,
2677 3114 2784 3154 non
2817 3113 2980 3168 super
2999 3107 3187 3167 gentes
3211 3109 3330 3164 qua:
3349 3108 3553 3149 vocan-

307 3191 551 3259 ibimus).
591 3189 656 3243 Et
680 3189 940 3244 constitui
976 3203 1142 3259 super
1159 3161 1664 3258 vosspeculatores,
1690 3190 1874 3244 audite
1904 3161 1946 3219 θ
1980 3161 2070 3248 lur
2115 3161 2202 3246 adu
2235 3161 2518 3262 Evangelii
2558 3161 2902 3256 veritatem;
2927 3161 3027 3244 sed
3079 3161 3245 3258 super
3302 3184 3554 3256 populum

305 3297 493 3334 vocem
543 3282 700 3335 tubae.
753 3281 820 3336 Et
879 3283 1152 3345 dixerunt,
1213 3281 1330 3334 Non
1391 3280 1696 3334 audiemus.
1750 3280 1877 3335 Ideo

305 3375 490 3427 audite
519 3374 648 3437 (sive
699 3374 1027 3443 audierunt),
1073 3381 1261 3440 gentes
1307 3389 1322 3426 :
1366 3382 1421 3427 et
1449 3386 1714 3441 cognosce
1773 3371 1874 3444 [al.

304 3465 637 3536 cognoscite]
663 3465 1011 3534 congregatio
1069 3464 1199 3535 (sive
1233 3462 1327 3534 qui
1369 3464 1590 3532 pascitis
1617 3465 1828 3534 greges)
1862 3479 1877 3518 :

305 3567 402 3610 aut
428 3556 582 3624 juxta
608 3557 1016 3627 Symmachum,
1045 3566 1098 3610 et
1129 3555 1440 3626 cognoscite
1473 3557 1876 3628 (testimonium

305 3651 447 3718 quod
478 3651 530 3703 in
555 3650 754 3713 eislest)
781 3657 982 3718 quanta
1004 3664 1102 3713 ego
1129 3647 1323 3703 faciam
1350 3649 1448 3703 eis.
1472 3649 1633 3711 Audi,
1659 3657 1825 3703 terra.
1853 3667 1872 3700 ι

306 3737 632 3809 Evangelica
666 3740 928 3810 parabola
969 3739 1014 3793 si
1048 3739 1215 3793 fuerit
1259 3739 1554 3805 intellecta,
1588 3741 1748 3810 hujus
1777 3741 1879 3795 loci

307 3832 568 3900 prrebebit
597 3830 1010 3900 intelligentiam
1046 3845 1063 3886 :
1100 3831 1153 3884 in
1193 3847 1297 3900 qua
1337 3833 1644 3898 negotiator
1707 3832 1882 3892 bonus

306 3939 502 3978 omnes
548 3923 786 3977 vendere
835 3923 1034 3976 dicitur
1091 3925 1436 3994 margaritas,
1488 3933 1546 3976 ut
1593 3923 1660 3976 de
1708 3924 1882 3992 pretio

306 4032 497 4071 carum
552 4032 713 4071 unam
793 4026 941 4072 emat
1015 4017 1474 4086 pretiosissimam
1534 4017 1881 4086 margaritam

306 4107 519 4177 (Matth.
570 4111 689 4179 xui)
743 4124 756 4160 :
811 4108 954 4177 quod
1004 4109 1212 4164 scilicet
1257 4123 1353 4178 per
1409 4109 1746 4178 patriarchas
1829 4116 1885 4164 et

308 4204 601 4270 prophetas
632 4202 908 4256 veniamus
961 4202 1027 4255 ad
1068 4215 1190 4254 eum
1239 4201 1332 4271 qui
1367 4201 1497 4256 dicit
1537 4219 1550 4256 :
1591 4199 1703 4271 Ego
1764 4217 1882 4254 sum

306 4295 395 4348 via
441 4292 626 4359 (Joan.
659 4310 767 4355 xtv,
791 4292 866 4360 6).
901 4291 1166 4347 Standum
1198 4303 1280 4347 est
1315 4293 1478 4362 igitur
1507 4294 1559 4346 in
1581 4294 1882 4363 prophetis.

306 4396 362 4437 et
393 4385 807 4453 diligentissime
822 4383 1317 4451 contemplandum,
1351 4391 1404 4437 et
1439 4384 1882 4451 interrogandum

1981 3286 2072 3353 qui
2113 3285 2396 3354 respondit
2431 3300 2444 3334 :
2487 3283 2609 3337 Non
2650 3283 2954 3336 audiemus.
3005 3279 3070 3333 Et
3117 3288 3434 3346 recepturus
3473 3287 3556 3332 est

1980 3377 2214 3431 frui-tum
2243 3375 2660 3446 cogitationum,
2687 3376 2800 3428 sive
2835 3373 3147 3427 aversiouis
3173 3386 3308 3435 sua‘,
3335 3373 3555 3426 dicente

1983 3469 2150 3524 David
2176 3484 2190 3524 :
2219 3465 2450 3521 Labores
2477 3481 2728 3519 manuum
2762 3473 2972 3517 tuarum
3002 3463 3344 3517 manducabis
3375 3460 3553 3531 (Psal.

1981 3575 2187 3622 cxxvn,
2222 3561 2300 3629 ἓ).
2344 3560 2627 3627 Causaque
2649 3557 2954 3628 perspicua,
2993 3555 3118 3625 quia
3153 3554 3313 3609 verba
3340 3553 3555 3609 Domini

1984 3670 2090 3709 non
2122 3653 2418 3714 audierint,
2449 3661 2502 3707 et
2537 3651 2706 3721 legem
2745 3650 2863 3718 ejus
2897 3649 3219 3718 altjecerinl.

2055 3743 2234 3817 (Veis.
2265 3743 2380 3816 20.)
2447 3763 2466 3796 ι
2507 3743 2707 3812 thuid
2740 3743 2870 3796 mihi
2905 3742 3029 3796 tltus
3057 3739 3125 3795 tle
3151 3740 3293 3794 Saba
3321 3738 3555 3804 alienis,

1983 3847 2039 3893 et
2067 3838 2334 3892 calamum
2391 3851 2560 3892 suave
2617 3836 2853 3889 olentem
2903 3835 2967 3888 de
3025 3844 3165 3888 terra
3221 3832 3554 3902 longinqua?

1983 3929 2306 3986 Holocausta
2330 3926 2516 4000 [Vulg.
2553 3924 3049 3995 Holocaustomata)
3082 3935 3260 3980 vestra
3291 3937 3396 3978 non
3429 3933 3558 3976 sunt

1984 4029 2210 4090 accepta
2241 4039 2256 4075 :
2285 4031 2338 4075 et
2358 4019 2590 4075 victimas
2632 4030 2829 4073 vestrae
2857 4017 2988 4071 mihi
3023 4034 3128 4071 non
3155 4016 3493 4086 placuerunt.
3535 4035 3552 4064 ι

1985 4115 2141 4180 Quod
2184 4112 2341 4166 tltura
2373 4114 2438 4164 de
2479 4107 2621 4163 Saba
2673 4108 2895 4160 veniant
2925 4120 3083 4160 nemo
3115 4107 3322 4160 dubitat
3356 4122 3370 4157 :
3415 4104 3554 4156 unde

1985 4216 2043 4260 et
2097 4204 2229 4259 illttd
2283 4201 2636 4273 Virgilianum
2701 4217 2716 4254 :
2768 4198 3088 4267 Ceutumque
3148 4196 3334 4251 Sabiro
3383 4195 3558 4249 Tlture

1987 4296 2157 4350 calent
2187 4311 2310 4350 ,αι-ιε
2339 4293 2583 4365 (ίΕηεὶά.
2623 4292 2683 4363 t).
2714 4290 2998 4344 Calamum
3037 4299 3239 4352 autem,
3283 4289 3424 4358 quod
3456 4286 3558 4342 He-

1988 4389 2171 4443 braice
2201 4388 2400 4442 dicitur
2453 4399 2592 4440 CANB
2651 4385 2820 4453 (nm),
2867 4397 2966 4452 pro
2985 4398 3091 4451 quo
3123 4380 3261 4435 LXX
3295 4392 3350 4435 et
3383 4379 3558 4434 Theo-

309 4479 376 4531 de
403 4477 618 4531 sentitis
639 4475 874 4542 antiquis
898 4476 1011 4529 sive
1038 4474 1411 4542 sempiternis,
1437 4489 1559 4544 qua:
1588 4477 1880 4529 tnultornns
1917 4492 1959 4548 υ
1989 4481 2138 4537 dotio
2184 4479 2356 4550 888
2402 4479 2705 4531 cinnamum
2753 4477 2768 4506 ‘
2820 4475 3237 4538 transtulerunt,
3287 4474 3356 4528 de
3414 4483 3556 4527 terra

309 4579 620 4621 sanctorum
665 4576 793 4621 sunt
831 4567 970 4620 tritae
1013 4566 1279 4634 vestigiis,
1329 4580 1447 4633 quae
1488 4562 1886 4636 signiﬁcatitius

309 4659 496 4713 (ΖΙ-πρε
553 4658 891 4728 appellantur
941 4657 1141 4728 τρίϐοι,
1201 4673 1321 4727 qua:
1374 4659 1446 4711 sit
1498 4661 1583 4711 via
1636 4659 1772 4713 bona
1834 4659 1884 4713 itt

314 4750 604 4820 Evangelia
656 4749 873 4820 (Matth.
926 4750 1052 4819 vn),
1109 4759 1160 4802 et
1220 4750 1602 4804 ambulandum
1643 4751 1694 4803 in
1749 4766 1811 4806 ea
1869 4767 1882 4803 :

313 4860 432 4912 quze
467 4845 551 4895 via
602 4859 724 4894 cum
766 4842 982 4896 inventa
1023 4841 1211 4906 luerit,
1271 4843 1476 4911 prarbet
1518 4841 1884 4912 refrigerium,

312 4936 429 4987 sive
477 4934 923 5002 purificationem
976 4933 1262 4985 animabus
1294 4930 1654 4985 credentium.
1707 4932 1774 4984 At
1812 4931 1884 4985 illi

309 5025 475 5095 887
508 5041 538 5078 e
569 5025 844 5077 contrario
882 5023 1304 5091 respOnderunt,
1336 5022 1451 5075 Non
1486 5022 1886 5074 atnbnlabinttts

314 5132 410 5184 per
443 5119 581 5169 viam
615 5114 907 5181 Evangelii,
968 5114 1183 5181 proprie
1234 5114 1336 5166 hoc
1369 5113 1630 5182 propheta
1671 5115 1887 5166 dicente

314 5211 381 5262 de
420 5207 643 5278 periiilia
678 5205 1010 5259 Jndworum.
1045 5203 1351 5271 Statimque
1388 5203 1546 5257 infert
1589 5217 1604 5258 :
1655 5203 1717 5257 Et
1756 5221 1885 5257 cono

313 5302 458 5354 stitui
505 5314 661 5367 super
706 5314 794 5352 vos
839 5297 1218 5364 speculatores.
1260 5295 1408 5350 lland
1464 5295 1688 5350 dubiutn
1755 5296 1882 5364 quin

315 5391 680 5457 apostolorum
733 5388 986 5442 indicitur
1041 5393 1263 5452 chorus,
1301 5389 1452 5457 juxta
1491 5387 1828 5441 Ezecltielem
1867 5403 1882 5443 :

315 5487 416 5539 Fili
477 5485 726 5546 hominis,
777 5481 1160 5549 speculatorem
1213 5493 1262 5535 te
1303 5480 1423 5535 dedi
1477 5481 1656 5534 domui
1711 5477 1886 5534 Israel

385 5623 400 5652 ¹
430 5619 660 5682 Victor..
693 5622 1082 5675 cinnamomum
1115 5637 1180 5675 ex
1219 5619 1357 5675 LXX
1393 5620 1648 5674 lectioatc.

384 5692 405 5719 '
436 5691 582 5753 Fort.
615 5693 812 5744 κασίαν
845 5694 1104 5762 σύριγγα,
1129 5693 1207 5746 sic
1238 5691 1384 5746 enim
1419 5691 1655 5762 Galenus
1686 5690 1878 5758 appel-

319 5759 418 5827 lat,
446 5777 607 5832 quam
650 5764 806 5832 vulgo
837 5759 1130 5816 cauuetlam
1165 5763 1394 5815 dicimus
1441 5776 1452 5812 :
1512 5761 1652 5830 quod
1706 5762 1882 5814 doctis

1986 4573 2176 4626 venire
2219 4571 2515 4640 longinqua
2564 4564 2917 4637 propheticus
2962 4581 3144 4621 sermo
3193 4575 3446 4630 testatur,
3501 4575 3556 4617 ut

1987 4663 2350 4734 intelligamus
2419 4661 2650 4726 Indiam,
2693 4663 2761 4715 de
2814 4675 2919 4730 qua
2975 4675 3070 4729 per
3119 4675 3267 4713 mare
3312 4658 3553 4711 Rubrum

1986 4758 2144 4826 plura
2166 4756 2390 4810 veniunt
2416 4750 2814 4808 aromata.lloc
2837 4768 3008 4818 genus
3033 4751 3292 4821 pigmenti
3323 4749 3514 4802 medici
3537 4753 3555 4780 ²

1985 4849 2182 4901 κασίαν
2210 4848 2471 4918 σύριγγος
2504 4844 2792 4915 appellant.
2839 4844 3006 4897 Etest
3035 4857 3232 4896 sensus
3270 4858 3282 4894 :
3329 4839 3552 4895 Frustra

1988 4940 2117 4992 mihi
2152 4939 2207 4993 in
2261 4947 2535 5009 unguenta
2571 4935 2930 4998 conﬁcienda,
2979 4947 3097 5003 quae
3126 4932 3264 5001 Lege
3289 4943 3552 5002 praecepta

1987 5043 2138 5098 sunt,
2169 5031 2672 5086 suavissimiodoris
2703 5029 2972 5098 pigmenta
3006 5024 3288 5090 confertis,
3322 5037 3376 5080 et
3404 5025 3554 5080 holo-

1986 5135 2172 5178 causta
2196 5122 2558 5184 succenditis,
2590 5121 2684 5190 qui
2737 5134 2908 5172 meatu
2951 5118 3004 5171 in
3053 5115 3195 5187 Lege
3243 5134 3346 5172 non
3375 5118 3553 5174 facitis

1986 5217 2346 5279 voluntatem,
2389 5213 2542 5282 juxta
2581 5212 2724 5280 quod
2763 5222 2924 5276 supra
2960 5207 3164 5261 dictum
3194 5221 3274 5262 est
3311 5224 3326 5263 :
3388 5208 3552 5262 Verba

1986 5325 2103 5363 mea
2145 5323 2251 5360 non
2311 5305 2627 5368 audierunt,
2675 5311 2724 5356 et
2775 5302 2938 5371 legem
2982 5317 3152 5354 meam
3197 5302 3552 5370 projeceruut.

1986 5398 2100 5452 Hoc
2124 5407 2306 5451 autem
2345 5395 2562 5464 proprie
2614 5393 2868 5447 convenit
2901 5393 3005 5455 his,
3035 5393 3124 5462 qui
3157 5393 3222 5448 de
3263 5393 3464 5460 rapinis
3497 5401 3554 5447 et

1985 5487 2280 5544 nudatione
2302 5486 2624 5540 miserorum
2651 5481 2890 5538 olferunt
2911 5483 3204 5549 sacrificia,
3234 5494 3288 5536 et
3313 5481 3553 5535 elecmoo

1985 5637 2205 5694 quoque
2236 5621 2369 5676 viris
2405 5619 2620 5694 probari
2661 5620 2839 5694 video,
2889 5618 3060 5694 quiet
3100 5617 3373 5694 proludia
3432 5618 3550 5688 pla.

1987 5690 2393 5764 gant‘Sinat'unt
2425 5691 2592 5746 multo
2619 5692 2963 5746 remotiorem
2991 5693 3078 5744 hic
3114 5690 3449 5759 intelligunt.
