3950 6180
463 294 566 363 755

1645 316 1706 376 S.
1745 317 2060 379 EUSEBII
2101 323 2181 382 l-ll
2198 323 2543 385 ERONYMI
3576 346 3660 409 756

455 417 606 512 avitis
632 420 1010 512 exiniqnitat’e
1027 439 1084 477 se.
1107 435 1297 492 putant
1323 426 1588 482 redimere
1605 443 1765 496 posse
1788 446 2028 500 peccata,
2067 445 2103 496 Α
2136 438 2338 492 solvam
2379 451 2428 493 le
2474 445 2557 511 [ac
2597 442 2745 510 (Cen.
2790 461 2900 510 xtx,
2941 444 3049 512 i7).
3085 446 3162 499 Ad
3208 461 3363 512 quem
3397 448 3447 502 in
3475 449 3594 507 lsaia
3619 467 3662 507 et

455 508 672 562 dicente
703 508 982 580 Scriptura
1018 529 1030 566 :
1064 513 1366 582 Redemptio
1398 520 1590 574 animi:
1645 522 1772 588 viri,
1800 527 2030 592 propria:

455 603 658 656 divitia:
682 602 869 674 (Prov.
903 621 1020 664 χιιι.
1051 606 1128 674 8),
1164 622 1284 676 qua:
1324 624 1432 664 non
1465 612 1532 665 de
1584 613 1890 683 iniquitate,
1933 619 2026 672 sed

456 695 524 748 de
555 695 738 752 labore
767 707 822 752 et
848 698 1057 766 justitia
1084 713 1504 773 congregantur.

526 787 703 858 (Vers.
735 790 847 858 21.)
877 809 896 842 ο
925 790 1212 860 Propterea
1240 795 1353 850 haec
1376 795 1511 851 dicit
1536 798 1796 854 Dominus
1827 817 1845 855 τ
1885 801 2025 857 Ecce

454 895 555 949 ego
587 881 800 937 daboin
838 884 1086 953 pepulum
1117 886 1277 940 istum
1309 895 1520 953 ruinas,
1579 900 1634 945 et
1661 903 1824 946 ruent
1855 895 1906 946 in
1949 895 2028 950 eis

455 975 585 1039 (sive
616 975 1008 1042 infirmitatem,
1069 988 1122 1033 et
1157 979 1575 1035 iafirmabuntur
1618 983 1670 1036 in
1725 983 1812 1051 ea)
1847 993 2028 1053 patres

451 1075 507 1119 et
537 1065 631 1119 filii
684 1067 864 1133 simul,
900 1069 1112 1124 vicinus
1161 1085 1220 1124 ac
1254 1075 1556 1142 proximus,
1591 1084 1641 1128 et
1692 1076 1962 1144 peribunt.
2003 1097 2020 1128 ι

449 1159 672 1226 impleta
730 1160 980 1216 videmus
1021 1165 1201 1216 omnia
1249 1178 1367 1232 quae
1419 1165 1682 1221 Dominus
1719 1167 1796 1221 illi
1833 1164 2028 1237 pepulo

449 1252 816 1308 comminatus
834 1265 953 1310 est:
980 1257 1215 1322 quotidie
1233 1273 1378 1312 enim
1405 1269 1569 1314 ruunt
1595 1261 1646 1313 in
1674 1262 2025 1330 blasphemiis

449 1347 589 1412 suis,
628 1347 870 1416 nihilque
919 1350 979 1402 in-
1004 1364 1064 1402 se
1085 1351 1286 1404 habent
1315 1350 1476 1418 forte,
1510 1353 1605 1406 sed
1657 1354 1838 1409 onmis
1885 1356 2024 1424 ame

451 1454 542 1493 cos
579 1440 872 1494 inﬁrmitas
898 1449 1004 1495 est.
1035 1441 1152 1495 Filii
1190 1452 1404 1512 patrum
1434 1455 1735 1512 sequuntur
1772 1445 2024 1512 hlaSphe-

452 1530 621 1594 mias,
657 1539 709 1583 et
749 1531 991 1598 quotidie
1025 1532 1298 1601 recipiunt
1335 1533 1485 1587 illam
1523 1533 1975 1602 imprecationcm
2006 1553 2022 1591 :

451 1619 680 1690 Sanguis
701 1621 815 1690 ejus
849 1637 1002 1688 super
1023 1639 1136 1687 nos,
1164 1633 1208 1674 et
1232 1639 1391 1690 super
1411 1622 1552 1691 filios
1576 1634 1782 1676 nostros
1804 1622 2024 1689 (Matth.

449 1729 621 1778 xxvii,
648 1715 780 1782 25).;
816 1723 870 1768 et
900 1729 1004 1768 non
1038 1715 1210 1768 solum
1240 1715 1364 1780 ipsi,
1399 1716 1494 1768 sed
1528 1726 1577 1769 et
1605 1716 1771 1769 vieini
1815 1726 1866 1770 et
1904 1731 2028 1785 pro-

447 1807 580 1863 ximi
631 1821 846 1870 eorum,
897 1818 952 1861 et
1002 1822 1198 1860 omnes
1236 1809 1325 1878 qui
1373 1807 1569 1878 Legem
1620 1819 1671 1862 et
1725 1807 2024 1878 Prophetas
2062 1792 2100 1843 Β

450 1912 754 1969 sequuntur
791 1902 947 1968 juxta
973 1899 1315 1955 occidentem
1346 1900 1612 1966 litteram,
1649 1910 1697 1953 et
1737 1917 1842 1955 non
1874 1900 2023 1963 juxta

449 1996 698 2064 spiritum
745 1994 1135 2060 vivificantem,
1177 2005 1231 2047 ct
1279 2011 1467 2048 omnes
1507 1994 1711 2062 pariter
1747 1995 2020 2062 peribunt,

452 2087 578 2154 quia
606 2101 794 2140 omnes
826 2086 1032 2154 pariter
1056 2097 1446 2153 peccaverunt.

524 2177 703 2246 (Vt-rs.
733 2178 823 2241 ΕΞ,
855 2177 973 2247 25.)
1012 2198 1030 2229 ι
1069 2177 1195 2231 Haec
1234 2178 1366 2231 dicit
1411 2177 1672 2230 Dominus
1710 2197 1720 2228 :
1757 2177 1893 2229 Ecce
1926 2191 2026 2245 po-

453 2271 610 2338 pulus
634 2271 782 2325 venit
807 2271 871 2324 de
905 2280 1052 2324 terra
1091 2271 1397 2336 Aquilonis,
1420 2279 1474 2323 et
1516 2286 1645 2338 gens-
1675 2284 1866 2335 magna
1895 2285 2025 2322 con-

453 2373 637 2431 sttrget
672 2378 698 2414 a
736 2362 933 2415 finibus
966 2370 1145 2416 terra‘.
1192 2360 1454 2428 Sagittam
1510 2371 1563 2414 et
1618 2372 1830 2414 scutum
1901 2364 2026 2427 (sive

451 2453 784 2525 zeltynnant)
831 2453 1053 2522 arripiet
1090 2472 1106 2508 :
1151 2453 1384 2507 crudelis
1425 2465 1507 2507 est
1553 2454 1660 2522 (rel
1719 2453 2022 2523 ittipudrns)

450 2560 503 2602 et
539 2563 642 2602 non
670 2548 1024 2603 miserebitur
1053 2564 1066 2602 :
1101 2563 1204 2600 vox
1238 2546 1356 2615 ejus
1383 2549 1537 2615 Qttasi
1580 2564 1727 2600 mare
1763 2547 1976 2599 sonabit
2006 2563 2018 2600 :

449 2652 505 2695 et
530 2655 693 2710 super
723 2654 894 2706 equos
948 2641 1267 2706 ascenderit,
1307 2640 1595 2708 prteparati
1646 2638 1798 2706 quasi
1847 2639 1927 2691 vir
1955 2636 2020 2690 ad

453 2733 696 2802 praelium
729 2730 1016 2786 adversum
1057 2733 1074 2762 ¹
1130 2741 1203 2794 te,
1243 2731 1351 2783 filia
1402 2727 1554 2783 Sion.
1594 2748 1614 2780 ι
1659 2730 1885 2799 Proprie
1919 2729 2024 2782 hoc

450 2828 516 2884 de
545 2826 856 2897 Babyloniis
892 2825 1265 2894 prophetatttr,
1305 2825 1396 2894 qui
1429 2823 1643 2875 venturi
1678 2832 1805 2875 sunt
1832 2831 2021 2874 contra

452 2919 711 2988 [epulum
753 2918 1055 2987 Jerusalem
1087 2933 1101 2968 :
1138 2927 1192 2970 et
1223 2915 1401 2969 omnis
1439 2925 1726 2967 armatura:
1771 2918 1906 2966 ordo
1937 2915 2025 2964 dc-

451 3012 731 3074 scribitur,
760 3021 813 3064 et
845 3011 1076 3078 impetus
1106 3008 1502 3077 prteliantinm,
1545 3018 1601 3058 ttt
1638 3006 1786 3058 vocis
1813 3013 2024 3057 terrore

451 3104 723 3168 toucussi,
772 3113 934 3173 agant
993 3098 1395 3171 paenitentiam,
1437 3111 1490 3153 ct
1536 3099 2019 3152 clementissimum
2051 3123 2096 3184 ο

450 3200 670 3270 placent
715 3199 903 3252 Deum.
951 3196 1194 3265 Denique
1239 3195 1330 3249 dat
1377 3193 1720 3248 occasionem
1770 3192 2017 3260 rogandi,

453 3297 580 3342 t‘um
630 3289 780 3353 dicit,
818 3288 1095 3340 adversum
1129 3297 1195 3347 te,
1239 3285 1356 3354 ﬁlia
1400 3284 1551 3339 Sion.
1587 3282 1884 3337 Possumus
1918 3280 2021 3333 hoc

455 3380 767 3434 testimonio
825 3378 975 3432 abuti
1027 3377 1425 3446 persecutionis
1480 3384 1746 3441 tempore,
1799 3377 2021 3440 quando

452 3474 634 3528 omnis
660 3475 918 3526 adversus
961 3489 1062 3527 nos
1095 3471 1292 3524 diaboli
1329 3470 1502 3522 rabies
1535 3471 1862 3524 concitatur.
1897 3464 2018 3518 nul-

455 3568 611 3634 laque
664 3565 1035 3619 misericordia
1082 3574 1165 3618 est
1208 3580 1222 3616 :
1260 3571 1313 3614 et
1350 3561 1504 3630 quasi
1551 3556 2017 3612 vehetnentiSsimi

451 3660 619 3715 maris
646 3658 866 3722 fluetus,
902 3655 973 3708 ita
997 3654 1306 3722 opprimunt
1334 3652 1666 3705 resistentes.

524 3753 704 3822 (Vers.
739 3750 855 3820 24.)
900 3767 920 3801 ‹
960 3747 1282 3802 Audivimus
1317 3744 1516 3798 famam
1551 3743 1668 3813 ejus
1700 3761 1713 3797 :
1741 3743 2022 3798 dissolutm

453 3856 582 3902 sunt
624 3860 817 3898 manus
853 3841 1026 3912 889
1059 3851 1296 3902 oosmc;
1353 3836 1630 3889 trilmlatio
1663 3837 2018 3903 apprehendit

455 3956 575 4003 nos,
637 3939 854 3992 dolores
907 3935 1060 4003 quasi
1114 3931 1502 4001 parturientem
1558 3931 1600 3982 ⁸.
1665 3947 1682 3979 ι
1728 3926 2023 3994 Respondit

415 4015 422 4030 ’
455 4031 682 4102 pepultts
707 4030 792 4082 cui
825 4025 1109 4097 propheta,
1168 4029 1274 4077 itno
1306 4037 1399 4089 per
1423 4020 1734 4090 prephetam
1761 4017 2025 4072 Dominus

455 4122 766 4192 Babyloniis
819 4119 1184 4174 comminatus
1240 4125 1326 4169 est
1361 4131 1374 4166 :
1413 4115 1538 4183 quia
1592 4122 1884 4179 antequam
1937 4125 2026 4162 ve-

458 4217 630 4281 tiattt,
688 4215 883 4268 timore
935 4209 1172 4280 superati
1214 4208 1344 4272 sint,
1393 4221 1491 4260 nec
1546 4205 1760 4274 possint
1811 4203 2025 4257 elevate

458 4293 674 4368 manus,
697 4315 751 4358 et
773 4303 1016 4373 angustia
1047 4316 1142 4356 eos
1179 4296 1655 4367 comprehenderit
1681 4295 1833 4361 quasi
1867 4295 2026 4348 dolor

459 4397 897 4466 lariurientem;
945 4410 1055 4464 quo
1089 4393 1276 4446 dolore
1318 4390 1454 4444 nihil
1488 4389 1759 4442 afﬁrmant
1803 4387 2025 4456 gravius

456 4507 577 4564 qua:
605 4499 920 4546 senserunt.

527 4585 707 4656 (Vers.
734 4583 852 4652 ‘25.)
905 4600 922 4632 ς
959 4578 1136 4633 Nolite
1177 4578 1326 4632 exire
1357 4580 1420 4631 ad
1451 4591 1631 4646 agros,
1669 4586 1719 4627 et
1754 4574 1806 4627 in
1842 4575 1922 4626 via
1960 4591 2028 4626 ne

456 4674 741 4732 ambuletis
767 4690 781 4725 :
810 4671 1065 4741 quoniam
1096 4668 1308 4737 gladius
1334 4667 1574 4732 inimici,
1617 4675 1785 4734 pavor
1823 4664 1873 4716 in
1915 4663 2030 4716 cir-

455 4768 626 4824 cuitu.
663 4785 683 4818 ι
721 4763 889 4820 Docet
922 4762 1279 4831 Evangelium
1310 4758 1530 4830 (Matth.
1582 4759 1735 4826 xxiv)
1769 4772 1872 4810 non
1908 4770 2029 4810 esse

455 4861 764 4917 exeundum
803 4860 867 4914 in
908 4874 1118 4930 agrum,
1174 4870 1272 4909 nec
1313 4855 1379 4908 de
1427 4860 1698 4908 tectorum
1737 4849 2031 4903 altitudine

457 4953 918 5019 descendendum,
981 4950 1078 5005 sed
1131 4947 1469 5004 audiendum
1514 4945 1648 5000 illud
1687 4963 1699 4998 :
1739 4944 1805 4997 In
1854 4952 2028 4996 monte

533 5139 551 5169 ¹
580 5138 845 5192 Duomss.
878 5150 1054 5205 super,
1089 5147 1186 5205 pro
1210 5131 1488 5205 adversum
1525 5129 1747 5205 habent:

530 5211 550 5241 ³
585 5207 749 5261 Iidem
777 5220 910 5260 mss.
941 5197 1396 5274 quemadmodum
1415 5210 1480 5274 _et
1514 5215 1676 5274 penes
1723 5197 2041 5274 Rabanttm,.

457 5290 504 5331 et
542 5279 752 5332 dolores
800 5270 974 5343 quasi
997 5273 1380 5341 parturientis-
1411 5270 1477 5323 Et
1509 5271 1672 5339 paulo
1710 5280 1852 5338 post,
1906 5270 2030 5337 quia

459 5350 599 5417 quod
627 5356 908 5417 antequam
945 5344 1176 5417 veniant.

535 5420 556 5451 ³
582 5417 732 5471 Jaitl.
761 5409 890 5468 'lloc
921 5429 1116 5467 nomen
1141 5413 1426 5468 l-iebrteum
1457 5425 1578 5464 cum
1613 5409 1860 5477 proxime
1889 5424 2027 5462 con»

461 5488 710 5559 sequenti
747 5483 1474 5559 nonnihibcorrupttttn_est
1501 5481 1553 5533 in
1593 5478 1787 5559 multis
1843 5494 2030 5531 mann-

462 5549 682 5627 seriptis
705 5554 1131 5627 exemplaribus,
1154 5549 1787 5627 _ubi_scrlpt_o_resantiqui
1815 5561 2032 5616 propter

464 5620 794 5693 imperitiam
833 5620 1031 5692 lingua:
1070 5621 1348 5693 Hebraica:
1383 5620 1486 5672 Aid
1528 5623 1667 5680 sine,
1707 5628 2026 5693 posuerunt,

464 5709 519 5746 et
543 5690 725 5754 ididtv,
763 5696 844 5749 vel
873 5690 1047 5757 idida,
1081 5700 1173 5743 aut
1206 5691 1370 5753 idide,
1409 5705 1502 5757 pro
1537 5704 1667 5748 lDlD,
1710 5691 1851 5753 quod
1899 5690 2030 5742 dile-

468 5774 606 5822 ctum
641 5764 944 5835 significat;
978 5765 1022 5818 si
1053 5763 1196 5818 enim
1231 5768 1519 5828 poneretur
1561 5761 1750 5824 ididia,
1784 5760 2027 5814 dilectum

2134 527 2356 584 Michma
2385 529 2526 598 (Iso.
2560 548 2597 585 tt
2624 549 2639 595 ;
2684 532 2841 589 Mich.
2885 538 2959 604 tv)
2988 534 3240 605 iubemur
3271 554 3502 608 currere,
3529 553 3661 612 atque

2131 622 2521 678 conscendere.
2559 621 2878 694 Praecipitnr
2922 636 3101 680 autem
3139 627 3294 697 juxta
3329 629 3570 698 litteram,
3609 652 3660 688 ne

2133 709 2278 764 foras
2307 724 2524 779 exeant,
2559 731 2657 770 nec
2686 717 2942 772 deserant
2972 735 3177 786 muros,
3217 719 3312 775 sed
3345 729 3584 779 tueantur
3610 742 3656 780 se

2132 800 2463 857 firmissimis
2497 807 2910 864 munitionibus.

2203 891 2385 960 (Vers.
2425 894 2540 965 26.)
2574 913 2593 946 σ
2637 896 2772 950 Filia
2798 900 2980 970 populi
3019 902 3146 966 mei,
3184 902 3462 974 accingere
3485 904 3658 966 cilicio,

2135 993 2188 1037 et
2227 999 2589 1056 eonspergere
2643 988 2852 1054 cinere,
2906 993 3115 1048 luctum
3164 995 3426 1063 unigetiiti
3465 997 3575 1067 (sive
3598 1000 3662 1051 di-

2128 1075 2274 1144 lecti)
2306 1078 2388 1131 f'ac
2415 1079 2509 1132 tibi
2545 1080 2821 1148 planctum
2865 1099 3110 1139 amarum
3136 1086 3266 1156 (sive
3296 1088 3658 1159 miserabilem),

2130 1167 2252 1234 quia
2292 1179 2512 1236 repente
2553 1172 2728 1226 veniet
2775 1182 3014 1228 vastator
3058 1177 3186 1246 (sive
3234 1178 3472 1246 miseria)
3527 1197 3664 1249 super

2133 1275 2227 1312 nos
2258 1260 2387 1329 (s've
2413 1277 2578 1328 super
2613 1265 2753 1333 vos).
2799 1283 2815 1317 ι
2854 1266 2992 1333 Quia
3027 1284 3184 1340 supra
3225 1271 3432 1325 dixerat
3473 1288 3487 1325 τ
3518 1271 3663 1328 Nolite

2127 1353 2270 1405 exire
2297 1353 2368 1405 ad
2412 1371 2591 1423 agros,
2635 1366 2682 1409 et
2724 1359 2777 1411 in
2822 1362 2907 1413 via
2950 1378 3013 1415 ne
3043 1363 3321 1418 ambuletis
3382 1379 3401 1418 .'
3446 1369 3658 1434 quoniam

2129 1441 2340 1512 gladius
2390 1447 2613 1511 inimici,
2665 1466 2830 1518 pavor
2867 1454 2919 1505 in
2953 1453 3214 1520 circuitu,
3249 1466 3305 1510 et
3341 1458 3511 1527 fugam
3553 1473 3662 1527 quo-

2129 1550 2234 1603 que
2291 1537 2642 1606 prohibuerat
2687 1555 2702 1595 :
2745 1543 2904 1598 docet
2931 1545 3059 1612 quid
3099 1547 3281 1603 facere
3337 1550 3574 1612 debeant,
3617 1561 3664 1603 ut

2129 1638 2548 1709 convertantur,
2582 1633 2798 1689 scilicet
2851 1637 2918 1690 ad
2979 1639 3384 1707 paenitentiam,
3441 1649 3492 1696 et
3547 1643 3662 1697 hanc

2137 1717 2501 1775 firmissimam
2548 1731 2602 1776 et
2637 1738 2887 1778 securam
2919 1727 3154 1783 habeant
3205 1740 3545 1786 armaturam.
3580 1729 3659 1786 Ubi

2130 1826 2228 1864 nos
2263 1813 2519 1876 diximus,
2557 1814 2778 1869 Luctum
2816 1819 3071 1886 unigeniti
3109 1819 3196 1888 foe
3227 1821 3343 1879 tibi.
3373 1837 3466 1892 pro
3502 1823 3659 1890 unige-

2131 1904 2265 1967 nito,
2323 1905 2375 1959 in
2424 1903 2688 1962 Ilebraico
2741 1909 2997 1964 scribitur
3053 1927 3168 1967 ιλιι)
3220 1913 3242 1945 ³
3289 1913 3476 1984 (-uru),
3536 1915 3656 1984 quod

2130 1985 2302 2065 magis
2326 1997 2648 2062 solitarium,
2679 2016 2840 2068 quam
2874 2003 3208 2072 unigenitum
3254 2017 3432 2060 sonat.
3465 2005 3516 2060 Si
3541 2007 3656 2060 enim

2128 2095 2272 2139 esset
2293 2087 2540 2154 dilectus,
2567 2090 2680 2143 sive
2724 2092 2994 2160 amabilis,
3029 2106 3088 2148 ut
3114 2093 3259 2164 LX)‘
3283 2099 3660 2158 transtulerunt.

2129 2179 2442 2251 IDID:(T’T’)
2499 2189 2811 2249 poneretur,
2902 2186 3044 2255 quod
3103 2198 3167 2257 et.
3222 2189 3488 2245 Salomoni
3547 2190 3660 2244 Deus

2130 2285 2326 2324 nomen
2353 2272 2628 2340 imposuit.
2658 2277 2802 2329 Nihil
2822 2288 2998 2330 autem
3021 2281 3316 2346 dolentius,
3341 2298 3492 2350 quam
3521 2299 3658 2335 unum

2129 2363 2208 2412 vel
2250 2362 2420 2415 solum
2459 2365 2680 2430 perdere
2709 2365 2873 2419 filium
2910 2367 2988 2438 (II
3023 2370 3146 2440 Reg.
3184 2371 3308 2443 XII).
3335 2373 3460 2428 Illud
3482 2389 3660 2443 quoque

2128 2456 2270 2521 quod
2308 2469 2406 2509 nos
2447 2456 2788 2526 interpretati
2825 2476 3032 2527 sumus,
3066 2465 3194 2531 quia
3262 2475 3468 2531 repente
3521 2465 3658 2518 veniet

2127 2554 2386 2613 vastator,
2419 2547 2535 2601 sive
2577 2551 2788 2602 miseria
2823 2567 2982 2616 super
3027 2571 3144 2619 nos,
3184 2555 3548 2626 Septuaginta,
3589 2571 3658 2608 w-

2125 2652 2217 2705 per
2233 2654 2340 2704 vos,
2367 2651 2667 2709 posuerunt
2697 2659 2711 2695 :
2737 2657 2859 2697 cum
2885 2647 3051 2701 multo
3073 2645 3216 2702 Deus
3246 2649 3624 2704 misericordias
3645 2648 3659 2676 ⁸

2128 2727 2326 2784 dixerit
2367 2746 2382 2785 :
2425 2740 2484 2785 ut
2528 2733 2791 2802 quidquid
2851 2747 3014 2804 super
3067 2754 3225 2792 suum
3269 2750 3540 2793 venturum
3591 2745 3659 2790 est

2126 2821 2407 2889 populum.
2444 2837 2606 2888 super
2652 2840 2713 2879 se
2744 2841 2956 2896 quoque
3005 2829 3193 2882 venire
3226 2838 3470 2884 testetur.
3500 2827 3659 2881 Vasta-

2129 2923 2300 2966 torem
2345 2908 2524 2968 autem
2589 2919 2830 2987 proprie,
2891 2919 2973 2974 vel
3034 2917 3541 2988 Nabuchodonosor,
3590 2919 3656 2976 vel

2127 3003 2397 3058 diabolum
2417 3005 2710 3076 significat.

2203 3095 2382 3166 (Vers.
2412 3097 2484 3152 2'7
2513 3101 2690 3171 seqq.)
2728 3121 2745 3152 ι
2789 3100 3136 3158 Probatorem
3174 3103 3301 3159 dedi
3331 3115 3380 3160 te
3417 3104 3466 3158 in
3492 3101 3656 3173 pepulo

2127 3201 2247 3240 meo
2277 3191 2580 3255 robustum,
2634 3201 2687 3243 et
2739 3193 2902 3258 scies,
2937 3203 2992 3249 et
3014 3194 3277 3264 probabis
3312 3196 3445 3250 viam
3472 3209 3652 3250 eorum.

2128 3278 2327 3335 Omnes
2352 3281 2441 3336 isti
2470 3283 2741 3352 principes
2762 3285 3097 3342 declinantes
3122 3288 3255 3358 (sive
3284 3288 3656 3352 inobedientes),

2127 3373 2470 3430 ambulantes
2500 3376 2874 3433 fraudulenter
2905 3381 3031 3450 (sive
3058 3382 3353 3451 perverse).
3382 3381 3475 3436 Es
3496 3392 3542 3435 et
3571 3379 3659 3432 fer-

2126 3480 2270 3529 rum,
2310 3467 2546 3521 universi
2598 3470 2840 3538 corrupti
2888 3481 3034 3536 sunt,
3089 3471 3294 3528 defecit
3335 3470 3654 3528 suﬂlatorium

2129 3558 2181 3612 in
2213 3559 2332 3628 igne
2358 3559 2536 3629 (quem
2558 3559 2957 3629 significantius
2984 3561 3161 3619 Graeci
3197 3567 3485 3636 φυσητῆρα
3508 3559 3658 3631 appel-

2129 3651 2290 3719 lant),
2339 3665 2718 3723 consumptum
2780 3666 2863 3710 est
2923 3655 3090 3726 890
3137 3657 3438 3726 plumbum,
3485 3655 3655 3707 frustra

2129 3742 2381 3796 cooflavit
2414 3745 2674 3798 caullator
2705 3746 2834 3812 (sive
2865 3747 3256 3818 argentarius).
3295 3746 3499 3801 Malitia:
3537 3744 3658 3798 enim

2129 3849 2320 3889 eorum
2357 3851 2463 3890 non
2507 3846 2634 3892 sunt
2670 3851 3004 3907 consumpta:
3039 3855 3054 3891 :
3085 3853 3376 3907 argentum
3407 3837 3658 3908 reprobum

2127 3937 2318 3982 vocate
2351 3943 2466 3992 eos,
2524 3929 2649 3998 quia
2702 3929 2958 3984 Dominus
2990 3931 3216 4000 proiecit
3245 3934 3364 3987 illos
3393 3932 3435 3987 ⁸.
3472 3950 3488 3983 ι
3519 3930 3660 3982 Datur

2129 4020 2392 4088 prepheta
2466 4023 2664 4090 popttlo
2733 4022 3020 4076 ineredtt'o
3093 4024 3356 4092 probator
3417 4024 3654 4078 robustus.

2129 4111 2272 4181 quod
2314 4110 2577 4166 l-lebraice
2617 4113 2815 4166 dicitur
2876 4129 3075 4167 uxnsan
3126 4113 3362 4186 (Ἕως),
3424 4113 3550 4184 quod
3592 4109 3657 4162 vel

2130 4204 2414 4266 munitum,
2460 4203 2612 4274 juxta
2664 4205 2939 4273 Aquilam,
2975 4206 3056 4259 vel
3102 4206 3344 4262 clausum
3376 4217 3528 4277 atque
3575 4203 3657 4254 cir-

2129 4297 2462 4362 cumdatum,
2522 4295 2676 4365 juxta
2742 4295 3126 4368 Symmachum
3195 4311 3250 4355 et
3311 4299 3448 4356 LXX
3506 4304 3655 4356 suttali

2131 4388 2302 4441 instar
2349 4389 2497 4442 urbis
2531 4390 2856 4444 firmissimas
2902 4390 2944 4456 ⁸,
2988 4401 3048 4445 ut
3081 4391 3255 4448 nullas
3306 4391 3476 4461 populi
3521 4387 3658 4457 perti-

2062 4469 2104 4525 D
2135 4488 2343 4534 mcscat
2372 4479 2634 4547 insidias;
2684 4491 2739 4535 et
2765 4496 2886 4534 cum
2911 4484 3249 4550 probaveris,
3287 4485 3382 4550 ait,
3409 4493 3458 4536 et
3487 4478 3652 4536 scieris

2129 4575 2272 4626 viam
2301 4574 2481 4642 populi
2510 4573 2896 4645 delinquentis,
2939 4583 3068 4631 tunc
3109 4575 3380 4648 intelligas
3413 4580 3658 4643 argentum

2131 4679 2241 4719 tere
2277 4664 2629 4719 commixtum
2662 4664 2811 4719 nulla
2847 4666 3060 4720 ratione
3091 4681 3249 4734 posse
3271 4665 3501 4737 purgari.
3537 4661 3661 4740 Quo-

2133 4757 2293 4810 modo
2325 4755 2468 4810 euim
2505 4750 2785 4825 plutnbtttti
2818 4755 3073 4812 miscetur
3101 4758 3352 4822 metallis,
3386 4769 3496 4826 quae
3531 4749 3657 4806 adul-

2135 4859 2307 4905 terata
2366 4863 2495 4906 sunt
2552 4861 2718 4921 atque
2759 4853 2982 4918 violata,
3021 4863 3078 4906 ttt
3134 4853 3359 4908 materia
3411 4852 3656 4917 separetur

2134 4943 2335 5012 aliena,
2373 4955 2430 4999 et
2455 4944 2500 4999 si
2534 4943 2760 5000 forsitan
2793 4957 3020 5016 purgata
3047 4961 3153 5001 non
3187 4946 3374 5008 fuerit.
3415 4943 3654 5013 plumbum

2136 5126 2350 5182 Domini
2409 5136 2654 5192 sonaret,
2716 5141 2823 5180 non
2887 5127 3139 5180 dilectum
3190 5118 3564 5182 tantummodo,
3611 5120 3657 5165 ul

2134 5197 3014 5269 ιιιριιθιηηίεωιιγιιιιιεηΜΑιιτιΑΝ.
3046 5268 3050 5269 ν
3523 5258 3533 5269 ο

2205 5266 2226 5296 ⁸
2273 5259 2379 5323 Pro
2427 5253 2844 5332 ntise'ricordius,
2877 5271 2928 5320 in
2967 5268 3144 5322 tribus
3192 5281 3320 5320 mss.
3363 5272 3442 5318 est
3471 5253 3658 5311 ntirabi-

2133 5339 2258 5393 lius.
2376 5361 2382 5367 '

2207 5411 2226 5441 ⁸
2261 5408 2491 5463 Cisterc.
2526 5423 2647 5460 cum
2678 5406 2877 5478 _V_a_tj_c..
2913 5409 3035 5477 quia
3081 5405 3408 5478 projecieos.

2211 5481 2231 5510 ο
2255 5458 2426 5547 riga
2445 5458 2641 5531 nationi
2676 5458 3440 5547 cxx,‘irroranda.nam,
3464 5481 3566 5547 quin
3601 5458 3654 5547 3})

2134 5567 2236 5604 nos
2283 5535 2451 5615 usque
2505 5535 2894 5616 pervenerunt,
2951 5547 3374 5618 exemplaribus.
3405 5544 3480 5618 ,ἐν
3529 5535 3651 5618 λαρξξ

2132 5603 2640 5687 δεδοκιμᾶςμέἶαοις.
2687 5633 2805 5686 qua:
2837 5603 2948 5681 vix,
2983 5628 3077 5670 aut
3115 5603 3190 5672 'ne
3220 5615 3302 5671 vix
3333 5603 3550 5684 quidem,
3585 5603 3662 5656 his

2135 5692 2309 5745 instar
2341 5691 2481 5742 urbis
2513 5688 2850 5754 ﬁrmissima,
2883 5699 3203 5742 consonant.
