3950 6180
291 311 400 370 757

829 306 1327 370 COMMENTAR.
1380 308 1457 366 IN
1499 302 1903 365 JEl‘tEMIAM
1945 301 2402 362 PROPIIETAM
2445 304 2591 362 LIB.
2636 301 2718 370 ll,
2759 299 2917 360 CAP.
2959 299 3085 359 νιῐ.

3456 294 3566 355 7L8

296 436 461 474 omne
483 420 846 484 consumitur,
873 432 924 474 et
951 422 1002 475 in
1036 421 1266 476 nihilum
1297 419 1562 490 redigitur
1589 419 1696 472 :ita
1717 429 1876 470 omne
1905 415 1946 472 Α
1980 423 2033 470 et
2068 425 2193 469 tunc
2226 416 2426 485 populo
2460 415 2792 477 Iudaeorum,
2824 422 2878 466 ct
2907 411 3064 465 hodie
3098 407 3254 462 nobis
3283 408 3374 474 qui
3413 413 3564 462 vide-

297 516 573 584 eloquium
612 514 1011 578 doctrinarum,
1039 523 1092 567 ct
1125 527 1308 568 sermo
1356 511 1708 581 prOpbeticus
1740 511 1880 578 perit

301 609 354 660 in
389 608 472 660 his
496 607 586 675 qui
620 605 806 660 audire
837 613 1190 660 contemnunt
1222 603 1397 674 (Psal.
1435 602 1586 671 Lvtt).
1623 602 1880 654 Dicamus

303 710 357 752 et
393 713 561 768 super
588 699 692 762 his,
715 699 804 767 qui
827 697 965 752 sicut
991 697 1210 762 aspicies
1233 697 1411 767 surda;
1426 697 1686 749 obturant
1717 708 1880 747 aures

307 805 461 851 snas,
490 806 553 844 ne
575 790 974 844 audiantvoces
1010 789 1433 843 incantantinm.
1482 786 1706 841 Frustra
1734 785 1880 840 enim

306 879 565 934 couﬁavit
595 881 942 952 argentarius
972 879 1087 932 sive
1112 878 1381 933 conﬂatur
1420 896 1432 930 :
1472 877 1697 930 malitiae
1737 877 1881 930 enim

304 986 494 1023 eorum
549 987 656 1025 non
712 978 840 1024 sttnt
892 979 1252 1037 consumpta}.
1319 965 1473 1022 Unde
1539 982 1882 1036 nequaquam

305 1073 620 1131 argentum,
665 1062 762 1118 sed
805 1072 1097 1134 argentum
1159 1059 1455 1128 reprobum
1509 1066 1636 1113 sunt
1683 1057 1884 1122 vocati,

306 1153 437 1221 quia
483 1153 748 1208 Dominus
789 1154 989 1224 abjecit
1027 1167 1142 1208 eos.
1177 1152 1460 1217 Principes
1489 1157 1669 1206 autem
1703 1159 1832 1204 sunt
1856 1167 1884 1204 a

310 1245 541 1298 Domino
567 1247 904 1310 recedentes,
927 1243 1043 1298 sive
1074 1243 1470 1307 inobedientcs,
1508 1244 1597 1312 qui
1632 1257 1886 1312 perverse

312 1337 595 1391 ambulant
623 1347 677 1390 et
713 1335 1108 1392 fraudulenter.

389 1427 543 1497 (Cap.
578 1426 689 1481 Vll.
715 1457 786 1466 —
816 1428 969 1483 Vers.
1003 1428 1056 1490 1,
1083 1427 1163 1498 2.)
1199 1445 1216 1480 t
1250 1425 1486 1480 Verbum
1515 1429 1658 1495 quod
1688 1424 1888 1478 factum

315 1529 402 1572 est
439 1521 503 1572 ad
536 1517 829 1572 Jercmiam
866 1535 894 1572 a
931 1520 1186 1587 DOtnino,
1221 1519 1410 1573 dicens
1450 1536 1466 1574 :
1509 1520 1600 1571 Sta
1634 1519 1684 1572 in
1739 1527 1891 1586 porta

314 1614 510 1665 domus
545 1613 774 1674 Domini,
842 1625 892 1666 et
928 1614 1158 1682 prmdica
1213 1613 1315 1670 (vel
1351 1613 1488 1681 lige)
1543 1613 1612 1665 ibi
1667 1613 1888 1664 vcrbntn

317 1704 483 1765 istud,
499 1717 547 1757 et
567 1707 654 1759 dic
672 1725 687 1759 ς
705 1707 904 1760 Audite
923 1707 1144 1760 verbum
1169 1706 1403 1772 Domini,
1421 1706 1600 1760 omnis
1617 1702 1772 1768 Jnda,
1799 1706 1890 1774 qui

1984 523 2106 561 mur
2150 509 2202 562 in
2246 509 2486 564 Ecclesia
2526 508 2833 569 constituti,
2874 521 2941 558 ne
2980 503 3231 558 ﬁduciam
3264 501 3561 556 habeamus

1985 601 2037 656 in
2080 601 2432 654 aediﬁciorum
2487 601 2796 668 splendore,
2840 598 3149 666 auratisque
3192 595 3562 661 laquearibus,

1984 700 2038 747 et
2080 692 2290 748 vestitis
2322 693 2624 762 parietibus
2670 706 3001 744 marmorum
3061 688 3282 748 crustis,
3324 696 3380 741 et
3422 687 3568 740 dica-

1985 800 2108 839 mus
2133 802 2149 839 ε
2179 784 2462 853 Templqu
2496 784 2732 846 Domini,
2761 782 3016 850 templum
3047 780 3282 844 Domini,
3310 779 3564 848 templum

1987 876 2195 929 Domini
2219 883 2322 930 est.
2351 876 2487 928 Illud
2539 874 2684 929 enim
2717 867 2974 944 templum
3009 871 3219 926 Domini
3246 880 3351 936 est,
3380 871 3429 923 in
3466 886 3570 939 quo

1988 969 2200 1024 habitat
2232 984 2362 1023 vera
2399 969 2553 1033 ﬁdes,
2585 978 2774 1022 sancta
2813 967 3181 1029 conversatio,
3218 965 3572 1029 omniumque

1987 1061 2246 1115 virtutum
2291 1062 2513 1116 chorus.
2545 1060 2787 1130 Denique
2820 1059 2986 1114 infert
3019 1076 3033 1112 :
3064 1057 3120 1113 Si
3151 1068 3318 1111 rectas
3347 1057 3575 1125 feceritis

1988 1155 2097 1207 vias
2129 1164 2348 1219 vestras,
2379 1163 2435 1208 et
2463 1153 2724 1220 cogitatio
2756 1163 2936 1208 vestra
2973 1167 3077 1205 non
3112 1149 3310 1204 abierit
3339 1160 3462 1219 post
3490 1164 3579 1201 cr-

1989 1263 2188 1311 rorem,
2233 1256 2279 1300 et
2322 1247 2493 1300 secuti
2539 1246 2752 1300 fueritis
2792 1245 3084 1314 justitiam,
3115 1245 3186 1298 'et
3221 1242 3426 1297 malum
3473 1257 3577 1296 non

1992 1340 2250 1418 feceritis,
2291 1355 2465 1408 mque
2505 1339 2808 1394 cﬁ‘uderitis
2843 1338 3162 1408 sanguinem
3203 1336 3573 1398 innocentem,

1991 1432 2271 1501 simplices
2295 1448 2543 1501 quosque
2576 1448 2685 1488 non
2718 1433 3156 1488 scandalizantes
3180 1447 3195 1496 ;
3224 1442 3276 1485 et
3305 1439 3428 1498 post
3454 1432 3582 1482 deos

1991 1524 2198 1579 alienos
2229 1541 2335 1579 non
2370 1525 2801 1584 ambulaveritis.
2832 1540 3090 1594 perversa
3142 1523 3431 1579 adorantes
3490 1520 3584 1573 do-

1994 1627 2194 1686 gmata,
2242 1634 2360 1686 quae
2413 1618 2483 1672 de
2512 1628 2692 1672 vestro
2721 1620 2885 1673 corde
2929 1617 3230 1672 sitnulastis
3277 1617 3328 1668 in
3383 1615 3581 1668 malum

1997 1713 2401 1780 vobismetipsis
2431 1729 2446 1765 :
2481 1712 2562 1766 vel
2595 1711 2850 1766 habitabo
2882 1709 3158 1764 vobiscum
3201 1709 3254 1762 itt
3295 1708 3412 1760 loco
3447 1707 3570 1764 isto,

320 1797 662 1863 ingredimini
693 1814 787 1865 per
813 1807 996 1866 portas
1020 1799 1138 1860 has,
1164 1806 1220 1850 nt
1245 1798 1488 1852 adoretis
1518 1773 1825 1849 Dominum.
1865 1815 1883 1846 ο
1925 1773 1966 1829 Β
1995 1818 2154 1872 quem
2200 1773 2406 1858 vocatis
2425 1801 2707 1872 Templum
2743 1801 2858 1866 Dei,
2892 1809 2946 1854 ct
2980 1801 3034 1854 in
3081 1809 3226 1854 terra
3257 1813 3418 1868 quam
3451 1798 3572 1851 dedi

319 1887 434 1942 Hoc
466 1890 518 1941 in
551 1889 789 1942 editione
823 1889 964 1944 LXX
997 1906 1103 1943 non
1138 1888 1390 1951 habetur,
1422 1889 1516 1943 sed
1551 1889 1616 1943 de
1642 1889 1896 1944 Theodo-

321 1984 469 2034 tione
502 1982 517 2012 ⁸
559 1999 622 2036 ex
655 1981 918 2038 Hebraico
950 1985 1194 2038 additum
1233 1993 1342 2039 est.
1376 1984 1680 2051 lmperatur
1712 1992 1892 2036 autem

319 2073 624 2142 propheta},
671 2084 730 2127 ut
773 2084 882 2129 stet
921 2077 976 2128 in
1019 2085 1174 2143 porta
1211 2075 1446 2138 Domini,
1486 2090 1580 2143 per
1627 2090 1787 2140 quam
1830 2075 1897 2128 ad

323 2165 662 2219 adorandum
702 2164 984 2220 Dominum
1017 2167 1317 2234 ingreditur
1341 2166 1520 2236 populi
1557 2167 1845 2220 multitudo
1880 2182 1894 2219 :

327 2271 384 2312 ut
409 2276 505 2328 per
529 2262 664 2312 hanc
688 2264 1028 2314 occasionem
1055 2261 1265 2328 possint
1287 2262 1474 2312 audire
1496 2275 1614 2327 quae
1641 2259 1900 2315 Dominus

324 2355 590 2422 prmeipit.
618 2350 719 2407 Per
748 2353 890 2422 quod
921 2353 1270 2421 intelligimus
1301 2353 1556 2408 duritiam
1593 2354 1771 2422 populi
1801 2353 1900 2408 Ju-

327 2453 588 2508 daeornm,
617 2447 740 2515 quia
766 2447 916 2514 quasi
946 2449 1234 2500 mendaces
1255 2457 1416 2515 atque
1441 2461 1668 2500 vesanos
1697 2448 1902 2501 habue-

331 2540 441 2590 rint
473 2539 787 2605 prophetas,
811 2539 936 2592 dntn
964 2554 1060 2608 per
1083 2538 1428 2594 occasionem
1455 2549 1510 2594 et
1531 2541 1900 2594 celebritatem

333 2631 436 2684 loci
477 2632 670 2687 audire
710 2642 909 2701 cogunt
941 2633 1104 2684 verba
1143 2631 1392 2697 Domini;
1440 2642 1494 2687 et
1540 2648 1650 2688 non
1686 2641 1905 2702 propter

332 2719 458 2779 hoc,
486 2723 624 2782 quod
662 2722 823 2774 verba
856 2723 966 2776 sint
1004 2720 1235 2776 Domini.

407 2809 587 2880 (Vcrs.
627 2813 704 2883 3.)
745 2813 868 2868 Πωο
906 2814 1037 2870 dicit
1072 2815 1332 2869 Dominus
1364 2818 1726 2881 exercituum,
1766 2819 1905 2874 Deus

333 2903 498 2958 Israel
531 2919 546 2958 :
589 2904 761 2958 Bonas
792 2905 952 2960 facite
1005 2905 1131 2976 (sive
1171 2907 1413 2975 dirigite)
1453 2909 1570 2964 vias
1603 2919 1813 2965 vestras
1852 2922 1907 2965 et

333 2995 512 3050 studia
544 3008 720 3051 vestra
757 2997 886 3064 (sive
913 2998 1334 3054 adinveutioues
1375 2998 1638 3068 vestras),
1669 3009 1724 3056 et
1755 3001 1908 3056 habi-

334 3087 462 3140 tabo
481 3087 759 3141 vobiscum
791 3089 841 3142 in
875 3089 991 3143 loco
1023 3089 1125 3144 isto
1151 3089 1280 3158 (sive
1309 3090 1558 3144 habitare
1589 3106 1683 3144 vos
1710 3091 1905 3146 faciam

333 3180 390 3232 in
428 3179 546 3233 loco
582 3179 762 3245 isto)»
797 3179 957 3250 891
985 3181 1452 3236 Clementissimus
1486 3183 1730 3238 medicus
1761 3185 1908 3238 omni

335 3269 442 3341 [ιιι.
489 3270 699 3341 omnes]
744 3271 1052 3327 vulneratos
1099 3274 1246 3342 cupit
1283 3289 1482 3345 sanare
1526 3276 1908 3332 medicamine.

334 3361 563 3426 Quando
594 3373 772 3417 autem
819 3364 949 3418 dicit
994 3383 1007 3417 :
1055 3363 1230 3420 Bonas
1282 3367 1461 3435 facile,
1505 3370 1620 3424 sive
1667 3370 1915 3439 corrigile

336 3456 452 3509 vias
480 3463 701 3518 vestras,
725 3456 964 3510 ostendit
997 3472 1090 3512 eas
1119 3471 1240 3512 esse
1269 3475 1578 3528 pervcrsas,
1610 3473 1662 3515 et
1694 3461 1827 3515 nihil
1862 3463 1914 3516 in

337 3561 402 3602 se
423 3547 622 3601 habere
640 3547 784 3601 boni.
818 3547 882 3600 Et
902 3549 1028 3617 quia
1060 3551 1308 3605 naturale
1333 3563 1437 3618 εει,
1465 3561 1520 3605 ut
1545 3554 1918 3622 unusquisque

339 3639 577 3708 genitale
606 3639 1008 3710 diiigatsolnm.
1032 3653 1086 3697 et
1120 3643 1253 3697 nihil
1279 3645 1488 3699 dulcius
1510 3647 1704 3700 habeat
1724 3650 1919 3715 patria,

341 3731 627 3800 pollicetur
666 3732 884 3800 pranuia
928 3733 1326 3789 obedientibus.
1374 3734 1659 3800 (lubitabo,
1720 3737 1918 3806 inquit,

344 3822 629 3885 vobiscum,
670 3833 728 3876 ut
765 3837 988 3877 securos
1048 3823 1121 3878 de
1168 3826 1503 3880 habitatione
1548 3842 1643 3882 vos
1689 3826 1918 3893 faciam;

327 3914 463 3969 .sive
485 3930 579 3970 vos
603 3916 766 3983 ipsos,
788 3916 941 3984 juxta
982 3916 1388 3986 Symmachum,
1414 3918 1564 3970 ﬁrma
1591 3920 1925 3974 habitatione

342 4007 606 4071 fundabo,
649 4007 741 4077 qtti
783 4008 858 4060 ait
900 4023 912 4060 ;
952 4006 1015 4060 Et
1054 4009 1380 4076 conﬁrmabo
1423 4026 1513 4062 vos
1548 4010 1603 4062 in
1641 4011 1755 4063 loco
1793 4012 1924 4068 isto.

419 4099 594 4164 (Vers.
621 4102 651 4153 4
703 4102 884 4168 seqq.)
915 4118 934 4151 ‹
971 4099 1148 4155 Nolite
1174 4102 1447 4157 conlidere
1474 4103 1526 4156 in
1556 4104 1736 4157 verbis
1766 4120 1924 4158 tnen-

344 4194 572 4250 dacibus
596 4191 700 4265 [αι.
743 4191 1063 4265 mendacii],
1083 4194 1324 4250 dicentes
1345 4211 1360 4248 :
1381 4195 1660 4263 Templum
1692 4195 1925 4263 Domini,
1953 4223 1962 4233 ο

348 4285 607 4354 templum
656 4284 892 4351 Domini,
935 4286 1197 4354 templum
1240 4286 1450 4340 Domini
1487 4297 1570 4343 est
1611 4306 1625 4342 :
1672 4289 1926 4357 quoniant

345 4377 397 4430 si
432 4377 834 4430 benedixeritis
866 4375 998 4444 (sive
1041 4375 1373 4444 direxeritis)
1411 4377 1432 4406 ¹
1469 4377 1582 4430 vias
1625 4388 1835 4432 vestras
1876 4385 1932 4431 et

347 4469 525 4523 studia
559 4479 740 4524 vestra
779 4486 794 4522 :
826 4469 870 4522 si
911 4468 1154 4522 feceritis
1189 4469 1454 4539 judiciqu
1487 4471 1629 4524 inter
1655 4471 1832 4525 virum
1871 4481 1927 4527 et
1960 4466 2005 4522 D

351 4561 662 4629 proximum
689 4575 848 4614 suum
891 4559 990 4631 [αι.
1031 4561 1172 4632 ejus]
1218 4601 1232 4614 .
1265 4563 1510 4625 advenae,
1542 4572 1596 4617 et
1622 4564 1846 4632 pupillo,
1876 4574 1931 4620 et

354 4654 527 4707 viduae
559 4669 664 4707 non
701 4652 940 4709 feceritis
969 4654 1300 4708 calumniam
1334 4656 1464 4725 (sive
1501 4669 1609 4712 non
1643 4671 1932 4726 oppresse-

354 4741 477 4796 ritis
509 4741 651 4812 eos),
685 4757 786 4797 nec
803 4742 1122 4814 sanguinem
1162 4744 1505 4800 innocentem
1543 4743 1845 4802 eﬁ'uderitis
1877 4749 1930 4801 in

353 4837 478 4889 loco
505 4836 607 4888 hoc
631 4851 647 4889 :
675 4842 730 4888 ct
759 4844 882 4904 post
911 4839 1042 4890 deos
1067 4835 1275 4890 alienos
1307 4852 1412 4892 non
1447 4838 1852 4894 ambulaveritis
1877 4840 1931 4893 in

359 4929 560 4982 malum
592 4928 1032 4996 vobismetipsis;
1064 4927 1320 4984 habitabo
1351 4929 1629 4983 vobiscum
1671 4931 1798 4996 (sive
1840 4933 1936 4986 ha-

359 5021 534 5074 bitare
560 5034 658 5074 vos
693 5019 914 5089 faciant)
944 5020 996 5073 in
1033 5018 1138 5074 isto
1169 5019 1308 5080 loco,
1339 5019 1391 5072 in
1431 5029 1573 5074 terra
1610 5035 1772 5088 quam
1809 5020 1932 5076 dedi

358 5132 367 5173 ι
394 5112 603 5166 atribus
635 5110 828 5166 vestris
860 5127 888 5164 a
923 5113 1124 5165 saeculo
1151 5126 1322 5180 usque
1359 5111 1413 5164 in
1446 5111 1725 5166 szeculutn.
1769 5130 1788 5164 ›
1820 5111 1935 5166 Hoc

355 5206 500 5256 .nod
539 5201 890 5271 Septuaginta
930 5201 984 5254 in
1029 5199 1187 5268 hujus
1230 5200 1448 5269 capituli
1491 5200 1748 5255 addidere
1787 5201 1936 5270 prin-

361 5293 523 5361 lipio,
592 5291 656 5346 In
704 5292 870 5347 verbis
916 5292 1199 5356 mendacii,
1238 5307 1355 5362 quia
1397 5292 1536 5346 vobis
1583 5294 1794 5348 omnino
1832 5310 1935 5348 non

360 5391 672 5452 proderunt,
695 5387 748 5442 iu
774 5385 1042 5446 Hebraico
1066 5402 1172 5441 non
1195 5386 1446 5442 habetur.
1471 5386 1735 5457 Praecepit
1755 5397 1936 5443 autem

441 5550 456 5578 ¹
492 5548 546 5600 lu
577 5547 810 5613 quodam
871 5545 1163 5615 llexaplari
1189 5545 1579 5600 Parisiensium
1607 5544 1937 5601 Jesuitarum

366 5633 492 5680 tns.,
529 5627 664 5670 teste
699 5615 1121 5687 Montt‘ancouio,
1156 5618 1351 5687 legitur
1384 5617 1451 5670 ad
1475 5618 1934 5682 'l‘heodotionem,

376 5687 607 5740 Ἰουδαία
650 5702 745 5750 pro
775 5686 939 5740 Iuda.

439 5759 456 5789 ⁸
492 5755 879 5828 Reponcndum
920 5757 1128 5812 videtur
1162 5773 1282 5814 cum
1319 5757 1556 5814 Victorio
1605 5773 1669 5813 ex
1713 5755 1934 5829 Vulgata

1999 1893 2247 1964 patribus
2279 1894 2495 1955 vestris,
2532 1893 2791 1962 apostolis
2830 1893 3047 1946 scilicet
3079 1902 3132 1946 et
3161 1890 3472 1960 apostolicis
3503 1889 3584 1942 vi-

1998 1987 2074 2041 ris
2111 2002 2125 2040 :
2157 1985 2236 2040 vel
2275 1993 2422 2039 certe
2457 1984 2612 2038 ﬁrma
2644 1985 2883 2038 statione
2913 1984 3162 2037 habitare
3195 1996 3290 2036 vos
3318 1982 3512 2037 faciam
3554 1995 3582 2035 a

1999 2078 2266 2147 principio
2307 2094 2482 2146 usque
2515 2079 2580 2132 ad
2619 2078 2800 2132 ﬁnem.
2839 2079 3022 2132 Potest
3046 2077 3152 2132 hoc
3185 2088 3238 2132 et
3272 2077 3379 2132 illis
3425 2075 3592 2145 virgi-

2002 2171 2166 2226 nibus
2203 2172 2524 2229 conveuire.
2559 2187 2680 2238 quae
2706 2169 2916 2237 jactant
2945 2170 3285 2238 pudicitiam,
3318 2179 3372 2222 ct
3413 2168 3588 2236 impu-

2001 2258 2149 2314 denti
2180 2259 2325 2312 vnltn
2363 2257 2657 2324 praeferunt
2691 2258 3019 2319 castitatem,
3051 2271 3174 2310 cum
3210 2255 3357 2310 aliud
3391 2255 3590 2310 habeat

1999 2351 2358 2413 conscientia,
2384 2359 2438 2402 et
2468 2351 2725 2402 nesciunt
2759 2348 2907 2402 illam
2944 2349 3310 2403 deﬁnitionem
3347 2347 3590 2416 Apostoli

2003 2443 2320 2512 virginalem
2344 2439 2624 2510 :U1892
2644 2441 2707 2492 sit
2730 2450 2910 2493 sancta
2933 2448 3206 2508 corporeet
3223 2441 3434 2508 spiritu.
3456 2436 3594 2503 Quid

2003 2537 2149 2593 enim
2177 2537 2396 2604 prodest
2427 2531 2673 2602 corporis
2699 2530 2958 2599 pudicitia
2985 2529 3172 2584 animo
3211 2535 3590 2596 constuprato,

2005 2631 2047 2685 si
2077 2637 2304 2684 cteteras
2333 2628 2558 2680 virtutes
2585 2639 2722 2695 quas
2751 2623 3099 2692 propheticus
3128 2637 3308 2678 sermo
3388 2622 3594 2679 descri-

2004 2721 2132 2793 psit,
2154 2735 2257 2776 non
2278 2717 2551 2774 habuerit?

2079 2857 2258 2926 (Vers.
2287 2855 2320 2909 8
2340 2855 2522 2922 seqq.)
2558 2874 2574 2906 ι
2610 2855 2748 2908 Ecce
2779 2868 2872 2906 vos
2898 2851 3172 2905 conﬁditis
3202 2851 3359 2905 vobis
3390 2851 3440 2904 in
3471 2865 3592 2903 vero

2007 2950 2091 3004 bis
2127 2947 2392 3002 mendacii
2425 2947 2558 3016 (sive
2598 2943 2972 3010 mendacibus)
3003 2958 3121 3011 qum
3152 2940 3341 3012 [Va/9.
3377 2956 3588 2995 sermo-

2013 3044 2171 3096 nibus
2199 3040 2315 3112 qui]
2351 3055 2456 3093 non
2507 3041 2806 3108 proderunt
2851 3037 3026 3090 vobis.
3063 3034 3278 3100 Furari,
3318 3034 3592 3097 occidere,

1934 3128 1980 3193 C
2014 3135 2346 3196 adulterare,
2368 3133 2556 3201 jnrare
2585 3128 2946 3192 mendaciter,
2977 3127 3148 3180 libare
3182 3125 3410 3190 Baalim,
3433 3135 3486 3179 et
3521 3126 3597 3178 ire

2017 3234 2138 3295 post
2174 3225 2305 3279 deos
2357 3225 2566 3278 alienos
2613 3236 2751 3289 quos
2797 3219 3083 3288 ignoratis.
3121 3217 3191 3272 Et
3243 3216 3493 3282 venistis,
3545 3226 3598 3270 et

2016 3320 2242 3374 stetistis
2275 3332 2459 3372 coram
2497 3330 2581 3367 me
2619 3315 2673 3368 in
2713 3315 2872 3367 domo
2900 3314 3021 3375 hac,
3057 3312 3111 3366 in
3145 3324 3250 3381 qua
3284 3310 3596 3364 invocatum

2017 3417 2102 3466 est
2140 3425 2335 3465 nomen
2371 3422 2571 3472 meum,
2596 3417 2650 3460 et
2677 3406 2896 3460 dixistis
2927 3421 2944 3458 :
2971 3403 3210 3458 Liberati
3240 3418 3428 3458 sumus
3463 3403 3599 3471 (sive

2019 3500 2339 3567 desivimus)
2373 3517 2386 3556 :
2425 3513 2490 3552 eo
2533 3496 2680 3566 quod
2729 3493 3022 3549 fecerimus
3074 3506 3267 3546 omnes
3316 3492 3602 3545 abomina-

2022 3594 2199 3647 tiones
2244 3565 2396 3645 istas.
2437 3606 2454 3640 ι
2491 3565 2716 3643 Frustra
2753 3601 2848 3640 eos
2889 3583 2943 3637 in
2980 3581 3181 3651 templo
3223 3581 3426 3635 habere
3466 3582 3603 3635 ﬁdu-

2022 3686 2186 3749 ciam,
2234 3685 2516 3753 sequentia
2559 3688 2776 3750 pcccata
2830 3679 3226 3733 demonstrant.
3270 3675 3408 3741 Quid
3455 3675 3598 3728 enim

2021 3778 2243 3848 prodest
2288 3778 2546 3829 audacter
2586 3773 2794 3842 ingredi
2843 3773 3005 3826 limen
3043 3771 3234 3824 domus
3267 3767 3383 3831 Dei,
3418 3776 3599 3822 erecta

2026 3878 2174 3923 stare
2203 3867 2436 3929 cervice,
2507 3874 2562 3917 et
2591 3878 2696 3918 non
2725 3861 2898 3916 solum
2929 3875 3044 3922 cor,
3078 3861 3170 3912 sed
3201 3869 3255 3911 ct
3287 3871 3476 3910 manus
3507 3855 3603 3909 ιω-

2025 3961 2153 4015 bere
2179 3958 2411 4027 pollutas
2478 3955 2642 4021 furto,
2674 3953 2992 4013 homicidio,
3019 3950 3308 4013 adulterio,
3338 3947 3600 4018 perjurio,

2027 4051 2313 4119 sacrilegio
2385 4058 2436 4102 et
2473 4047 2619 4102 cultu
2663 4059 2851 4101 eorum
2897 4047 3122 4097 deorum
3167 4055 3303 4110 quos
3350 4037 3605 4094 nescias?

2030 4143 2155 4198 Haec
2180 4141 2535 4209 spiritualiter
2563 4138 2812 4192 accidere
2836 4134 2889 4188 in
2915 4133 3158 4188 Ecclesia
3184 4142 3342 4186 nemo
3367 4129 3602 4191 dubitat,

2029 4237 2247 4306 quando
2296 4231 2581 4301 praesentis
2624 4227 2887 4294 temporis,
2923 4226 3332 4279 considerantes
3371 4222 3604 4277 felicita-

2034 4338 2164 4391 tem,
2193 4341 2289 4380 sua
2321 4335 2541 4393 peccata
2578 4337 2682 4375 non
2723 4328 2994 4388 reputant,
3048 4329 3105 4372 et
3127 4317 3298 4371 latere
3328 4315 3606 4370 arbitran-

2037 4433 2125 4476 tur
2168 4419 2356 4479 Deum,
2404 4417 2532 4486 quia
2576 4430 2683 4468 non
2723 4415 2906 4468 statim
2937 4411 3180 4465 vindicta
3217 4408 3606 4479 consequitur;

2034 4514 2163 4584 quin
2211 4511 2388 4581 potius
2435 4513 2489 4562 in
2533 4516 2735 4562 tantam
2783 4514 3144 4574 prorumpunt
3191 4502 3512 4568 amentiam,
3552 4511 3610 4554 ut

2034 4608 2290 4662 liberatos
2319 4617 2376 4657 se
2423 4607 2635 4671 putent,
2667 4598 2791 4668 quia
2828 4606 2948 4666 post
2997 4594 3139 4651 mala
3175 4608 3339 4665 opera
3372 4595 3532 4648 etiam
3579 4610 3606 4645 a

2034 4696 2179 4752 cultu
2216 4690 2428 4749 Domini
2461 4697 2829 4746 recesserunt.

2106 4831 2284 4902 (Vers.
2317 4829 2428 4899 il.)
2467 4845 2485 4878 ‹
2528 4823 2799 4894 Numquid
2830 4821 3022 4894 [Vulg.
3053 4819 3217 4890 Ergo]
3250 4818 3504 4888 spelunca
3533 4817 3609 4869 la-

2037 4932 2252 4978 tronum
2291 4921 2432 4974 facta
2466 4927 2549 4972 est
2569 4918 2774 4990 ,ιίοιιιυε
2811 4915 2914 4967 ista
2947 4911 3076 4981 (sive
3110 4909 3273 4978 utea),
3306 4908 3358 4961 in
3391 4923 3500 4975 qua
3533 4907 3612 4961 in-

2037 5023 2286 5071 vocatum
2329 5021 2412 5066 est
2453 5023 2650 5063 nomen
2687 5020 2866 5059 meum
2903 5019 2956 5057 tn
2993 5000 3167 5056 oculis
3199 4998 3442 5054 vestris?
3477 4999 3606 5070 Ego,

2037 5123 2136 5177 ego
2161 5121 2278 5160 sum
2310 5120 2324 5160 :
2351 5118 2451 5174 ego
2480 5101 2611 5165 vidi,
2638 5098 2771 5153 dicit
2806 5094 3089 5150 Dominus.
3122 5111 3142 5144 ι
3176 5091 3250 5148 De
3275 5092 3379 5148 hoc
3411 5093 3529 5146 loco
3558 5093 3608 5145 iu

2038 5197 2329 5268 Evangelia
2357 5203 2688 5262 assumptum
2723 5198 2851 5260 puto
2893 5203 2908 5240 :
2947 5185 3211 5255 Scriptura
3241 5193 3317 5240 est
3357 5201 3374 5240 :
3411 5185 3609 5239 Domus

2037 5293 2218 5348 Patris
2261 5290 2383 5354 mei,
2414 5287 2597 5340 domus
2632 5281 2889 5336 orationis
2919 5280 3192 5334 vocabitur
3222 5297 3237 5344 ;
3299 5295 3387 5334 vos
3429 5287 3607 5330 autem

2040 5384 2235 5455 fecistis
2275 5380 2425 5436 illam
2455 5376 2757 5447 speluncam
2785 5374 3054 5428 latronum
3087 5371 3306 5444 (Matth.
3338 5387 3450 5435 χχι,
3487 5369 3604 5437 15);

2039 5553 2169 5606 edit.
2206 5550 2431 5618 ipsoque
2470 5547 2688 5618 Hieron.
2740 5541 3327 5618 Commentario_benc.
3351 5539 3612 5618 direxeri-

2043 5624 2144 5676 tis:
2171 5609 2327 5673 facile
2348 5609 2488 5670 enim
2517 5617 2874 5684 Hieronymus
2921 5613 3044 5667 ideo
3067 5613 3288 5665 verbum
3310 5610 3434 5666 bene
3459 5609 3613 5664 addi»

2044 5693 2182 5748 derit
2216 5690 2356 5757 quod
2385 5689 2458 5742 ita
2488 5691 2538 5744 in
2574 5687 2802 5742 llebrteo
2836 5685 3209 5753 replicaretur.
